3976 6219
816 406 947 456 CAP.
982 406 1107 457 xvl.
1145 406 1450 459 ornum-m
1483 408 1624 461 LEGl
1657 407 1972 459 NATURALI
2008 406 2256 457 ΗΑΒΕΑΤ
2288 406 2494 458 LOCUM
2527 407 2774 470 EPlnssA,
2811 404 2946 454 ETC.

292 502 607 581 obligati0,
633 523 758 566 non
785 514 994 568 tamen
1016 527 1125 587 per
1153 509 1698 588 dispensationem,
1735 510 1842 571 sed

3367 403 3395 459 1
3408 402 3486 460 53

1923 509 2206 570 tationem
2224 510 2586 587 supponitur
2608 507 2991 568 communiter
3017 504 3175 565 inter
3193 510 3485 568 auctores.

291 597 438 674 quia
465 597 594 658 haec
633 605 723 659 est
764 607 986 661 natura
1027 604 1309 680 praecepti
1345 603 1723 678 affirmativi,
1773 608 1844 663 ut
1921 634 2003 647 —
2031 601 2159 660 Duo
2203 602 2268 660 in
2299 601 2416 660 hoc
2449 600 2632 661 titulo
2673 605 2988 679 petuntur,
3020 614 3220 656 unum
3261 603 3375 672 est,
3407 618 3488 658 an

294 687 522 765 obliget
563 707 805 769 semper
850 697 911 752 et
954 712 1080 752 non
1129 712 1240 772 pro
1286 713 1546 772 semper.
1598 695 1662 755 Si
1697 714 1843 755 vero

292 786 664 859 praeceptum
720 789 812 842 est
870 787 1250 860 negativum,
1308 792 1378 846 ut
1432 787 1511 846 sit
1561 788 1844 847 naturale

294 876 532 949 oportet
560 879 628 933 111
655 874 978 951 prohibeat
1000 894 1133 935 rem
1156 878 1304 954 quia
1331 876 1494 938 mala
1522 884 1634 953 est,
1661 884 1847 956 atque

293 964 447 1026 adeo
487 971 556 1024 ut
594 985 703 1045 per
730 986 795 1029 se
826 975 888 1028 ct
914 969 1244 1030 intrinsece
1266 977 1358 1030 est
1384 972 1588 1033 mala:
1619 972 1849 1049 alioqui

294 1076 417 1116 non
457 1059 575 1117 erit
610 1067 987 1139 praeceptum
1016 1062 1321 1136 naturale,
1359 1064 1523 1142 quod
1551 1082 1676 1124 non
1703 1064 1852 1123 facit

294 1150 396 1209 sed
420 1152 686 1212 ostendit
726 1153 1030 1213 malitiam
1060 1159 1233 1214 actus
1266 1156 1586 1234 prohibiti.
1617 1159 1771 1217 Nam
1800 1157 1852 1216 si

293 1242 450 1301 actio
474 1260 551 1303 ex
579 1261 643 1303 se
670 1244 810 1304 talis
836 1263 965 1304 non
994 1251 1106 1320 est,
1138 1248 1482 1308 necessaria
1504 1248 1623 1309 erit
1648 1248 1854 1326 aliqua

292 1331 578 1394 voluntas
598 1354 711 1414 per
739 1355 930 1415 quam
956 1336 1066 1397 fiat
1099 1339 1287 1399 mala.

376 1426 475 1485 30.
500 1427 671 1487 Dices
688 1426 823 1488 fieri
837 1447 1012 1507 posse
1031 1435 1100 1488 ut
1118 1431 1279 1491 actio
1301 1431 1515 1491 eadem
1538 1429 1850 1489 interdum

297 1532 376 1576 ex
413 1535 479 1578 se
513 1517 676 1578 mala
717 1520 819 1591 sit,
858 1520 1169 1581 interdum
1215 1540 1363 1581 vero
1412 1539 1536 1581 non
1577 1521 1696 1579 sit:
1743 1520 1850 1579 sed

297 1613 534 1684 contra,
552 1610 698 1687 quia
721 1617 866 1671 tunc
883 1630 1009 1672 non
1029 1614 1253 1690 poterit
1269 1619 1598 1690 utrumque
1620 1611 1849 1672 habere

299 1717 441 1759 cum
471 1701 698 1763 eisdem
735 1704 1232 1778 circumstantiiS,
1269 1704 1369 1765 vel
1393 1703 1850 1764 conditionibus

300 1808 377 1850 ex
403 1798 576 1869 parte
605 1794 893 1855 materiae.
923 1796 1076 1855 Nam
1109 1813 1250 1855 cum
1279 1794 1521 1856 bonitas
1548 1795 1649 1856 vel
1673 1795 1849 1855 mali-

297 1882 386 1941 tia
420 1891 792 1961 consurgant
820 1904 897 1946 ex
925 1888 1326 1948 consonantia
1351 1889 1449 1948 vel
1471 1887 1851 1948 dissonantia

295 1980 467 2033 actus
495 1976 574 2035 ad
603 1988 890 2038 naturam
922 1979 1307 2055 rationalem,
1331 1980 1468 2040 fieri
1503 1999 1629 2040 non
1653 1985 1851 2058 potest

292 2071 363 2123 ut
396 2066 565 2125 idem
605 2074 774 2128 actus
818 2088 960 2129 cum
1008 2071 1236 2130 eisdem
1280 2071 1734 2132 conditionibus
1773 2072 1853 2131 sit

288 2176 402 2235 per
421 2176 486 2217 se
507 2159 788 2220 dissonus
811 2167 871 2220 et
895 2180 1223 2235 consonuS,
1239 2165 1384 2242 quia
1408 2182 1533 2224 non
1554 2164 1855 2223 resultant

290 2252 582 2328 oppositae
634 2253 966 2324 relationes
1009 2273 1084 2316 ex
1131 2258 1350 2318 eodem
1397 2257 1802 2318 fundamento
1832 2279 1849 2331 3

290 2362 439 2421 ergo
481 2351 549 2405 ut
591 2346 711 2407 illae
754 2347 1009 2409 diversae
1046 2350 1444 2411 habitudines
1484 2355 1855 2427 consurgant

291 2437 480 2497 etiam
515 2457 627 2517 pro
655 2435 908 2501 diversis
939 2443 1341 2522 temporibuS,
1373 2461 1615 2504 necesse
1653 2448 1745 2503 est
1784 2448 1855 2505 ut

288 2549 403 2609 pro
425 2531 545 2590 11115
568 2532 676 2592 fiat
702 2536 964 2595 mutatio
980 2536 1046 2595 in
1060 2535 1514 2596 conditionibus
1534 2536 1808 2595 materiae
1832 2554 1846 2610 ;

290 2629 383 2697 111,
412 2624 585 2684 verbi
624 2627 850 2703 gratia,
890 2629 1160 2706 accipere
1201 2645 1333 2688 rem
1367 2627 1634 2688 alienam
1661 2628 1850 2687 inter-

291 2717 444 2776 dum
480 2722 569 2777 est
602 2719 864 2795 malum,
911 2722 1225 2781 interdum
1273 2722 1531 2795 bonum,
1576 2722 1683 2781 sed
1722 2738 1849 2781 non

292 2828 435 2868 cum
472 2811 702 2871 eisdem
745 2813 1221 2874 circumstantiis
1235 2831 1255 2890 3
1300 2813 1407 2874 sed
1450 2814 1568 2874 erit
1614 2812 1848 2873 malum

293 2901 426 2961 sine
455 2909 731 2964 extrema
758 2905 1143 2980 necessitate,
1174 2907 1408 2965 bonum
1439 2923 1585 2966 vero
1623 2905 1689 2964 in
1717 2906 1846 2980 illa,

293 2993 442 3071 quia
489 3014 599 3073 pro
651 2996 774 3056 illis
815 2998 1374 3076 opportunitatibus
1423 2998 1701 3058 variatur
1746 2999 1849 3076 jus

291 3087 508 3147 utendi
536 3088 644 3149 tali
669 3106 760 3150 re.
792 3091 965 3150 Tunc
1005 3096 1214 3152 autem
1249 3096 1624 3170 praeceptum
1653 3107 1851 3168 nega·

291 3179 491 3238 tivum
535 3182 816 3242 naturale
855 3183 1189 3262 prohibens
1239 3183 1424 3243 talem
1468 3189 1674 3244 actum
1722 3201 1850 3243 non

290 3271 577 3349 prohibet
598 3272 772 3333 illum
796 3276 1120 3351 abstracte,
1147 3274 1254 3335 sed
1280 3281 1352 3334 ut
1377 3274 1614 3335 malum
1638 3280 1753 3349 est,
1777 3293 1849 3335 ac

290 3363 552 3424 subinde
592 3370 663 3424 ut
702 3373 981 3427 versatur
1026 3368 1188 3427 circa
1228 3367 1579 3442 materiam,
1623 3366 1851 3427 talibus

290 3455 765 3517 circumstantiis
792 3458 1072 3519 affectam
1097 3475 1117 3534 3
1154 3477 1301 3535 ergo
1342 3477 1467 3518 non
1506 3464 1701 3537 potest
1726 3459 1849 3519 tale

287 3554 666 3627 praeceptum
707 3550 966 3611 deficere
1006 3551 1165 3612 circa
1199 3567 1374 3611 suam
1403 3551 1750 3624 materiam,
1788 3557 1850 3612 et

287 3647 733 3720 consequenter
771 3661 887 3703 nec
914 3644 1071 3703 circa
1101 3642 1273 3702 illam
1302 3642 1664 3721 dispensari.
1706 3643 1846 3703 Haec

287 3738 497 3794 autem
533 3735 691 3794 ratio
725 3735 1088 3795 universalis
1116 3739 1207 3795 est
1236 3752 1349 3813 pro
1376 3734 1664 3795 omnibus
1692 3753 1846 3813 prae-

287 3826 477 3903 ceptis
503 3827 905 3903 naturalibuS,
935 3833 997 3888 et
1023 3827 1131 3887 illa
1157 3827 1422 3887 ostendit
1449 3828 1844 3888 intrinsecam

287 3917 701 3978 differentiam
730 3920 931 3998 quoad
953 3920 1070 3980 hoc
1104 3920 1267 3979 inter
1293 3920 1575 3980 naturale
1611 3938 1844 3997 praece-

285 4015 464 4087 ptum
494 4015 556 4070 et
579 4012 942 4089 positivum3
976 4030 1122 4089 ergo
1145 4011 1317 4072 nulla
1346 4011 1624 4089 exceptio
1651 4011 1751 4070 vel
1771 4011 1845 4070 li-

287 4102 528 4161 mitatio
555 4102 745 4164 habet
769 4103 975 4163 locum
1009 4103 1077 4163 in
1109 4104 1246 4181 lege
1288 4102 1580 4176 naturali,
1622 4103 1675 4161 si
1705 4119 1846 4180 pro-

284 4194 415 4272 prie
434 4194 512 4254 de
540 4194 649 4253 illa
676 4200 738 4254 et
761 4194 836 4254 de
857 4212 1002 4255 vera
1018 4194 1471 4273 dispensatione
1494 4193 1840 4271 loquamur.

285 4287 458 4358 Quod
489 4284 542 4345 si
566 4286 881 4346 interdum
901 4287 970 4345 D.
988 4287 1253 4346 Thomas
1277 4283 1378 4346 vel
1406 4286 1612 4361 gravis
1633 4290 1846 4343 auctor

283 4379 461 4439 aliter
488 4379 728 4439 locutus
757 4385 868 4454 est,
910 4378 1033 4439 late
1070 4378 1290 4438 accidit
1325 4377 1844 4455 dispensationem

281 4488 395 4548 pro
435 4471 777 4531 mutatione
805 4470 1201 4547 obligationis
1229 4474 1365 4529 orta
1396 4488 1472 4529 ex
1499 4468 1843 4529 mutatione

280 4562 581 4636 materiae,
603 4562 850 4641 quando
868 4563 976 4623 illa
993 4562 1256 4623 mutatio
1274 4562 1549 4622 materiae
1571 4567 1842 4621 extraor-

280 4654 521 4715 dinarie
549 4653 621 4714 fit
649 4672 685 4714 a
713 4657 835 4715 Deo
861 4673 972 4735 per
994 4673 1343 4733 supremam
1372 4654 1708 4733 quamdam
1734 4672 1842 4733 po-

278 4752 590 4821 testatem,
608 4752 677 4806 ut
704 4765 888 4826 supra
908 4747 1334 4826 respondendo
1363 4746 1439 4807 ad
1458 4746 1842 4808 Bernardum

277 4838 427 4898 satis
458 4839 886 4917 explicuimus,

833 5011 1076 5073 CAPUT
1116 5012 1271 5071 XVI.

276 5158 481 5202 UTRUM
522 5157 689 5201 CIRGA
729 5157 926 5201 LEGEM
973 5157 1333 5202 NATURALEM
1374 5155 1613 5199 mni-:AT
1655 5155 1841 5199 Locum

357 5250 609 5306 EPIIKIA,
643 5251 761 5294 VEL
788 5249 1250 5295 INTERPRETATIO
1289 5249 1421 5293 slvn
1449 5249 1504 5292 ·A
1531 5247 1667 5307 ΠΕΟ,
1700 5248 1837 5292 SIVE

359 5341 437 5385 AB
477 5342 707 5387 HOMINE
749 5343 962 5388 FACTA.

360 5488 389 5545 1
405 5530 421 5545 .
465 5485 680 5564 Leyem
704 5485 1041 5549 nacta-alem
1059 5501 1234 5564 posse
1258 5483 1515 5562 recipm
1539 5446 1837 5562 interpre-

1924 694 2086 753 circa
2125 694 2469 754 naturalem
2497 693 2700 770 legem
2730 690 2956 751 habeat
2988 689 3194 748 locum
3224 689 3487 767 epiikia3

1926 786 2098 845 aliud
2127 792 2240 860 est,
2267 787 2320 845 si
2339 786 2547 845 locum
2574 784 2781 859 habet,
2814 801 2896 841 an
2924 799 2962 840 a
2985 780 3113 840 solo
3141 782 3263 840 Deo
3286 782 3383 842 vel
3412 781 3491 841 ab

1929 880 2287 939 hominibus
2312 880 2501 939 etiam
2530 877 2666 938 fieri
2697 877 2906 956 possit.
2940 877 3010 935 In
3033 874 3234 953 primo
3263 879 3492 953 puncto

1929 970 2056 1031 fere
2076 989 2290 1032 omnes
2308 977 2587 1031 auctores
2614 968 2940 1030 convenire
2959 967 3269 1040 videntur,
3290 965 3490 1043 legem

1932 1063 2281 1124 naturalem
2305 1081 2478 1142 posse
2497 1062 2768 1141 recipere
2787 1059 3358 1137 interpretationem
3386 1078 3494 1138 per

1934 1156 2251 1234 epiikiam,
2301 1161 2371 1214 ut
2415 1172 2493 1215 ex
2537 1153 2747 1214 statim
2787 1151 3126 1229 allegandis
3166 1150 3488 1211 constabit.

1934 1248 2317 1308 Dissentiunt
2346 1252 2557 1307 tamen
2582 1261 2598 1305 ε
2630 1263 2779 1305 118111
2813 1242 3065 1323 quidam
3093 1242 3309 1304 dicunt
3334 1243 3496 1303 hanc

1935 1339 2226 1418 epiikiam
2255 1339 2391 1415 lege
2420 1336 2689 1397 naturali
2728 1354 2766 1396 a
2795 1335 2922 1395 solo
2959 1336 3083 1394 Deo
3124 1334 3259 1394 fieri
3292 1353 3489 1414 posse.

1932 1432 2252 1494 Tribuitur
2277 1433 2348 1492 D.
2375 1431 2629 1492 Thomae
2651 1432 2718 1490 in
2752 1431 2813 1504 4,
2845 1428 2985 1488 dist.
3020 1429 3120 1503 33,
3153 1447 3214 1509 q.
3252 1432 3309 1504 1,
3338 1446 3395 1489 8.
3429 1431 3490 1503 2,

1929 1524 2039 1583 ubi
2088 1523 2361 1602 loquitur
2408 1525 2477 1583 in
2516 1521 2872 1601 particulari
2915 1521 2991 1581 (19
3042 1521 3177 1599 1830
3223 1519 3495 1580 1181111811

1929 1615 2296 1694 prohibente
2339 1615 2757 1694 pluralitatem
2799 1630 3106 1673 uxorum:
3152 1618 3362 1672 tamen
3406 1611 3496 1671 ibi

1929 1707 2181 1768 nomine
2210 1706 2683 1785 dispensationis
2709 1704 2905 1765 utitur
2920 1720 2941 1781 3
2971 1710 3032 1764 et
3064 1704 3282 1765 eodem
3309 1704 3494 1764 modo

1929 1799 2017 1859 ibi
2057 1798 2421 1872 Richardus‚
2466 1803 2582 1859 art.
2629 1799 2689 1871 1,
2716 1815 2778 1875 q.
2831 1799 2890 1870 1,
2926 1796 3298 1871 Paludanus,
3338 1796 3494 1874 Sup-

1929 1891 2313 1970 plementum
2341 1889 2638 1950 Gabrielis
2678 1894 2739 1949 et
2764 1888 2869 1948 alii
2903 1887 3135 1948 ibidem
3176 1887 3241 1946 in
3276 1887 3492 1948 eodem

1930 2003 2074 2044 casu
2132 1987 2394 2043 utuntur
2460 1981 2713 2041 nomine
2772 1979 3257 2058 dispensationis
3325 1979 3496 2040 Sicut

1933 2076 2123 2136 etiam
2167 2075 2347 2135 multi
2392 2073 2661 2151 theologi
2704 2074 2805 2149 (111
2842 2072 2909 2131 111
2944 2071 3101 2131 libro
3148 2074 3187 2131 6
3225 2070 3301 2130 (18
3336 2072 3494 2130 Voto

1933 2169 2314 2244 notavimus)
2344 2167 2499 2244 18315
2545 2165 3115 2244 interpretationem
3155 2164 3222 2222 111
3255 2164 3495 2223 casibus

1935 2260 2212 2320 obscuris
2236 2258 2752 2337 dispensationem
2770 2262 3011 2317 vocant.
3034 2258 3110 2315 Et
3122 2255 3300 2333 juxta
3328 2255 3494 2315 dicta

1935 2353 2182 2413 videtur
2204 2351 2544 2412 necessaria
2564 2350 2696 2410 haec
2716 2348 3033 2427 expositiO,
3057 2347 3204 2426 quia
3221 2348 3497 2424 rigorosa

1934 2444 2307 2523 dispensatio
2345 2461 2471 2503 non
2500 2442 2665 2502 cadit
2700 2441 2767 2500 in
2794 2440 2998 2518 legem
3024 2439 3393 2513 naturalem,
3426 2445 3497 2498 ut

1932 2542 2247 2596 ostensum
2275 2543 2399 2596 est:
2424 2552 2572 2613 ergo
2596 2533 2646 2593 si
2675 2532 2882 2611 aliqua
2907 2532 3151 2592 videtur
3177 2529 3337 2606 fieri,
3364 2549 3493 2591 esse

1929 2628 2111 2688 debet
2138 2646 2249 2706 per
2269 2628 2524 2696 modum
2545 2624 3091 2704 interpretationiS.
3118 2624 3258 2683 Haec
3284 2627 3493 2683 autem

1930 2721 2175 2780 videtur
2205 2720 2518 2780 moraliter
2553 2719 2914 2792 necessaria,
2944 2715 3093 2795 quia
3118 2715 3217 2775 lex
3246 2722 3496 2776 natura-

1929 2812 2004 2871 lis
2029 2812 2233 2891 quoad
2259 2812 2467 2891 aliqua
2489 2816 2793 2891 praecepta
2815 2809 3013 2887 magis
3040 2812 3276 2868 remota
3303 2826 3341 2866 a
3366 2807 3493 2887 pri-

1931 2907 2051 2966 mis
2076 2906 2415 2986 principiis,
2439 2911 2722 2966 versatur
2749 2905 2914 2964 circa
2940 2902 3266 2963 materiam
3292 2907 3494 2961 muta-

1931 2998 2119 3058 bilem
2148 3005 2209 3058 et
2236 3017 2372 3076 quae
2400 2999 2468 3058 in
2487 2998 2697 3057 multis
2724 2996 2961 3056 casibus
2988 3000 3187 3074 potest
3209 2993 3490 3068 deficere,

1930 3096 2003 3151 ut
2038 3090 2395 3151 Aristoteles
2436 3090 2593 3150 dixit
2639 3092 2676 3150 5
2708 3087 3003 3162 Ethicor.,
3034 3104 3169 3166 cap.
3203 3089 3238 3146 ’1
3277 3091 3338 3146 81
3375 3088 3486 3146 12:

1930 3201 2080 3262 ergo
2113 3184 2179 3243 in
2216 3184 2325 3244 illa
2353 3189 2444 3243 est
2470 3183 2663 3243 etiam
2690 3181 3035 3242 necessaria
3064 3179 3314 3258 epiikia,
3346 3180 3492 3257 quia

1930 3278 2082 3338 alias
2110 3295 2267 3356 saepe
2295 3281 2453 3337 esset
2478 3277 2728 3354 injusta.
2761 3274 2933 3347 Quod
2960 3278 3170 3332 autem
3198 3271 3329 3330 haec
3357 3289 3491 3349 per-

1930 3370 2125 3430 tineat
2152 3368 2228 3429 ad
2257 3368 2458 3429 solum
2485 3367 2723 3442 DEUM,
2750 3365 3046 3445 probatur
3076 3362 3222 3442 quia
3240 3362 3373 3440 ejus
3400 3367 3492 3423 est

1929 3463 2325 3541 interpretari
2360 3461 2562 3540 legem
2591 3460 2768 3538 cujus
2805 3463 2897 3519 est
2923 3457 3204 3518 condere.

2009 3557 2068 3616 2.
2120 3554 2335 3633 Opinio
2364 3553 2756 3615 asserentium
2792 3552 3076 3630 epiikiam
3105 3550 3306 3611 cadere
3323 3566 3494 3626 posse

1928 3648 1996 3708 in
2029 3648 2152 3725 leffe
2188 3646 2487 3721 naturali,
2516 3650 2571 3707 et
2604 3645 2678 3705 ab
2712 3645 2946 3705 homine
2987 3642 3286 3703 interdum
3323 3641 3487 3717 fieri.

1924 3772 2008 3785 —
2034 3739 2309 3799 Aliorum
2337 3755 2483 3797 vero
2513 3737 2720 3816 opinio
2744 3741 2835 3796 est
2864 3734 3160 3813 epiikiam
3188 3737 3247 3793 et
3275 3732 3492 3793 cadere

1924 3851 2099 3911 posse
2125 3834 2193 3892 111
2220 3831 2422 3907 1838111
2450 3835 2688 3889 naturae
2718 3835 2779 3888 et
2805 3828 2883 3888 ab
2899 3828 3152 3887 homine
3178 3825 3491 3886 interdum

1926 3923 2082 3999 fieri,
2122 3930 2193 3984 ut
2224 3942 2261 3983 a
2294 3925 2458 4001 Papa
2484 3921 2583 3981 vel
2614 3922 2735 3980 alio
2766 3919 2952 3978 simili
2980 3922 3343 3997 potestatem
3376 3917 3488 3977 ha-

1925 4016 2134 4076 bente.
2158 4016 2500 4090 Utrumque
2527 4011 2713 4071 sentit
2740 4011 3066 4086 Cajetanus
3090 4011 3151 4067 Ξ.
3174 4010 3234 4081 2,
3257 4026 3317 4086 q.
3345 4010 3485 4083 120,

1926 4112 2048 4166 art.
2080 4110 2138 4180 1,
2166 4105 2312 4165 11081
2336 4104 2611 4183 primum
2639 4099 3001 4179 expressius
3030 4101 3106 4159 Et
3127 4098 3293 4158 idem
3320 4103 3489 4159 tenet

1928 4200 2073 4260 Soto
2110 4198 2267 4258 libro
2316 4200 2342 4255 1
2387 4196 2463 4256 de
2502 4194 2744 4267 Justit.,
2776 4212 2836 4271 q.
2883 4195 2942 4265 7,
2974 4196 3092 4250 art.
3127 4192 3187 4265 3,
3219 4191 3295 4249 ad
3331 4193 3391 4266 3,
3424 4197 3485 4251 et

1925 4290 2084 4350 libro
2130 4291 2226 4359 10,
2259 4307 2320 4366 q.
2356 4288 2417 4363 3,
2447 4284 2704 4346 articulo
2747 4287 2806 4343 4.
2856 4282 3025 4343 Idem
3068 4282 3190 4341 late
3230 4282 3479 4356 Navar.,

1925 4382 2138 4443 consil.
2167 4385 2206 4441 4
2238 4381 2315 4442 de
2350 4382 2642 4458 DesponS.
2666 4376 2929 4455 impub„
2951 4394 3016 4435 n.
3043 4376 3119 4435 16
3152 4379 3214 4434 81
3252 4377 3351 4448 17,
3376 4392 3480 4434 va-

1924 4474 2018 4534 ria
2035 4473 2343 4533 adducens
2375 4469 2680 4548 exempla,
2710 4469 2817 4528 ubi
2837 4468 3024 4528 etiam
3049 4466 3237 4526 refert
3265 4465 3475 4525 Covar.

1922 4566 1991 4625 in
2032 4568 2095 4640 4,
2125 4567 2164 4625 2
2205 4569 2363 4643 part.
2384 4608 2406 4639 ,
2438 4580 2573 4641 cap.
2607 4563 2669 4635 6,
2705 4560 2742 4640 ξ
2784 4562 2843 4620 9.
2877 4560 3045 4619 Idem
3089 4557 3283 4618 Felin.
3328 4557 3482 4617 rese-

1920 4674 2065 4717 rens
2106 4655 2258 4716 alios
2300 4654 2367 4714 in
2408 4654 2605 4732 capite
2651 4652 2795 4725 Quoe
2842 4653 2909 4713 in
2948 4649 3364 4712 Estote-siarum
3406 4648 3483 4709 de

1922 4748 2276 4821 Constitut.,
2316 4764 2383 4806 n.
2429 4748 2531 4806 26.
2573 4746 2648 4804 Et
2689 4761 2903 4804 omnes
2944 4760 3095 4820 quos
3126 4742 3195 4801 111
3235 4758 3367 4818 cap.
3406 4743 3480 4801 44

1921 4838 2348 4916 allegavimuS,
2371 4837 2478 4915 qui
2507 4837 2718 4896 dicunt
2736 4852 2910 4914 posse
2934 4833 3214 4893 homines
3241 4832 3483 4909 dispen-

1918 4949 2053 4991 sare
2091 4930 2159 4989 in
2200 4929 2337 5006 1839
2378 4928 2670 5002 1181111811,
2709 4945 2747 4987 8
2792 4925 3031 4987 fortiori
3070 4927 3325 5002 possunt
3368 4940 3480 5001 pro

1919 5023 2037 5082 hac
2084 5021 2392 5082 sententia
2436 5019 2730 5096 allegari:
2780 5017 2936 5077 ratio
2979 5032 3127 5075 vero
3173 5019 3286 5086 est,
3334 5014 3481 5091 quia

1920 5113 2053 5174 haec
2089 5114 2512 5193 interpretatio
2540 5129 2646 5171 seu
2675 5109 2900 5188 epiikia
2926 5123 3084 5184 saepe
3112 5112 3204 5166 est
3232 5106 3480 5167 morali-

1921 5213 2017 5267 ter
2042 5206 2406 5280 necessaria,
2429 5209 2500 5263 ut
2528 5203 2808 5282 proxime
2832 5204 3146 5260 ostensum
3172 5204 3299 5259 est:
3330 5217 3477 5277 ergo

1918 5316 2048 5358 non
2083 5301 2176 5356 est
2216 5295 2547 5356 verisimile
2575 5310 2712 5354 eam
2741 5291 2859 5352 sibi
2886 5292 3079 5351 Deum
3115 5309 3473 5365 reservasse,

1916 5389 2023 5450 sed
2063 5387 2417 5448 hominibus
2450 5404 2604 5465 quos
2634 5403 2775 5447 suos
2804 5384 3121 5445 ministros
3158 5382 3475 5445 constituit

1917 5479 2313 5543 commisisse.
2343 5479 2645 5543 Probatur
2669 5477 3127 5559 consequentia,
3151 5476 3298 5556 quia
3323 5475 3473 5538 alias
