3976 6219
529 383 651 444 448

1424 387 1542 441 LlB.
1578 386 1638 440 V.
1674 386 1756 439 1>ss
1787 384 2156 440 VAROETATR
2187 384 2396 439 Lacum
2426 383 2834 439 nmmum.

518 490 656 570 jam
690 485 878 548 habet
902 484 1206 566 prolatam
1233 487 1606 549 sententiam
1640 486 1736 548 sui
1762 486 2042 548 criminis
2062 530 2085 561 ,
2169 486 2636 567 Legespoenales
2649 487 3039 565 imponentes
3051 484 3467 564 privationem
3480 483 3765 565 ipsofao-

525 587 589 643 et
631 582 764 642 sine
804 579 1059 659 injuria,
1108 579 1208 641 vel
1253 579 1545 641 scandalo
1591 585 1791 660 potest
1835 596 2089 660 poenam
2168 586 2235 641 to
2263 581 2567 641 inducunt
2606 577 2953 640 absolutam
2989 577 3398 657 privationem
3431 577 3763 639 bonorum

526 673 830 735 sustinere
862 689 901 733 a
926 671 1126 752 seipso
1164 688 1185 750 ;
1233 672 1435 752 quoad
1463 672 1616 733 alios
1643 690 1791 734 vero
1833 690 1962 733 nou
1997 677 2092 733 est

527 766 822 829 delictum
851 765 928 827 de
955 784 1019 827 se
1048 766 1424 828 sufficienter
1451 772 1668 827 notum
1682 811 1705 842 ,
1759 764 1954 827 donec
1981 783 2093 845 per

528 860 902 922 sententiam
945 858 1289 920 declaretur
1315 875 1337 937 ;
1389 858 1555 921 unde
1594 859 1647 920 si
1679 858 1817 920 aliis
1846 859 2099 919 daretur

528 951 781 1014 licentia
817 951 1163 1031 exequendi
1199 970 1449 1033 poenam
1487 958 1632 1013 ante
1666 951 1856 1012 talem
1893 950 2097 1012 decla-

529 1045 791 1122 tionem,
829 1050 987 1107 esset
1019 1046 1257 1107 occasio
1289 1044 1600 1107 inferendi
1627 1045 1914 1124 injurias,
1945 1044 2097 1104 alia-

525 1156 647 1218 que
679 1137 966 1200 scandala
991 1138 1137 1200 inde
1164 1140 1494 1200 orirentur.
1543 1139 1765 1199 Fateor
1797 1137 2090 1218 equidem

530 1230 907 1293 decisionem
943 1231 1110 1292 illius
1125 1232 1286 1311 juris
1319 1250 1445 1293 non
1474 1249 1606 1293 esse
1633 1230 2001 1306 formaliter,
2032 1236 2097 1291 et

534 1342 820 1404 expresse
847 1324 924 1386 de
952 1326 1289 1405 quaestione
1324 1343 1511 1406 quam
1550 1330 1911 1400 tractamus,
1941 1324 2095 1385 alias

535 1416 710 1477 nulla
735 1417 950 1478 fuisset
978 1416 1054 1479 de
1081 1417 1261 1479 bonis
1285 1418 1719 1479 haereticorum
1745 1423 2097 1477 controver-

528 1510 642 1572 sia.
677 1510 1088 1572 Nihilominus
1113 1518 1325 1574 tamen
1360 1511 1540 1572 valde
1557 1510 1876 1590 probabile
1903 1510 2097 1571 sumi-

530 1611 636 1664 tur
664 1610 1105 1684 argumentum
1131 1651 1151 1681 ,
1203 1604 1351 1684 quia
1371 1649 1394 1680 ,
1441 1604 1494 1664 si
1532 1603 1628 1665 lex
1667 1604 1932 1684 puniens
1962 1603 2096 1682 ipso

527 1697 669 1776 jure
696 1697 763 1758 in
795 1696 1105 1758 bonorum
1143 1697 1579 1758 confiscatione
1622 1742 1642 1772 ,
1701 1714 1830 1757 non
1864 1695 1970 1756 dat
1991 1696 2096 1774 jus

531 1789 679 1851 fisco
707 1791 787 1851 ad
815 1790 1174 1870 usurpanda
1205 1790 1314 1850 illa
1343 1789 1508 1851 bona
1537 1795 1682 1851 ante
1724 1788 2098 1850 sententiam

532 1881 998 1944 declaratoriam
1017 1883 1316 1959 criminis,
1359 1883 1547 1945 etiam
1572 1901 1698 1943 non
1721 1882 1956 1943 auferet
1979 1881 2097 1960 ipsi

532 1975 870 2057 possidenti
903 1976 1009 2054 jus
1041 1975 1348 2038 retinendi
1385 1975 1531 2054 illa3
1577 1974 1744 2036 unde
1771 1974 1843 2035 fit
1870 1979 2097 2035 utnon

535 2070 844 2150 obligetur
879 2071 948 2132 in
985 2070 1360 2132 conscientia
1402 2088 1466 2131 se
1507 2070 1630 2130 illis
1670 2069 1913 2148 privare
1948 2074 2096 2129 ante

532 2164 924 2225 sententiam.
971 2163 1459 2242 Confirmarique
1500 2162 1618 2223 hoc
1657 2166 1857 2242 potest
1891 2178 2099 2222 exem-

533 2257 651 2337 plis
678 2274 817 2335 quae
843 2255 1224 2318 adducemus
1247 2261 1381 2336 post
1409 2261 1765 2335 sequentem
1789 2254 2092 2333 regulam.

534 2349 712 2410 Nunc
735 2348 924 2410 affero
942 2368 1140 2410 unum
1157 2367 1230 2410 ex
1250 2348 1506 2410 concilio
1523 2347 1797 2409 Trident.
1821 2364 1966 2408 sess.
1991 2347 2093 2420 22,

534 2459 668 2521 cap.
723 2445 792 2502 11
845 2442 921 2503 de
966 2442 1331 2517 Reformat.,
1385 2441 1497 2502 ubi
1544 2441 1741 2502 fertur
1781 2441 1915 2519 ipso
1962 2439 2101 2517 jure

536 2552 722 2615 poena
749 2533 1114 2613 privationis
1147 2535 1309 2613 juris
1337 2539 1705 2613 patronatus
1748 2537 1959 2593 contra
1984 2530 2101 2591 181·-

537 2645 640 2688 cos
667 2633 958 2706 patronos
984 2673 1004 2703 ,
1045 2633 1106 2689 et
1134 2626 1576 2688 beneficiorum
1602 2631 1820 2686 contra
1848 2623 2100 2684 clericos

537 2725 908 2799 usurpantes
939 2720 1105 2781 bona
1142 2719 1560 2781 ecclesiarum.
1615 2720 1691 2778 Et
1723 2723 1936 2777 tamen
1967 2733 2097 2775 cer-

539 2819 677 2872 tum
706 2817 798 2872 est
823 2830 935 2891 per
961 2811 1134 2873 illam
1170 2811 1373 2890 legem
1400 2829 1527 2871 non
1556 2809 1819 2887 obligari
1850 2808 1965 2869 hos
1998 2807 2102 2868 de·

540 2903 894 2983 linquentes
940 2904 1021 2965 ad
1057 2921 1122 2965 se
1154 2902 1524 2983 spoliandos,
1569 2903 1716 2982 quia
1759 2900 1948 2963 verba
1973 2918 2104 2960 nou

542 3002 774 3075 cogunt
799 2997 878 3058 ad
906 2997 1479 3078 interpretationem
1507 2995 1661 3057 adeo
1689 2995 2051 3074 rigorosam.

619 3091 679 3152 8.
727 3090 1104 3170 Explicatur
1144 3091 1454 3171 particula
1503 3092 1633 3170 ipso
1665 3087 2103 3167 factm—Fun-

540 3184 905 3245 damentum
951 3189 1161 3244 autem
1208 3183 1531 3245 contrariae
1570 3182 1889 3244 sententiae
1923 3181 2103 3243 facile

533 3277 885 3339 dissolvitur
898 3295 975 3338 ex
993 3276 1193 3339 dictis.
1221 3277 1522 3338 Partieula
1542 3279 1711 3339 enim
1743 3276 1873 3355 ipso
1911 3278 2101 3354 fact0,

533 3370 633 3431 vel
651 3369 940 3450 quoelibet
956 3369 1353 3449 aequivalens,
1380 3388 1573 3449 capax
1595 3375 1685 3431 est
1704 3368 2100 3448 amplissimae

533 3461 1004 3541 significationis
1035 3464 1355 3524 sententiae
1379 3463 1519 3523 latae
1556 3463 1789 3542 absque
1825 3461 1952 3522 ulla
1993 3480 2102 3522 ne-

535 3556 816 3616 cessitate
869 3554 1299 3616 declarationis
1347 3554 1659 3633 judicialis
1679 3600 1699 3630 ,
1755 3560 1826 3615 ut
1880 3554 2103 3633 probat

536 3648 892 3728 exemplum
933 3648 1012 3709 de
1050 3649 1345 3710 censuris.
1390 3649 1639 3728 Oportet
1665 3653 1878 3709 autem
1902 3653 1974 3708 ut
1998 3646 2101 3708 vel

534 3759 614 3801 ex
645 3741 908 3820 ipsomet
922 3741 1089 3818 jure,
1119 3740 1218 3800 vel
1247 3758 1323 3801 ex
1355 3740 1671 3800 communi
1693 3756 1811 3800 usu
1837 3743 2097 3815 constet,

535 3834 603 3892 in
629 3832 748 3893 boc
785 3850 991 3907 sensu,
1022 3838 1083 3894 et
1103 3833 1221 3893 hac
1248 3832 1594 3895 intentione
1633 3833 1784 3913 poni
1806 3832 1874 3893 in
1897 3832 2035 3911 lege
2061 3851 2101 3894 a

556 3924 905 4003 egislatore.
937 3926 1066 3986 Hoc
1106 3932 1315 3986 autem
1354 3927 1423 3987 in
1458 3926 1731 3988 censuris
1757 3926 2096 4002 invenitur,

537 4024 598 4080 et
619 4018 740 4079 fuit
763 4036 1111 4097 congruum
1148 4026 1399 4100 propter
1428 4018 1734 4081 rationem
1762 4037 1950 4100 supra
1976 4019 2099 4080 fao-

533 4116 692 4172 tam:
732 4111 799 4171 in
844 4111 983 4172 aliis
1028 4129 1176 4173 vero
1222 4111 1419 4193 poenis
1470 4129 1587 4174 nec
1623 4112 1829 4174 locum
1864 4111 2100 4173 habent

532 4203 839 4285 praedictae
865 4204 1157 4282 rationes,
1192 4223 1308 4266 nec
1336 4206 1525 4269 etiam
1546 4224 1625 4267 ex
1640 4205 1806 4283 jure,
1834 4205 1933 4266 vel
1956 4223 2101 4265 con·

533 4297 859 4358 suetudine
894 4302 1174 4358 constare
1214 4304 1413 4378 potest
1447 4298 1554 4362 ille
1581 4315 1815 4373 sensus,
1847 4297 2098 4376 quando

534 4390 736 4469 major
762 4389 1096 4451 declaratio
1122 4391 1190 4451 in
1213 4390 1352 4470 lege
1370 4409 1499 4452 non
1515 4390 1764 4451 additur
1769 4412 1789 4465 3
1809 4389 1936 4450 imo
1954 4407 2099 4450 con·

532 4483 795 4543 trarium
842 4488 1080 4545 constat
1126 4483 1595 4559 consuetudine,
1639 4487 1701 4542 et
1746 4481 2100 4543 insinuatur

535 4576 602 4636 in
644 4577 811 4655 jure,
854 4582 926 4637 ut
971 4577 1125 4637 dixi.
1180 4577 1560 4656 Possuntque
1589 4575 1792 4637 multa
1817 4576 2100 4657 exempla

533 4670 742 4732 afferri
762 4671 972 4750 legum
997 4676 1059 4732 et
1083 4688 1417 4750 canonum,
1449 4671 1514 4733 in
1544 4670 1788 4752 quibus,
1833 4689 1960 4731 non
1991 4670 2100 4731 01)-

533 4768 734 4826 stante
762 4764 871 4825 illa
896 4763 1222 4844 particula,
1253 4783 1381 4825 non
1405 4764 1614 4827 statim
1642 4765 1838 4825 oritur
1864 4763 2100 4843 obliga-

532 4856 621 4917 tio
647 4856 728 4919 ad
756 4875 954 4936 poenae
982 4857 1434 4934 executionem,
1457 4863 1764 4937 quatenus
1782 4875 1862 4918 ex
1883 4856 2100 4916 minis-

531 4949 691 5011 terio
716 4949 988 5010 hominis
1005 4948 1253 5029 pendet,
1277 4968 1355 5012 ex
1371 4950 1595 5029 quibus
1622 4949 1920 5030 exemplis
1944 4968 2102 5010 non-

536 5042 714 5104 nulla
739 5042 947 5104 statim
975 5041 1323 5117 afferemus,
1349 5042 1714 5122 explicando
1741 5047 2104 5122 sequentem

532 5137 836 5216 regulam.
887 5138 957 5198 In
1000 5155 1125 5218 qua
1167 5136 1355 5198 simul
1400 5155 1777 5217 exponemus
1817 5137 2104 5197 ultimam

531 5236 773 5309 partem
799 5231 986 5310 hujus
1017 5230 1272 5311 regulae,
1315 5249 1425 5311 per
1455 5232 1644 5312 quam
1673 5230 1846 5291 illam
1877 5228 2105 5291 limita·

2172 692 2359 754 quam
2389 672 2745 747 intendunt,
2772 676 2834 733 et
2861 670 3305 750 obligationem
3331 672 3398 732 in
3426 670 3763 732 conscien-

2174 769 2265 831 tia
2290 768 2371 829 ad
2401 766 2829 846 exequendam
2858 770 3056 826 totam
3084 782 3334 845 poenam
3360 764 3506 826 inde
3535 763 3763 825 subse—

2176 872 2417 938 cutam,
2447 860 2691 923 etiamsi
2718 878 2795 922 ex
2817 859 3059 920 actione
3086 858 3361 920 hominis
3381 857 3763 937 delinquen·

2178 958 2258 1018 tis
2304 955 2590 1036 pendeat,
2639 952 2887 1033 quando
2931 952 3245 1013 adduntur
3285 951 3408 1012 alia
3442 951 3643 1012 verba
3690 952 3763 1011 in

2174 1049 2336 1128 lege,
2382 1066 2520 1127 quae
2551 1047 2715 1107 hanc
2742 1046 3151 1107 intentionem
3190 1044 3566 1122 legislatoris
3604 1043 3764 1104 sat‘u

2175 1141 2512 1221 explicant,
2535 1138 2638 1200 vel
2662 1138 2913 1218 quando
2931 1138 3031 1200 lex
3049 1143 3207 1199 esset
3233 1138 3472 1197 inutilis
3492 1143 3560 1198 et
3595 1135 3763 1197 inef-

2173 1233 2360 1310 ficax,
2411 1233 2533 1293 nisi
2573 1232 2744 1293 hunc
2770 1231 3057 1293 effectum
3085 1236 3146 1292 et
3172 1229 3621 1309 obligationem
3648 1230 3759 1289 in-

2178 1328 2455 1389 duceret.
2500 1327 2687 1387 Juxta
2725 1326 2889 1387 hanc
2929 1324 3330 1385 assertionem
3372 1323 3532 1383 mihi
3569 1322 3758 1383 valde

2175 1420 2378 1503 placet
2404 1420 2749 1482 communis
2762 1418 2988 1499 ,opinio
3023 1418 3448 1478 Panormitan.
3490 1425 3556 1477 et
3600 1415 3758 1476 alio-

2175 1534 2343 1592 rum,
2369 1532 2558 1594 quam
2581 1514 2649 1574 in
2675 1512 2956 1593 proximo
2977 1517 3231 1591 puncto,
3256 1510 3454 1591 priori
3488 1509 3630 1570 loeo
3656 1528 3760 1570 re·

2174 1609 2313 1685 tuli,
2355 1614 2418 1670 et
2453 1625 2592 1670 eam
2629 1606 2965 1668 admittunt
2997 1604 3105 1665 alii
3127 1603 3379 1682 allegati
3401 1622 3519 1683 pro
3538 1609 3759 1663 nostra

2177 1701 2508 1777 sententia,
2540 1717 2668 1760 uno
2695 1698 2798 1760 vel
2823 1697 2946 1758 alio
2986 1702 3265 1776 excepto,
3290 1701 3361 1755 ut
3387 1697 3460 1756 in
3487 1713 3756 1775 aequem

2177 1795 2343 1856 tibus
2379 1792 2677 1871 exemplis
2713 1789 3071 1852 ostendam:
3110 1790 3270 1850 ratio
3305 1795 3522 1850 autem
3550 1806 3756 1850 asser-

2176 1888 2364 1950 tionis
2402 1886 2581 1947 facile
2614 1885 2791 1946 reddi
2824 1888 3043 1963 potest.
3082 1883 3237 1943 Nam
3272 1883 3583 1962 posterior
3611 1899 3756 1960 pars

2175 1981 2435 2063 probata
2457 1984 2546 2041 est
2575 1978 2642 2039 in
2663 1977 2852 2038 simili
2879 1977 2947 2037 in
2970 1976 3168 2055 capite
3202 1975 3607 2056 praecedenti,
3643 1973 3755 2033 ubi

2177 2074 2559 2138 ostendimus
2608 2090 2736 2133 non
2781 2088 2912 2131 esse
2966 2068 3496 2148 interpretandam
3542 2068 3754 2146 legem

2179 2187 2322 2231 cum
2345 2166 2536 2247 ipsius
2557 2165 2789 2244 injuria
2811 2169 2873 2225 et
2891 2161 3250 2242 vilipendio,
3282 2168 3345 2223 et
3367 2161 3509 2223 ideo
3535 2167 3756 2222 exten-

2182 2261 2454 2323 dendam
2482 2276 2614 2320 esse
2641 2257 2719 2319 ad
2745 2258 3114 2318 seutentiam
3149 2255 3340 2316 latam
3376 2256 3431 2315 si
3469 2272 3756 2316 necessa-

2179 2357 2343 2417 rium
2371 2355 2451 2415 sit
2476 2353 2556 2414 ad
2581 2350 2909 2413 vitandum
2930 2350 3050 2411 hoc
3066 2349 3572 2410 incommodum:
3604 2365 3757 2425 ergo

2175 2449 2345 2512 idem
2390 2448 2457 2508 in
2498 2444 2787 2526 praesenti
2830 2462 2869 2503 a
2904 2442 3146 2504 fortiori
3166 2442 3506 2503 dicendum
3541 2446 3665 2515 oet,
3691 2445 3755 2500 et

2180 2541 2392 2604 omnia
2418 2540 2507 2600 ibi
2546 2538 2711 2599 dicta
2742 2541 2994 2616 possunt
3022 2535 3125 2596 hic
3162 2553 3305 2596 cum
3345 2533 3755 2614 proportione

2178 2630 2650 2706 accommodari,
2672 2647 2872 2708 neque
2892 2646 2965 2689 ea
2982 2634 3259 2708 repetere
3281 2633 3541 2706 oportet.
3570 2625 3756 2686 Ratio

2179 2745 2327 2789 vero
2372 2724 2592 2805 prioris
2636 2722 2827 2803 partis
2863 2730 2926 2783 et
2960 2721 3149 2781 totius
3190 2720 3415 2799 regulae
3447 2725 3565 2793 est,
3603 2719 3756 2797 quia

2181 2819 2495 2899 legislator
2517 2817 2831 2877 humanus
2856 2820 3057 2894 potest
3079 2814 3197 2874 hoc
3224 2813 3406 2874 modo
3426 2832 3541 2892 per
3575 2830 3671 2887 se,
3693 2817 3754 2872 et

2182 2931 2295 2973 sua
2338 2911 2659 2973 voluntate
2706 2908 2945 2970 efficere
2988 2906 3175 2967 talem
3215 2906 3632 2986 privationem
3675 2923 3753 2965 ex

2179 3006 2349 3085 justa
2375 3020 2581 3077 causa,
2603 3010 2665 3063 et
2683 3001 2959 3079 obligare
2980 2998 3061 3060 ad
3079 2998 3306 3060 similes
3331 2999 3625 3072 actiones,
3646 2997 3751 3057 vel

2182 3097 2545 3161 omissiones
2581 3113 2658 3156 ex
2686 3092 2878 3155 simili
2903 3111 3111 3168 causa,
3138 3097 3212 3152 ut
3236 3091 3589 3153 inhabilitat
3609 3108 3753 3169 per-

2183 3208 2400 3253 sonam
2436 3189 2516 3250 ad
2556 3186 3028 3248 matrimonium
3053 3231 3073 3261 ,
3115 3184 3216 3245 vel
3258 3184 3543 3264 prohibet
3587 3184 3752 3245 ferre

2184 3283 2548 3361 suffragium
2581 3280 2831 3360 quando
2880 3278 3160 3358 expedit,
3198 3276 3298 3338 vel
3334 3276 3541 3336 aufert
3587 3276 3750 3336 bona

2177 3377 2532 3457 reipublicoe
2554 3374 2893 3436 necessaria
2897 3388 2918 3451 ;
2938 3389 3087 3451 ergo
3103 3371 3270 3433 idem
3288 3376 3488 3450 potest
3507 3370 3751 3432 efficere

2181 3471 2250 3532 in
2292 3487 2543 3551 poenam
2583 3470 2844 3548 justam:
2893 3484 3041 3545 ergo
3085 3465 3136 3525 si
3172 3464 3331 3525 hanc
3358 3463 3750 3524 voluntatem

2184 3565 2333 3626 satis
2364 3563 2649 3643 explicet,
2677 3579 2891 3623 revera
2918 3560 2984 3621 id
3008 3558 3176 3619 facit.
3226 3558 3433 3636 Neque
3479 3555 3752 3616 obstabit

2182 3657 2349 3737 quod
2366 3656 2511 3717 inde
2525 3654 2882 3718 necessitate
2896 3651 3161 3732 quadam
3177 3649 3399 3710 morali
3411 3657 3749 3728 sequantur

2177 3750 2448 3811 actiones
2467 3747 2742 3828 poenales
2764 3744 3141 3825 exequendae
3169 3743 3248 3803 ab
3275 3743 3406 3821 ipso
3430 3759 3575 3816 reo;
3614 3748 3747 3801 tum

2179 3844 2328 3922 quia
2358 3848 2676 3904 ostensum
2707 3844 2821 3914 est,
2871 3838 2984 3898 has
3025 3836 3215 3898 etiam
3252 3835 3525 3896 actiones
3567 3852 3747 3913 me

2180 3936 2407 3998 directe
2451 3934 2688 4015 imponi
2729 3933 2798 3994 in
2833 3948 3083 4012 poenam
3109 3930 3243 4009 ipso
3269 3928 3452 4002 facto,
3495 3933 3562 3989 et
3604 3934 3746 3989 ante

2177 4047 2428 4091 omnem
2472 4026 2977 4100 declarationem,
3025 4022 3185 4084 sicut
3210 4026 3469 4102 possunt
3496 4019 3746 4099 praecipi

2178 4121 2258 4183 ob
2289 4123 2441 4184 alias
2467 4121 2739 4182 rationes
2757 4120 2998 4197 justas3
3029 4122 3165 4177 tum
3187 4115 3377 4176 etiam
3408 4115 3558 4193 quia
3589 4131 3747 4174 sem-

2177 4232 2288 4293 per
2314 4214 2720 4294 supponimus
2755 4210 2911 4273 tales
2957 4208 3181 4271 debere
3222 4225 3352 4269 esse
3388 4205 3748 4285 hujusmodi

2176 4308 2470 4383 actiones,
2497 4312 2569 4367 ut
2591 4325 2718 4367 non
2747 4304 3048 4367 excedant
3073 4303 3382 4363 rationem
3404 4301 3592 4379 justae
3619 4316 3747 4380 poe-

2178 4418 2300 4477 nae,
2326 4399 2712 4461 considerata
2728 4397 3028 4477 qualitate
3048 4394 3283 4468 delicti,
3306 4401 3367 4455 et
3389 4392 3748 4473 reipublice

2178 4493 2560 4568 necessitate,
2584 4497 2646 4553 et
2672 4491 2964 4551 humanae
2999 4494 3238 4551 naturae
3278 4486 3504 4549 morali
3539 4485 3752 4548 condi·

2180 4586 2373 4661 tione,
2405 4604 2477 4646 ac
2520 4583 2941 4665 possibilitate.
2992 4581 3168 4643 Unde
3192 4580 3382 4643 etiam
3422 4595 3536 4659 per
3562 4597 3633 4640 se
3665 4578 3755 4639 lo-

2178 4680 2429 4760 quimur
2456 4678 2532 4739 de
2572 4677 2689 4739 hac
2716 4676 3135 4755 obligatione3
3168 4692 3318 4736 nam
3357 4673 3413 4732 si
3450 4689 3565 4751 per
3595 4671 3757 4732 acci-

2178 4773 2329 4834 dens
2350 4770 2665 4833 interdum
2685 4789 2812 4832 non
2841 4774 3037 4849 potest
3055 4767 3197 4829 talis
3218 4765 3499 4829 executio
3521 4763 3756 4843 abipso

2179 4866 2317 4928 fieri
2344 4865 2477 4926 sine
2509 4881 2739 4942 magno
2765 4861 3075 4937 scandalo,
3105 4860 3209 4922 vel
3232 4860 3367 4920 sine
3394 4875 3632 4935 magna
3661 4858 3758 4917 in-

2182 4959 2394 5034 famia,
2443 4963 2555 5019 aut
2602 4956 2725 5017 alio
2773 4955 2950 5034 gravi
2997 4951 3413 5028 incommodo,
3446 4950 3619 5029 quod
3650 4950 3762 5009 vix

2182 5056 2385 5132 potest
2413 5050 2603 5112 homo
2630 5049 2747 5110 sibi
2764 5048 2887 5129 ipsi
2904 5047 3155 5122 inferre,
3186 5039 3338 5107 tunc
3357 5043 3765 5106 excusabitur

2185 5145 2321 5224 quis
2370 5144 2449 5204 ab
2504 5142 2883 5221 obligatione
2898 5187 2919 5218 ,
2977 5159 3089 5202 seu
3143 5138 3505 5202 executione
3551 5136 3762 5216 legis;

2185 5237 2251 5299 id
2270 5241 2481 5299 tamen
2500 5241 2591 5299 est
2617 5253 2728 5316 per
2753 5234 3061 5311 accidens,
3086 5250 3235 5294 nam
3253 5231 3356 5293 lex
3378 5248 3492 5312 per
3513 5248 3577 5291 se
3599 5230 3765 5291 obli-

535 5339 698 5400 mus,
722 5324 844 5384 nisi
866 5341 945 5385 ex
968 5326 1233 5387 materia
1252 5324 1356 5386 vel
1376 5324 1684 5404 adjunctis
1705 5322 1908 5386 verbis
1934 5321 2107 5384 aliud
2185 5338 2316 5411 gat,

539 5414 944 5576 comma
965 5510 1495 5591 naula—Tertia
1521 5509 1716 5591 igitur
1739 5508 1960 5591 regula
1980 5509 2062 5572 sit
2078 5524 2101 5588 ¹2

2267 5430 2369 5490 10.
2410 5427 2714 5506 Exempla
2733 5426 2931 5490 tertioe
2949 5422 3376 5504 remam—Do
3393 5419 3764 5500 obliaatiou

2185 5521 2267 5587 ad
2314 5521 2552 5588 ordines
2583 5519 2758 5587 illim
2792 5518 2900 5600 qui
2935 5516 3155 5598 recipit
3186 5513 3533 5593 bmficitm
3568 5529 3767 5594 paro-
