3976 6219
1577 610 1591 622 ’
1705 654 2001 746 LIBER
2054 652 2540 755 QUARTUS.

535 951 818 1177 DE
880 956 1448 1183 LEGE
1530 958 2552 1187 POSITIVA
2607 954 3743 1185 GANONICA

615 1790 836 1854 Modus
852 1796 1206 1871 procedendi
1245 1798 1314 1862 in
1341 1800 1448 1863 Ιιοσ
1479 1797 1586 1864 lib.
1619 1800 1680 1860 4.
1712 1832 1792 1845 -
1819 1795 2100 1859 Diximus

536 1882 612 1943 de
638 1880 776 1961 lege
808 1884 974 1946 civili
1004 1887 1072 1947 in
1107 1889 1485 1968 particulari,
1517 1896 1580 1953 et
1604 1895 1909 1972 quatenus
1935 1890 2101 1951 inter

535 1974 913 2038 Christianos
938 1979 1066 2039 vim
1085 1999 1261 2043 suam
1286 1984 1514 2046 habere
1531 1990 1763 2066 potest;
1788 1983 2100 2063 reliquum

537 2072 628 2128 est
667 2074 738 2128 ut
779 2070 857 2131 de
896 2074 1194 2135 canonica
1236 2075 1374 2155 lege
1419 2078 1809 2139 disseramus.
1850 2078 1936 2137 De
1976 2094 2101 2155 qua

537 2164 941 2242 supponimus
985 2168 1197 2229 omnia
1239 2188 1378 2250 quae
1420 2170 1515 2233 1111
1559 2189 1703 2232 8818
1747 2169 1916 2232 civili
1963 2169 2102 2248 lege

535 2256 891 2318 communia
909 2276 1038 2321 esse
1062 2268 1318 2339 possunt
1341 2280 1402 2324 et
1423 2264 1492 2325 in
1513 2264 1557 2327 l.
1587 2266 1624 2326 3
1645 2268 1908 2326 tractata
1929 2268 2099 2339 sunt,

537 2348 618 2408 ad
643 2366 829 2428 quem
867 2351 975 2413 illa
1004 2354 1414 2433 remittemus,
1447 2358 1961 2437 quandocumque
2003 2373 2103 2415 08-

539 2442 866 2519 881181181,
897 2442 1218 2525 solumque
1245 2448 1687 2529 explicabimus
1717 2468 1791 2511 ea
1817 2467 1955 2530 quae
1977 2448 2101 2527 legi

539 2535 852 2597 canonicae
896 2544 1043 2599 sunt
1083 2542 1356 2621 propria,
1384 2548 1448 2604 et
1490 2543 1558 2604 in
1591 2544 1816 2621 quibus
1854 2562 1894 2605 a
1934 2540 2105 2603 civili

541 2624 966 2706 distinguitur.
1009 2631 1313 2705 Quoniam
1353 2653 1501 2696 vero
1544 2641 1676 2696 tota
1719 2636 1877 2697 ratio
1915 2635 2105 2714 hujus

539 2715 718 2796 18313,
749 2720 1004 2801 ejusque
1033 2720 1308 2805 'cognitio
1335 2729 1606 2790 maxime
1633 2729 1860 2810 pendet
1886 2747 1964 2789 ex
1996 2746 2105 2807 po-

541 2813 762 2873 testate
795 2832 834 2873 a
861 2833 984 2894 qua
1009 2819 1305 2896 procedit,
1343 2820 1482 2883 ideo
1522 2822 1694 2902 prius
1729 2823 1806 2883 de
1839 2822 1972 2901 ipsa
1998 2839 2107 2901 po-

542 2906 759 2965 testate
803 2904 1120 2971 dicemus:
1158 2917 1295 2973 tum
1342 2913 1644 2991 absolute,
1684 2921 1819 2976 tum
1861 2932 2109 2995 compa-

543 2994 740 3056 rando
758 2996 930 3060 illam
950 3002 1031 3062 ad
1050 3010 1415 3083 potestatem
1443 3008 1709 3085 civilem,
1730 3014 1942 3089 postea
1959 3026 2107 3069 vero

545 3087 622 3149 de
665 3096 834 3169 actu,
878 3113 987 3156 seu
1028 3096 1164 3177 1838
1209 3099 1365 3180 ipsa,
1407 3106 1471 3164 et
1516 3102 1970 3166 conditionibus
2013 3102 2107 3164 illi

543 3185 810 3265 propriis
832 3188 1219 3255 disseremus.

1156 3383 1404 3448 CAPUT
1443 3389 1492 3451 1.

595 3575 680 3622 AN
717 3577 809 3623 sn·
848 3578 914 3625 m
949 3580 1227 3629 BGGLESIA
1268 3584 1623 3632 smu'rmms
1662 3587 1950 3636 Pornsns
1988 3591 2071 3637 AD

867 3671 1185 3720 GANONIGAS
1223 3676 1408 3724 mults
1449 3679 1781 3727 munus·

631 3841 660 3898 1
676 3881 691 3897 .
735 3838 905 3902 Pars
946 3845 1229 3919 mqativa
1274 3848 1361 3906 est
1403 3861 1575 3907 error
1606 3844 1788 3908 Aeris·
1811 3877 1895 3892 —
1919 3846 2112 3909 Vetus

547 3930 670 3991 fuit
697 3950 867 3994 error
892 3951 1128 4012 negans
1168 3953 1297 3998 esse
1336 3937 1404 3997 in
1445 3937 1724 4000 Ecclesiae
1765 3940 2111 4020 pastoribus

547 4023 709 4087 11888
743 4033 1130 4106 potestatem.
1157 4031 1482 4110 Potestque
1515 4032 1707 4095 tribui
1727 4034 1933 4111 Aeri0,
1960 4054 2113 4114 qua-

547 4123 726 4182 tenus
747 4121 903 4182 dixit
918 4122 1162 4201 jejunia
1180 4124 1460 4187 Ecclesiae
1483 4144 1610 4204 808
1629 4143 1756 4188 8338
1783 4129 2107 4205 servanda,

549 4229 630 4273 ne
657 4212 928 4293 sublege
956 4233 1087 4276 esse
1113 4216 1461 4296 videamur,
1486 4224 1557 4280 ut
1580 4220 1846 4281 sumitur
1873 4239 1950 4282 ex
1972 4222 2115 4301 Epi-

551 4305 740 4386 phan.
785 4306 1000 4402 1138183.
1042 4311 1144 4386 75,
1173 4310 1434 4390 August.
1480 4313 1548 4372 in
1587 4315 1688 4375 55.
1721 4313 1888 4375 Solet
1923 4315 2112 4375 etiam

547 4400 740 4461 tribui
767 4403 996 4464 Marsil.
1045 4403 1352 4480 Paduan„
1395 4410 1467 4466 ut
1496 4405 1730 4466 indicat
1757 4405 1988 4468 Albert.
2017 4406 2115 4468 Pi-

551 4491 683 4572 ghi,
721 4493 766 4554 1.
813 4495 851 4555 5
899 4495 974 4556 de
1016 4497 1359 4560 Ecclesiast.
1409 4499 1636 4561 1118181.
1669 4499 2113 4562 Verumtamen

550 4602 752 4664 neque
778 4586 1041 4648 Alvarus
1076 4589 1283 4669 Pelag.
1314 4590 1359 4651 1.
1394 4595 1426 4652 1
1459 4591 1534 4652 de
1570 4591 1825 4652 Planetu
1852 4590 2110 4670 Eccles.,

550 4697 604 4739 8.
637 4679 737 4752 68,
769 4697 970 4759 neque
1007 4682 1239 4759 Castr0‚
1270 4702 1471 4764 neque
1499 4685 1760 4747 Prateol.
1790 4685 2113 4747 referendo

548 4771 803 4832 Marsilii
830 4791 1087 4851 errores,
1121 4774 1309 4856 hujus
1331 4778 1776 4840 meminerunt.
1807 4779 1915 4840 Ille
1941 4779 2112 4840 enim

550 4862 803 4924 abstulit
828 4867 1080 4946 quidem
1113 4867 1592 4932 fundamentum
1617 4871 1807 4952 hujus
1848 4877 2112 4952 potesta-

547 4959 650 5034 tis,
671 4959 958 5038 negando
975 4967 1338 5040 potestatem
1358 4965 1537 5045 Papae
1555 4970 1617 5026 et
1642 4964 1870 5026 Vicarii
1889 4963 2113 5025 Christi

548 5053 618 5113 in
642 5054 823 5114 terris
831 5069 854 5132 3
885 5057 1138 5134 negavit
1163 5058 1353 5119 etiam
1380 5058 1608 5120 habere
1630 5059 1955 5138 Episcopos
1979 5077 2111 5120 ma-

540 5147 744 5228 jorem
791 5155 1151 5229 potestatem
1196 5171 1385 5233 quam
1423 5151 1697 5214 habeant
1736 5150 2108 5232 Presbyteri,

547 5241 694 5304 inde
721 5251 932 5306 tamen
957 5264 1085 5307 non
1117 5248 1458 5310 necessario
1477 5247 1779 5327 sequitur,
1805 5245 1968 5326 quod
1996 5262 2111 5305 ne-

2178 1814 2319 1877 quas
2364 1796 2595 1881 incipit
2630 1798 2873 1861 Dudwm
2922 1798 3004 1860 ad
3048 1796 3441 1884 audieatiam,
3490 1814 3631 1875 quae
3678 1796 3755 1857 in

2180 1908 2434 1971 corpore
2471 1891 2633 1969 juris
2676 1908 2805 1952 non
2836 1889 3122 1965 habetur,
3158 1889 3228 1949 in
3258 1907 3384 1969 qua
3422 1889 3637 1949 Petrus
3666 1889 3757 1949 de

2180 1983 2471 2045 Coi-baria
2496 1990 2560 2047 et
2586 1984 2693 2045 alii
2734 1984 3111 2045 damnantur
3143 1988 3396 2061 propter
3429 1982 3623 2043 dictos
3648 2000 3757 2042 81·-

2179 2094 2370 2153 10183,
2385 2076 2609 2156 quibus
2626 2077 2701 2138 ad
2707 2075 2934 2138 debant
2954 2092 3203 2137 omnem
3216 2075 3753 2154 jurisdictionem,

2180 2185 2369 2249 quam
2400 2170 2652 2249 quidem
2682 2168 2927 2231 Praelati
2954 2167 3188 2231 haben‘t
3214 2170 3517 2248 majorem
3552 2186 3759 2247 quam

2181 2260 2311 2336 alii,
2356 2279 2485 2322 esse
2516 2262 2596 2323 ab
2631 2262 3027 2341 imperatore,
3071 2266 3135 2323 et
3173 2262 3411 2324 nuUam
3450 2260 3685 2321 habere
3716 2278 3761 2321 a

2182 2354 2445 2431 Christo,
2475 2354 2640 2435 quod
2666 2360 2758 2415 est
2784 2371 3016 2433 negare
3048 2354 3517 2416 ecelesiasticam
3546 2360 3761 2433 potes-

2182 2453 2374 2509 tatem
2400 2448 2478 2509 ad
2506 2449 2673 2527 leges
2701 2448 3004 2510 ferendas.
3036 2448 3178 2510 Fuit
3203 2454 3414 2510 autem
3442 2446 3759 2509 Mai-silius

2185 2543 2457 2605 Paduan.
2485 2542 2704 2604 eodem
2730 2548 3030 2623 tempore,
3052 2548 3114 2604 et
3134 2542 3343 2603 fautor
3364 2541 3533 2602 illius
3556 2540 3756 2618 Petri,

2184 2636 2294 2716 qui
2332 2636 2451 2697 fuit
2477 2636 2805 2716 Antipapa‚
2848 2642 2910 2697 et
2944 2636 3033 2697 ita
3072 2636 3206 2697 sine
3249 2634 3439 2695 dubio
3482 2633 3587 2695 ille
3631 2632 3762 2693 fuit

2185 2728 2541 2808 principalis
2576 2734 2792 2789 auctor
2832 2728 2999 2789 illius
3035 2729 3278 2789 erroris.
3314 2725 3617 2787 Eumdem
3656 2744 3759 2786 se-

2185 2821 2310 2882 cuti
2350 2828 2496 2882 sunt
2530 2820 2913 2898 Waldenses,
2947 2820 3099 2882 alias
3135 2819 3285 2880 dicti
3326 2820 3632 2897 Pauperes
3672 2818 3759 2879 de

2185 2913 2511 2994 Lugduno,
2553 2932 2823 2995 quorum
2866 2907 3155 2975 meminit
3191 2913 3423 2973 Anton.
3474 2912 3515 2971 4
3556 2916 3723 2991 part.
3730 2956 3754 2987 ,

2185 3007 2283 3068 tit.
2329 3010 2399 3068 11
2418 3054 2439 3084 ,
2469 3026 2605 3087 cap.
2638 3010 2701 3084 7,
2744 3008 2781 3087 g
2822 3008 2881 3082 2,
2914 3007 3062 3068 licet
3098 3007 3267 3067 11888
3306 3021 3582 3065 errorem
3621 3020 3757 3065 non

2186 3100 2442 3163 referat:
2466 3119 2613 3162 eum
2634 3106 2846 3163 tamen
2868 3099 3057 3163 refert
3078 3098 3343 3162 Prateol.
3369 3098 3560 3162 verbo
3586 3098 3757 3161 Pau-

2180 3213 2355 3275 peres
2381 3197 2449 3258 de
2475 3195 2791 3274 Luydum,
2822 3213 2886 3257 n.
2927 3195 2967 3256 8
3000 3200 3063 3256 et
3088 3195 3192 3270 22,
3221 3211 3299 3255 ex
3325 3193 3541 3254 AEnea.
3576 3190 3753 3271 Sylv.

2199 3289 2276 3349 de
2296 3288 2527 3367 origin.
2550 3287 2899 3358 Bohemor.‚
2926 3305 3063 3367 cap.
3088 3289 3187 3348 33.
3208 3287 3377 3348 Idem
3400 3285 3591 3347 secuti
3609 3290 3763 3345 sunt

2194 3380 2505 3460 Wicleph,
2531 3385 2593 3442 et
2627 3381 2805 3443 Joan.
2836 3381 2987 3457 Η113,
3014 3386 3085 3441 81
3118 3385 3359 3441 constat
3382 3397 3458 3440 ex
3480 3377 3763 3439 Concih’o

2197 3475 2516 3551 Constan.,
2552 3492 2695 3534 sess.
2742 3476 2781 3534 8
2818 3478 2882 3536 et
2924 3475 3024 3550 15,
3066 3472 3177 3533 ubi
3216 3472 3471 3534 istorum
3512 3487 3763 3532 errores

2194 3569 2571 3630 referuntur.
2597 3565 2768 3628 Idem
2803 3572 3015 3646 postea
3050 3565 3302 3641 Luther,
3336 3581 3522 3644 quem
3560 3563 3763 3624 secuti

2190 3666 2337 3724 sunt
2380 3659 2795 3735 Melanchton‚
2834 3658 3071 3721 Calvin.
3081 3703 3100 3734 ,
3137 3659 3317 3719 Joan.
3360 3655 3761 3737 Westphalus

2190 3760 2253 3819 et
2292 3753 2423 3828 alii,
2466 3753 2542 3814 de
2583 3752 2811 3832 quibus
2846 3751 3011 3831 apud
3050 3750 3313 3814 Prateol.
3357 3756 3421 3812 et
3462 3749 3756 3812 Bellarm.

2187 3845 2234 3910 1.
2252 3849 2293 3908 4
2321 3846 2396 3907 de
2422 3845 2664 3907 Summ.
2683 3845 2908 3906 Pontis.
2934 3863 3069 3925 cap.
3104 3846 3197 3906 13.

2272 3943 2332 4001 2.
2376 3939 2801 4002 Fundamenta
2827 3939 3109 4018 proedt'oti
3140 3935 3386 4001 erroris.
3414 3968 3498 3983 —
3516 3935 3762 3997 Funda-

2190 4039 2404 4095 menta
2438 4031 2627 4111 hujus
2655 4030 2879 4093 erroris
2919 4030 3147 4110 partim
3186 4035 3519 4092 sumuntur
3544 4046 3622 4090 ex
3660 4029 3761 4089 his

2193 4125 2560 4190 testimoniis
2599 4123 2953 4204 Scripturae,
2995 4143 3135 4204 quae
3172 4121 3218 4184 1.
3252 4125 3313 4200 3,
3356 4141 3491 4202 cap.
3546 4125 3605 4198 1,
3648 4121 3761 4183 ad-

2192 4220 2483 4280 duximus
2527 4219 2604 4280 ad
2645 4217 3030 4279 suadendum
3065 4217 3370 4292 1101111883,
3414 4215 3760 4295 praesertim

2192 4313 2568 4373 Christianos
2584 4357 2604 4388 ,
2651 4329 2780 4371 non
2826 4309 3050 4371 debere
3094 4308 3230 4387 subj
3238 4309 3316 4369 ici
3356 4306 3757 4384 hominibus;

2191 4422 2342 4466 nam
2362 4404 2470 4465 illa
2493 4408 2750 4483 possunt
2768 4403 2953 4463 etiam
2983 4403 3063 4464 ad
3083 4400 3371 4463 Praelatos
3392 4400 3758 4461 ecclesiasti·

2194 4515 2296 4560 cos
2324 4496 2649 4578 applicari,
2680 4513 2824 4556 cum
2860 4495 2978 4576 ipsi
3009 4494 3292 4556 hominoe
3318 4494 3480 4554 sint:
3528 4493 3636 4553 sed
3676 4494 3755 4554 ad

2192 4591 2301 4653 illa
2324 4591 2555 4652 eisdem
2580 4591 2728 4651 locis
2758 4589 2903 4650 satis
2928 4605 3292 4668 responsum
3314 4591 3426 4648 est.
3450 4587 3757 4648 Praeterea

2192 4683 2296 4747 hic
2320 4684 2592 4745 maxime
2622 4682 3015 4745 accumulant
3046 4680 3316 4742 haeretici
3346 4679 3455 4740 1118
3480 4679 3755 4740 testimo-

2190 4777 2320 4854 nia,
2346 4795 2485 4858 quae
2513 4781 2659 4838 sunt
2686 4776 2760 4837 de
2800 4774 3083 4836 libertate
3108 4773 3477 4847 Christiana,
3502 4789 3583 4834 ex
3614 4772 3754 4851 qui-

2189 4870 2306 4933 bus
2357 4889 2493 4950 quse
2539 4869 2616 4931 ad
2660 4869 2972 4948 justorum
3026 4867 3483 4946 exemptionem
3528 4883 3566 4926 a
3616 4865 3754 4943 1838

2190 4967 2523 5048 pertinent,
2554 4964 2622 5024 in
2655 4966 2685 5023 1
2720 4962 2764 5023 1.
2771 5007 2791 5038 ,
2823 4979 2955 5042 cap.
2995 4963 3096 5036 16,
3124 4966 3387 5021 tractata
3412 4963 3593 5033 sunt3
3629 4957 3754 5019 alia

2188 5077 2359 5136 vero,
2381 5077 2518 5140 quae
2534 5057 2846 5138 pertinent
2862 5056 2937 5116 ad
2965 5053 3314 5116 libertatem
3332 5053 3487 5132 legis
3510 5051 3750 5131 gratiae,

2190 5152 2448 5214 inferius
2498 5151 2575 5212 de
2622 5150 2729 5211 1118
2771 5147 3093 5210 1188188ᾶο
3136 5145 3580 5227 expendentur.
3626 5143 3755 5204 Illis

2192 5264 2342 5326 8130
2373 5245 2637 5321 01813313,
2677 5260 2998 5323 possumus
3023 5242 3091 5302 in
3122 5241 3399 5301 favorem
3436 5238 3625 5317 hujus
3658 5254 3755 5297 81-

546 5329 785 5416 g'averit
822 5357 952 5400 esse
982 5341 1050 5401 in
1090 5341 1253 5434 clero
1295 5347 1662 5422 potestatem
1700 5339 1782 5402 ad
1808 5340 1976 5418 leges
2014 5338 2103 5399 fe·
2182 5339 2339 5399 roris
2379 5335 2803 5416 argumentari
2830 5335 3055 5415 primo,
3097 5334 3246 5413 quia
3274 5333 3342 5392 in
3381 5330 3519 5409 1838
3557 5329 3755 5389 veteri

542 5431 788 5493 rendas.
832 5432 1039 5494 Refert
1071 5440 1283 5497 tamen
1321 5435 1547 5496 Anton.
1583 5436 1624 5495 4
1649 5440 1810 5514 part.
1852 5431 2095 5507 Theol.‚
2181 5441 2329 5492 non·
2365 5437 2495 5491 erat
2539 5430 2785 5490 licitum
2837 5428 3067 5488 addere
3117 5425 3395 5486 humana
3449 5427 3753 5501 praecepta

541 5525 642 5586 tit.
675 5527 775 5602 11,
807 5544 940 5606 cap.
979 5529 1040 5604 ¹7,
1072 5528 1110 5608 ἓ
1142 5531 1204 5606 5,
1237 5533 1743 5609 extravagantem
1772 5527 1951 5587 Joan.
1987 5526 2093 5601 22,
2177 5523 2428 5600 divinis,
2453 5523 2600 5603 quia
2626 5522 2919 5584 Dominus
2944 5520 3147 5582 fuerat
3174 5519 3339 5581 illius
3360 5514 3579 5597 populi
3603 5531 3753 5594 pro-
