3976 6219
515 383 635 445 192

518 487 727 561 clesia,
759 493 821 547 et
847 494 1061 566 postea
1089 505 1212 565 quo
1242 488 1426 547 modo
1459 506 1525 548 re
1572 505 1720 548 vera
1749 485 2080 546 distributa

517 582 617 641 sit.
651 581 954 658 Respectu
990 586 1200 640 autem
1241 579 1612 641 universalis
1659 578 1965 653 Ecclesioe,
2002 577 2078 637 de

516 672 756 734 duabus
785 673 1053 733 maxime
1092 672 1369 752 personis
1411 671 1683 732 dubitari
1714 675 1938 750 potest,
1966 670 2079 730 sci-

514 764 683 841 licet,
714 764 1008 826 Pontifice
1050 782 1293 825 summo
1321 771 1384 825 et
1412 765 1808 843 imperatore,
1839 763 1914 824 de
1943 762 2079 841 qui-

515 857 631 919 bus
686 858 1005 937 sigillatim
1054 858 1350 919 (1106111113.
1383 857 1558 920 Multi
1604 876 1752 936 ergo
1803 857 2076 916 doctorae

516 951 906 1012 tradiderunt
947 950 1304 1011 Pontificem
1355 967 1669 1010 summum
1711 949 1940 1009 habere
1983 948 2077 1008 di-

516 1049 748 1104 rectam
790 1048 1153 1124 potestatem
1201 1042 1281 1103 ad
1319 1042 1603 1105 ferendas
1648 1040 1816 1120 leges
1869 1041 2077 1101 civiles

514 1153 628 1215 pro
656 1136 946 1196 universa
972 1134 1268 1209 Ecclesia;
1312 1134 1461 1209 imo,
1494 1134 1749 1213 quidam
1784 1134 2078 1193 dixerunt

438 1290 488 1315 Ὅ
512 1227 740 1290 habere
764 1228 937 1289 illam
963 1246 1075 1307 pro
1097 1227 1385 1287 universo
1408 1226 1577 1287 orbe.
1599 1226 1950 1303 Moverique
1969 1242 2076 1302 po-

513 1327 745 1397 terunt,
796 1321 943 1400 quia
970 1320 1243 1381 Christus
1271 1318 1568 1379 Dominus
1614 1318 1786 1378 illam
1829 1316 2070 1392 habuit,

513 1420 575 1475 et
600 1415 763 1475 vices
781 1432 923 1474 suas
940 1413 1185 1473 Vicario
1214 1429 1325 1471 suo
1343 1411 1525 1490 plene
1544 1410 1843 1471 concessit
1869 1430 1883 1468 :
1909 1408 2075 1469 unde

511 1507 583 1567 D.
603 1508 781 1567 Petro
804 1506 893 1567 ait
916 1505 1213 1567 Ecclesia:
1243 1503 1387 1565 Tibi
1411 1503 1670 1564 tradidit
1688 1504 1853 1564 Deus
1876 1501 2075 1562 omnia

510 1617 699 1679 regna
725 1600 958 1662 mundi.
993 1599 1465 1669 Verumtamen,
1502 1595 1554 1654 si
1596 1595 1727 1655 haec
1771 1594 2077 1655 sententia

512 1690 894 1771 intelligatur
941 1690 1017 1751 de
1068 1689 1355 1749 universo
1403 1686 1551 1747 orbe
1589 1691 1774 1765 prout
1815 1684 2077 1745 includit

510 1802 641 1845 non
667 1790 912 1845 tantum
940 1782 1174 1858 fideleS,
1207 1780 1313 1841 sed
1340 1780 1529 1841 etiam
1556 1777 1834 1839 infideles
1874 1778 2074 1856 prius-

511 1893 700 1955 quam
747 1877 825 1936 ad
871 1875 1059 1935 fidem
1105 1878 1567 1945 convertantur,
1616 1876 1678 1931 et
1726 1870 1802 1931 de
1844 1869 2072 1929 directa

511 1974 812 2048 potestate
839 1974 902 2029 et
925 1966 1350 2046 jurisdictione
1379 1965 1447 2026 in
1476 1964 1637 2040 illos,
1666 1968 1756 2024 est
1776 1961 1936 2022 clare
1955 1960 2071 2020 fal-

509 2077 577 2120 sa
588 2076 609 2136 ;
636 2061 781 2139 quia
809 2060 1081 2120 Christus
1105 2059 1402 2119 Dominus
1426 2074 1750 2135 nunquam
1774 2053 2073 2115 concessit

509 2153 795 2213 Ecclesiae
819 2153 977 2213 hanc
997 2157 1389 2231 potestatem3
1420 2151 1524 2211 sed
1544 2150 1765 2223 solum,
1789 2152 2072 2226 respectu

508 2241 880 2321 infidelium,
908 2244 1080 2306 dedit
1093 2249 1458 2323 potestatem
1486 2247 1549 2303 et
1563 2243 1668 2321 jus
1696 2238 2071 2320 praedicandi

506 2334 650 2408 illis,
685 2336 895 2398 dicens
922 2334 1142 2398 Matth.
1175 2335 1437 2396 ultimo:
1464 2336 1703 2397 Euntes
1727 2335 1913 2395 docete
1948 2350 2070 2392 om-

504 2445 608 2489 nes
630 2434 830 2507 qences
845 2455 867 2489 .·
888 2429 1266 2507 ubicumque
1284 2433 1495 2488 autem
1519 2426 1688 2487 dedit
1706 2430 2068 2503 potestatem

506 2521 981 2600 gubernativam
1007 2568 1028 2598 ,
1088 2521 1364 2601 loquitur
1422 2524 1704 2599 respectu
1748 2517 2066 2605 fidelium,

503 2614 680 2675 Joan.
714 2616 784 2674 91
822 2633 839 2675 :
866 2616 1059 2678 Pasce
1086 2633 1217 2677 oves
1239 2631 1425 2689 meas,
1454 2617 1515 2673 et
1543 2611 1763 2673 Matth.
1793 2612 1871 2670 16
1897 2611 2070 2689 prius

505 2706 664 2767 dixit
691 2708 909 2769 Petro:
949 2708 1047 2771 Pu
1074 2727 1134 2770 ee
1170 2708 1417 2783 Petrus,
1466 2712 1521 2769 et
1561 2723 1739 2784 super
1783 2706 1937 2766 hanc
1966 2722 2070 2782 pe·

505 2804 667 2861 tram
695 2801 1000 2877 oedifieabo
1020 2800 1360 2863 Ecclesiam
1386 2817 1602 2861 meam.
1629 2800 1704 2861 Et
1731 2802 1941 2877 postea
1962 2796 2070 2856 ad-

505 2889 707 2951 didit:
743 2891 1150 2971 Quodcumque
1176 2891 1492 2969 liyaveris,
1531 2895 1677 2966 etc.,
1721 2895 1784 2951 et
1822 2906 1954 2967 cap.
1995 2889 2071 2949 48

502 2983 678 3062 prius
726 2983 883 3044 dixit
924 2998 941 3043 ε
990 2983 1113 3046 Die
1135 2983 1445 3066 Ecclesioe,
1493 2988 1555 3042 et
1593 2988 1804 3062 postea
1838 2998 1853 3042 ε
1889 2982 2069 3054 Quoe-

502 3096 747 3160 oumque
773 3078 1206 3159 alliyaveritis,
1238 3083 1354 3139 etc.
1382 3078 1583 3157 Atque
1628 3077 1708 3138 ob
1735 3077 1896 3138 hanc
1924 3095 2068 3138 cau-

502 3189 635 3232 sam
659 3172 817 3233 dixit
857 3171 1027 3233 Paul.
1057 3174 1087 3231 1
1121 3170 1399 3234 Corinth.
1432 3173 1510 3231 5:
1541 3170 1703 3245 Quid
1722 3171 1880 3233 enim
1911 3163 2074 3231 milti

502 3265 571 3327 de
597 3265 696 3327 his
731 3265 837 3345 qui
865 3264 1030 3342 soris
1068 3270 1210 3326 sunt
1233 3264 1539 3342 judicare,
1570 3263 1634 3323 id
1676 3268 1790 3339 est,
1823 3261 2068 3323 (1611111-

502 3357 743 3418 delibus
770 3358 878 3436 qui
906 3361 1051 3417 sunt
1077 3362 1253 3418 extra
1299 3356 1630 3417 Ecclesiam
1672 3361 1734 3417 et
1770 3374 1897 3416 non
1920 3355 2063 3415 sub-

497 3451 707 3528 jacent
725 3449 1140 3528 jurisdictioni
1160 3449 1294 3526 ejus
1317 3469 1331 3508 2
1359 3448 1523 3508 unde
1546 3448 1939 3509 Innocentius
1957 3449 2058 3523 ΙΙΙ,

502 3560 637 3620 cap.
669 3539 1008 3606 &audemus
1034 3540 1111 3601 de
1138 3541 1397 3615 Divort.,
1419 3539 1575 3600 dixit
1598 3539 2064 3601 constitutiones

503 3632 831 3694 canonicas
858 3651 985 3694 non
1012 3631 1284 3710 obligare
1312 3637 1488 3694 extra
1514 3631 1846 3694 Ecclesiam
1875 3650 2062 3713 paga-

506 3744 619 3788 nos
642 3749 659 3802 ;
692 3725 890 3787 multo
914 3743 1062 3804 ergo
1086 3724 1293 3785 minus
1315 3731 1561 3805 possent
1592 3725 1869 3804 obligare
1897 3726 2063 3805 leges

505 3819 715 3880 civiles
752 3818 891 3879 latae
919 3836 958 3878 a
985 3815 1278 3879 Pontifice
1320 3836 1430 3897 per
1474 3818 1770 3879 directam
1798 3823 2062 3897 potesta·

504 3917 654 3973 tem.
688 3911 847 3972 Hinc
874 3912 1062 3973 etiam
1091 3928 1307 3986 omnes
1359 3911 1655 3991 theologi,
1702 3911 1769 3971 in
1802 3912 2063 3972 materia

503 4005 581 4067 de
623 4004 767 4081 fide,
799 4023 910 4084 pro
938 4010 1248 4084 comperto
1276 4003 1511 4066 hahent
1536 4023 1665 4065 non
1700 4023 1878 4084 posse
1906 4006 2062 4065 Pon-

503 4099 734 4160 tificem
758 4099 822 4158 vi
841 4115 1060 4177 cogere
1079 4097 1356 4159 infideles
1374 4097 1453 4158 ad
1480 4097 1598 4157 sibi
1619 4097 2057 4159 obediendum:

501 4199 567 4255 at
596 4211 743 4254 vero
773 4193 825 4254 si
871 4192 1125 4253 haberet
1153 4192 1382 4253 directe
1414 4209 1766 4271 supremam
1798 4198 2062 4271 potesta-

502 4292 631 4347 tem
662 4283 1064 4366 temporalem
1093 4285 1161 4345 in
1188 4283 1347 4360 illos,
1378 4291 1581 4364 posset
1608 4284 1745 4345 illos
1765 4285 1931 4363 juste
1960 4303 2062 4346 co-

499 4396 644 4457 gere
677 4394 696 4455 3
736 4379 864 4438 imo
891 4395 1068 4456 reges
1095 4377 1211 4456 ipsi
1237 4376 1516 4437 infideles
1542 4395 1669 4437 non
1696 4383 1902 4438 essent
1930 4379 2061 4438 veri

498 4477 560 4532 et
581 4471 853 4550 supremi
871 4488 1044 4548 reges
1063 4470 1130 4529 in
1157 4469 1619 4547 temporalibuS,
1650 4470 1751 4530 sed
1774 4476 2062 4532 teneren-

498 4570 602 4624 tur
628 4580 1063 4641 recognoscere
1087 4563 1317 4640 Papam
1340 4567 1410 4621 ut
1428 4563 1806 4641 superiorem
1830 4564 2058 4642 princi-

494 4674 639 4735 pem
661 4656 728 4715 in
750 4655 859 4715 illo
882 4654 1121 4727 ordine,
1148 4655 1311 4732 quod
1341 4659 1433 4714 est
1455 4654 1778 4716 manifeste
1800 4655 2049 4730 falsum,

493 4755 557 4809 et
584 4753 800 4810 contra
830 4764 1011 4807 usum
1040 4751 1102 4807 et
1133 4764 1383 4807 sensum
1412 4747 1711 4808 Ecclesiae.

574 4841 637 4900 2.
682 4839 878 4900 Aliter
911 4857 1059 4917 ergo
1090 4845 1293 4918 potest
1319 4839 1427 4899 illa
1452 4841 1758 4901 sententia
1786 4840 2053 4919 intelligi

492 4934 569 4995 de
597 4933 746 4994 orbe
774 4932 1129 5008 christiano,
1161 4932 1249 4992 ita
1279 4937 1350 4991 ut
1377 4932 1444 4991 in
1473 4933 1760 4993 universa
1786 4933 2055 4995 Ecclesia

488 5026 716 5088 habeat
741 5042 1018 5085 summus
1048 5024 1328 5085 Pontifex
1351 5024 1513 5085 hanc
1530 5026 1825 5086 directam
1853 5031 2055 5104 potes-

489 5124 682 5180 tatem
709 5137 747 5179 a
774 5118 1012 5179 Christo
1043 5117 1276 5193 datam,
1322 5123 1384 5178 et
1411 5123 1855 5197 cousequenter
1881 5119 1958 5178 de
1990 5137 2054 5180 se

490 5211 856 5272 extendatur
884 5211 960 5271 ad
989 5216 1189 5271 totum
1216 5210 1431 5271 orbem
1458 5211 1840 5290 simpliciter,
1876 5212 1927 5271 si
1959 5217 2052 5272 to-

487 5307 587 5362 tus
614 5300 824 5376 fidem,
855 5307 925 5361 ut
951 5308 1217 5377 tenetur,
1248 5304 1575 5382 suscipiat;
1610 5303 1686 5364 de
1714 5303 1874 5363 facto
1904 5322 2052 5365 vero

485 5395 687 5456 solum
732 5394 801 5453 in
833 5394 930 5453 his
960 5394 1237 5473 partibus
1265 5396 1432 5456 orbis
1468 5397 1535 5457 in
1563 5397 1787 5475 quibus
1824 5403 1915 5458 est
1942 5400 2054 5459 Ee-

487 5487 672 5549 elesia
698 5484 873 5547 illam
898 5501 1184 5549 exercere
1224 5487 1432 5550 valeat
1445 5533 1467 5564 ,
1496 5489 1625 5551 sive
1650 5489 1822 5552 illam
1853 5508 1964 5570 per
1986 5508 2052 5553 se

1517 383 1632 435 Lm.
1669 383 1753 437 ΙΙΙ.
1791 383 1871 434 DE
1902 381 2063 435 LEGE
2096 381 2357 434 HUMANA
2388 381 2468 435 ET
2501 382 2707 438 clvlLl.

2159 493 2459 562 exerceat,
2504 487 2632 548 sive
2661 505 2774 566 per
2801 486 3239 566 imperatorem
3276 485 3378 546 cui
3416 485 3585 546 illam
3612 486 3725 548 de-

2157 579 2477 639 mandavit
2505 595 2525 657 3
2569 586 2631 640 et
2656 579 2774 640 hoc
2802 597 2982 640 sensu
3013 583 3354 640 tenuerunt
3386 577 3555 638 illam
3585 579 3726 658 opi-

2157 672 2409 732 nionem
2434 671 2694 732 Alvarus
2715 671 2996 749 Pelagius
3020 671 3131 731 lib.
3165 675 3189 731 1
3226 671 3302 731 de
3330 670 3581 750 planctu
3607 672 3726 731 Ec-

2158 764 2355 827 clesiae
2376 810 2396 841 ,
2440 782 2492 827 c.
2528 767 2606 827 44
2625 787 2642 839 3
2673 766 2744 825 D.
2777 765 3007 826 Antou.
3041 765 3079 824 3
3105 769 3267 843 part.
3294 764 3391 824 tit.
3425 765 3526 839 22,
3570 782 3623 825 c.
3656 767 3720 839 5,

2155 858 2192 939 ἓ
2221 859 2260 921 8
2286 865 2347 920 et
2378 861 2494 937 133
2532 858 2798 938 Sylvest.
2828 858 3001 920 verb.
3035 859 3237 936 Papa,
3275 877 3338 937 q.
3370 859 3432 932 2,
3465 861 3501 918 7
3526 859 3720 934 etio,

2154 953 2221 1011 in
2266 950 2438 1012 verb.
2484 952 2844 1030 Leyitimus,
2881 969 2941 1030 q.
2974 952 3015 1011 4
3044 966 3064 1027 3
3115 949 3375 1028 August.
3421 950 3497 1010 de
3532 948 3725 1025 Anc.,

2153 1044 2229 1105 de
2264 1045 2568 1104 Potestate
2604 1043 2861 1119 Eccles.,
2906 1061 2967 1122 q.
3010 1045 3067 1115 1,
3106 1048 3225 1104 art.
3265 1046 3300 1103 7
3331 1048 3393 1103 et
3417 1042 3477 1118 8,
3515 1060 3575 1120 q.
3609 1044 3719 1116 22,

2155 1141 2272 1197 art.
2298 1138 2337 1196 2
2366 1141 2428 1196 et
2456 1137 2516 1211 3,
2548 1154 2609 1214 q.
2635 1138 2738 1210 23,
2761 1142 2880 1196 art.
2913 1139 2942 1196 1
2973 1141 3035 1196 et
3055 1133 3450 1214 sequentibus
3472 1139 3535 1195 et
3555 1152 3722 1213 saepe

2154 1231 2220 1289 in
2242 1228 2347 1289 illo
2367 1246 2550 1308 opere
2556 1252 2574 1304 3
2600 1235 2662 1289 et
2684 1229 2867 1289 multi
2885 1228 2991 1290 alii
3009 1247 3165 1309 quos
3187 1228 3466 1290 referunt
3488 1229 3717 1289 Navar.

2154 1322 2223 1381 in
2251 1340 2384 1402 cap.
2416 1322 2611 1385 Novit
2641 1320 2716 1381 de
2743 1321 3021 1396 Judiciis‚
3054 1320 3261 1381 notab.
3296 1322 3356 1396 3,
3396 1338 3460 1381 11.
3495 1322 3613 1395 193
3658 1323 3722 1378 et

2156 1414 2368 1475 Covar.
2400 1414 2468 1473 in
2498 1412 2715 1491 regula
2741 1413 3082 1488 Peccatum,
3113 1414 3152 1472 2
3179 1419 3339 1492 part.
3348 1457 3368 1487 ,
3397 1411 3434 1491 ἓ
3461 1413 3522 1487 9,
3551 1430 3614 1471 11.
3654 1414 3715 1471 7.

2155 1506 2653 1566 Fundamentum
2682 1510 2796 1581 est,
2822 1506 2970 1584 quia
2996 1505 3264 1566 Ecclesia
3293 1504 3537 1579 Christi,
3575 1520 3721 1582 quae

2154 1598 2229 1659 de
2262 1617 2323 1660 se
2352 1598 2719 1659 universalis
2760 1604 2852 1659 est
2885 1604 2948 1659 et
2974 1602 3175 1658 totum
3210 1596 3517 1658 mundum
3550 1613 3723 1656 com-

2153 1691 2465 1771 plectitur,
2497 1697 2589 1752 est
2616 1692 2802 1753 etiam
2831 1691 3097 1770 perfecte
3121 1708 3249 1750 una
3276 1695 3338 1751 et
3365 1688 3594 1767 optime
3618 1689 3720 1748 iu-

2154 1785 2409 1860 stituta3
2451 1803 2597 1862 ergo
2644 1789 2775 1844 tam
2820 1785 2887 1844 in
2926 1783 3368 1862 temporalibus
3413 1800 3600 1861 quam
3650 1782 3719 1841 in

2153 1877 2574 1956 spiritualibus
2623 1881 2712 1937 est
2757 1895 2902 1938 vera
2942 1876 3304 1936 monarchia
3344 1897 3358 1934 ε
3401 1893 3550 1935 nam
3589 1874 3717 1934 hoc

2153 1975 2383 2049 spectat
2406 1970 2484 2029 ad
2512 1969 2950 2048 perfectionem
2978 1970 3132 2047 ejuS,
3165 1976 3234 2028 ut
3259 1974 3519 2046 utraque
3541 1968 3619 2027 sit
3649 1968 3717 2026 in

2150 2079 2277 2121 uno
2311 2066 2373 2122 et
2413 2061 2628 2122 eodem
2659 2062 2856 2140 capite
2877 2107 2897 2136 ‚
2941 2061 3087 2139 quia
3117 2059 3269 2120 alias
3300 2079 3423 2120 non
3465 2063 3719 2138 possent

2151 2154 2472 2215 commode
2491 2153 2883 2214 subordinari
2905 2158 2968 2213 et
2986 2153 3152 2213 uniri
3175 2171 3191 2214 ε
3218 2170 3365 2231 ergo
3384 2152 3484 2212 eui
3507 2152 3718 2213 Chris·

2149 2252 2250 2307 tus
2289 2247 2460 2307 dedit
2509 2264 2860 2325 supremam
2915 2244 3298 2324 spiritualem
3342 2251 3717 2325 potestatem

2150 2339 2319 2401 dedit
2344 2339 2533 2400 etiam
2561 2338 2964 2417 temporalem
3002 2355 3017 2399 :
3049 2336 3213 2398 unde
3241 2338 3523 2399 Nicolaus
3549 2356 3718 2417 papa

2150 2431 2218 2492 in
2235 2416 2380 2510 bap.
2412 2435 2441 2492 1
2470 2478 2487 2505 ‚
2532 2432 2674 2492 dist.
2707 2433 2785 2491 aa
2809 2476 2830 2505 ,
2874 2430 2950 2491 de
2972 2430 3208 2491 chi-isto
3231 2431 3491 2491 nomino
3514 2431 3673 2490 aicit
3696 2447 3712 2491 ε

2153 2523 2272 2597 Qui
2301 2524 2461 2586 beato
2498 2525 2682 2586 Petro
2715 2529 2950 2585 oeternoe
2983 2523 3126 2585 vitoe
3157 2523 3450 2602 clavigero
3486 2524 3717 2586 terreni

2149 2615 2335 2677 simul
2373 2620 2428 2677 et
2468 2616 2718 2678 ccelesiis
2762 2616 3008 2694 imperii
3034 2616 3191 2695 jura
3230 2616 3528 2679 commisit
3561 2640 3589 2686 ,·
3652 2623 3714 2676 et

2149 2707 2498 2768 Bonifacius
2545 2708 2675 2768 VIII
2723 2706 2790 2768 in
2837 2713 2993 2768 extr.
3068 2708 3264 2770 Unam
3310 2713 3581 2769 sanctam
3630 2708 3711 2769 de

2148 2800 2491 2878 Majoritate
2519 2805 2581 2861 et
2608 2799 2980 2875 ohedientia,
3011 2799 3160 2859 dicit
3186 2799 3251 2858 in
3275 2816 3518 2859 summo
3551 2800 3713 2860 Pon-

2147 2891 2310 2953 tifice
2340 2911 2470 2953 esse
2502 2898 2837 2971 utrumque
2865 2892 3167 2971 gladium,
3216 2891 3620 2971 temporalem
3649 2896 3711 2953 et

2148 2984 2548 3065 spiritualem.
2604 2986 2803 3064 Hujus
2853 2985 3041 3046 etiam
3092 2990 3529 3063 argumentum
3572 2991 3668 3045 est
3687 3030 3708 3060 ,

2147 3078 2294 3157 quia
2341 3077 2624 3140 Pontifex
2673 3077 2893 3139 tribuit
2937 3077 3292 3157 imperatori
3337 3077 3712 3156 dignitatem

2147 3173 2531 3252 imperialem
2557 3192 2693 3252 cap.
2738 3174 2819 3234 In
2839 3174 3073 3234 nomine
3092 3171 3377 3246 Domini,
3424 3171 3566 3231 dist.
3601 3173 3707 3248 23,

2147 3271 2210 3326 et
2235 3284 2366 3345 cap.
2413 3266 2809 3332 Venerabilem
2836 3265 2913 3327 de
2953 3264 3292 3340 Electione,
3333 3269 3393 3325 et
3420 3265 3558 3326 ideo
3590 3266 3710 3325 im-

2142 3364 2419 3436 perator,
2464 3357 2825 3437 priusquam
2883 3376 2922 3418 a
2974 3358 3140 3436 Papa
3171 3355 3568 3418 confirmetur
3606 3358 3710 3419 vel

2144 3456 2494 3525 coronetur,
2534 3451 2700 3525 iurat
2726 3450 2819 3510 illi
2846 3448 3233 3525 fidelitatem,
3280 3467 3359 3510 ex
3385 3468 3517 3529 cap.
3557 3450 3709 3513 Tibi

2143 3544 2399 3618 domine,
2443 3543 2523 3603 63
2546 3542 2843 3618 distinet„
2881 3549 2944 3603 et
2970 3541 3195 3603 elarius
3225 3542 3293 3602 in
3319 3541 3594 3602 Clemen.
3627 3543 3702 3618 ΙΙ,

2142 3635 2219 3695 (16
2259 3636 2519 3714 Junjur.
2540 3657 2560 3710 3
2614 3635 2762 3696 hinc
2805 3635 2994 3696 etiam
3023 3636 3187 3714 Papa
3221 3634 3551 3714 aliquando
3597 3635 3706 3697 de-

2143 3728 2319 3806 ponit
2357 3728 2795 3808 imperatorem
2832 3746 2910 3789 ex
2948 3727 3116 3807 justa
3165 3744 3350 3787 eausa
3367 3773 3389 3803 ,
3437 3744 3572 3805 cap.
3626 3729 3711 3790 ad

2141 3819 2502 3900 Apostolicoe
2526 3821 2602 3880 de
2625 3821 2900 3882 Sentent.
2934 3826 2996 3881 et
3015 3839 3083 3881 re
3100 3820 3294 3899 judic.
3323 3819 3390 3878 in
3413 3821 3453 3880 6
3465 3835 3486 3896 ;
3530 3820 3704 3881 unde

2143 3913 2331 3974 etiam
2364 3912 2677 3974 transtulit
2722 3913 3057 3993 imperium
3097 3931 3136 3973 a
3178 3911 3401 3973 Groeeis
3441 3911 3517 3971 ad
3550 3912 3706 3974 Ger-

2141 4027 2382 4085 manos,
2411 4015 2483 4069 ut
2509 4008 2732 4070 dicitur
2758 4009 2826 4068 in
2854 4008 3000 4069 dict.
3032 4027 3166 4087 cap.
3210 4007 3610 4072 Vmerabilem
3641 4013 3706 4069 et

2142 4102 2210 4162 in
2248 4102 2407 4163 dicta
2449 4102 2719 4163 Clemen.
2753 4105 2782 4162 1
2813 4147 2832 4176 ,
2878 4107 2940 4162 et
2973 4106 3194 4161 tractat
3237 4099 3362 4161 late
3403 4098 3698 4161 Bellarm.

2141 4196 2385 4276 integro
2431 4213 2614 4276 opere
2660 4196 2737 4258 de
2777 4195 2885 4255 illa
2924 4194 3346 4256 translatione.
3395 4193 3699 4272 Denique,

2140 4296 2400 4352 vacante
2453 4290 2717 4369 imperio
2740 4334 2761 4364 ,
2814 4289 3100 4349 Pontifex
3143 4286 3382 4366 judicat
3425 4286 3702 4347 subditos

2138 4383 2422 4462 imperii,
2471 4382 2769 4444 Clement.
2816 4381 3186 4455 PastoraliS,
3232 4378 3269 4458 ξ
3319 4378 3433 4440 ult.
3485 4379 3562 4439 (16
3610 4379 3700 4439 Re

2138 4475 2330 4555 judic.
2357 4521 2377 4551 ,
2426 4483 2488 4536 et
2544 4493 2678 4556 cap.
2730 4474 2894 4537 Licet
2944 4491 3016 4537 ex
3058 4478 3320 4552 suscepto
3346 4517 3368 4548 ,
3418 4470 3495 4533 de
3541 4471 3700 4532 Foro

2139 4574 2403 4648 compet.

2217 4663 2275 4723 3.
2335 4661 2485 4727 Vera
2532 4662 2840 4725 sententia.
2883 4694 2964 4706 --
3014 4659 3390 4740 Temporalis
3431 4663 3699 4737 potestas

2135 4755 2397 4833 subjecta
2423 4753 2744 4833 spirituali
2786 4755 3087 4834 quomodo.
3145 4787 3226 4797 —
3283 4750 3698 4812 Nihilominus

2133 4865 2278 4908 vera
2307 4847 2612 4908 sententia
2634 4852 2747 4922 est,
2776 4863 3088 4906 summum
3120 4844 3479 4905 Pontificem
3508 4845 3695 4905 etiam

2134 4940 2202 5000 in
2231 4939 2349 5001 hoc
2380 4957 2562 5000 sensu
2594 4958 2720 5000 non
2747 4939 2975 4999 habere
2999 4938 3296 4998 directam
3329 4941 3695 5015 potestatem

2134 5033 2538 5112 temporalem
2578 5033 2646 5092 in
2684 5032 3045 5093 universum
3073 5029 3311 5105 orbem,
3360 5029 3468 5089 sed
3496 5028 3695 5088 solum

2133 5124 2202 5184 in
2230 5125 2338 5185 illa
2378 5143 2595 5204 regna,
2626 5125 2723 5186 vel
2755 5124 3122 5204 provinciae,
3168 5139 3432 5202 quarum
3473 5127 3564 5182 est
3589 5122 3694 5181 do·

2134 5217 2342 5278 minus
2356 5217 2745 5296 temporalis3
2764 5224 2834 5276 ut
2851 5222 3059 5277 autem
3072 5215 3203 5276 haec
3225 5214 3531 5276 sententia
3548 5229 3693 5273 vere

2134 5314 2196 5369 et
2208 5310 2503 5371 catholice
2522 5310 2933 5387 intelligatur,
2945 5308 3392 5369 advertendum
3413 5312 3507 5368 est
3524 5304 3692 5365 aliud

2133 5418 2263 5462 esse
2289 5419 2539 5462 omnem
2565 5407 2955 5482 potestatem,
3004 5401 3194 5462 etiam
3233 5416 3587 5480 supremam
3622 5397 3692 5456 in

2132 5493 2241 5555 illo
2289 5494 2505 5559 ordine
2556 5513 2684 5558 esse
2737 5494 3076 5574 subjectam
3122 5492 3410 5574 potestati
3464 5488 3691 5552 summi
