3976 6219
844 377 981 429 mr.
1018 378 1124 429 xx.
1161 376 1391 439 1110111
1424 376 1830 442 cononum,
1868 379 1947 431 m·
1980 375 2273 441 Quomono
2303 376 2409 430 ms
2439 376 2901 442 ammarum.

271 480 524 543 rentiam
546 479 718 544 10161
750 481 852 562 jus
879 479 1163 560 gentium
1197 483 1259 538 et
1284 477 1567 540 naturale
1592 478 1830 557 rigoro-

275 591 403 634 sum
418 619 439 649 ,
473 574 647 652 quod
678 576 783 654 jus
826 571 1111 635 naturale
1144 588 1271 631 non
1312 570 1512 631 solum
1552 572 1831 651 praecipit

277 667 427 726 110118
445 714 462 740 ,
487 667 622 728 -sed
648 668 842 729 etiam
884 666 973 726 ita
1013 662 1302 743 prohibet
1329 664 1540 724 omnia
1567 663 1734 724 mala
1761 670 1832 724 ut

280 759 503 820 nullum
539 762 881 839 permittat.
930 758 1041 819 ,1118
1083 761 1290 817 autem
1318 757 1598 834 gentium
1625 757 1832 837 aliqua

285 853 435 915 mala
456 855 812 932 permittere
839 855 1041 932 potest
1055 896 1075 927 ,
1119 855 1191 910 ut
1212 849 1452 910 notavit
1477 850 1784 913 Mattienz.
1808 896 1827 926 ,

288 946 387 1008 lib.
421 947 456 1007 5
481 946 778 1025 Recopil.‚
823 945 924 1007 tit.
953 947 1055 1014 11,
1092 941 1217 1020 163.
1256 944 1317 1016 1,
1345 940 1536 1003 Gloss.
1569 947 1630 1019 1,
1665 962 1731 1005 11.
1766 946 1823 1006 3.

289 1039 446 1115 Quod
485 1040 755 1100 maxime
798 1038 1049 1099 videtur
1091 1034 1320 1095 habere
1361 1033 1569 1095 locum
1605 1035 1674 1096 in
1721 1036 1828 1096 illo

285 1135 413 1212 jure
440 1132 731 1210 gentium,
744 1130 911 1209 quod
934 1148 1004 1191 re
1027 1145 1174 1189 vera
1197 1126 1375 1186 civile
1404 1126 1642 1207 est,†per
1659 1129 1827 1190 simi·

290 1226 589 1287 litudinem
619 1231 838 1288 801610
861 1230 925 1285 61
962 1221 1459 1284 convenientiam
1500 1222 1826 1284 nationum

292 1323 529 1380 vocatur
553 1318 852 1395 gentium.
887 1316 988 1378 Sic
1022 1315 1190 1376 enim
1224 1313 1384 1375 sicut
1404 1314 1471 1374 in
1496 1315 1635 1393 jure
1663 1316 1829 1377 civili

193 1445 207 1456 ·
295 1410 715 1492 permittuntur
754 1410 963 1489 aliqua
996 1407 1183 1481 mala,
1224 1407 1313 1468 ita
1349 1409 1537 1468 etiam
1573 1416 1830 1488 possunt

286 1502 552 1585 permitti
583 1503 724 1581 jure
770 1503 1077 1581 gentium,
1132 1501 1281 1579 quia
1328 1501 1461 1579 ipsa
1509 1501 1828 1580 permissio

270 1602 463 1680 potest
517 1613 644 1657 esse
683 1601 810 1656 18111
845 1594 1176 1656 necessaria
1202 1595 1384 1672 juxta
1427 1594 1827 1672 fragilitatem

272 1699 330 1754 et
354 1688 782 1752 conditionem
809 1687 1134 1748 hominum
1162 1687 1263 1748 vel
1297 1687 1686 1765 negotiorum
1706 1733 1727 1762 ,
1759 1693 1828 1748 ut

279 1788 341 1848 in
352 1805 418 1847 ea
434 1781 743 1845 servanda
760 1798 973 1842 omnes
990 1781 1119 1842 fere
1135 1781 1418 1840 nationes
1432 1780 1801 1841 concordent
1806 1803 1823 1856 3

280 1879 410 1940 talis
445 1891 581 1937 esse
624 1873 868 1934 videtur
915 1873 1235 1953 permissio
1278 1872 1673 1933 meretricum
1693 1918 1714 1948 ,
1767 1880 1828 1934 et

284 1967 585 2050 permissio
623 1966 1005 2046 deceptionis
1050 1967 1117 2027 in
1157 1971 1473 2027 contractu
1520 1984 1657 2044 quae
1699 1984 1826 2028 non

171 2101 178 2108 -
286 2063 360 2123 sit
379 2059 660 2135 enormis,
687 2065 750 2120 81
779 2059 1029 2120 similia.

357 2156 414 2214 4.
457 2152 1033 2232 objectio.—-Objici
1056 2171 1202 2215 vero
1222 2159 1422 2233 potest
1441 2152 1485 2214 1.
1517 2153 1600 2214 Iu
1618 2171 1824 2230 eausa,

286 2247 321 2328 ξ
364 2248 523 2309 Idem
570 2247 963 2326 Pomponius,
1022 2247 1088 2307 ff.
1144 2247 1220 2308 de
1269 2248 1492 2308 Minor.
1538 2247 1826 2325 adjuncta

285 2340 480 2400 Glossa
506 2361 520 2398 ε
554 2357 703 2400 nam
723 2340 949 2400 dicitur
974 2339 1042 2399 in
1062 2345 1239 2401 textu
1265 2340 1633 2401 naturaliter
1651 2339 1827 2402 licere

257 2499 262 2502 ,
283 2434 746 2496 contrahentibus
762 2451 823 2495 se
843 2433 1266 2496 circumvenire
1286 2433 1351 2493 iu
1369 2433 1562 2510 pretio
1586 2432 1827 2514 emptio-

281 2528 373 2587 nis
391 2531 444 2587 et
467 2525 847 2587 venditionis.
888 2525 1006 2586 Ubi
1041 2524 1252 2586 Glossa
1292 2525 1543 2604 exponit
1573 2531 1825 2588 natura-

280 2620 431 2693 liter,
456 2617 522 2677 id
544 2623 661 2693 est,
691 2618 768 2678 de
795 2618 938 2697 jure
966 2618 1270 2696 gentium.
1303 2617 1475 2690 Quod
1500 2618 1687 2678 etiam
1715 2617 1822 2679 ha·

276 2711 445 2772 betur
468 2711 536 2771 in
570 2709 678 2773 lib.
711 2711 868 2773 Item
903 2712 966 2776 si
985 2711 1208 2789 pretio,
1233 2709 1271 2789 ξ
1300 2711 1815 2784 Quemadmodum,

276 2803 336 2864 fl.
365 2802 590 2864 Locati.
635 2803 731 2864 Ad
771 2803 892 2864 hoc
926 2803 1254 2882 respondet
1278 2804 1606 2864 Mattienzo
1636 2822 1823 2883 supra

276 2896 636 2977 (sustinendo
654 2896 1229 2976 interpretationem
1250 2896 1474 2957 Glossae
1493 2896 1694 2975 quoad
1717 2897 1822 2957 ad-

275 2989 544 3050 verbium
572 2988 956 3070 uatmaliter)
981 2989 1239 3052 verbum
1264 2990 1438 3052 licere
1455 3008 1581 3050 non
1600 2990 1821 3052 debere

271 3081 526 3160 intelligi
553 3100 694 3143 cum
718 3082 1116 3163 proprietate,
1148 3089 1218 3143 ut
1244 3081 1470 3144 dicitur
1492 3082 1567 3143 de
1595 3101 1661 3144 re
1689 3083 1822 3144 lici-

270 3180 328 3235 ta
354 3181 413 3235 et
437 3174 704 3236 honesta
727 3221 747 3251 ,
785 3177 871 3236 818
895 3176 1065 3237 60110
1093 3181 1398 3255 repugnat
1426 3192 1556 3237 esse
1582 3175 1822 3237 licitum

264 3285 323 3327 se
354 3267 804 3330 circumvenire
839 3273 966 3329 tam
996 3269 1063 3329 in
1102 3269 1301 3349 pretio
1346 3268 1675 3348 emptionis
1715 3275 1823 3330 aut

263 3358 660 3436 venditionis,
708 3378 895 3439 quam
941 3361 1007 3419 in
1049 3361 1323 3439 quolibet
1369 3362 1492 3422 8110
1534 3362 1821 3440 negotio:

261 3467 397 3510 nam
427 3450 667 3512 Paulus
705 3453 745 3512 2
779 3452 1049 3514 Thessal.
1079 3455 1143 3530 4,
1174 3455 1339 3515 10161
1366 3460 1671 3533 praecepta
1698 3472 1734 3514 8
1761 3473 1825 3515 86

260 3542 482 3604 11811118
534 3544 709 3624 110011
727 3589 748 3619 ,
793 3551 862 3607 ut
896 3564 1062 3607 nemo
1105 3546 1531 3610 circumveniat
1564 3550 1825 3624 fratrem

259 3654 451 3713 suum,
499 3642 561 3698 et
588 3637 795 3698 subdit
824 3659 839 3697 ε
885 3638 1178 3713 Quoniam
1209 3640 1425 3702 vindex
1451 3644 1538 3702 est
1565 3641 1730 3702 Deus
1758 3638 1827 3702 de

260 3729 354 3792 Itis
380 3730 684 3793 omnibus.
711 3730 901 3791 Debet
923 3748 1074 3809 ergo
1095 3731 1356 3792 verbum
1381 3732 1556 3795 licere
1579 3731 1703 3793 late
1725 3750 1825 3792 su·

259 3821 365 3897 mi,
395 3827 459 3883 et
485 3821 557 3881 in
582 3822 798 3884 ordine
821 3824 900 3884 ad
920 3822 1269 3886 humanum
1287 3824 1616 3902 judicium,
1640 3831 1826 3904 prout

258 3912 436 3975 licere
487 3914 717 3975 dieitur
760 3916 928 3995 quod
966 3917 1222 3997 impune
1267 3917 1359 3993 fit,
1403 3923 1464 3977 et
1499 3917 1668 3996 quod
1706 3936 1825 3978 1180

257 4007 584 4084 toleratur,
629 4009 795 4087 quod
834 4009 1089 4088 perinde
1131 4015 1222 4069 est
1264 4028 1335 4071 ac
1372 4010 1670 4089 permitti.
1712 4010 1823 4071 Vel

258 4100 374 4160 dici
397 4101 598 4161 etiam
609 4106 830 4179 potest,
857 4108 917 4162 et
935 4101 1063 4162 fere
1087 4102 1154 4162 in
1178 4102 1342 4163 idem
1369 4102 1553 4178 redit,
1571 4108 1822 4165 natura-

257 4194 414 4266 liter,
457 4193 532 4254 id
559 4198 671 4268 eat,
688 4195 836 4273 jure
856 4196 1126 4273 acutium
1151 4195 1215 4255 id
1246 4196 1441 4271 licere,
1468 4196 1532 4257 id
1553 4202 1667 4271 est,
1709 4216 1825 4259 nou

253 4285 589 4363 prohiberi,
623 4303 752 4346 non
779 4287 925 4365 quia
946 4287 1051 4366 jus
1080 4288 1360 4350 naturale
1389 4289 1736 4368 rigorosum
1758 4290 1823 4350 id

256 4396 382 4438 non
425 4377 779 4457 prohibeat,
824 4379 930 4440 sed
971 4380 1118 4458 quia
1156 4381 1257 4460 jus
1292 4382 1598 4460 gentium,
1639 4387 1823 4461 prout

256 4470 612 4533 humanum
638 4478 730 4533 est
744 4518 766 4549 ,
812 4492 939 4534 non
971 4474 1144 4535 addit
1187 4474 1517 4554 specialem
1550 4476 1823 4555 prohibi·

254 4564 494 4625 tionem
521 4580 537 4624 :
564 4565 691 4625 imo
715 4566 928 4625 statuit
951 4571 1020 4625 ut
1042 4566 1104 4626 id
1124 4585 1249 4627 non
1272 4568 1588 4646 puniatur,
1621 4587 1822 4648 neque

256 4662 560 4736 tanquam
600 4656 892 4718 delictum
926 4659 991 4718 in
1039 4658 1315 4720 humana
1353 4661 1669 4740 republica
1713 4679 1821 4722 seu

254 4748 388 4811 foro
410 4749 740 4811 habeatur.
775 4752 852 4811 Et
870 4752 1051 4829 juxta
1080 4751 1249 4812 hunc
1281 4770 1530 4813 sensum
1554 4753 1661 4813 1118
1675 4754 1822 4832 jura

257 4842 634 4904 confirmant
658 4843 863 4922 potius
885 4844 1230 4905 doctrinam
1261 4845 1575 4906 traditam.

333 4938 393 4997 5.
445 4935 528 4996 At
574 4954 721 4996 vero
771 4937 985 4998 Covar.
1033 4956 1161 4998 000
1207 4937 1426 5017 probat
1452 4937 1625 4999 illam
1652 4937 1822 4999 Glos-

255 5044 334 5088 818
361 5028 941 5107 interpretationem
981 5030 1048 5090 in
1088 5031 1273 5092 verbo
1299 5030 1690 5106 naturaliter,
1717 5049 1821 5092 ne-

255 5139 375 5198 que
396 5120 575 5180 illam
603 5120 1129 5201 improprietatem
1153 5124 1221 5184 in
1240 5123 1428 5184 verbo
1452 5125 1647 5199 licere,
1669 5143 1822 5204 11181-

255 5213 475 5273 86111111
508 5231 649 5273 81110
666 5213 765 5274 lex
790 5215 948 5277 Item
974 5216 1031 5277 si
1049 5217 1244 5294 pretio
1272 5216 1437 5276 dicat
1459 5218 1824 5280 naturaliter

255 5322 592 5367 concessum
635 5312 745 5383 est,
795 5311 915 5368 818.
963 5309 1038 5367 Ε1
1079 5307 1218 5367 11160
1266 5308 1520 5386 exponit
1563 5309 1820 5369 verbum

258 5398 708 5475 circwneenire,
747 5405 816 5460 ut
847 5418 973 5459 non
997 5404 1280 5459 sumatur
1312 5400 1607 5478 rigorose,
1639 5408 1823 5479 prout

255 5488 570 5569 significat
591 5490 1012 5572 deceptionem
1040 5509 1150 5571 per
1172 5491 1386 5552 dolum
1425 5497 1487 5553 et
1513 5492 1819 5569 1181111810,

3357 376 3465 434 171

1906 479 2017 541 sed
2036 486 2105 538 ut
2130 476 2441 557 significat
2462 477 2807 539 humanam
2832 476 3144 537 solertiam
3167 484 3229 538 et
3247 484 3471 555 artem,

1910 573 2059 652 quia
2089 589 2299 632 emens
2338 576 2624 650 procurat
2664 571 2945 631 minuere
2983 570 3074 630 rei
3120 570 3473 634 aestimatio-

1911 683 2057 726 nem
2094 672 2395 743 quantum
2417 670 2638 744 potest,
2669 670 2731 724 et
2760 663 3034 725 vendens
3061 680 3313 742 augere,
3345 683 3471 726 non

1913 775 2056 818 cum
2103 757 2319 818 fraude
2356 763 2419 817 61
2461 757 2625 831 11010,
2678 755 2785 817 8611
2831 756 2996 816 intra
3042 755 3272 817 limites
3325 758 3472 834 justi

1910 850 2095 929 pretii
2135 855 2197 910 et
2227 855 2410 910 rectae
2449 849 2728 910 rationis.
2761 849 2960 921 Quam
2997 848 3471 911 circumventio-

1910 961 2058 1004 nem
2085 941 2332 1004 videtur
2363 942 2753 1022 descripsisse
2792 942 3049 1021 Sapiens
3083 942 3466 1004 Proverbior.

1909 1037 2012 1111 20,
2044 1034 2254 1097 dicens
2277 1052 2294 1097 z
2320 1035 2557 1097 Malum
2576 1040 2685 1111 est,
2717 1035 2944 1097 malum
2967 1039 3076 1109 est,
3101 1035 3250 1097 dicit
3280 1037 3472 1098 omnis

1908 1133 2155 1206 emptor,
2175 1134 2230 1190 et
2252 1146 2383 1190 oum
2405 1128 2733 1203 recesserit,
2750 1128 3075 1207 aloriatur.
3100 1126 3277 1189 Unde
3303 1128 3470 1207 quod

1906 1221 2133 1283 dicitur
2159 1221 2228 1282 in
2272 1221 2438 1283 dicto
2483 1220 2521 1302 ἓ
2551 1220 3070 1296 Quemadmodum,
3105 1220 3472 1282 naturaliter

1908 1332 2237 1378 eoncessum
2283 1333 2403 1377 esee
2428 1317 2585 1395 quod
2616 1314 2819 1392 pluris
2844 1318 2931 1376 eat
2956 1313 3214 1375 minoris
3260 1331 3466 1391 emere,

1911 1414 1965 1471 et
1993 1410 2147 1486 quod
2169 1409 2425 1472 minoris
2462 1414 2547 1471 eet
2585 1407 2791 1486 pluo-is
2816 1407 3080 1482 vendere,
3115 1405 3469 1485 intelligen-

1909 1500 2055 1561 dum
2090 1503 2207 1562 erit
2230 1501 2427 1583 (juxta
2453 1500 2616 1562 hanc
2641 1498 3034 1575 sententiam)
3063 1498 3228 1558 intra
3258 1498 3471 1559 latitu-

1906 1593 2116 1655 dinem
2130 1594 2289 1674 justi¹
2309 1595 2524 1674 pretii3
2547 1594 2695 1673 quia
2722 1610 2933 1653 emens
2955 1596 3244 1671 procurat
3263 1608 3468 1652 emere

1908 1688 2169 1748 minimo
2192 1689 2389 1767 pretio
2408 1689 2572 1766 justo
2603 1705 2619 1748 ε
2656 1686 2929 1747 vendens
2973 1701 3217 1745 summo
3243 1683 3469 1744 vende-

1906 1798 1997 1840 re.
2031 1782 2107 1840 Et
2137 1782 2311 1859 juxta
2336 1780 2505 1840 hunc
2534 1779 2722 1840 etiam
2755 1796 3004 1840 sensum
3037 1776 3196 1837 nihil
3221 1777 3468 1837 obstant

1906 1871 2014 1933 1118
2045 1873 2211 1950 jura,
2242 1872 2388 1933 licet
2418 1871 2497 1933 ad
2522 1890 2657 1933 rem
2695 1876 3059 1951 praesentem
3087 1888 3216 1930 non
3252 1870 3462 1945 faciat,

1906 1969 1967 2024 et
2001 1965 2140 2025 ideo
2171 1966 2236 2026 in
2266 1965 2374 2026 illo
2407 1965 2819 2026 examinando
2840 1982 2966 2024 non
2989 1964 3311 2024 immoror.

1986 2059 2047 2119 6.
2092 2060 2146 2121 J
2144 2076 2219 2121 us
2257 2077 2378 2122 esse
2406 2059 2689 2121 mutabile
2728 2076 2800 2120 eze
2824 2057 3129 2118 hominum
3157 2073 3459 2118 consensu.

1905 2184 1986 2197 —
2001 2153 2250 2227 Quarto,
2282 2170 2360 2212 ex
2381 2152 2556 2212 dictis
2580 2150 2887 2230 colligitur
2908 2151 3010 2230 jus
3032 2149 3316 2228 gentium
3336 2168 3463 2211 esse
3577 2151 3583 2162 '

1906 2243 2201 2304 mutabile
2223 2249 2525 2323 quatenus
2547 2261 2625 2303 ex
2642 2243 2969 2303 hominum
2997 2260 3297 2303 consensu
3316 2260 3464 2323 pen·

1906 2337 2034 2412 det,
2067 2337 2134 2397 in
2163 2356 2286 2417 quo
2323 2338 2511 2398 etiam
2539 2336 2743 2398 differt
2772 2337 2877 2414 jus
2904 2336 3185 2415 gentium
3212 2354 3250 2396 a
3284 2342 3464 2395 natu-

1903 2429 2044 2505 rali,
2094 2436 2163 2490 ut
2197 2448 2275 2491 ex
2317 2449 2502 2510 supra
2549 2431 2725 2507 dictis
2770 2435 3023 2490 constat.
3073 2430 3203 2489 Imo
3247 2428 3462 2488 dicunt

1903 2521 2097 2601 aliqui
2129 2541 2303 2603 posse
2345 2525 2572 2585 mutari
2604 2524 2845 2604 privata
2880 2522 3263 2598 auctoritate,
3303 2539 3462 2600 qua-

1901 2620 2083 2676 tenus
2118 2616 2339 2695 aliquis
2380 2622 2578 2696 potest
2618 2617 2832 2678 cedere
2878 2616 3005 2696 juri
3033 2634 3168 2690 suo,
3217 2614 3461 2675 etiamsi

1902 2726 1940 2768 8
1959 2709 2101 2786 jure
2129 2710 2407 2787 gentium
2429 2714 2641 2771 manet
2664 2726 2680 2770 ε
2713 2711 2800 2770 818
2822 2709 2989 2769 601111
3016 2708 3340 2786 1611310808
3363 2725 3461 2767 86-

1901 2799 1994 2860 dit
2036 2801 2313 2861 dominio
2350 2802 2784 2880 temporalium
2830 2802 3172 2877 bonorum;
3228 2800 3354 2859 imo
3401 2806 3463 2860 et

1901 2893 2226 2972 capacitati
2251 2894 2402 2971 ejus,
2429 2895 2545 2955 Sed
2566 2894 2684 2955 hoc
2707 2913 2834 2955 non
2860 2908 2951 2956 est
2968 2893 3285 2973 proprium
3302 2893 3462 2971 juris

1902 2986 2208 3065 gentium,
2237 3006 2438 3066 neque
2458 2988 2523 3049 in
2552 3006 2625 3048 eo
2645 2988 2849 3048 differt
2871 3007 2909 3048 8
2928 2988 3220 3061 118101811,
3238 2987 3288 3047 si
3307 3005 3463 3065 prae-

1902 3080 2023 3140 cise
2039 3086 2345 3159 quatenus
2359 3083 2784 3143 concessivum
2815 3087 2907 3144 est
2934 3086 3265 3161 spectetur,
3293 3080 3459 3164 quod

1901 3171 2009 3232 8111
2038 3173 2400 3251 negativum
2423 3180 2673 3236 vocant.
2694 3175 2793 3235 Sic
2826 3174 2995 3234 enim
3016 3175 3203 3235 etiam
3231 3192 3461 3235 renun-

1901 3266 2025 3326 ciat
2053 3267 2375 3345 religiosus
2404 3267 2535 3344 juri
2586 3267 2852 3329 ducendi
2897 3285 3179 3341 uxorem,
3228 3266 3393 3346 quod
3428 3285 3467 3326 a

1906 3363 2128 3418 natura
2146 3359 2356 3433 habet,
2382 3363 2444 3420 et
2470 3365 2670 3438 potest
2697 3360 2836 3438 quis
2864 3378 2928 3419 se
2956 3359 3197 3420 tradere
3237 3359 3303 3419 in
3333 3376 3466 3419 ser-

1905 3467 2054 3510 vum
2078 3468 2143 3511 se
2164 3451 2466 3531 privando
2480 3452 2748 3512 naturali
2767 3451 3070 3512 libertate.
3089 3451 3258 3512 Sicut
3277 3451 3467 3511 etiam

1905 3542 1971 3605 in
1998 3542 2338 3621 privilegiis
2361 3545 2501 3623 jure
2534 3544 2699 3605 civili
2729 3543 2827 3605 vel
2850 3527 3147 3605 canon'ico
3175 3541 3467 3623 privatim

1905 3638 2206 3697 concessis
2234 3643 2432 3717 potest
2458 3640 2598 3718 quis
2638 3638 2995 3700 renuntiare
3026 3638 3156 3718 juri
3180 3656 3312 3698 suo.
3350 3637 3469 3716 131-

1904 3733 2009 3788 101
2056 3729 2451 3790 corollarium
2501 3732 2975 3810 intelligendum
3032 3736 3125 3792 est
3182 3730 3258 3791 de
3325 3731 3469 3809 jure

1903 3821 2188 3898 gentium
2215 3828 2287 3882 ut
2331 3823 2817 3902 prohibitionem
2845 3844 2953 3885 seu
2980 3829 3288 3904 praecepta
3322 3842 3469 3885 con-

1904 3914 2080 3976 tinet.
2130 3917 2286 3977 Nam
2312 3918 2452 3979 hoec
2504 3918 2579 3979 116
2630 3937 2693 3979 86
2724 3919 3050 3979 mutabilia
3088 3925 3233 3979 sunt
3264 3940 3278 3978 :
3306 3919 3468 3979 ratio

1904 4014 2112 4070 autem
2168 4015 2259 4070 681
2279 4055 2300 4085 ,
2351 4012 2500 4090 quia
2560 4029 2660 4072 res
2724 4012 3052 4091 prohibitae
3097 4014 3239 4091 jure
3309 4029 3468 4090 gen-

1904 4100 2064 4161 tium
2079 4101 2438 4180 simpliciter
2449 4121 2577 4163 non
2593 4108 2739 4164 sunt
2768 4102 2944 4164 malae
2966 4103 3042 4165 de
3066 4123 3131 4164 86
3158 4110 3220 4164 61
3244 4104 3469 4163 101110-

1904 4210 2084 4252 sece:
2122 4198 2258 4252 tum
2291 4194 2438 4273 quia
2465 4193 2574 4254 illa
2613 4201 2916 4274 praecepta
2958 4213 3085 4255 non
3114 4195 3471 4256 inferuntur

1904 4302 2015 4362 per
2046 4286 2454 4347 necessariam
2502 4292 2564 4347 et
2617 4287 2967 4348 evidentem
3015 4287 3358 4349 illationem
3391 4306 3469 4349 ex

1899 4377 2218 4456 principiis
2246 4380 2633 4441 naturalibus
2665 4402 2679 4441 ε
2719 4385 2855 4441 tum
2880 4381 3026 4461 quia
3051 4380 3344 4460 obligatio
3366 4383 3470 4460 ju-

1901 4469 1986 4530 ris
2034 4471 2313 4549 gentium
2361 4491 2490 4534 non
2531 4474 2728 4534 oritur
2770 4492 2847 4534 ex
2896 4474 3026 4535 sola
3053 4474 3293 4536 ratione
3334 4477 3468 4536 8106

1901 4563 2110 4644 aliquo
2137 4565 2321 4626 modo
2344 4565 2737 4645 obligationis
2762 4567 3079 4643 humanae,
3103 4568 3319 4630 saltem
3358 4587 3470 4647 per

1901 4657 2256 4734 generalem
2298 4660 2807 4722 consuetudinem
2846 4662 3209 4722 introductae
3253 4684 3267 4721 :
3317 4681 3467 4741 ergo

1901 4767 1978 4810 ex
1997 4756 2171 4829 parte
2194 4752 2466 4813 materioe
2493 4753 2631 4814 talis
2651 4754 2811 4832 juris
2837 4773 2962 4815 non
2987 4760 3290 4834 repugnat
3317 4754 3465 4814 sim-

1900 4845 2143 4923 pliciter
2192 4848 2598 4909 mutationem
2644 4849 2712 4910 in
2756 4849 2864 4911 illo
2906 4849 3064 4926 fieri,
3122 4850 3455 4911 dummodo

1903 4938 2233 4999 sufficienti
2254 4942 2614 5002 auctoritate
2642 4941 2772 5003 fiat.

1982 5031 2042 5094 7.
2089 5030 2145 5093 A
2184 5050 2319 5113 que,
2351 5039 2406 5095 et
2432 5036 2709 5114 quomodo
2757 5036 2960 5097 eadere
2988 5034 3186 5113 possit
3211 5039 3466 5100 mutatio

1904 5125 1969 5184 iu
1998 5124 2146 5203 jure
2175 5128 2464 5203 pentima.
2486 5161 2563 5171 --
2593 5127 2662 5186 In
2698 5144 2821 5206 quo
2858 5126 3048 5187 etiam
3094 5128 3345 5190 adverto
3376 5135 3466 5191 ta-

1904 5217 2031 5278 lem
2078 5218 2486 5280 mutationem
2532 5219 2712 5280 aliter
2757 5237 2931 5298 posse
2985 5222 3343 5300 contingere
3400 5223 3467 5285 in

1897 5311 2040 5389 jure
2070 5311 2374 5388 gentium,
2405 5311 2569 5389 quod
2609 5310 2808 5372 solum
2847 5321 2938 5372 est
2966 5330 3294 5376 commune
3324 5334 3464 5395 pro·

1906 5409 2044 5483 pter
2069 5402 2561 5463 convenientiam
2591 5403 2865 5483 plurium
2893 5407 3217 5467 nationum
3247 5408 3312 5468 in
3355 5408 3466 5470 tali

1906 5494 2006 5555 vel
2032 5494 2142 5555 tali
2168 5494 2305 5573 1636
2331 5516 2346 5555 :
2380 5495 2559 5559 aliter
2584 5515 2733 5560 vero
2763 5498 2828 5558 in
2848 5498 2958 5561 illo
2988 5500 3152 5582 quod
3182 5506 3273 5561 est
3300 5517 3468 5565 com-
