3976 6219
963 414 1098 468 CAP.
1132 413 1352 467 XXXIV.
1388 413 1602 467 mmm
1633 413 1827 468 LEGES
1858 413 2099 468 cmms
2128 414 2335 468 mSTAE
2364 414 2686 480 OBLIGEN'I',
2719 415 2855 470 mc,

309 515 635 580 Pontifices
673 515 769 577 uti
819 514 1061 595 legibus
1109 516 1549 595 imperatorum
1594 521 1867 576 tantum-

309 612 494 674 modo
538 629 650 690 pro
692 629 878 672 cursu
920 610 1355 690 temporalium
1390 627 1621 685 rerum,
1652 609 1866 688 utique

309 705 417 766 ubi
447 721 713 766 canones
742 703 1132 765 ecclesiastici
1158 704 1399 764 desunt.
1433 704 1640 782 Neque
1667 702 1867 764 obstat

311 797 475 878 quod
497 798 629 857 haec
657 796 901 857 decreta
923 796 998 857 de
1026 795 1264 875 legibus
1287 796 1729 875 imperatorum
1754 813 1864 856 seu

309 889 655 951 communis
686 889 847 968 juris
885 887 1081 949 civilis
1120 888 1292 968 loqui
1330 889 1696 950 videantur:
1727 893 1863 948 tum

309 983 455 1063 quia
482 982 797 1042 interdum
828 981 1203 1059 generaliter
1229 981 1569 1061 loquuntur
1587 980 1662 1042 de
1690 998 1864 1042 cons-

308 1074 720 1150 titutionibus,
742 1092 850 1135 seu
880 1073 1123 1153 legibus
1142 1073 1516 1154 principum,
1540 1080 1612 1135 ut
1641 1073 1709 1134 in
1724 1091 1859 1152 cap.

311 1167 802 1243 Constitutiones,
849 1172 965 1228 etc.
1006 1166 1158 1241 Quis
1200 1172 1418 1243 autem,
1466 1167 1607 1228 dist.
1660 1169 1737 1229 10
1747 1182 1768 1244 ;
1804 1171 1866 1227 et

307 1260 507 1340 quoad
553 1260 671 1321 hoc
696 1277 873 1338 reges
914 1259 1389 1339 imperatoribus
1428 1265 1866 1338 comparantur

307 1354 375 1415 in
403 1354 465 1414 d.
498 1372 551 1415 c.
587 1355 722 1416 Duo
744 1359 923 1424 mant,-
947 1352 1114 1414 unde
1140 1352 1306 1433 leges
1337 1352 1720 1414 universales
1744 1352 1864 1414 ali-

308 1447 484 1524 cujus
528 1446 706 1524 regni
732 1453 1027 1526 tanquam
1051 1447 1153 1526 jus
1178 1464 1508 1508 commune
1548 1446 1637 1507 ibi
1674 1465 1863 1525 repu-

307 1544 520 1600 tantur
535 1555 556 1616 ;
582 1544 717 1599 tum
736 1539 923 1600 etiam
941 1539 1088 1618 quia
1102 1538 1399 1601 naturalis
1426 1539 1585 1600 ratio
1602 1545 1664 1600 et
1678 1540 1865 1618 aequi-

308 1639 425 1708 taS,
456 1631 536 1692 ob
563 1649 750 1712 quam
787 1631 1054 1692 Ecclesia
1084 1632 1217 1692 vult
1242 1632 1355 1692 has
1375 1631 1542 1710 leges
1564 1650 1603 1692 a
1628 1632 1865 1693 clericis

309 1725 567 1800 servari,
614 1724 829 1786 eadem
868 1724 936 1784 in
969 1724 1208 1802 legibus
1241 1742 1579 1802 regnorum
1616 1725 1865 1786 easdem

310 1817 690 1878 conditiones
700 1816 1069 1878 habentibus
1086 1816 1291 1877 locum
1309 1816 1496 1878 habet
1510 1833 1531 1895 3
1559 1823 1695 1877 tum
1713 1836 1867 1896 prae-

308 1914 478 1969 terea
503 1910 651 1988 quia
676 1909 893 1970 eadem
915 1909 1293 1971 consuetudo
1310 1909 1377 1970 in
1402 1909 1500 1970 his
1517 1909 1758 1989 legibus
1770 1928 1866 1971 re-

307 2001 566 2079 peritur,
613 2001 968 2062 videntibus
995 2001 1411 2063 ecclesiasticis
1441 2001 1734 2063 Praelatis.
1778 2003 1865 2064 De

304 2110 429 2172 qua
455 2092 733 2153 doctores
777 2093 1050 2173 allegati,
1102 2096 1210 2174 qui
1254 2096 1324 2156 in
1362 2095 1619 2156 diversis
1654 2095 1864 2173 regnis

303 2186 697 2264 scripserant,
744 2186 1151 2248 testificantur
1194 2210 1209 2247 ε
1253 2193 1344 2249 est
1374 2206 1523 2267 ergo
1555 2188 1866 2250 sufficiens

303 2279 553 2357 signum
600 2278 1064 2356 approbationis
1101 2280 1322 2341 talium
1360 2280 1596 2359 legum,
1648 2281 1862 2342 saltem

305 2372 527 2432 tacitae.
558 2371 656 2432 Sic
684 2389 831 2450 ergo
857 2372 1039 2435 facile
1065 2372 1433 2452 intelligitur
1459 2373 1627 2452 leges
1655 2374 1863 2435 civiles

306 2481 624 2543 nunquam
672 2463 947 2543 obligare
1000 2465 1250 2527 clericos
1295 2464 1524 2526 virtute
1574 2484 1707 2542 sua,
1756 2467 1862 2527 sed

308 2557 547 2636 quoties
600 2557 803 2618 clerici
835 2558 914 2619 ad
955 2576 1058 2620 eas
1100 2557 1513 2619 observandas
1546 2565 1859 2636 tenentur,

305 2649 534 2711 virtute
589 2669 898 2713 canonum
946 2659 1010 2714 et
1053 2652 1312 2713 rationis
1358 2652 1661 2714 naturalis
1707 2654 1863 2715 obli-

304 2743 463 2821 gari.
514 2743 715 2824 Atque
761 2745 848 2806 ita
881 2745 1060 2806 facile
1104 2744 1429 2806 solvuntur
1452 2745 1856 2826 objectioneS,

306 2839 367 2895 et
396 2837 803 2899 conciliantur
828 2839 1060 2899 omnia.
1086 2840 1266 2914 Nam,
1295 2839 1458 2917 quod
1482 2839 1561 2900 ad
1586 2840 1859 2919 primam

301 2928 608 2990 rationem
661 2930 906 3006 attinet,
952 2930 1338 2991 admittimus
1384 2932 1637 3010 quidem
1687 2932 1880 3018 illam³

301 3019 643 3082 decentiam
693 3027 755 3082 et
793 3023 1289 3084 convenientiam
1328 3023 1395 3084 in
1436 3023 1862 3088 observatione

301 3113 521 3175 talium
555 3115 790 3194 legum,
836 3122 1138 3196 tanquam
1185 3116 1665 3178 fundamentum
1709 3118 1862 3179 obli-

299 3208 564 3285 gationis
614 3229 752 3290 quoe
798 3229 909 3291 per
954 3229 1320 3272 consensum
1360 3215 1423 3271 et
1473 3210 1864 3289 approbatio-

296 3316 444 3360 nem
488 3320 799 3364 canonum
842 3310 1328 3379 consummatur,
1361 3309 1423 3366 et
1448 3304 1536 3364 ita
1566 3303 1744 3365 facile
1769 3322 1862 3364 sa-

295 3391 445 3454 tisfit
484 3394 932 3474 objectionibus
958 3402 1174 3458 contra
1205 3397 1378 3458 illam
1405 3397 1730 3458 rationem.
1781 3399 1858 3458 Et

297 3502 373 3546 ex
423 3487 638 3549 eodem
675 3489 979 3570 principio
1018 3489 1419 3569 respondetur
1465 3489 1544 3550 ad
1595 3507 1669 3551 ea
1718 3508 1857 3569 quae

296 3578 364 3639 in
410 3580 678 3642 secunda
727 3582 969 3643 ratione
1017 3581 1503 3643 adducebantur.
1546 3583 1857 3661 Negamus

297 3672 466 3734 enim
500 3673 613 3735 has
663 3674 831 3754 leges
866 3675 1166 3756 obligare,
1197 3693 1324 3736 non
1386 3676 1531 3755 quia
1578 3677 1854 3757 exempti

294 3764 420 3826 sint
445 3784 483 3827 a
504 3768 931 3846 jurisdictione
974 3769 1142 3830 civili
1174 3769 1377 3849 quoad
1404 3768 1567 3830 hanc
1588 3775 1849 3849 partem,

294 3859 399 3920 sed
436 3861 584 3939 quia
612 3862 716 3941 jus
759 3864 1122 3924 canonicum
1164 3861 1317 3923 tales
1338 3862 1506 3941 leges
1528 3862 1850 3943 approbat,

294 3956 356 4013 et
377 3952 483 4013 dat
513 3953 633 4014 illis
653 3972 791 4016 eam
810 3954 940 4015 vim
963 3955 1281 4034 obligandi
1301 3974 1439 4035 quoe
1462 3957 1853 4019 convenienti

302 4044 743 4124 gubernationi
770 4047 1032 4129 politicae
1068 4048 1356 4109 sufficiat.

373 4140 474 4199 15.
517 4140 703 4220 Leyes
729 4142 936 4205 civiles
950 4142 1122 4222 juste
1147 4142 1345 4222 quoad
1372 4141 1496 4203 vim
1527 4142 1853 4205 coactivam

294 4231 534 4295 clericos
564 4252 681 4296 nou
706 4236 1200 4315 comprehendere.
1208 4235 1569 4297 —Secundo
1594 4233 1730 4296 loco
1753 4236 1854 4296 di-

294 4325 560 4386 cendum
596 4333 689 4388 est
728 4327 804 4388 de
853 4328 918 4389 vi
946 4328 1222 4389 coactiva
1256 4327 1477 4388 talium
1516 4328 1746 4407 legum.
1783 4330 1853 4389 ln

295 4435 420 4497 quo
442 4436 588 4480 vera
627 4430 690 4481 et
737 4426 903 4482 certa
923 4422 1215 4483 resolutio
1242 4428 1355 4498 est,
1396 4422 1507 4482 has
1533 4422 1701 4500 leges
1726 4440 1854 4483 non

292 4512 810 4590 comprehendere
838 4514 1087 4576 clericos
1109 4517 1314 4595 quoad
1341 4517 1470 4577 vim
1502 4514 1763 4594 cogendi
1781 4515 1854 4576 il-

293 4601 407 4678 loS,
425 4623 539 4666 nec
550 4607 754 4686 quoad
775 4607 893 4668 hoc
912 4626 1023 4687 per
1048 4627 1313 4670 canones
1334 4607 1684 4688 approbari,
1709 4607 1854 4668 licet

290 4699 769 4776 transgressores
792 4718 1055 4762 earuma
1068 4702 1195 4761 suis
1222 4701 1517 4775 Praelatis,
1548 4705 1610 4761 et
1635 4716 1852 4760 eorum

291 4788 547 4852 arbitrio
555 4793 764 4871 puniri
774 4793 1419 4874 possintproptertalia
1427 4791 1855 4854 delicta.Prior

290 4900 435 4962 pars
462 4883 585 4945 duo
615 4886 920 4950 includit:
952 4907 1152 4949 unum
1181 4893 1297 4963 est,
1326 4891 1605 4948 auctores
1630 4884 1851 4946 talium

288 4973 503 5054 legum
549 4995 679 5039 non
726 4997 901 5059 posse
953 4998 1172 5060 cogere
1201 4980 1455 5042 clericos
1487 4974 1566 5040 ad
1601 4977 1851 5039 illarum

288 5067 781 5134 observationem
793 5089 815 5152 3
866 5073 1036 5135 aliud
1067 5079 1181 5151 est,
1225 5092 1355 5136 non
1408 5090 1583 5154 posse
1625 5071 1851 5152 punire

232 5208 245 5215 .
286 5168 765 5243 transgressores
787 5183 805 5228 ε
827 5172 890 5229 et
918 5185 1118 5229 unum
1136 5168 1413 5249 sequitur
1431 5165 1751 5228 manifeste
1772 5183 1850 5226 ex

287 5255 433 5333 alic,
468 5260 616 5338 quia
645 5266 978 5341 utrumque
1008 5261 1304 5323 fundatur
1330 5262 1398 5322 in
1425 5263 1723 5340 potestate
1743 5259 1846 5337 ju-

284 5347 657 5414 risdictionis
692 5355 986 5430 coactiva,
1031 5374 1219 5435 quam
1246 5373 1373 5417 non
1404 5353 1638 5415 habent
1677 5351 1847 5430 prin-

286 5442 453 5522 cipes
483 5444 578 5505 vel
612 5446 852 5525 judices
887 5449 1029 5511 laici
1068 5449 1135 5509 in
1164 5447 1600 5510 ecclesiasticas
1640 5461 1848 5523 perso-

285 5552 421 5626 nas.
479 5538 653 5614 Quod
715 5546 807 5605 est
864 5543 1311 5625 certissimum,
1368 5541 1516 5625 quia
1566 5556 1846 5624 personae

3382 412 3502 473 3¹3

1946 515 2366 578 ecclesiasticas
2393 516 2665 596 gaudent
2694 518 3089 584 immunitate
3133 521 3274 597 fori,
3305 519 3502 580 maxi-

1945 628 2048 671 me
2082 610 2149 670 in
2177 609 2630 686 criminalibus3
2668 630 2858 690 quam
2912 614 3371 676 immunitatem
3398 612 3500 673 hic

1944 701 2350 781 supponimus
2377 720 2455 762 ex
2482 702 2604 762 alio
2631 708 2922 783 tractatu,
2944 713 3006 769 et
3023 713 3115 769 est
3136 725 3246 786 per
3265 724 3329 767 se
3355 712 3506 766 nota

1943 794 2012 854 in
2038 794 2223 855 sacris
2243 794 2602 866 canonibus,
2630 801 2818 875 atque
2846 801 3034 860 etiam
3057 799 3284 879 injure
3309 798 3505 877 impe-

1942 892 2220 947 ratorum
2254 892 2315 948 et
2367 905 2587 965 regum
2626 888 3121 953 christianorum.
3177 891 3243 952 Si
3292 896 3503 953 autem

1942 979 2182 1040 ratione
2203 979 2389 1059 hujus
2406 980 2818 1043 immunitatis
2822 984 2848 1062 j
2856 983 3090 1046 udicari
3109 1001 3235 1045 non
3249 995 3505 1063 possunt

1943 1070 2152 1133 clerici
2192 1090 2230 1133 a
2274 1073 2737 1153 magistratibus
2774 1076 2948 1139 laicis
2985 1083 3235 1158 propter
3282 1076 3507 1137 delicta

1943 1170 2159 1226 contra
2174 1165 2377 1244 legem
2400 1167 2769 1244 naturalem,
2800 1168 2889 1230 ita
2909 1187 3110 1250 neque
3128 1174 3379 1248 propter
3400 1167 3504 1229 de-

1942 1258 2093 1319 licta
2124 1263 2341 1319 contra
2365 1258 2532 1338 leges
2569 1261 2897 1337 humanaS,
2934 1279 3337 1341 quascumque
3380 1260 3502 1323 illae

1943 1352 2099 1429 sint3
2139 1352 2286 1431 quia
2313 1352 2711 1432 privilegium
2753 1354 2874 1415 fori
2918 1354 3268 1416 absolutum
3297 1359 3409 1429 est,
3442 1359 3505 1415 et

1941 1445 2085 1525 jura
2135 1444 2505 1523 generaliter
2537 1446 2901 1526 loquuntur,
2932 1453 2995 1509 et
3016 1452 3107 1509 est
3150 1446 3368 1508 eadem
3403 1465 3503 1508 ra-

1943 1538 2034 1598 tio
2066 1544 2128 1600 et
2160 1539 2443 1600 decentia
2471 1544 2665 1600 status
2686 1539 2979 1601 clericalis
3001 1540 3067 1600 in
3094 1538 3401 1601 omnibus,
3426 1541 3503 1600 Et

1944 1630 2014 1691 in
2040 1630 2157 1692 hoc
2192 1632 2468 1693 cernitur
2498 1632 2664 1694 clara
2690 1632 3037 1695 differentia
3063 1632 3228 1695 inter
3252 1633 3380 1693 vim
3410 1633 3503 1693 di-

1943 1724 2240 1785 rectivam
2268 1731 2330 1786 et
2356 1726 2696 1787 coactivam
2745 1723 2899 1804 legis
2951 1748 2967 1786 ε
3022 1744 3170 1788 nam
3196 1725 3263 1785 in
3309 1725 3503 1804 priori

1945 1816 2123 1878 nulla
2149 1823 2240 1879 est
2266 1818 2637 1895 indecentia,
2667 1820 2734 1880 in
2764 1819 3089 1900 posteriori
3106 1823 3317 1880 autem
3345 1824 3502 1881 esset

1944 1911 2241 1971 maxima.

2028 2005 2128 2064 16.
2170 2002 2323 2066 Alia
2351 2003 2948 2085 differentia—Alia
2987 2003 3333 2087 differentia
3369 2023 3500 2067 esse

1944 2101 2166 2176 potest,
2200 2097 2346 2175 quia
2372 2097 2472 2158 lex
2505 2098 2707 2177 quoad
2727 2099 2857 2159 vim
2898 2098 3265 2159 directivam
3306 2097 3501 2159 fertur

1944 2189 2013 2248 in
2041 2189 2227 2265 cives,
2253 2195 2324 2250 ut
2358 2190 2510 2251 tales
2536 2196 2700 2266 sunt,
2732 2196 2794 2252 et
2816 2210 2927 2270 per
2951 2209 3014 2252 se
3037 2196 3129 2251 est
3159 2191 3502 2252 necessaria

1945 2281 2024 2341 ad
2058 2298 2386 2343 commune
2430 2282 2690 2359 bonum,
2721 2289 2782 2344 et
2807 2283 2946 2344 ideo
2982 2283 3183 2362 quoad
3212 2281 3380 2343 hunc
3412 2283 3501 2344 ef-

1945 2372 2177 2435 fectum
2203 2376 2412 2436 statim
2438 2381 2793 2455 acceptatur
2826 2393 2935 2455 per
2956 2376 3060 2455 jus
3084 2375 3449 2436 canonicum
3479 2397 3495 2435 ε

1946 2467 2183 2527 coactio
2199 2473 2409 2529 autem
2428 2466 2499 2527 fit
2518 2468 2779 2543 civibuS,
2800 2473 2868 2528 ut
2887 2469 3313 2548 delinquentes
3331 2473 3496 2543 sunt,

1944 2558 2208 2638 ideoque
2235 2577 2361 2621 non
2397 2566 2488 2621 est
2514 2579 2624 2640 per
2649 2579 2714 2622 se
2741 2561 2830 2621 ita
2866 2561 3227 2636 necessaria,
3260 2579 3375 2622 nec
3396 2579 3498 2621 ac-

1943 2657 2224 2730 ceptatur
2248 2670 2361 2732 per
2388 2672 2654 2715 canones
2682 2653 2885 2732 quoad
2914 2652 3189 2730 clericos,
3205 2672 3407 2732 neque
3433 2654 3499 2714 id

1942 2742 2219 2819 decebat,
2254 2745 2361 2806 sed
2387 2746 2586 2807 multo
2618 2746 2818 2824 magis
2854 2751 2925 2807 ut
2955 2764 3207 2807 suorum
3250 2751 3496 2807 tantum

1939 2836 2344 2898 Praelatorum
2365 2839 2665 2900 coactioni
2686 2839 3047 2901 subdantur.
3084 2841 3239 2900 Item
3266 2839 3499 2900 coactio

1938 2947 2068 2990 non
2094 2930 2166 2990 fit
2190 2931 2257 2990 in
2293 2933 2633 3008 communi,
2664 2933 2821 2994 sicut
2860 2931 2932 2993 fit
2967 2932 3284 3012 dispositio
3316 2932 3492 3011 legiS,

1940 3022 2050 3083 sed
2076 3022 2148 3082 fit
2190 3024 2257 3083 in
2302 3025 2659 3104 particulari
2698 3027 2859 3087 circa
2906 3044 3215 3106 personas,
3253 3031 3315 3087 et
3359 3026 3498 3087 ideo

1941 3133 2070 3176 non
2096 3122 2292 3195 potest
2314 3118 2441 3178 ullo
2463 3118 2646 3179 modo
2665 3119 2802 3179 fieri
2829 3137 2868 3180 a
2888 3125 3188 3199 potestate
3205 3119 3363 3180 laica
3381 3119 3496 3179 cir-

1943 3227 2015 3270 ca
2042 3208 2243 3269 clerici
2263 3228 2587 3289 personam
2610 3234 2627 3287 3
2659 3230 2774 3273 nec
2800 3231 2912 3293 per
2940 3213 3143 3291 legem
3165 3211 3493 3292 disponen-

1944 3306 2071 3362 tem
2109 3300 2183 3361 de
2211 3301 2316 3364 illa
2346 3303 2414 3363 in
2441 3303 2798 3382 particulari
2844 3303 3109 3383 obligari
3144 3309 3382 3383 posset,
3424 3308 3496 3364 ut

1937 3391 2170 3454 dictum
2198 3401 2322 3455 est:
2340 3413 2488 3475 ergo
2516 3395 2712 3456 multo
2741 3397 2949 3457 minus
2971 3416 3082 3476 per
3100 3396 3491 3458 sententiam.

1936 3486 2226 3548 Poterant
2243 3505 2392 3549 vero
2404 3488 2506 3548 hic
2521 3489 2755 3549 moveri
2778 3489 3163 3551 difficultates
3176 3490 3252 3550 de
3266 3489 3498 3551 clericis

1936 3578 2434 3659 delinquentibus
2460 3587 2677 3642 contra
2697 3581 2864 3661 leges
2887 3582 3279 3662 prohibentes
3297 3583 3495 3645 defer-

1933 3690 2003 3734 re
2031 3690 2207 3734 arma
2237 3672 2346 3735 tali
2364 3679 2641 3754 tempore
2672 3680 2781 3736 aut
2821 3674 2976 3752 loce,
3003 3681 3113 3737 aut
3148 3675 3288 3738 talis
3307 3695 3492 3756 gene-

1931 3764 2044 3841 ris,
2077 3783 2161 3826 an
2187 3767 2425 3846 possint
2452 3767 2658 3828 clerici
2680 3768 2803 3829 illis
2828 3770 3059 3849 privari
3093 3787 3204 3849 per
3229 3776 3493 3850 potesta-

1935 3864 2060 3920 tem
2081 3858 2328 3921 laicam.
2361 3861 2512 3921 Item
2531 3879 2614 3921 an
2628 3861 2908 3923 custodes
2937 3863 3246 3924 montium
3260 3863 3496 3943 possint

1932 3951 2013 4012 ab
2043 3951 2131 4012 eis
2157 3970 2407 4032 poenam
2441 3953 2710 4032 exigere.
2765 3954 2885 4025 Sed
2939 3955 3071 4017 haec
3120 3956 3370 4017 remitto
3426 3956 3492 4016 in

1932 4049 2265 4106 tractatum
2293 4046 2370 4106 de
2394 4046 2737 4121 Immunit.,
2769 4051 2834 4108 et
2852 4047 3212 4128 simpliciter
3236 4066 3488 4129 respon-

1934 4137 2051 4199 deo
2070 4138 2355 4216 negative
2379 4138 2599 4199 stando
2630 4140 2882 4218 praecise
2904 4142 2971 4201 in
2997 4141 3238 4203 ratione
3264 4160 3484 4221 pcenae.

1933 4230 2033 4291 An
2060 4247 2209 4292 vero
2241 4231 2356 4292 sub
2377 4231 2513 4293 aliis
2538 4232 2883 4294 rationibus
2907 4234 3097 4314 possit
3128 4234 3268 4297 talis
3300 4236 3490 4310 actio,

1934 4323 2081 4384 satis
2109 4329 2423 4399 consueta,
2446 4323 2796 4404 justificari,
2817 4326 2905 4387 ibi
2927 4331 3258 4389 tractatum
3280 4333 3395 4389 est.

2016 4419 2115 4478 17.
2160 4417 2332 4480 Hinc
2366 4417 2698 4496 colliyitur.
2727 4450 2811 4465 —
2835 4418 3128 4483 obviatur
3167 4422 3493 4502 objectiun-

1934 4509 2390 4590 culm—Atque
2418 4510 2565 4571 hinc
2588 4511 2789 4574 obiter
2809 4512 3122 4592 colligitur
3139 4514 3330 4593 quod,
3348 4514 3490 4577 licet

1932 4601 2034 4664 lex
2062 4602 2259 4664 civilis
2294 4602 2577 4682 obligans
2618 4603 2866 4667 clericos
2894 4606 3098 4686 quoad
3138 4607 3270 4667 vim
3298 4607 3483 4668 direc-

1929 4696 2125 4756 tivam
2153 4696 2468 4779 interdum
2485 4697 2674 4758 addat
2692 4716 2942 4778 poenam
2968 4699 3099 4779 ipso
3115 4700 3258 4779 jure
3284 4700 3495 4761 incur-

1929 4789 2209 4865 rendam,
2249 4790 2656 4852 nihilominus
2678 4792 2934 4855 clericus
2961 4798 3377 4873 transgressor
3405 4793 3493 4855 le-

1933 4882 2050 4960 gis,
2096 4882 2240 4944 licet
2281 4888 2513 4963 peccet,
2544 4902 2673 4946 non
2712 4891 2960 4949 tenetur
3007 4887 3073 4947 in
3121 4886 3494 4948 conscientia

1929 4992 2180 5060 poenam
2206 4976 2463 5053 solvere,
2480 4977 2599 5038 nisi
2616 4996 2729 5058 per
2754 4997 2939 5040 suum
2960 4978 3239 5058 judicem
3266 4979 3347 5039 ad
3373 4978 3493 5040 hoc

1928 5074 2208 5148 cogatur,
2232 5074 2303 5130 ut
2328 5069 2464 5131 fieri
2495 5076 2696 5150 potest
2723 5073 2909 5133 modo
2937 5072 3147 5133 statim
3176 5071 3491 5133 declaran-

1929 5160 2032 5221 do.
2068 5161 2388 5236 Probatur,
2419 5163 2567 5241 quia
2607 5163 2752 5225 licet
2772 5182 2957 5243 poena
2999 5163 3356 5243 imponatur
3381 5184 3493 5246 per

1929 5258 2130 5337 ipsam
2174 5257 2376 5336 legem
2400 5303 2421 5333 ,
2475 5258 2883 5320 nihilominus
2933 5260 3203 5338 pertinet
3233 5260 3313 5322 ad
3358 5262 3489 5323 vim

1927 5350 2290 5411 coactivam.
2344 5351 2497 5410 Item
2533 5350 2640 5412 illa
2665 5350 2789 5427 lex,
2828 5358 3011 5431 prout
3056 5352 3176 5414 fert
3212 5371 3486 5433 poenam,

1926 5442 2199 5504 continet
2222 5443 2592 5504 sententiam
2610 5461 2685 5505 eo
2709 5444 2841 5524 ipso
2863 5463 2901 5505 a
2917 5442 3268 5525 legislatore
3295 5446 3486 5506 latam

1925 5540 2141 5600 contra
2168 5534 2630 5619 delinquentem
2662 5558 2677 5601 ε
2706 5537 2812 5599 sed
2844 5537 3019 5601 nulla
3043 5544 3306 5624 potestas
3327 5536 3489 5603 laica
