3976 6219
832 368 968 420 CAP.
1003 368 1113 419 XX.
1147 366 1233 419 AN
1262 366 1327 419 n(
1358 366 1517 421 LEGE
1550 369 1712 422 FIERI
1744 368 1955 421 Possm·
1986 370 2280 435 MUTATIO,
2315 372 2396 424 ΕΤ
2428 373 2796 435 QUOTUPLEx
2830 375 2943 428 SIT.

276 468 727 545 tei-pretatione
746 467 926 545 18318,
954 472 1019 529 81
1043 466 1185 527 1(180
1214 484 1341 527 non
1370 473 1515 527 sunt
1545 468 1648 527 hic
1681 485 1854 547 repe-

276 562 477 623 tenda.
528 562 761 623 Differt
800 581 951 641 ergo
996 562 1421 641 interpretatio
1465 580 1504 622 a
1542 562 1852 642 dispensa-

269 656 455 730 tione,
492 656 679 734 qnod
714 674 844 716 non
873 656 1038 716 tollit
1070 655 1509 732 obligationem
1536 654 1719 734 18318,
1744 657 1851 717 88(1

268 748 543 807 (18818181
586 748 801 827 legem
836 748 1157 809 interdum
1198 766 1325 807 non
1351 748 1643 827 obligare.
1677 749 1851 811 Unde

270 841 658 919 dispensatio
708 860 753 903 a
797 841 1119 901 voluntate
1161 841 1441 921 proxime
1485 842 1742 919 pendet,
1790 848 1853 903 et

270 936 479 1012 gratim
504 952 590 995 ac
637 935 1031 996 liberalitatis
1066 935 1371 995 rationem
1400 934 1617 1011 habet3
1661 936 1853 997 inter-

266 1026 533 1105 pretatio
586 1028 952 1089 intellectus
1002 1027 1204 1106 potius
1256 1032 1382 1101 est,
1436 1032 1500 1087 et
1546 1027 1851 1089 rationem

262 1120 517 1197 jmtitiae
542 1120 869 1181 involvit:
898 1119 1065 1181 unde
1099 1119 1152 1178 si
1181 1118 1291 1179 fiat
1312 1118 1627 1196 privatim,
1653 1120 1730 1179 ad
1756 1121 1855 1199 ju-

270 1212 497 1273 (1181818
521 1214 877 1291 ¹prudentis
903 1212 1170 1292 pertinet
1182 1228 1202 1287 3
1240 1211 1291 1271 si
1323 1228 1468 1271 vero
1494 1210 1606 1271 flat
1643 1229 1719 1272 ex
1746 1230 1855 1292 po-

270 1310 511 1379 testate,
528 1310 639 1365 est
662 1306 847 1383 quasi
862 1304 1127 1382 juridica
1143 1304 1469 1364 sententia.
1491 1304 1647 1365 Hinc
1668 1306 1856 1365 etiam

270 1397 719 1475 interpretatio
766 1415 893 1456 non
932 1395 1134 1456 solum
1178 1396 1247 1455 in
1288 1395 1647 1475 particulari
1686 1414 1853 1471 casu,

272 1488 369 1549 sed
399 1491 611 1549 etiam
656 1489 741 1549 de
788 1494 917 1548 tota
961 1488 1097 1565 lege
1122 1486 1261 1547 fieri
1299 1492 1521 1567 potest,
1552 1494 1626 1547 ut
1652 1488 1703 1549 si
1747 1487 1859 1548 fiat

272 1581 745 1659 interpretatio,
773 1578 939 1659 quod
966 1578 1068 1640 lex
1090 1579 1171 1639 sit
1196 1578 1449 1656 injusta,
1472 1584 1535 1639 et
1558 1578 1697 1640 ideo
1726 1596 1859 1640 om-

274 1674 415 1734 nino
442 1691 587 1733 non
632 1672 875 1751 obliget
885 1687 905 1749 3
940 1670 1041 1733 vel
1080 1671 1135 1731 si
1164 1676 1435 1731 cessante
1477 1670 1735 1732 omnino
1761 1690 1860 1732 ra-

276 1768 437 1829 tione
459 1765 662 1845 18318,
686 1766 763 1826 in
776 1763 1113 1825 universali
1128 1769 1573 1843 consequenter
1592 1763 1862 1826 declare-

278 1866 372 1920 tur
396 1859 561 1938 legis
588 1856 1051 1936 obligationem
1077 1874 1363 1932 cessasse,
1395 1873 1544 1917 vera
1573 1856 1647 1917 fit
1671 1857 1863 1918 inter-

282 1952 563 2033 pretatio,
598 1956 673 2011 et
701 1956 919 2010 tamen
951 1948 1061 2009 illa
1099 1966 1229 2008 non
1266 1948 1503 2009 dicetur
1544 1948 1863 2027 abrogatio

280 2046 447 2124 18318,
464 2043 579 2104 8811
603 2043 911 2121 cognitio,
928 2040 1031 2101 vel
1046 2041 1357 2119 judicium
1378 2039 1681 2101 nullitatis
1702 2042 1858 2118 ejus.

284 2140 363 2198 ln
376 2154 530 2215 ergo
543 2134 817 2215 quando
828 2133 1254 2212 interpretatio
1262 2132 1417 2211 18318
1427 2130 1500 2191 fit
1512 2133 1580 2192 in
1593 2134 1863 2213 particu-

280 2230 388 2291 lari
398 2246 711 2309 per-sona„
724 2227 828 2289 vel
836 2244 1005 2301 casu,
1018 2225 1186 2305 quod
1197 2225 1264 2285 in
1272 2242 1344 2286 eo
1354 2225 1455 2287 lex
1466 2242 1595 2286 non
1604 2225 1859 2306 obliget,

280 2342 399 2385 11011
430 2328 655 2402 potest
686 2320 803 2381 1118
830 2320 953 2379 (1181
992 2316 1383 2397 dispensatio.
1416 2318 1709 2391 Quocirca
1748 2336 1865 2379 nec

282 2416 541 2476 mutatio
560 2412 734 2489 legis
756 2411 879 2472 dici
903 2410 1155 2490 poterit,
1176 2410 1325 2488 quia
1340 2415 1489 2471 tunc
1505 2428 1635 2472 non
1662 2415 1865 2471 muta-

280 2507 529 2569 tui-lex:
548 2523 715 2567 nam
730 2505 867 2583 ipsa
896 2502 973 2563 de
1002 2520 1093 2578 se,
1108 2502 1348 2577 eadem,
1364 2508 1428 2562 et
1444 2502 1661 2564 eodem
1680 2503 1865 2564 modo

282 2616 718 2681 perseveram,
760 2595 1081 2656 invenitur
1120 2611 1248 2654 non
1288 2592 1569 2672 obligans
1605 2584 1717 2674 pro
1756 2594 1866 2654 illo

284 2712 443 2767 ean,
482 2695 649 2772 (11118
688 2689 795 2751 vel
818 2688 949 2749 suis
974 2686 1180 2747 verbis
1212 2684 1393 2746 illum
1422 2703 1548 2746 non
1590 2702 1867 2771 compre-

284 2786 521 2860 hendit,
555 2784 672 2844 vel
700 2800 741 2843 a
772 2779 1081 2861 principio
1110 2796 1239 2839 non
1265 2776 1384 2837 fuit
1424 2795 1598 2837 188118
1622 2777 1867 2856 legisla-

282 2878 427 2939 toris
452 2878 525 2937 in
556 2876 706 2951 illo,
732 2891 845 2935 seu
876 2889 988 2951 pro
1015 2870 1123 2930 illo
1144 2869 1455 2948 obligare:
1482 2869 1650 2930 unde
1669 2870 1869 2931 inter-

280 2970 547 3050 pretatio
564 2969 644 3028 in
672 2966 946 3046 quadam
970 2962 1419 3041 significatione
1442 2962 1642 3040 magis
1662 2962 1870 3023 stricte

282 3064 509 3124 dicitur
557 3061 683 3122 illa
726 3076 869 3138 quae
915 3055 989 3116 fit
1035 3073 1147 3135 per
1195 3054 1524 3135 specialem
1576 3056 1869 3118 virtutem

280 3154 634 3235 equitatis,
667 3152 749 3213 de
790 3168 915 3230 qna
956 3149 1227 3228 disputat
1272 3149 1341 3209 D.
1389 3145 1676 3223 Thomas,
1706 3151 1765 3210 2.
1803 3152 1865 3226 2,

280 3255 496 3328 quaest.
546 3249 701 3307 120.
746 3243 1048 3320 mamque
1089 3240 1333 3301 vocavit
1371 3240 1870 3302 emendationem

282 3340 435 3420 legis
448 3385 473 3414 ,
516 3356 637 3400 seu
700 3335 1025 3416 epiikiam,
1069 3333 1421 3394 Aristoteles
1477 3335 1517 3394 5
1568 3332 1837 3396 Ethicor.
1846 3377 1866 3410 ,

280 3451 416 3512 cap.
446 3434 557 3506 10,
584 3447 727 3490 non
746 3429 895 3508 quia
915 3428 985 3487 in
1010 3425 1147 3505 lege
1164 3425 1354 3486 fuerit
1368 3426 1652 3506 proprius
1674 3444 1867 3502 error,

282 3526 391 3604 (1111
406 3529 645 3605 postea
668 3539 783 3602 per
806 3518 1379 3598 interpretationem
1400 3519 1788 3593 emendetur,
1810 3524 1873 3580 et

280 3619 373 3678 ita
394 3617 509 3679 lex
534 3633 623 3678 ex
648 3619 831 3695 parte
856 3617 1155 3687 mutetur,
1184 3611 1292 3672 sed
1326 3610 1558 3672 dicitur
1584 3609 1873 3672 emenda—

284 3712 371 3771 tio
400 3710 573 3789 legis
604 3708 817 3788 quoad
856 3711 1173 3768 externam
1216 3704 1512 3784 speciem,
1562 3707 1625 3764 81
1665 3702 1873 3783 quoad

284 3800 665 3880 generalem
708 3799 988 3878 vigorem
1026 3795 1394 3859 verborum=
1426 3813 1576 3858 nam
1616 3793 1721 3857 188
1760 3813 1873 3874 38-

282 3895 595 3956 nen-aliter
630 3891 933 3971 loquitur,
976 3894 1039 3949 et
1083 3887 1287 3949 verbis
1327 3888 1453 3948 suis
1492 3905 1623 3949 non
1670 3891 1872 3966 potest

286 3987 655 4066 singulares
698 4001 875 4044 casus
917 3980 1228 4060 excipere,
1270 3985 1335 4040 et
1376 3980 1464 4041 118
1503 3980 1572 4040 18
1616 3983 1872 4041 externa

286 4080 497 4159 grecie
542 4077 801 4138 videtur
844 4070 1365 4153 comprehendere
1406 4070 1668 4150 aliquos,
1704 4087 1871 4151 quos

286 4189 517 4233 revera
532 4188 672 4230 non
693 4164 1187 4247 comprehendit3
1215 4167 1279 4224 et
1300 4162 1449 4242 quia
1467 4161 1586 4224 1108
1600 4160 1872 4225 declarat

288 4263 554 4344 epiikia,
582 4261 731 4321 ideo
756 4256 1107 4320 emendatio
1132 4255 1285 4333 legis
1315 4255 1563 4315 dicitur.

374 4360 479 4417 11.
542 4353 825 4419 Vas-iasio
857 4368 988 4431 Μ
1020 4349 1098 4426 fit
1126 4349 1196 4410 iu
1230 4347 1589 4428 obligatione
1620 4347 1775 4428 haia
1802 4348 1869 4410 ob

288 4449 699 4510 naamam
721 4444 993 4506 maurice
1014 4458 1133 4503 non
1162 4443 1251 4503 est
1278 4440 1663 4519 dispensatio.
1669 4440 1871 4500 —At-

290 4561 413 4622 (1118
444 4542 605 4603 11188
648 4539 841 4600 etiam
882 4536 1079 4597 obiter
1118 4534 1428 4612 colligitur
1459 4534 1871 4596 variationem

288 4655 431 4716 (11118
452 4631 785 4695 interdum
808 4628 1197 4708 contingitin
1220 4627 1596 4706 obligatione
1618 4627 1773 4705 legis
1796 4643 1873 4687 ex

290 4727 684 4800 mutatione,
724 4723 823 4787 vel
858 4721 1201 4786 variatione
1228 4720 1531 4796 materia,
1566 4737 1697 4782 non
1742 4736 1873 4782 esse

291 4818 830 4901 dispensationem
854 4815 922 4876 in
940 4815 1099 4893 lege.
1118 4812 1441 4887 Probatur,
1459 4812 1606 4894 quia
1623 4810 1876 4892 propria

290 4910 686 4994 dispensatio
708 4909 863 4987 legis
890 4913 984 4968 est
1020 4907 1283 4967 mutatio
1308 4903 1465 4983 ejus,
1503 4903 1637 4966 hoec
1662 4908 1874 4964 autem

292 5023 425 5066 non
459 5011 561 5065 est
588 5001 857 5063 mutatio
896 4999 1075 5078 legis,
1104 4997 1213 5059 sed
1257 4996 1557 5071 materiae,
1604 5013 1745 5076 quin
1780 5000 1874 5056 est

298 5098 569 5160 alterum
592 5101 947 5157 extremum
968 5109 1007 5152 a
1026 5107 1151 5170 quo
1170 5089 1401 5168 pendet
1427 5087 1745 5166 obligatio.
1768 5089 1873 5148 Est

296 5191 471 5252 enim
518 5187 815 5266 obligatio
868 5185 1046 5264 quasi
1090 5181 1309 5243 relatio
1362 5180 1647 5262 quaedam
1662 5225 1684 5256 ,
1732 5197 1871 5258 quae

298 5284 531 5362 pendet
550 5299 639 5341 88
665 5279 1068 5338 fundamento
1096 5281 1159 5336 et
1180 5273 1451 5335 termino
1469 5278 1533 5334 et
1552 5290 1630 5332 88
1647 5271 1871 5332 utrius-

302 5393 419 5453 que
466 5371 815 5434 mutatione
860 5375 1065 5448 potest
1108 5365 1376 5442 auferri3
1423 5365 1674 5445 quando
1722 5381 1871 5441 ergo

305 5467 545 5528 tollitur
568 5482 684 5544 per
716 5463 913 5524 solam
948 5461 1227 5523 materiae
1252 5457 1684 5534 mutationem,
1724 5461 1872 5518 tunc

3409 372 3488 435 83

1930 467 2032 529 lex
2078 486 2206 529 non
2245 469 2500 549 obligat,
2536 490 2664 531 non
2697 474 2842 551 quia
2881 474 3012 553 ipsa
3057 480 3352 551 mutetur,
3381 479 3490 539 sed

1932 561 2076 639 quia
2108 562 2239 641 ipsa
2269 581 2382 641 pro
2411 581 2484 623 8ο
2522 582 2663 624 casu
2700 582 2828 625 non
2855 565 3168 643 loquitur:
3196 574 3288 642 ut,
3315 570 3490 631 verbi

1931 656 2153 733 gratia,
2184 656 2236 714 si
2263 656 2400 735 quis
2425 663 2710 717 teneatur
2743 658 3112 737 promissum
3141 660 3397 737 solvere,
3428 668 3492 723 et

1932 746 2194 807 creditor
2215 748 2490 808 remittat
2512 748 2813 824 debitum,
2827 750 2962 827 jam
2985 768 3113 812 non
3134 752 3365 831 obligat
3389 753 3491 816 188

1934 856 2071 917 quae
2097 839 2268 917 prior
2294 838 2630 917 obligabat,
2663 858 2791 900 non
2821 842 2968 919 quia
2993 842 3062 903 in
3099 843 3208 904 illa
3245 846 3492 924 dispen-

1932 936 2139 991 satum
2177 933 2279 1006 sit,
2310 931 2413 993 sed
2455 932 2604 1010 quia
2640 932 2950 993 subtracta
2989 940 3082 995 est
3118 938 3399 1013 materia,
3430 944 3493 1000 et

1931 1025 2018 1085 sic
2045 1025 2122 1085 de
2156 1024 2314 1086 aliis.
2348 1024 2522 1098 Quod
2549 1043 2661 1104 pro
2687 1026 3098 1109 intelligentia
3134 1028 3286 1108 18318
3313 1037 3492 1092 natu-

1936 1117 2082 1177 ralis
2109 1123 2202 1178 est
2240 1116 2609 1193 notandum,
2639 1123 2711 1179 ut
2735 1118 2901 1179 infra
2926 1118 3358 1185 declarabitur.
3397 1121 3494 1185 Ad

1936 1210 2451 1289 dispensationem
2485 1228 2630 1291 ergo
2669 1212 3080 1275 necessarium
3109 1219 3202 1275 est
3237 1221 3329 1291 ut,
3357 1235 3495 1297 per-

1936 1308 2253 1365 severante
2279 1306 2548 1365 materia
2597 1310 2659 1366 et
2694 1305 2970 1385 subJecto
3016 1308 3226 1387 capaci
3264 1308 3496 1388 obliga-

1936 1396 2125 1457 tionis
2163 1393 2340 1473 legis‚
2369 1396 2620 1457 tollatur
2645 1397 2940 1476 obligatio
2976 1416 3053 1460 ex
3091 1405 3266 1479 parte
3307 1401 3496 1481 ipsius

1936 1485 2092 1566 legis
2140 1504 2250 1566 per
2293 1488 2737 1550 relaxationem
2790 1490 2958 1567 ejus:
3013 1508 3161 1551 nam
3199 1492 3251 1551 si
3298 1493 3498 1553 solum

1939 1579 2320 1641 subtrabitur
2345 1580 2469 1660 legi
2505 1581 2786 1656 materia,
2811 1579 2912 1643 vel
2939 1581 3306 1661 subjectum,
3336 1584 3500 1645 circa

1939 1672 2105 1752 quod
2122 1674 2314 1752 possit
2331 1673 2597 1752 operari,
2606 1691 2715 1734 seu
2726 1673 3167 1751 obligationem
3187 1676 3499 1753 inducere,

1940 1765 2076 1843 ipsa
2093 1763 2170 1825 de
2194 1782 2257 1825 se
2282 1765 2498 1826 eadem
2521 1782 2762 1843 semper
2779 1770 3013 1841 manet,
3034 1772 3098 1827 et
3115 1785 3192 1828 ex
3209 1785 3273 1828 se
3290 1768 3500 1845 habet,

1941 1874 2070 1917 non
2112 1862 2184 1917 ut
2228 1847 2488 1936 semper,
2521 1862 2584 1918 et
2624 1856 2694 1917 in
2726 1857 2899 1918 omni
2931 1874 3076 1918 casu
3103 1858 3357 1937 obliget,
3395 1859 3506 1920 sed

1942 1966 2085 2009 cum
2121 1950 2304 2009 certis
2332 1948 2842 2010 circumstantiis:
2875 1955 2936 2009 et
2970 1949 3088 2010 hac
3127 1952 3365 2012 ratione
3405 1951 3508 2013 lex

1938 2041 2262 2121 jejunandi
2303 2041 2536 2119 obligat
2561 2040 2883 2102 hominem
2918 2058 3138 2102 sanum
3151 2057 3172 2119 3
3209 2043 3262 2103 si
3297 2050 3507 2105 autem

1942 2138 2222 2211 aegrotet,
2259 2132 2488 2193 desinit
2511 2132 2694 2193 illum
2723 2132 3023 2211 obligare,
3047 2150 3177 2193 non
3203 2136 3350 2214 quia
3375 2136 3510 2214 ipsa

1943 2229 2242 2299 mutetur,
2273 2224 2377 2286 sed
2405 2225 2554 2303 quia
2578 2224 2894 2286 moraliter
2919 2224 3049 2303 jam
3071 2242 3200 2286 non
3227 2232 3320 2287 est
3341 2226 3508 2288 idem

1943 2317 2078 2394 subj
2086 2323 2315 2393 ectum,
2346 2316 2426 2377 ad
2452 2316 2616 2396 quod
2643 2316 2918 2396 loquitur
2943 2315 3065 2377 188.

2026 2412 2126 2470 12.
2174 2408 2455 2487 objectio.
2483 2444 2562 2455 -
2586 2408 2852 2474 Salutio.
2894 2440 2978 2455 —
3017 2407 3281 2487 Objicies
3297 2454 3319 2486 ,
3365 2412 3512 2490 quia

1944 2520 2132 2581 supra
2163 2502 2403 2562 dictum
2443 2508 2536 2563 est
2563 2500 2896 2581 aliquando
2929 2500 3069 2562 fieri
3101 2504 3511 2564 mutationem

1946 2596 2010 2654 in
2039 2594 2176 2673 lege
2202 2612 2313 2674 per
2337 2594 2712 2656 ablationem
2741 2611 2936 2655 causae
2963 2615 2978 2654 τ
3007 2592 3148 2655 18118
3183 2600 3394 2656 autem
3419 2596 3512 2657 vi-

1946 2686 2130 2747 detur
2165 2704 2297 2748 esse
2321 2686 2456 2747 haec
2488 2686 2771 2747 mutatio.
2804 2684 3185 2765 RespondeO,
3217 2686 3372 2747 illud
3409 2704 3514 2765 ge-

1946 2796 2064 2839 nus
2091 2778 2454 2840 mutationis
2473 2778 2675 2838 solum
2692 2778 3073 2856 contingere,
3105 2778 3354 2856 quando
3381 2797 3516 2840 om-

1948 2872 2101 2932 nino
2128 2872 2231 2932 lex
2249 2870 2475 2932 desinit
2495 2887 2626 2931 esse
2662 2886 2772 2949 per
2797 2869 3278 2931 subtractionem
3306 2870 3514 2931 totalis

1950 2981 2151 3025 causae
2174 2962 2610 3036 conservantis,
2653 2961 2804 3041 quia
2843 2968 2991 3023 tunc
3019 2963 3239 3023 transit
3285 2961 3362 3025 de
3383 2981 3514 3024 esse

1950 3060 2033 3121 ad
2071 3076 2198 3121 non
2230 3076 2384 3134 esse,
2421 3063 2484 3119 et
2522 3057 2611 3118 ita
2641 3062 2941 3118 mutatur.
2986 3056 3066 3119 At
3093 3074 3244 3120 vero
3266 3058 3513 3138 quando

1949 3152 2215 3214 mutatio
2235 3151 2509 3211 materiae
2537 3150 2739 3211 solum
2761 3155 2853 3212 est
2869 3150 2938 3210 in
2959 3150 3319 3228 particulari
3341 3169 3512 3228 casu,

1948 3248 2100 3304 tunc
2140 3243 2242 3304 188
2278 3259 2407 3302 non
2443 3240 2672 3302 desinit
2721 3256 2851 3303 esse
2865 3285 2887 3318 ,
2949 3240 3056 3311 sed
3099 3246 3347 3304 tantum
3386 3261 3516 3306 non

1950 3334 2208 3413 obligat,
2230 3340 2292 3395 et
2317 3333 2455 3394 ideo
2481 3351 2608 3394 non
2636 3338 2915 3395 mutatur
2929 3333 3063 3414 ipsa
3086 3352 3198 3396 nec
3215 3336 3514 3413 variatur,

1949 3427 2098 3505 quia
2122 3443 2364 3505 semper
2387 3424 2509 3485 fuit
2533 3425 2622 3486 ita
2649 3425 3002 3486 constituta.
3033 3425 3314 3506 Urgehis,
3348 3428 3516 3489 idem

1948 3518 2072 3578 dici
2115 3535 2292 3597 posse
2333 3516 2410 3578 de
2453 3517 2908 3596 dispensatione
2951 3517 3105 3596 legis
3125 3563 3146 3594 ,
3191 3519 3340 3598 quia
3369 3525 3520 3580 tunc

1953 3610 2142 3671 etiam
2169 3627 2300 3672 non
2319 3608 2566 3672 desinit
2607 3626 2760 3687 esse,
2789 3609 2896 3670 sed
2923 3614 3172 3671 tantum
3215 3608 3510 3690 obligare.

1953 3702 2380 3781 Respondetur
2406 3700 2692 3781 negando
2719 3700 3193 3764 similitudinem
3211 3723 3226 3763 :
3245 3719 3395 3763 nam
3407 3721 3518 3784 per

1951 3794 2472 3874 dispensationem
2511 3799 2790 3854 mutatur
2829 3793 2953 3870 lex,
3000 3811 3110 3856 8811
3145 3801 3512 3874 coarctatur,

1950 3885 2092 3968 plus
2117 3905 2306 3968 quam
2354 3894 2538 3948 antea
2571 3891 2780 3964 -esset3
2809 3905 2922 3968 per
2963 3889 3373 3952 mutationem
3406 3908 3516 3950 au-

1949 3984 2078 4040 tem
2111 3979 2384 4042 materiae
2411 3978 2691 4054 minime,
2721 3979 2868 4058 quia
2891 3996 2928 4037 a
2961 3979 3266 4059 principio
3291 3983 3517 4042 consti-

1932 4075 2089 4131 tuta
2106 4077 2197 4131 est
2222 4072 2382 4130 circa
2407 4070 2595 4130 talem
2630 4069 2981 4144 materiam,
3019 4075 3081 4130 et
3112 4088 3255 4131 cum
3287 4072 3516 4134 talibus

1950 4160 2428 4235 conditionibus,
2455 4165 2518 4220 et
2539 4177 2666 4220 non
2688 4159 2810 4218 alio
2829 4159 3035 4220 modo.
3063 4161 3234 4222 Sicut
3249 4181 3518 4245 111188811-

1948 4259 2018 4316 18
2039 4253 2408 4314 affirmativa
2429 4269 2541 4330 pro
2560 4249 2928 4330 quibusdam
2953 4254 3336 4332 temporibus
3361 4256 3516 4320 obli·

1951 4350 2128 4424 gant,
2157 4349 2220 4406 et
2241 4361 2369 4404 non
2390 4361 2502 4424 pro
2532 4340 2690 4417 81118,
2707 4359 2837 4402 non
2856 4342 3148 4424 quiaipsa
3169 4353 3511 4428 mutentur,

1951 4439 2059 4500 sed
2083 4437 2228 4517 quia
2248 4442 2392 4497 sunt
2414 4454 2452 4497 a
2473 4435 2778 4516 principio
2792 4435 2880 4497 ita
2893 4439 3246 4516 constituta,
3284 4447 3348 4502 et
3368 4445 3516 4522 quia

1950 4531 2082 4592 hoec
2122 4536 2215 4591 est
2252 4546 2467 4590 eorum
2498 4532 2758 4603 natura3
2805 4529 2894 4589 ita
2941 4545 3091 4609 ergo
3127 4531 3196 4592 in
3226 4537 3515 4612 111-(8881111

1952 4620 2354 4702 cogitandum
2379 4624 2490 4682 est.

2033 4717 2134 4778 13.
2175 4715 2270 4778 Do
2312 4713 2642 4780 mutatione
2675 4713 2829 4794 leat-⁹
2856 4716 3172 4780 seeundum
3203 4721 3358 4800 quid
3383 4739 3516 4802 ρων

1951 4810 2030 4888 fit
2053 4825 2161 4888 per
2178 4807 2724 4886 suspensionem—
2739 4807 3017 4868 Tandem
3042 4809 3195 4870 solet
3227 4811 3352 4875 alia
3377 4833 3517 4875 mu-

1950 4901 2106 4962 tatio
2133 4900 2202 4960 in
2228 4899 2364 4977 1838
2385 4897 2522 4959 fieri
2536 4915 2646 4976 per
2659 4898 3124 4976 suspensionem
3141 4900 3296 4979 ejus,
3322 4923 3514 4985 quam

1950 4991 2310 5056 vocavimus
2329 4989 2741 5052 mutationem
2783 4988 3129 5052 secundum
3155 4994 3306 5072 quid
3319 5041 3344 5072 ,
3365 4999 3516 5078 (11118

1949 5102 2080 5146 non
2107 5082 2464 5164 simpliciter
2489 5079 2653 5140 tollit
2681 5079 2908 5158 legem,
2952 5082 3060 5142 sed
3086 5087 3403 5165 suspendit
3423 5091 3514 5152 ef-

1948 5176 2181 5238 fectum
2226 5175 2358 5252 ejus
2393 5173 2474 5234 ad
2510 5178 2778 5251 tempus:
2813 5176 2876 5234 et
2912 5189 3042 5232 non
3067 5174 3380 5242 immerito
3405 5201 3515 5262 po-

1948 5274 2070 5331 test
2117 5267 2250 5327 11888
2291 5265 2553 5326 mutatio
2587 5263 2704 5324 sub
2756 5262 3207 5343 dispensatione
3238 5291 3514 5352 compre-

1949 5361 2145 5424 hendi
2172 5377 2188 5421 :
2214 5376 2362 5420 nam
2387 5359 2440 5418 si
2459 5358 2776 5437 suspensio
2803 5357 2910 5418 illa
2931 5357 3040 5420 fiat
3062 5363 3222 5424 circa
3235 5363 3512 5445 aliquam

1950 5469 2278 5556 personam
2317 5452 2384 5513 in
2406 5449 2784 5532 particulari,
2829 5455 2923 5514 est
2951 5453 3114 5516 clara
3139 5455 3512 5534 dispensatio
