3976 6219
905 402 1040 454 CAP.
1076 404 1157 454 vl.
1194 404 1277 454 AN
1309 404 1428 455 LEX
1463 403 1810 455 NATURALIS
1843 404 1938 457 SIT
1972 403 2095 455 LEx
2130 405 2342 457 mleA
2374 404 2800 458 PRAECEPTIVA.

238 499 463 581 priori,
508 500 655 579 quia
699 501 913 561 omnia
959 520 1096 581 quse
1135 502 1235 564 lex
1282 505 1580 565 naturalis
1621 505 1811 564 dictat

243 612 376 654 esse
405 593 591 668 mala,
623 599 683 653 et
715 595 1126 673 prohibentur
1153 615 1190 656 a
1218 600 1340 658 Deo
1381 598 1629 677 speciali
1656 615 1812 676 prae-

245 693 426 765 cepto
472 692 534 747 et
577 686 920 762 voluntate,
968 706 1092 766 qua
1138 691 1273 751 vult
1318 709 1429 751 nos
1473 691 1697 765 teneri,
1750 696 1813 751 et

247 779 514 856 obligari
540 778 602 838 vi
630 780 1012 840 auctoritatis
1052 782 1183 861 ejus
1214 782 1289 843 ad
1334 782 1441 843 illa
1468 783 1806 845 servandaz

249 888 399 948 ergo
433 871 532 931 lex
561 871 862 931 naturalis
894 877 987 932 est
1012 876 1257 954 proprie
1283 876 1384 936 lex
1418 875 1808 955 proeceptiva,

251 983 360 1025 seu
378 963 758 1024 insinuativa
775 966 1011 1043 proprii
1031 969 1340 1047 praecepti.
1365 967 1814 1047 Consequentia

254 1056 420 1118 clara
461 1062 575 1116 est.
623 1057 1009 1119 Antecedens
1052 1061 1351 1139 probatur
1392 1062 1627 1140 prim0,
1666 1061 1816 1141 quia

252 1151 409 1211 Deus
425 1149 614 1211 habet
629 1150 963 1229 perfectam
983 1154 1439 1230 providentiam
1452 1154 1781 1214 hominum
1790 1170 1810 1230 ;

255 1259 402 1320 ergo
429 1243 507 1303 ad
534 1243 712 1303 illum
742 1250 813 1304 111
840 1244 921 1304 011
947 1263 1306 1323 supremum
1333 1246 1813 1324 gubernatorem

253 1340 491 1395 naturae
519 1340 751 1414 spectat
768 1343 976 1397 vetare
997 1339 1160 1398 mala
1177 1344 1238 1399 01
1261 1340 1592 1418 praecipere
1618 1339 1807 1400 bona:

255 1444 404 1503 ergo
446 1429 728 1506 quamvis
764 1429 924 1489 ratio
959 1430 1258 1490 naturalis
1289 1430 1520 1491 indicet
1558 1432 1707 1510 quid
1736 1433 1815 1493 sit

257 1518 490 1578 bonum
529 1520 628 1580 vel
672 1519 910 1581 malum
952 1522 1239 1582 rationali
1280 1529 1515 1583 naturae
1531 1569 1551 1600 ,
1589 1524 1813 1585 nihilo-

259 1611 468 1670 minus
495 1613 675 1688 Deus,
707 1617 778 1672 ut
806 1618 1018 1674 auctor
1042 1620 1102 1674 et
1130 1615 1505 1693 gubernator
1535 1616 1676 1677 talis
1702 1635 1812 1677 na-

257 1709 435 1779 turae,
465 1705 744 1784 praecipit
767 1706 830 1765 id
853 1706 1051 1768 facere
1078 1708 1178 1768 vel
1204 1714 1442 1785 vetare,
1469 1711 1629 1788 quod
1655 1712 1812 1771 ratio

256 1793 447 1855 dictat
475 1814 604 1856 esse
626 1797 980 1858 faciendum
996 1799 1097 1860 vel
1123 1801 1479 1861 vetandum.
1507 1803 1809 1878 Secundo,

254 1887 558 1966 quidquid
589 1896 802 1950 contra
827 1890 1130 1952 rationem
1156 1899 1384 1953 rectam
1416 1893 1510 1968 fit,
1536 1894 1816 1973 displicet

252 1979 400 2053 Deo,
434 1985 496 2039 et
527 1983 905 2044 contrarium
952 1984 1043 2043 illi
1086 1984 1286 2064 placet
1301 2007 1319 2059 ;
1351 1986 1499 2063 quia
1537 2004 1679 2046 cum
1709 2005 1815 2049 vo·

253 2068 459 2129 luntas
487 2073 598 2132 Dei
625 2074 706 2132 sit
732 2092 974 2135 summe
995 2076 1182 2153 justa,
1209 2094 1336 2136 non
1355 2082 1553 2155 potest
1570 2077 1663 2136 illi
1690 2096 1817 2137 non

257 2161 576 2242 displicere
604 2166 770 2244 quod
809 2173 986 2246 turpe
1015 2174 1125 2242 est,
1158 2187 1398 2229 necnon
1438 2161 1679 2248 placere
1706 2172 1818 2232 ho-

259 2260 526 2330 nestum,
560 2258 703 2335 01110
729 2258 1013 2319 voluntas
1040 2260 1148 2319 Dei
1182 2278 1308 2320 non
1345 2267 1543 2339 potest
1570 2280 1700 2324 0550
1729 2264 1818 2324 ir-

256 2348 661 2424 rationabiliS,
709 2356 780 2410 ut
825 2351 985 2416 dixit
1022 2352 1371 2427 Anse'lmuS,
1409 2353 1569 2413 libro
1614 2358 1642 2414 1
1697 2356 1819 2416 Cur

259 2440 418 2499 Deus
457 2441 663 2517 hom0,
695 2461 827 2522 cap.
860 2445 921 2504 8.
952 2445 1111 2521 Ergo
1139 2445 1298 2505 ratio
1325 2445 1645 2521 naturalia,
1676 2466 1814 2525 quae

259 2531 490 2595 indicat
521 2535 667 2611 quid
700 2536 778 2595 sit
813 2555 923 2615 per
950 2555 1013 2598 se
1050 2536 1285 2597 malum
1313 2538 1412 2598 vel
1438 2539 1674 2599 bonum
1703 2540 1813 2600 ho·

259 2626 437 2700 mini,
468 2636 909 2706 consequenter
939 2630 1173 2690 indicat
1200 2648 1331 2692 esse
1354 2632 1695 2691 secundum
1723 2632 1814 2692 di-

258 2716 470 2777 vinam
501 2720 881 2781 voluntatem
920 2727 989 2781 ut
1030 2740 1226 2782 unum
1265 2722 1396 2799 fiat,
1426 2729 1487 2783 et
1522 2723 1692 2783 aliud
1721 2725 1811 2784 vi-

257 2814 442 2870 tetur.

338 2904 397 2962 9.
442 2903 864 2965 [nstantia.—
879 2903 1457 2968 Solatia—Dices:
1493 2925 1570 2968 ex
1595 2908 1815 2969 volun-

255 2997 382 3054 tate
409 2995 860 3074 complacentiae
884 3003 994 3058 aut
1022 2998 1423 3077 displicentiae
1446 3001 1513 3060 in
1536 3002 1661 3061 Deo
1688 3020 1814 3062 non

257 3087 537 3165 sequitur
557 3090 721 3168 quod
739 3090 818 3150 sit
834 3090 1115 3152 voluntas
1134 3092 1413 3172 obligans
1433 3112 1542 3172 per
1560 3093 1815 3155 modum

257 3181 580 3259 proecepti:
612 3188 748 3242 tum
774 3184 920 3262 quia
954 3184 1070 3244 hac
1103 3186 1340 3246 ratione
1368 3204 1493 3245 non
1529 3191 1817 3247 tenemur

257 3272 629 3333 conformari
676 3276 845 3335 omni
892 3276 1115 3337 divinae
1167 3278 1494 3353 voluntati,
1537 3298 1675 3358 quae
1725 3285 1816 3340 est

257 3381 369 3441 per
394 3364 738 3445 simplicem
765 3368 1052 3429 affectum
1065 3386 1084 3446 ;
1112 3370 1238 3431 imo
1264 3389 1380 3431 1100
1402 3372 1576 3431 0111111
1603 3373 1818 3433 volun-

257 3457 369 3515 tati
418 3456 788 3537 beneplaciti
831 3479 938 3522 seu
975 3462 1244 3523 efficaci:
1288 3463 1394 3524 sed
1439 3463 1531 3523 illi
1574 3469 1818 3526 tantum

258 3566 378 3627 0110
420 3551 555 3611 vult
601 3570 712 3612 nos
755 3553 1050 3632 obligare,
1097 3562 1167 3615 ut
1209 3574 1490 3636 suppono
1524 3575 1600 3617 ex
1645 3561 1703 3617 1.
1752 3562 1812 3634 Ξ,

258 3646 470 3719 quaest.
508 3646 605 3705 19.
641 3645 815 3705 Unde
857 3646 975 3708 hac
1000 3648 1239 3708 ratione
1270 3649 1413 3710 licet
1449 3668 1634 3728 opera
1668 3669 1813 3711 con-

258 3733 538 3794 siliorum
579 3736 861 3814 placeant
889 3739 1037 3815 Deo,
1067 3759 1195 3802 non
1234 3741 1378 3801 inde
1407 3742 1672 3803 infertur
1707 3761 1812 3804 vo-

255 3824 463 3888 luntas
504 3831 909 3909 praecipiens:
957 3839 1091 3893 tum
1147 3834 1335 3896 etiam
1381 3836 1528 3914 quia
1573 3836 1811 3897 homini

249 3919 419 3997 justo
446 3921 547 3981 vel
574 3923 753 3983 beato
779 3924 1057 4004 displicet
1082 3927 1383 4006 quidquid
1410 3945 1448 3987 a
1474 3941 1572 3988 me
1602 3934 1814 3989 contra

254 4013 560 4075 rationem
588 4015 681 4091 fit,
711 4021 773 4077 et
798 4024 1008 4079 tamen
1031 4020 1436 4080 nihilominus
1464 4021 1570 4080 illa
1596 4021 1813 4081 volun-

255 4109 349 4164 tas
389 4124 516 4166 non
562 4112 653 4168 est
683 4112 1067 4190 praeceptiva.
1110 4113 1471 4191 Respondeo
1514 4114 1810 4191 primum,

253 4214 382 4258 non
424 4217 551 4260 esse
585 4219 931 4263 sermonem
969 4204 1045 4263 de
1078 4222 1468 4283 quacumque
1497 4204 1815 4266 voluntate

255 4292 740 4370 complacentiae,
764 4296 867 4355 sed
887 4296 963 4356 de
981 4296 1088 4356 illa
1106 4315 1231 4375 qua
1248 4298 1335 4357 ita
1363 4296 1561 4376 placet
1578 4296 1812 4376 aliquid

253 4390 324 4445 ut
351 4384 609 4461 bonum,
640 4392 710 4446 ut
745 4389 1143 4458 contrarium,
1170 4390 1269 4451 vel
1296 4391 1599 4469 privative
1627 4409 1815 4471 oppo-

250 4477 441 4537 situm
462 4498 574 4558 per
599 4481 992 4542 omissionem
1016 4482 1331 4562 displiceat
1356 4490 1650 4563 tanquam
1681 4504 1812 4546 ma-

251 4569 423 4630 lum:
471 4590 657 4651 opera
700 4579 910 4634 autem
959 4575 1354 4636 consiliorum
1399 4595 1526 4637 non
1567 4578 1814 4655 placent

248 4662 367 4723 1100
421 4666 628 4740 1110110,
675 4665 781 4726 sed
832 4667 920 4726 ita
973 4668 1238 4747 placent,
1289 4674 1362 4729 ut
1405 4670 1472 4729 in
1522 4671 1813 4748 oppositis

249 4756 684 4818 omissionibus
709 4776 836 4819 non
868 4759 1189 4839 displiceat
1222 4761 1428 4839 aliqua
1459 4761 1718 4836 malitia,
1751 4768 1813 4823 et

247 4848 389 4908 ideo
417 4849 524 4909 illa
553 4851 996 4930 complacentia
1022 4861 1279 4912 vocatur
1304 4854 1562 4932 simplex
1592 4854 1812 4913 volun-

246 4948 375 5000 tas:
402 4941 572 5018 prior
590 4948 825 5018 autem,
844 4962 969 5023 qua
986 4945 1074 5005 ita
1089 4963 1288 5005 unum
1307 4946 1530 5025 placet,
1554 4950 1623 5005 111
1641 4945 1809 5006 0111111

245 5032 608 5110 simpliciter
627 5035 963 5113 displiceat,
988 5043 1273 5098 censetur
1290 5039 1488 5117 magis
1507 5038 1803 5099 absoluta.

243 5124 477 5185 Deinde
497 5125 635 5186 dico
653 5127 839 5188 talem
859 5128 1242 5190 voluntatem
1260 5131 1652 5209 spectandam
1677 5147 1807 5191 esse

240 5218 309 5277 in
352 5219 476 5278 Deo
512 5225 583 5277 ut
613 5220 681 5278 in
713 5238 1001 5299 supremo
1031 5222 1462 5299 gubernatore,
1495 5227 1556 5282 et
1581 5240 1709 5282 non
1735 5228 1807 5281 ut

237 5309 513 5369 inveniri
544 5316 741 5388 potest
782 5313 849 5371 in
890 5330 1151 5391 persona
1181 5315 1422 5392 privata
1458 5315 1644 5392 justa,
1678 5315 1805 5375 sive

237 5401 447 5475 beata,
479 5402 609 5462 sive
644 5404 935 5464 viatrice:
980 5406 1139 5465 Deus
1172 5406 1341 5465 enim
1367 5406 1602 5466 habens
1635 5406 1806 5465 illam

235 5492 591 5554 absolutam
634 5494 1088 5575 displicentiam
1124 5502 1234 5558 aut
1276 5498 1802 5577 complacentiam,

3332 403 3448 461 107

1890 506 2025 564 vult
2070 506 2345 566 absolute
2391 505 2549 566 illud
2595 525 2745 586 opus
2778 505 2935 582 fieri,
2971 504 3072 567 vel
3115 523 3243 566 non
3288 504 3449 582 fieri,

1890 601 2194 677 quantum
2216 599 2293 658 ad
2317 617 2543 658 munus
2564 600 2718 677 justi
2748 598 3173 676 gubernatoris
3196 604 3425 677 spectat
3433 621 3450 672 3

1890 709 2039 768 ergo
2067 696 2159 751 est
2194 691 2332 750 talis
2359 690 2669 766 voluntas,
2701 696 2771 751 ut
2796 710 2907 769 per
2933 691 3105 750 illam
3137 690 3289 751 velit
3315 690 3457 750 sub-

1892 784 2054 844 ditos
2100 783 2373 861 obligare
2416 790 2486 844 ut
2523 784 2586 843 id
2628 784 2860 845 faciant
2898 783 2997 844 vel
3031 801 3158 843 non
3202 783 3451 846 faciant.

1894 877 2029 937 Non
2057 876 2226 936 enim
2254 880 2456 953 potest
2482 893 2612 935 esse
2634 875 2917 936 voluntas
2946 875 3181 949 efficax,
3211 880 3283 935 111
3306 894 3459 954 opus

1894 968 2170 1029 absolute
2197 967 2330 1043 fiat,
2357 968 2456 1028 vel
2477 985 2604 1027 non
2628 967 2762 1042 fiat,
2784 968 2936 1028 alias
2958 984 3283 1046 nunquam
3306 985 3458 1046 opus

1892 1058 2073 1120 aliter
2094 1058 2271 1120 fieret
2294 1077 2482 1139 quam
2507 1062 2664 1120 Deus
2681 1059 2889 1134 vellet,
2912 1058 3077 1138 quod
3100 1064 3310 1120 tamen
3330 1077 3458 1119 non

1888 1152 1979 1212 ita
2006 1156 2119 1226 est,
2144 1157 2217 1211 ut
2238 1157 2490 1212 constat.
2506 1153 2727 1230 -Neque
2752 1152 2817 1212 id
2839 1151 3107 1231 pertinet
3133 1152 3213 1211 ad
3234 1169 3458 1212 munus

1894 1244 2346 1322 gubernatoris,
2378 1244 2455 1304 ad
2498 1262 2685 1323 quem
2724 1248 2957 1323 spectat
2982 1244 3071 1304 ita
3109 1243 3267 1303 velle
3295 1243 3459 1304 bona

1895 1342 1966 1396 ut
2009 1338 2324 1415 permittat
2369 1337 2555 1412 mala,
2591 1341 2653 1397 et
2694 1337 2857 1396 sinat
2901 1353 3116 1396 causas
3160 1335 3457 1396 secundas

1873 1427 2119 1490 'liberas
2147 1447 2256 1488 sua
2288 1428 2570 1490 libertate
2602 1428 2697 1488 uti
2726 1428 3033 1509 expedite,
3064 1432 3127 1488 et
3163 1428 3295 1488 sine
3340 1428 3458 1487 im-

1893 1522 2280 1600 pediment03
2313 1540 2462 1600 ergo
2505 1526 2746 1599 oportet
2774 1526 2844 1580 ut
2875 1521 2955 1580 sit
2985 1520 3271 1580 voluntas
3305 1518 3460 1579 obli-

1895 1631 2085 1691 gans:
2119 1632 2268 1674 nam
2296 1615 2414 1675 hoc
2441 1613 2626 1673 modo
2657 1613 2940 1691 providet
2967 1612 3227 1672 subditis
3254 1612 3320 1671 in
3342 1611 3458 1672 hoc

1893 1726 2120 1785 genere
2138 1753 2158 1783 ,
2212 1715 2516 1788 quantum
2568 1707 2647 1768 ad
2697 1712 2930 1769 rectam
2979 1712 3041 1768 et
3088 1706 3458 1786 prudentem

1892 1801 2346 1879 providentiam
2377 1805 2629 1880 spectat.

1975 1894 2074 1953 10.
2118 1894 2293 1953 Unde
2311 1892 2714 1953 confirmatur
2734 1892 3007 1965 assertio,
3036 1892 3184 1971 quia
3207 1898 3457 1971 peccata

1892 1988 2109 2044 contra
2132 1984 2333 2062 legem
2361 1984 2707 2044 naturalem
2734 1984 3021 2044 dicuntur
3042 1984 3109 2043 in
3140 1985 3454 2064 Scriptura

1896 2093 2027 2136 0550
2067 2081 2279 2135 contra
2322 2076 2597 2136 divinam
2634 2075 3035 2135 voluntatem.
3082 2076 3255 2136 Unde
3300 2076 3459 2135 dixit

1895 2166 2240 2241 Anselmus‚
2272 2168 2339 2226 in
2370 2166 2479 2228 lib.
2515 2167 2592 2228 de
2631 2167 2959 2227 Voluntate
3000 2168 3141 2228 Dei:
3179 2167 3461 2240 Quicum-

1897 2278 2006 2339 que
2038 2261 2157 2339 leyi
2200 2261 2477 2321 naturali
2525 2260 2744 2334 obviat,
2779 2260 2898 2322 Dei
2941 2260 3300 2321 voluntatem
3344 2277 3461 2321 nem

1896 2358 2117 2414 servat.
2146 2354 2222 2412 Et
2250 2353 2499 2430 signum
2524 2353 2926 2413 manifestum
2954 2358 3068 2426 est,
3091 2353 3236 2430 quia
3261 2359 3463 2413 trans-

1896 2461 2139 2521 gressor
2165 2444 2321 2522 legis
2341 2444 2642 2504 naturalis
2662 2445 2728 2503 in
2748 2444 2959 2504 divino
2971 2444 3205 2523 judicio
3233 2445 3460 2521 dignus

1894 2541 1987 2597 est
2020 2553 2243 2615 poena:
2275 2555 2424 2614 ergo
2452 2543 2542 2598 est
2566 2542 2979 2614 transgressor
3004 2537 3342 2597 voluntatis
3370 2538 3461 2597 di-

1891 2629 2093 2688 vinae:
2127 2646 2274 2688 nam
2326 2629 2430 2689 ille
2473 2647 2684 2688 servus
2716 2628 3037 2706 vapulabit
3080 2629 3312 2704 multiS,
3350 2629 3458 2707 0111

1892 2721 2130 2781 1101111111
2166 2721 2545 2782 voluntatem
2574 2740 2701 2781 non
2730 2721 2900 2796 facit,
2931 2727 3002 2781 nt
3029 2722 3255 2782 dicitur
3282 2724 3458 2784 Lucae

1894 2816 1995 2892 123
2022 2833 2168 2893 ergo
2188 2814 2290 2875 lex
2310 2814 2611 2875 naturalis
2630 2814 2892 2874 includit
2910 2813 3018 2873 Dei
3036 2814 3455 2874 voluntatem:

1893 2912 1955 2967 et
1995 2925 2029 2967 e
2057 2925 2348 2967 converso
2374 2906 2624 2966 facienti
2650 2906 3034 2966 voluntatem
3062 2906 3172 2967 Dei
3198 2906 3459 2986 promit-

1897 2999 2047 3059 titur
2085 3017 2349 3077 regnum
2398 2998 2720 3073 coelorum,
2752 3000 2967 3060 Matth.
3001 3000 3063 3073 6,
3096 3003 3125 3059 1
3166 3000 3345 3060 Joan.
3379 3002 3453 3077 25

1895 3092 2062 3171 quod
2089 3111 2336 3153 11000550
2368 3096 2456 3152 051
2488 3091 2795 3171 praecipue
2830 3090 3097 3169 intelligi
3123 3092 3200 3152 de
3238 3092 3457 3154 volun-

1894 3189 2021 3245 tate
2049 3184 2473 3263 praecipiente:
2503 3201 2651 3243 nam
2677 3184 2971 3261 scriptum
2999 3189 3115 3244 est:
3154 3184 3207 3247 S
3212 3185 3235 3244 i
3262 3186 3358 3246 vis
3380 3188 3461 3248 ad

1896 3279 2087 3339 vitam
2115 3277 2376 3356 inqredi,
2399 3294 2572 3339 serva
2599 3277 2914 3337 mandata:
2946 3293 3095 3352 ergo
3120 3275 3229 3354 0111
3255 3283 3458 3338 servat

1897 3369 2243 3429 naturalem
2288 3368 2487 3447 legem
2516 3369 2663 3429 facit
2704 3368 3087 3429 voluntatem
3123 3367 3269 3431 Dei:
3311 3388 3458 3449 ergo

1895 3462 1998 3522 lex
2042 3461 2340 3523 naturalis
2379 3461 2643 3521 includit
2673 3460 3054 3522 voluntatem
3096 3462 3204 3521 Dei
3246 3464 3459 3541 praeci-

1894 3556 2188 3636 pientem.
2214 3554 2625 3616 Confirmatur
2643 3560 2938 3633 proeterea
2960 3571 2977 3614 :
3000 3573 3147 3615 nam
3172 3555 3458 3617 voluntas

1893 3650 2079 3727 signi,
2123 3667 2311 3728 quam
2353 3648 2626 3727 theologi
2670 3649 2737 3708 in
2792 3649 2915 3709 Deo
2962 3656 3224 3728 ponunt,
3269 3650 3459 3710 etiam

1891 3742 2242 3803 extenditur
2277 3742 2357 3801 ad
2399 3758 2472 3801 ea
2498 3759 2636 3820 quae
2664 3746 2810 3801 sunt
2839 3741 2995 3820 juris
3031 3742 3355 3818 naturalis,
3387 3749 3459 3804 ut

1892 3837 2161 3895 sumitur
2192 3852 2269 3896 ex
2311 3835 2456 3894 divo
2496 3834 2756 3910 Thoma,
2799 3838 2829 3894 1
2871 3841 3057 3913 part„
3090 3842 3307 3913 quaest.
3355 3839 3453 3914 19,

1892 3933 2009 3988 art.
2042 3928 2183 4002 1111.,
2214 3945 2356 3987 011111
2385 3926 2678 4004 Magistro
2718 3931 2781 3987 et
2807 3926 2943 3987 aliis
2969 3928 3036 3986 in
3072 3931 3132 4002 1,
3168 3929 3227 3989 d.
3261 3930 3365 4004 45,
3396 3935 3459 3990 et

1894 4025 1986 4081 est
2011 4038 2124 4098 per
2151 4037 2216 4080 se
2242 4024 2502 4078 notum:
2530 4036 2676 4078 110111
2705 4019 2811 4095 0111
2833 4017 3025 4078 violat
3046 4019 3249 4097 legem
3276 4026 3459 4081 natu·

1893 4113 2087 4172 ralem
2115 4130 2154 4171 a
2178 4111 2286 4170 Dei
2313 4110 2631 4169 voluntate
2653 4109 2908 4184 recedit,
2937 4118 2999 4170 01
3028 4113 3276 4188 01ιο11110
3303 4115 3458 4192 peti-

1894 4221 2033 4264 mus
2058 4204 2124 4263 in
2153 4202 2431 4263 oratione
2468 4201 2806 4275 Dominica,
2837 4202 2995 4262 Fiat
3023 4203 3297 4265 volunta-5
3324 4211 3454 4281 tua,

1895 4295 2084 4357 etiam
2138 4294 2407 4373 petimus
2453 4297 2525 4352 ut
2566 4291 2677 4352 fiat
2722 4293 2789 4351 in
2833 4292 3259 4355 observatione
3302 4296 3457 4376 legis

1892 4386 2233 4449 naturalis:
2261 4403 2410 4464 ergo
2437 4386 2539 4446 lex
2566 4386 2865 4446 naturalis
2886 4385 2955 4446 in
2982 4386 3161 4447 nobis
3186 4388 3455 4450 existens

1892 4487 1984 4544 est
2003 4483 2251 4560 signum
2274 4481 2534 4559 alicujus
2562 4480 2897 4542 voluntatis
2920 4481 3027 4542 Dei
3051 4499 3067 4543 ε
3090 4499 3238 4559 ergo
3261 4485 3456 4545 maxi-

1894 4594 1995 4636 me
2022 4575 2207 4648 illius,
2234 4593 2356 4653 qua
2374 4574 2509 4634 vult
2526 4591 2639 4634 nos
2662 4572 2935 4653 obligare
2955 4574 3033 4634 ad
3056 4572 3260 4650 legem
3283 4574 3456 4636 illam

1894 4670 2295 4730 servandam:
2333 4686 2480 4748 ergo
2511 4668 2611 4728 lex
2654 4668 2955 4729 naturalis
2993 4667 3255 4730 includit
3294 4669 3457 4731 hanc

1891 4762 1999 4822 Dei
2025 4761 2433 4822 voluntatem.
2466 4760 2879 4822 Confirmatur
2898 4761 3117 4822 tertio:
3143 4763 3291 4841 01110
3313 4780 3452 4842 pec-

1891 4859 2096 4915 catum
2125 4860 2339 4915 contra
2364 4856 2565 4933 legem
2592 4856 2941 4916 naturalem
2970 4861 3060 4916 est
3087 4855 3455 4917 offensivum

1891 4948 2021 5022 Dei,
2048 4954 2109 5008 et
2135 4947 2281 5008 inde
2303 4948 2491 5008 habet
2512 4949 2844 5027 quamdam
2865 4948 3241 5008 infinitatem
3266 4964 3281 5007 ε
3306 4966 3452 5028 ergo

1888 5040 2137 5118 signum
2166 5045 2258 5099 est
2285 5058 2413 5100 esse
2441 5045 2653 5099 contra
2678 5041 2898 5113 Deum,
2928 5045 3000 5099 ut
3030 5044 3244 5099 contra
3268 5038 3454 5118 legis-

1885 5131 2181 5191 latorem:
2200 5133 2474 5192 continet
2494 5131 2661 5190 enim
2676 5129 3008 5190 virtualem
3027 5136 3451 5210 contemptum

1887 5222 2060 5299 ejus:
2087 5239 2234 5299 ergo
2261 5223 2362 5282 lex
2389 5221 2687 5281 naturalis
2711 5222 2818 5281 Dei
2838 5221 3222 5283 voluntatem
3251 5224 3451 5284 inclu-

1886 5313 1999 5389 dit,
2027 5314 2174 5391 quia
2200 5314 2333 5373 sine
2362 5314 2677 5373 voluntate
2707 5331 2834 5372 non
2861 5318 2953 5373 est
2978 5313 3302 5393 legislatiO.
3329 5316 3450 5375 De-

1885 5406 2075 5485 nique
2116 5405 2407 5484 obligatio
2449 5404 2602 5482 legis
2634 5406 2930 5466 naturalis
2969 5425 3116 5468 vera
3156 5407 3450 5483 obligatio

1887 5504 2015 5559 est:
2052 5498 2185 5559 hoec
2228 5503 2437 5560 autem
2480 5496 2775 5577 obligatio
2807 5499 3058 5580 aliquod
3091 5499 3326 5560 bonum
3357 5505 3448 5560 est
