3976 6219
487 548 622 609 cap.
653 531 723 604 23
747 527 1130 586 Turrecrem.
1161 519 1228 579 in
1254 519 1533 589 Summa,
1552 515 1662 575 lib.
1693 514 1754 581 Ξ,
1778 509 2045 590 cap.113

488 628 550 683 et
587 617 932 699 sequentib.
958 631 978 692 ;
1020 612 1197 673 Vald.
1251 610 1363 671 lib.
1394 612 1434 670 2
1467 605 1826 669 doctrinalis
1871 601 2040 673 fidei,

488 733 623 792 cap.
643 712 722 773 76
736 717 799 772 et
815 702 1496 788 sequentibus3Albe1-t.
1519 698 1814 778 PyghiuS,
1834 694 1976 755 libr.
2006 694 2045 753 5

487 807 565 867 de
610 802 957 866 Ecclesiast.
987 797 1335 872 Hierarcb.,
1378 813 1511 874 cap.
1549 794 1626 853 14
1651 795 1714 852 et
1750 790 1858 864 153
1891 788 2044 848 San-

486 899 646 975 der.,
683 897 793 959 lib.
843 898 884 956 2
931 895 1008 956 de
1060 890 1302 953 visibili
1326 886 1642 951 Monarch.
1671 906 1688 960 ;
1719 883 1935 961 Gajet„
1975 880 2044 940 in

485 992 745 1072 Apolog.
773 1006 885 1070 pro
916 990 1195 1049 Romano
1224 981 1544 1056 Pontifice,
1574 996 1708 1057 cap.
1743 978 1844 1050 15,
1875 974 1955 1034 ad
1976 974 2040 1050 83

485 1088 613 1148 Sot.
646 1086 711 1146 in
758 1086 821 1160 4,
861 1083 1003 1144 dist.
1036 1082 1139 1156 25,
1169 1098 1232 1158 q.
1263 1080 1326 1151 Ξ,
1362 1081 1480 1137 art.
1512 1076 1587 1150 53
1618 1070 1934 1144 Bellarm.,
1965 1068 2043 1129 de

487 1195 730 1239 summo
758 1178 963 1251 Pont.,
985 1175 1030 1235 l.
1057 1176 1118 1245 2,
1143 1190 1182 1232 a
1209 1189 1343 1250 cap.
1375 1170 1446 1243 63
1477 1162 1788 1227 Vellosillo
1813 1163 2047 1222 Lucen-

487 1273 569 1332 sis
599 1271 906 1351 Episcop.‚
937 1268 1005 1328 in
1039 1266 1394 1327 Advertent.
1428 1258 1671 1333 Theol.,
1702 1257 1770 1317 in
1807 1257 1845 1316 5
1886 1261 2039 1315 tom.

485 1364 764 1438 Hieron„
797 1380 860 1441 q.
893 1364 953 1423 5.

568 1458 627 1518 3.
649 1457 1034 1534 Praecipuum
1053 1451 1239 1529 hujus
1267 1445 1541 1510 veritatis
1567 1442 2043 1503 fundamentum

485 1550 725 1610 ratione
754 1546 940 1609 simul
962 1551 1023 1607 et
1045 1543 1407 1604 auctoritate
1433 1536 1778 1598 declaratur
1808 1550 1825 1593 ε
1855 1531 2044 1593 sumi-

485 1647 589 1702 tur
606 1642 774 1702 enim
797 1659 874 1702 ex
899 1639 1138 1699 unitate
1159 1632 1438 1696 Ecclesiae
1466 1629 1689 1691 Christi
1712 1625 1959 1691 Domini
1975 1625 2044 1686 in

485 1734 822 1812 Evangelio
855 1733 1001 1793 satis
1028 1727 1397 1808 significata,
1432 1729 1495 1786 et
1516 1741 1627 1803 per
1645 1719 1905 1782 Paulum
1938 1717 2045 1779 de·

488 1828 739 1902 clarata,
763 1829 793 1887 1
819 1823 1096 1885 Corinth.
1121 1824 1222 1897 12,
1245 1820 1552 1880 dicentem
1577 1835 1590 1877 :
1624 1813 1833 1876 Omnes
1850 1829 1958 1873 nos
1975 1811 2045 1872 in

485 1939 672 1983 unam
735 1937 949 1998 eorpus
1008 1915 1300 1995 baptizati
1348 1929 1555 1974 sumus
1570 1954 1589 1985 ‚
1636 1913 1753 1968 etc.
1777 1923 1798 1984 3
1854 1910 1918 1965 et
1963 1904 2043 1964 ad

487 2015 664 2074 Rom.
702 2014 777 2072 12
801 2029 818 2071 ι
839 2011 1030 2072 Multi
1054 2026 1238 2071 unum
1275 2022 1486 2084 corpas
1512 2004 1580 2064 in
1603 1999 1869 2074 Christo,
1893 2003 2009 2058 etc.
2018 2011 2039 2073 3

487 2106 652 2167 idem
682 2105 759 2165 ad
795 2103 1020 2183 Ephes.
1050 2104 1112 2178 4,
1149 2106 1212 2161 et
1243 2117 1404 2178 saepe
1434 2097 1622 2169 alias;
1653 2094 1847 2172 igitur
1869 2109 2045 2152 cons-

485 2199 658 2259 tituit
713 2197 985 2259 Christus
1027 2194 1321 2254 Dominus
1373 2188 1705 2251 Ecclesiam
1745 2192 2042 2264 tanquam

484 2309 683 2352 unum
698 2288 1014 2370 spirituale
1033 2303 1319 2365 regnum,
1341 2283 1408 2344 in
1427 2300 1550 2361 quo
1572 2297 1733 2340 unus
1744 2278 1932 2339 etiam
1953 2294 2044 2336 es-

485 2389 576 2444 set
590 2401 722 2457 rex,
747 2387 810 2443 et
833 2381 1118 2461 princeps
1141 2376 1504 2458 spiritualis3
1519 2390 1666 2451 ergo
1693 2387 1939 2434 necesse
1954 2373 2044 2429 est

469 2481 558 2535 ,ut
582 2477 639 2537 ei
659 2474 957 2535 subdatur
977 2470 1331 2551 temporalis
1343 2473 1631 2548 potestas,
1645 2466 1805 2526 sicut
1823 2479 2045 2541 corpus

487 2570 736 2629 animae.
781 2570 910 2628 Hoc
938 2568 1107 2628 enim
1139 2563 1422 2642 exemplo
1462 2559 1726 2639 explicat
1766 2554 2047 2618 subordi-

486 2663 805 2723 nationem
817 2661 1043 2721 barum
1067 2662 1437 2737 potestatum
1459 2655 1714 2730 Gregor.
1732 2652 2041 2726 Nazianz„

485 2761 642 2816 orat.
709 2758 785 2815 17
836 2754 913 2813 ad
949 2751 1249 2832 populum
1295 2750 1516 2809 timore
1556 2745 1928 2825 perculsum.
1967 2745 2046 2804 Et

485 2848 728 2922 merito,
755 2846 926 2925 quia,
955 2845 1111 2904 sicut
1140 2843 1328 2903 homo
1348 2858 1474 2900 non
1508 2844 1664 2900 esset
1691 2843 1857 2899 recte
1878 2855 2044 2898 com-

483 2940 741 3018 positus,
766 2938 886 2999 nisi
904 2954 1121 3015 corpus
1131 2939 1288 2995 esset
1307 2933 1531 2993 animae
1549 2930 2040 3004 subordinatum,

482 3031 572 3092 ita
600 3049 799 3113 neque
810 3030 1076 3091 Ecclesia
1093 3032 1251 3089 esset
1276 3024 1714 3087 convenienter
1730 3024 2040 3098 instituta,

486 3126 605 3185 nisi
623 3124 977 3204 temporalis
1005 3127 1273 3203 potestas
1304 3119 1609 3199 spirituali
1650 3117 2036 3180 subderetur.

485 3219 807 3297 Potestque
827 3216 1044 3278 eadem
1073 3214 1233 3279 ratio
1269 3212 1567 3275 declarari
1598 3216 1660 3273 et
1686 3208 2043 3273 confirmari

483 3329 561 3372 ex
605 3310 780 3371 dictis
824 3327 1010 3389 supra
1055 3309 1133 3370 de
1181 3306 1457 3368 dominio
1504 3305 1828 3378 indirecto,
1875 3301 2042 3381 quod

484 3404 767 3465 Pontifex
789 3403 979 3464 habet
1003 3402 1074 3462 in
1095 3400 1385 3461 universo
1412 3398 1560 3460 orbe
1586 3413 1603 3457 ε
1629 3414 1777 3458 nam
1797 3396 1914 3456 hoc
1935 3396 2043 3455 do-

483 3497 752 3557 minium
784 3514 913 3557 non
940 3494 1264 3569 fundatur,
1286 3491 1408 3551 nisi
1434 3491 1502 3551 in
1539 3488 2042 3550 subordinatione

480 3589 705 3650 harum
735 3594 1129 3668 potestatum.
1156 3585 1333 3661 Quia,
1363 3589 1436 3645 ut
1475 3583 1704 3644 ibidem
1727 3580 1880 3657 dixi,
1912 3598 2042 3640 non

485 3682 669 3743 estin
691 3679 984 3742 Pontifice
1011 3677 1241 3758 duplex
1272 3683 1559 3758 potestaS,
1590 3675 1694 3736 sed
1721 3692 1871 3748 una,
1901 3690 2071 3765 quse,

482 3774 713 3835 directe
738 3772 983 3852 respicit
1001 3770 1363 3850 spiritualia,
1393 3780 1457 3830 et
1475 3772 1917 3846 consequenter
1939 3778 2067 3845 eit-j

484 3866 761 3927 tenditur
805 3865 883 3926 ad
918 3862 1284 3942 temporalia
1311 3883 1326 3922 ε
1369 3861 1501 3923 haec
1527 3867 1739 3922 autem
1765 3857 2042 3920 extensio

482 3958 682 4019 solum
732 3975 863 4019 esse
916 3961 1118 4037 potest
1168 3960 1419 4036 propter
1471 3953 2042 4016 subordinationem

484 4051 841 4132 temporalis
895 4051 1215 4131 potestatis
1264 4049 1343 4110 ad
1389 4047 1795 4127 spiritualem.
1840 4046 2044 4126 Atque

484 4145 603 4206 hac
626 4147 865 4206 ratione
883 4144 1206 4219 Bernard.‚
1235 4142 1346 4203 lib.
1378 4144 1419 4202 4
1440 4142 1517 4203 de
1535 4141 1808 4216 Consid.,
1834 4157 1971 4219 cap.
2005 4139 2043 4199 3

484 4236 632 4298 dicit
660 4237 1017 4299 Pontificem
1057 4237 1291 4298 babere
1336 4234 1524 4296 simul
1556 4234 1832 4313 gladium
1864 4231 2043 4313 spiri-

483 4329 717 4392 tualem
745 4337 808 4392 et
833 4330 1203 4404 naturalem,
1255 4329 1404 4408 quia
1452 4327 1553 4388 vel
1602 4343 1802 4387 unum
1849 4324 2040 4386 babet

483 4424 736 4501 directe,
763 4431 826 4486 et
847 4424 1042 4485 alium
1061 4423 1382 4497 indirecte,
1429 4421 1530 4482 vel
1572 4438 1772 4481 unum
1798 4419 1868 4479 in
1894 4437 1958 4480 se
1977 4423 2041 4479 et

482 4536 594 4597 per
619 4535 706 4593 se,
738 4517 931 4578 alium
968 4516 1085 4578 sibi
1124 4515 1622 4589 subordinatum,
1657 4512 1822 4592 quod
1849 4510 2041 4590 signi-

483 4609 651 4686 ficat,
674 4629 817 4671 cum
845 4611 933 4671 ait
955 4608 1335 4689 spiritualem
1356 4607 1633 4687 gladium
1666 4606 1744 4667 ab
1771 4604 2042 4666 Ecclesia

483 4703 895 4766 exercendum
937 4720 1065 4763 esse
1085 4747 1105 4776 ,
1155 4699 1538 4762 materialem
1577 4717 1725 4761 vero
1764 4718 1803 4760 a
1846 4698 2042 4760 milite

484 4815 596 4877 pro
627 4795 894 4857 Ecclesia
921 4794 1001 4855 ad
1028 4798 1253 4854 nutum
1296 4793 1650 4870 sacerdotis„
1695 4798 1759 4854 et
1794 4792 2043 4871 jussum

483 4890 890 4971 imperatoris,
927 4888 1104 4951 Unde
1133 4887 1202 4950 in
1229 4905 1363 4968 cap.
1399 4886 1513 4949 ult.
1547 4885 1906 4949 Pontificem
1932 4903 2042 4948 vo-

482 4991 582 5047 cat
625 4985 772 5063 fidei
816 4985 1177 5062 defensorem
1190 5027 1211 5057 ,
1255 4980 1745 5045 Christianorum
1792 4982 1992 5044 ducem
2012 5025 2035 5057 ,

481 5079 724 5158 virqam
763 5077 1114 5156 potentium,
1153 5074 1433 5137 matteum
1471 5079 1888 5153 tyrannorum,
1938 5091 2040 5135 re-

482 5187 627 5250 ynm
644 5174 907 5250 patrem,
959 5169 1157 5249 leynam
1182 5167 1627 5242 moderatorem,
1655 5167 1846 5228 Dewm
1873 5166 2040 5229 Plea-

483 5264 713 5324 raonie.
746 5262 845 5323 Sic
873 5261 1060 5322 etiam
1089 5259 1388 5321 conclusit
1415 5259 1762 5320 Bonifacius
1788 5259 1953 5338 Papa
1972 5259 2042 5319 in

481 5357 811 5431 Extravag.
851 5355 1043 5417 Unam
1064 5359 1348 5428 sonctam,
1367 5352 1443 5413 de
1455 5354 1717 5431 Majorit.
1732 5359 1795 5413 et
1811 5352 1992 5413 obed.
2020 5367 2038 5412 z

487 5448 730 5528 Oportet
752 5446 1027 5525 ⁸cladium
1059 5465 1180 5508 esse
1205 5446 1313 5508 sub
1335 5446 1560 5526 ρῑαᾱὶο,
1590 5452 1644 5508 et
1664 5444 2043 5523 temporalem

486 5541 902 5604 anctoritatem
953 5538 1273 5621 spirituali
1330 5537 1552 5617 subjici
1588 5539 1896 5619 potestati.
1949 5539 2044 5600 Ex

1470 417 1587 469 Lm.
1622 416 1703 468 lv,
1740 414 1822 467 DE
1852 412 2014 465 LEGE
2044 409 2330 463 Posmwl
2361 408 2685 461 mamea.

2125 527 2250 588 quo
2275 512 2451 569 textu
2486 505 2754 585 amplius
2780 501 3107 564 roboratur
3130 497 3290 560 ratio
3314 496 3511 574 facta3
3536 495 3691 576 quia

2125 601 2231 662 ubi
2259 607 2352 662 est
2375 617 2573 660 unum
2622 613 2866 676 corpus,
2897 610 3145 655 neeesse
3182 596 3276 652 est
3307 608 3437 652 esse
3482 605 3688 650 unum

2124 700 2308 774 caput
2338 694 2417 755 ad
2462 692 2628 772 quod
2677 690 2889 752 omnia
2933 687 3138 766 aliquo
3171 685 3357 746 modo
3390 701 3689 745 revocen-

2123 794 2249 864 tur,
2280 787 2576 867 quoniam
2607 785 2757 845 alias
2784 798 2985 862 neque
3014 799 3158 860 pax,
3187 796 3390 858 neque
3411 777 3689 857 perfecta

2123 881 2331 941 unitas
2355 884 2558 959 posset
2592 894 2722 940 esse
2748 876 2817 937 in
2853 891 3105 954 corpore
3128 894 3146 948 3
3180 870 3449 933 Ecclesia
3471 875 3688 932 autem

2123 973 2422 1035 CHRISTI
2447 989 2645 1033 unum
2674 985 2897 1049 corpus
2916 972 3028 1041 oet,
3058 970 3131 1026 ut
3156 963 3472 1038 diximus3
3504 978 3683 1038 ergo,

2123 1066 2408 1146 quamvis
2434 1065 2501 1125 in
2523 1083 2597 1126 eo
2623 1063 2751 1124 sint
2781 1060 2986 1140 plures
3010 1061 3368 1138 potffltates,
3410 1070 3517 1115 sen
3550 1070 3688 1113 ma-

2125 1160 2440 1238 gistratus,
2483 1174 2730 1220 necesse
2770 1159 2863 1215 est
2886 1159 2959 1216 ut
2982 1152 3147 1212 inter
3180 1167 3245 1211 se
3276 1148 3551 1211 habeant
3582 1165 3688 1207 su-

2123 1253 2643 1327 bordinationem,
2678 1251 2769 1314 ita
2803 1253 2878 1310 ut
2901 1247 2979 1308 ad
3004 1262 3203 1306 unum
3247 1242 3457 1322 aliquo
3496 1241 3686 1302 modo

2123 1352 2493 1408 revocentur
2517 1349 2767 1425 propter
2789 1341 3094 1404 rationem
3122 1337 3350 1399 factam
3362 1351 3386 1412 3
3414 1352 3566 1413 ergo
3585 1333 3688 1395 vel

2126 1438 2467 1519 spiritualis
2512 1443 2782 1518 potestas
2835 1431 3268 1495 subordinatur
3317 1426 3647 1508 temporali
3660 1473 3682 1503 ,

2121 1533 2275 1595 vele
2298 1533 2628 1593 contrario.
2660 1530 2936 1591 Primum
2955 1525 3079 1586 dici
3098 1541 3225 1584 non
3253 1526 3455 1602 potest
3465 1536 3486 1598 3
3506 1538 3683 1595 nam,

2124 1633 2196 1688 ut
2241 1626 2474 1686 ibidem
2527 1643 2604 1687 ex
2657 1622 2849 1683 Paulo
2889 1618 3072 1680 affert
3104 1615 3420 1690 Pontifex,
3459 1614 3607 1688 Quoe
3645 1631 3687 1675 a

2124 1723 2248 1783 Deo
2280 1724 2445 1793 sunt,
2475 1718 2756 1779 ordinata
2782 1720 2924 1777 sunt
2944 1739 2967 1786 ;
2998 1715 3157 1772 esset
3186 1714 3396 1769 autem
3437 1724 3686 1785 perver-

2123 1831 2227 1873 sus
2254 1811 2427 1886 ordo,
2474 1810 2527 1870 si
2574 1806 2916 1888 spiritualia
2960 1803 3238 1883 subjecta
3270 1805 3476 1861 essent
3516 1804 3684 1859 tem-

2122 1904 2478 1986 poralibus;
2524 1920 2675 1981 ergo
2705 1899 3045 1962 secundum
3090 1892 3433 1956 necessario
3470 1892 3684 1952 dieen-

2121 1999 2271 2060 dum
2298 2006 2409 2061 est.

2202 2097 2262 2155 4.
2313 2094 2570 2173 Objectio
2599 2086 3138 2152 dimittere-Dicet
3174 2082 3429 2144 fortasse
3454 2079 3682 2159 aliquis

2122 2187 2481 2262 Ecclesiam,
2506 2191 2575 2245 ut
2593 2182 2859 2265 perfecte
2876 2198 3006 2241 una
3023 2179 3103 2240 sit
3126 2177 3495 2238 sufficienter
3509 2171 3683 2233 uniri

2122 2282 2191 2341 in
2239 2299 2366 2341 uno
2411 2279 2608 2358 capite
2648 2295 2793 2351 suo,
2838 2273 3002 2354 quod
3038 2278 3132 2333 est
3168 2269 3466 2333 Christus.
3508 2267 3687 2326 Hanc

2123 2377 2290 2438 enim
2308 2374 2769 2454 responsionem
2791 2374 2994 2450 posset
3015 2367 3154 2447 quis
3173 2366 3420 2425 incaute
3441 2377 3686 2422 sumere

2125 2488 2202 2532 ex
2226 2468 2458 2543 Wald.,
2487 2467 2530 2528 l.
2565 2469 2605 2526 2
2638 2467 2838 2526 Doctr.
2870 2461 3038 2536 fidei,
3071 2478 3205 2539 cap.
3239 2459 3340 2532 78,
3380 2475 3448 2515 n.
3480 2456 3544 2528 4,
3574 2452 3687 2513 ubi

2124 2565 2210 2625 sic
2225 2562 2428 2640 inquit
2443 2576 2459 2620 ε
2476 2561 2569 2623 Et
2587 2560 2742 2639 quod
2765 2560 3030 2636 aequant
3052 2552 3319 2634 qnidam.
3341 2547 3687 2611 Ecclesiam

2125 2656 2510 2718 reducendam
2564 2671 2686 2716 esse
2730 2650 2798 2712 in
2846 2648 3150 2709 monadem
3164 2689 3184 2720 ,
3233 2660 3439 2704 veram
3485 2645 3575 2702 est
3620 2641 3687 2700 in

2130 2748 2463 2823 Christum,
2482 2747 2587 2826 qui
2609 2745 2773 2808 solus
2799 2744 2866 2806 in
2894 2759 2992 2803 ore
3013 2744 3188 2813 tenet,
3218 2738 3286 2800 in
3312 2735 3568 2814 yminoe
3579 2751 3687 2811 po-

2126 2842 2364 2905 testatis
2390 2857 2513 2902 snoe
2536 2839 2803 2918 siquam,
2829 2834 3103 2915 qladium
3125 2832 3219 2893 bis
3256 2833 3522 2892 acutam.
3558 2825 3687 2888 Ca·-

2125 2940 2318 2998 terum
2354 2933 2462 2995 sub
2494 2931 2737 2995 Christo
2761 2928 3031 2991 sacerdos
3059 2929 3113 2988 et
3144 2941 3255 2985 rese
3274 2920 3687 3000 impermistas

2125 3028 2419 3091 continent
2451 3029 2793 3104 potestates.
2836 3017 3282 3099 Respondetur,
3309 3015 3387 3075 ad
3412 3013 3686 3092 priorem

2123 3126 2388 3201 partem,
2433 3118 2605 3178 illam
2647 3114 3016 3177 sententiam
3062 3113 3130 3172 in
3168 3129 3243 3172 eo
3284 3125 3469 3170 sensu
3518 3124 3686 3166 sum-

2121 3219 2317 3293 ptam,
2349 3217 2412 3272 et
2435 3212 2537 3271 hic
2561 3208 2931 3290 applicatam
2950 3223 3077 3266 non
3103 3221 3283 3283 posse
3309 3199 3682 3262 satisfacere.

2124 3308 2278 3380 Quia
2307 3305 2571 3367 Ecclesia
2612 3303 2887 3364 militans
2933 3305 3025 3361 est
3054 3316 3253 3359 unum
3287 3312 3502 3374 corpus
3528 3293 3687 3354 visi-

2123 3399 2245 3461 bile
2276 3400 2345 3459 in
2375 3399 2493 3459 hoc
2520 3395 2753 3457 mundo
2795 3394 3084 3468 existenS,
3128 3408 3201 3451 ac
3238 3389 3512 3466 indigens
3555 3403 3682 3463 gu-
3776 3397 3791 3405 ·

2120 3492 2486 3554 bernatione
2505 3490 2808 3564 humana,
2839 3493 2902 3549 et
2929 3492 3222 3548 externa:
3247 3499 3385 3559 ergo
3411 3496 3536 3540 non
3559 3496 3679 3556 po—

2121 3591 2240 3646 test
2265 3584 2466 3645 solnm
2496 3581 2707 3645 reduci
2752 3579 3108 3641 immediate
3136 3576 3215 3638 ad
3245 3578 3425 3654 caput
3456 3570 3689 3632 invisi-

2121 3678 2245 3740 bile
2266 3676 2623 3738 hominibus
2651 3672 3031 3741 mortalibus,
3059 3668 3243 3751 quale
3262 3673 3352 3729 est
3372 3665 3686 3727 Christus:

2123 3790 2269 3851 ergo
2295 3788 2539 3833 necesse
2567 3774 2664 3831 est
2696 3773 2769 3829 ut
2800 3767 2987 3829 etiam
3017 3763 3299 3827 Vicarius
3322 3758 3546 3822 Christi
3573 3757 3691 3817 ha-

2121 3866 2265 3928 beat
2297 3863 2722 3927 excellentiam
2752 3859 3092 3942 potestatis,
3115 3856 3225 3916 ubi
3244 3854 3450 3915 fuerat
3475 3867 3690 3913 neces-

2123 3960 2285 4021 saria
2314 3959 2392 4020 ad
2438 3957 2808 4019 conveniens
2844 3954 3125 4033 regimen
3149 3949 3338 4011 totius
3370 3945 3684 4026 eorporis3

2124 4053 2255 4133 ipse
2311 4069 2459 4129 ergo
2504 4055 2597 4111 est
2644 4047 3004 4129 simpliciter
3056 4059 3415 4124 supremum
3472 4044 3685 4118 caput.

2122 4146 2331 4224 Neque
2359 4142 2644 4205 Walden.
2670 4142 2738 4202 in
2770 4139 3078 4203 contrario
3095 4154 3280 4198 sensu
3299 4135 3546 4195 locutus
3565 4139 3685 4201 est,

2121 4237 2226 4298 sed
2261 4236 2392 4315 agit
2423 4235 2499 4297 de
2528 4234 2887 4296 reductione
2908 4232 3230 4310 utriusque
3256 4226 3577 4309 potestatis
3602 4223 3691 4285 ad

2118 4347 2318 4390 unum
2342 4328 2720 4410 principium
2748 4325 2949 4407 quoad
2970 4323 3300 4402 originem,
3332 4325 3397 4381 et
3430 4318 3692 4399 partiei-

2120 4422 2368 4502 patione
2411 4421 2639 4482 directe
2668 4415 3132 4499 Jurisdictionis,
3165 4429 3356 4494 quam
3380 4406 3705 4491 unaque&

2120 4533 2239 4595 que
2283 4514 2534 4575 illarum
2577 4517 2949 4593 potestatum
2983 4508 3172 4569 habet
3198 4507 3266 4567 in
3297 4522 3411 4566 suo
3437 4504 3689 4565 ordine.

2122 4610 2200 4670 Et
2220 4608 2335 4669 hoc
2347 4626 2529 4669 sensu
2549 4607 2700 4667 dicit
2714 4604 3151 4686 impermistas,
3167 4608 3230 4664 et
3246 4599 3457 4663 reduci
3478 4596 3698 4659 solum

2122 4701 2201 4762 ad
2246 4701 2463 4778 Deum,
2508 4700 2609 4762 vel
2654 4700 3000 4761 Christum:
3055 4715 3183 4758 non
3232 4700 3418 4773 negat
3468 4700 3697 4753 tamen

2121 4795 2275 4875 quin
2305 4794 2522 4857 saltem
2548 4794 2844 4855 indirecte
2869 4797 3139 4873 potestas
3158 4783 3515 4867 temporalis
3542 4782 3702 4843 sub-

2121 4889 2445 4952 ordinetur
2468 4886 2795 4968 spirituali,
2821 4885 3128 4965 praecipue
3149 4883 3216 4945 in
3239 4880 3456 4943 ordine
3482 4877 3565 4938 ad
3590 4875 3701 4936 vi-

2121 4983 2381 5043 tandum
2413 4986 2735 5062 peccatum
2764 4983 2827 5039 et
2848 4978 3128 5039 divinam
3153 4974 3582 5049 offensionem,
3617 4980 3703 5033 ut

2122 5077 2188 5136 in
2210 5094 2472 5137 numero
2500 5078 2670 5136 sexto
2698 5090 2979 5151 expresse
3012 5069 3346 5132 declaravit
3373 5085 3518 5128 cum
3557 5067 3705 5127 Hu—

2123 5188 2268 5249 gon.
2304 5170 2382 5231 de
2411 5170 2637 5230 Sancto
2664 5166 2891 5228 Victor.
2901 5211 2922 5242 ,
2950 5165 2994 5226 l.
3026 5166 3066 5224 Ξ
3093 5164 3171 5225 de
3200 5162 3473 5223 Sacram.
3481 5205 3503 5237 ,
3535 5177 3587 5220 c.
3622 5161 3698 5235 4,

2123 5263 2161 5322 6
2188 5267 2251 5322 et
2278 5265 2336 5322 7.

2204 5357 2262 5415 5.
2314 5352 2731 5433 Confirmatio.
2764 5386 2843 5396 —
2886 5350 3178 5412 Obstat-ar
3234 5348 3569 5428 objectioni.
3603 5382 3707 5394 —

2121 5448 2197 5508 Et
2225 5445 2373 5507 hinc
2412 5451 2612 5527 potest
2636 5463 2800 5506 nova
2834 5440 3221 5504 confirmatio
3248 5440 3393 5501 addi
3420 5439 3708 5501 fundata

2122 5539 2191 5600 in
2225 5537 2428 5601 verbis
2470 5538 2694 5602 Gelasii
2738 5537 2917 5619 Papus
2946 5535 3012 5593 in
3055 5550 3191 5615 cap.
3236 5535 3373 5597 Duo
3402 5539 3571 5611 sunt,
3605 5532 3706 5594 96
