3976 6219
488 411 607 473 190

1492 413 1607 465 Lm.
1643 412 1727 465 111.
1767 412 1844 464 DE
1876 410 2038 465 LEGE
2070 412 2332 466 HUHANA
2365 414 2444 466 ΕΤ
2477 413 2682 465 clvlu.

486 536 632 578 vera
677 523 788 592 est,
842 518 964 577 nisi
1011 534 1089 578 ex
1125 516 1228 578 Dei
1276 516 1652 579 revelatione
1692 516 2052 576 ostendatur
2130 518 2406 597 Denique
2434 517 2741 577 rationem
2779 531 2816 573 a
2841 509 3032 591 priori
3059 509 3245 589 hujus
3271 506 3550 568 veritatis
3589 525 3695 566 su-

486 610 621 688 ejus
642 608 958 671 voluntate
983 628 1112 671 esse
1141 610 1372 670 factum
1385 626 1405 687 3
1432 615 1493 669 at
1516 609 1633 669 hoc
1667 607 1904 669 ostendi
1923 627 2050 668 non

483 708 723 782 potest3
750 702 877 762 imo
910 702 1288 763 contrarium
1316 707 1573 777 constat,
1610 707 1670 761 et
1701 702 1831 760 sine
1861 700 2048 761 dubio

485 797 573 856 ita
594 795 957 874 expediebat
977 794 1057 855 ad
1080 795 1223 855 fidei
1246 794 1580 875 puritatem
1605 799 1666 854 et
1686 794 1762 853 ad
1795 811 2047 853 omnem

484 888 861 950 calumniam
912 888 1273 950 vitandam:
1331 887 1496 948 unde
1552 887 1792 966 antiqui
1844 888 2049 947 Patres

483 982 836 1056 advertunt,
866 981 933 1041 in
961 981 1141 1042 initio
1164 980 1613 1061 praedicationis
1638 978 2046 1057 Evangelicae,

484 1075 793 1135 daemones
842 1080 903 1135 et
931 1073 1134 1134 hostes
1162 1074 1306 1134 fidei
1346 1073 1507 1133 hanc
1534 1080 1745 1133 notam
1787 1077 1850 1132 et
1884 1072 2049 1132 infa-

483 1168 676 1228 miam
721 1167 1009 1244 religioni
1054 1165 1412 1227 Christianae
1467 1166 1713 1226 inurere
1760 1165 2046 1239 voluisse,

484 1260 649 1338 quod
685 1260 1063 1339 principatus
1088 1258 1393 1317 humanos
1422 1263 1743 1331 everteret,
1777 1265 1838 1318 et
1864 1258 2048 1317 liber-

482 1357 676 1412 tatem
696 1370 768 1412 ac
795 1351 1217 1412 confusionem
1240 1351 1575 1429 quamdam
1603 1350 2043 1424 introduceret,

484 1451 547 1505 et
578 1445 715 1506 ideo
742 1444 1062 1524 Apostolos
1090 1445 1340 1504 Petrum
1374 1449 1435 1503 et
1484 1444 1743 1504 Paulum
1785 1462 1863 1505 ex
1904 1460 2047 1523 pro·

483 1536 641 1597 fesso
666 1541 840 1597 tanto
868 1536 1030 1596 malo
1063 1535 1419 1596 occurrisse.
1453 1537 1544 1596 Ita
1580 1535 2046 1615 Chrysostomus

484 1634 547 1689 et
575 1629 988 1708 Hieronymus
1006 1647 1158 1708 quos
1190 1629 1256 1689 in
1277 1629 1580 1707 principio
1610 1628 1816 1689 citavi.

565 1724 623 1783 8.
657 1723 733 1783 Et
767 1724 934 1783 idem
955 1722 1142 1783 sentit
1162 1722 1386 1781 Justin.
1415 1722 1667 1801 Martyr.
1698 1721 1859 1781 dicta
1886 1721 2046 1800 Apo-

484 1814 650 1893 logia
676 1817 715 1875 2
745 1834 855 1894 pro
903 1814 1287 1888 ChristianiS,
1327 1814 1437 1873 ubi
1478 1832 1554 1875 ex
1594 1814 1867 1893 professo
1909 1832 2046 1893 per-

485 1908 740 1967 suadere
772 1912 1029 1968 conatur
1056 1907 1413 1985 imperatori
1446 1913 1809 1986 potestatem
1856 1924 2046 1984 quam

486 1999 752 2060 habebat
768 2006 917 2059 tunc
943 2000 1010 2059 in
1031 1999 1402 2060 Christianos
1430 1999 1509 2059 ad
1543 2000 1843 2076 iustitiam
1873 2017 2047 2059 exer-

485 2093 744 2153 cendam
773 2092 851 2152 ab
880 2092 967 2152 eis
996 2092 1368 2169 recognosci.
1403 2093 1530 2151 lmo
1558 2092 1755 2151 addit:
1799 2091 1853 2153 A
1881 2093 2047 2154 vobis

485 2190 681 2247 autem
705 2186 812 2247 Icoc
852 2186 1032 2246 etiam
1076 2185 1514 2258 contendimus,
1559 2189 1626 2245 ut
1656 2202 1748 2246 eos
1787 2186 1890 2263 qui
1930 2203 2048 2245 non

485 2282 867 2355 conyruentes
916 2277 1045 2354 eJ‘us
1103 2276 1201 2352 (id
1236 2282 1349 2351 est,
1404 2276 1628 2335 Christi
1654 2278 1672 2353 )
1723 2277 1969 2338 decretis
1992 2281 2049 2338 et

478 2371 795 2448 praeceptis
830 2370 1062 2444 vivunt,
1095 2374 1438 2446 tantumque
1468 2367 1810 2430 Christiani
1834 2370 2047 2430 dican-

485 2467 590 2524 tur
617 2507 637 2537 ,
696 2462 1018 2542 suppliciis
1069 2463 1403 2523 coerceatis.
1464 2462 1539 2520 Et
1618 2462 1994 2539 Augustinus
2023 2507 2043 2537 ,

485 2556 665 2617 Conc.
702 2558 801 2632 31,
846 2555 915 2616 in
943 2555 1005 2614 id
1040 2554 1263 2614 Psalm.
1319 2556 1433 2616 ⁴18
1465 2576 1479 2613 :
1514 2555 1833 2633 Principes
1851 2573 2047 2634 perse-

486 2650 612 2710 cuti
634 2653 775 2711 sunt
798 2666 890 2709 me
915 2650 1147 2726 gratis,
1183 2647 1500 2725 eleganter
1527 2648 1877 2726 expendens
1905 2666 2046 2726 par-

486 2741 744 2801 ticulam
790 2740 962 2800 illam
1001 2741 1225 2818 qratiS,
1260 2741 1389 2799 ait:
1434 2740 1486 2799 si
1510 2740 1914 2817 Evangelium
1942 2760 2045 2801 eos

486 2834 612 2893 suis
642 2833 850 2911 regnis
883 2832 1178 2911 privaret,
1204 2831 1404 2892 videri
1424 2839 1669 2911 possent
1695 2852 1823 2893 non
1852 2835 2045 2912 gratis

486 2946 601 2989 1100
629 2928 763 2988 51110
799 2927 1114 2987 occasione
1146 2929 1600 3004 persecutiones
1651 2934 1865 2988 contra
1890 2928 2048 2988 illud

486 3020 820 3095 excitasse3
852 3038 1021 3079 nunc
1057 3024 1267 3079 autem
1299 3037 1441 3081 vere
1480 3020 1691 3098 gratis,
1725 3020 1873 3098 quia
1917 3038 2047 3081 non

486 3115 671 3194 eripit
689 3113 996 3188 mortalia,
1028 3113 1174 3190 quia
1204 3130 1398 3190 regna
1420 3114 1527 3172 dat
1553 3112 1851 3173 coelestia:
1882 3113 2048 3173 unde

485 3226 630 3268 cum
676 3207 994 3286 Prophetae
1044 3205 1461 3284 praedixerunt
1518 3224 1694 3284 reges
1740 3212 1920 3266 terrae
1969 3206 2046 3265 ad

485 3300 793 3361 Christum
809 3299 1252 3360 convertendos
1276 3298 1484 3374 fuisse,
1506 3305 1577 3359 ut
1598 3299 1731 3360 lsai.
1754 3301 1832 3360 49
1858 3305 1919 3361 et
1942 3301 2044 3375 60,

482 3411 611 3454 11011
655 3392 1084 3471 significarunt
1140 3392 1470 3452 amissuros
1516 3392 1703 3453 fuisse
1744 3410 1940 3471 regna
1971 3411 2045 3452 eo

485 3485 651 3564 quod
680 3485 917 3545 Christo
952 3483 1424 3561 subjicerentur,
1457 3482 1563 3544 sed
1600 3483 2045 3545 illuminandos

486 3584 556 3637 111
582 3576 803 3637 melius
826 3582 1075 3656 possent
1095 3576 1373 3654 judicare
1398 3583 1651 3651 terram,
1678 3578 1863 3655 juxta
1889 3578 2043 3639 illud

485 3669 709 3731 Psalm.
743 3673 819 3730 2:
847 3672 930 3731 Et
956 3687 1113 3732 nunc
1144 3687 1313 3748 reyes
1341 3670 1685 3749 intelligite,
1717 3673 2043 3733 erudimini

483 3764 589 3843 qui
593 3763 897 3841 judicatis
924 3767 1172 3836 terram,
1203 3763 1418 3825 servite
1434 3763 1692 3824 Domino
1719 3765 1786 3825 in
1806 3766 2039 3840 timore,

482 3862 601 3916 etc.
647 3855 723 3914 Et
748 3858 986 3914 constat
1018 3871 1056 3913 a
1084 3855 1387 3934 principio
1428 3854 1705 3916 Ecclesiae
1742 3856 1808 3917 id
1838 3857 2044 3917 obser-

476 3942 698 4008 'vatum
726 3965 855 4008 esse
884 3946 950 4006 in
978 3946 1449 4025 imperatoribus
1486 3947 1765 4028 Philippo
1794 3955 1854 4010 et
1890 3950 2044 4010 Con-

481 4045 664 4102 stant.
673 4087 695 4117 ,
718 4046 780 4101 et
792 4046 1004 4120 postea
1030 4041 1096 4100 in
1122 4039 1279 4117 aliis,
1301 4046 1362 4102 et
1388 4060 1584 4120 usque
1601 4040 1783 4103 hodie
1812 4046 2042 4105 servari

483 4135 551 4196 in
591 4135 689 4196 his
720 4135 1079 4215 provinciis,
1129 4140 1190 4196 et
1219 4136 1428 4214 regnis
1455 4154 1593 4215 quae
1636 4137 1712 4197 de
1758 4155 1923 4199 novo
1960 4138 2041 4198 ad

481 4227 669 4290 fidem
693 4233 1156 4289 convertuntur.
1186 4228 1316 4288 Imo
1334 4234 1498 4290 recte
1518 4230 1807 4308 expendit
1824 4230 2006 4291 Basil.
2015 4277 2036 4307 ,

482 4320 645 4382 dicto
673 4339 808 4400 cap.
853 4322 932 4381 23
969 4321 1514 4398 Constitutionum,
1556 4339 1682 4382 non
1708 4322 1906 4384 solum
1936 4323 2041 4384 de-

481 4416 626 4476 bere
650 4414 1027 4477 Christianos
1049 4432 1300 4493 parcere
1314 4415 1438 4475 suis
1463 4414 1713 4493 regibus
1731 4417 2042 4476 conversis

480 4507 561 4568 ad
580 4507 791 4584 fidem,
828 4506 936 4568 sed
984 4508 1174 4569 etiam
1224 4510 1382 4587 quod
1417 4508 1619 4586 majus
1646 4513 1733 4570 est
1762 4509 2037 4588 (inquit),

481 4601 664 4663 etiam
687 4599 822 4661 illis
848 4617 1100 4679 quorum
1128 4601 1257 4661 vita
1280 4599 1473 4678 impia
1498 4605 1679 4662 erat:
1712 4618 1860 4660 nam
1887 4601 2042 4662 tales

482 4698 661 4753 erant
704 4692 1014 4772 principes
1056 4692 1282 4767 saeculi,
1326 4692 1573 4770 quando
1613 4692 1889 4772 Apostoli
1921 4693 2043 4754 illis

481 4786 731 4847 obedire
754 4785 1213 4866 praecipiebant,
1239 4786 1451 4864 utique
1474 4785 1542 4846 in
1560 4784 1679 4861 his,
1714 4805 1851 4866 quae
1879 4788 2043 4848 mala

479 4897 609 4941 non
637 4885 803 4955 sunt,
857 4897 970 4940 nec
1012 4880 1136 4940 Deo
1186 4879 1514 4954 contraria,
1561 4881 1711 4958 quia
1742 4881 2043 4942 naturalis

476 4974 718 5054 justitia
749 4973 868 5033 1100
895 4972 1166 5052 postulat
1196 4973 1294 5034 cui
1321 4972 1725 5050 Evangelium
1752 4991 1878 5034 non
1899 4993 2043 5035 0011-

480 5067 750 5128 tradicit.
783 5066 1047 5145 Ideoque
1070 5063 1223 5125 tales
1268 5083 1445 5143 reges
1496 5083 1606 5143 per
1637 5065 1868 5127 bellum
1909 5068 2045 5146 pri-

479 5162 613 5220 vari
640 5178 767 5219 non
796 5164 1051 5240 possunt
1078 5176 1188 5218 sua
1220 5164 1543 5238 potestate,
1576 5159 1696 5219 nisi
1730 5160 1798 5219 in
1834 5160 2042 5221 Chris-

479 5253 666 5312 tianae
712 5252 1027 5330 religionis
1069 5251 1361 5330 injuriam
1395 5252 1492 5312 vel
1534 5252 1809 5312 fidelium
1835 5254 2044 5313 subdi-

477 5351 684 5406 torum
704 5347 1042 5424 perniciem
1056 5345 1162 5405 illa
1185 5345 1540 5417 abutantur,
1556 5353 1625 5406 ut
1645 5353 1736 5406 est
1756 5354 2041 5408 constans

478 5438 786 5499 sententia
810 5439 970 5517 apud
991 5438 1326 5515 theologos,

560 5536 621 5592 9.
669 5531 947 5595 Secunda
975 5533 1135 5593 ratio
1165 5548 1203 5591 a
1223 5532 1428 5611 priori
1458 5552 1528 5595 ecc
1561 5532 1928 5614 AuyustinO.
1960 5569 2042 5580 —-

2130 628 2232 670 mo
2261 630 2336 671 ex
2378 609 2747 687 Augustino,
2791 605 2900 666 lib.
2939 606 3015 664 19
3057 602 3132 663 de
3174 601 3377 674 civit„
3421 618 3555 678 cap.
3590 603 3691 671 Π,

2130 703 2234 762 ubi
2271 704 2596 764 veritatem
2630 699 2993 761 catholicam
3017 696 3113 756 his
3142 693 3347 754 verbis
3371 692 3690 770 proponit:

2131 795 2369 858 Civitas
2391 795 2666 869 caelestis,
2683 793 2772 855 vel
2790 791 2993 870 potius
3011 806 3159 867 pars
3185 788 3336 865 ejus,
3361 786 3502 846 dum
3531 786 3701 862 apud

2129 894 2426 951 terrenam
2467 888 2768 949 civitatem
2806 884 2965 945 velut
3007 879 3305 958 captivam
3342 877 3533 938 vitam
3564 892 3693 936 suae

2123 982 2633 1061 pereyrinationis
2661 980 2816 1057 ayit,
2848 975 3079 1055 legibus
3107 978 3356 1035 terrente
3390 970 3689 1043 civitatis,

2128 1076 2343 1156 quibus
2384 1077 2508 1137 lioec
2536 1072 3070 1142 administrantur,
3114 1082 3244 1146 quoe
3285 1066 3691 1126 sustentandoe

2128 1169 2270 1230 vita»
2307 1167 2556 1229 mortali
2597 1163 3031 1229 accommodata
3076 1162 3239 1232 sunt,
3291 1156 3690 1233 obtemperare

2127 1278 2244 1322 non
2270 1262 2523 1322 dubitat.
2568 1259 2698 1319 Hoc
2731 1261 2939 1318 autem
2970 1253 3039 1313 in
3056 1252 3287 1313 virtute
3314 1250 3400 1309 sic
3426 1248 3680 1328 probat:

2133 1354 2395 1416 Terrena
2437 1352 2675 1425 civitas,
2707 1350 2890 1414 etiam
2936 1365 3068 1428 quoe
3105 1362 3221 1406 non
3264 1343 3518 1405 civitem
3543 1340 3679 1417 fide,
3741 1350 3748 1355 ·

2128 1447 2452 1508 humanum
2489 1462 2706 1523 panem
2749 1442 3000 1521 appetit,
3032 1439 3099 1499 in
3139 1454 3310 1516 eoque
3336 1433 3548 1510 defiqit
3573 1433 3687 1493 im-

2121 1540 2401 1618 perandi.
2448 1537 2858 1615 obediendique
2903 1531 3275 1596 concordiam
3326 1527 3570 1599 civium,
3619 1530 3689 1586 ut

2128 1634 2212 1694 sit
2235 1632 2323 1694 eis
2350 1633 2417 1694 de
2451 1631 2628 1692 rebus
2663 1630 2745 1691 ad
2768 1625 3077 1690 mortalem
3113 1623 3301 1684 vitam
3324 1619 3686 1699 pertinenti-

2131 1724 2237 1787 bus
2264 1725 2532 1804 quoedam
2560 1721 2906 1801 compositio
2935 1718 3328 1780 voluntatum.
3375 1711 3456 1771 At
3483 1710 3689 1770 003105-

2126 1819 2206 1878 115
2246 1819 2434 1879 etiam
2476 1817 2686 1877 civitas
2726 1815 2879 1875 dum
2924 1812 3028 1872 hic
3055 1806 3511 1889 peregrinatur,
3561 1806 3685 1866 ista

2121 1930 2266 1990 pace
2291 1930 2512 1973 necesse
2530 1913 2616 1972 est
2646 1913 2882 1981 utatur,
2912 1907 3087 1966 donec
3112 1904 3249 1981 ipsa
3274 1901 3371 1961 cui
3395 1900 3542 1960 talis
3552 1915 3686 1976 pasc

2125 2004 2460 2065 necessaria
2503 2007 2588 2064 est
2633 2000 2980 2061 mortalitas
3026 1998 3297 2058 transeat
3318 2020 3340 2065 ;
3383 2009 3529 2070 ergo
3580 2008 3685 2050 ne-

2127 2113 2291 2156 cesse
2325 2102 2415 2156 est
2443 2094 2616 2155 illam
2657 2110 2898 2154 servare
2925 2090 3093 2169 leges
3125 2085 3388 2148 civitatis
3426 2090 3683 2144 terrenae

2126 2206 2261 2266 quae
2284 2188 2360 2248 ad
2389 2187 2560 2248 illam
2586 2204 2797 2266 pacem
2818 2187 3062 2265 juvant,
3087 2188 3156 2243 ut
3178 2179 3408 2260 quando
3433 2193 3685 2239 commu-

2124 2283 2225 2344 nis
2258 2288 2343 2343 est
2380 2283 2746 2356 mortalitas,
2791 2276 3126 2341 communis
3145 2276 3326 2336 etiam
3367 2272 3451 2332 sit
3473 2287 3598 2348 pas:
3631 2274 3686 2330 et

2128 2375 2438 2436 concordia
2458 2400 2480 2434 .·
2514 2373 2679 2434 unde
2704 2370 3011 2432 concludit
3041 2367 3334 2427 inferius:
3366 2364 3518 2424 Hoec
3546 2377 3683 2439 erqo

2128 2469 2377 2531 coelestis
2400 2470 2640 2543 civitas,
2672 2468 2810 2529 dum
2833 2464 3261 2544 pereyrinatur
3288 2460 3354 2520 in
3382 2462 3571 2529 terra,
3614 2472 3686 2515 ea·

2127 2562 2398 2623 omnibus
2429 2562 2705 2641 centibus
2740 2561 2893 2622 cives
2920 2560 3139 2630 evocat,
3174 2558 3348 2632 atque
3387 2550 3453 2610 in
3494 2548 3684 2608 omni-

2127 2655 2234 2717 bus
2265 2656 2495 2733 linquis
2510 2654 2898 2733 pereqrinam
2928 2648 3158 2727 eolliqit
3181 2645 3537 2716 societatem,
3566 2657 3684 2701 non

2125 2765 2344 2809 curans
2370 2748 2666 2827 quidquid
2685 2747 2752 2807 in
2774 2742 3069 2815 moribus,
3099 2738 3328 2818 leyibus
3353 2734 3687 2798 institutis-

2126 2857 2234 2919 que
2256 2841 2555 2902 diversum
2588 2844 2697 2913 est,
2735 2836 2949 2917 quibus
2984 2850 3112 2913 pax
3152 2836 3387 2893 terrena
3426 2827 3516 2890 vel
3545 2844 3684 2889 con-

2126 2933 2421 3012 quiritur,
2446 2932 2536 2995 vel
2577 2936 2805 2993 tenetur
2827 2953 2854 3001 ,·
2896 2926 3058 2990 nihil
3098 2942 3298 2988 eorum
3324 2921 3683 2993 rescindens,

2128 3024 2218 3085 vel
2254 3025 2589 3086 destruens:
2627 3024 2745 3084 imo
2775 3021 2957 3084 etiam
3003 3036 3269 3090 servans,
3312 3033 3383 3078 ac
3421 3030 3684 3092 sequens,

2128 3119 2284 3198 quod
2316 3119 2451 3181 licet
2483 3118 2784 3180 diversum
2812 3117 2896 3178 sit
2922 3115 2990 3177 in
3025 3111 3286 3174 diversis
3322 3105 3684 3180 rationibus,

2128 3212 2210 3272 ad
2225 3230 2408 3272 unwm
2431 3217 2627 3273 tamen
2655 3211 3024 3288 eumdemque
3052 3207 3233 3283 finem
3255 3207 3505 3265 terrenoe
3517 3199 3689 3279 pacis

2127 3306 2482 3380 intenditur,
2509 3306 2566 3367 si
2600 3305 2969 3383 reli-aionem,
2999 3317 3118 3382 qua
3144 3316 3302 3360 unus
3335 3310 3603 3358 summus
3633 3297 3688 3354 et

2124 3417 2299 3461 verus
2327 3399 2491 3460 Deus
2529 3397 2800 3460 colendus
2836 3397 3094 3469 docetur,
3133 3410 3251 3453 non
3278 3389 3544 3468 impedit.
3582 3387 3686 3446 Est

2125 3509 2272 3568 ergo
2311 3508 2555 3550 summa
2594 3489 2852 3550 rationis
2893 3487 3059 3567 quod
3104 3484 3246 3545 finis
3282 3482 3557 3544 civilium
3597 3479 3685 3540 le-

2125 3602 2274 3662 gum
2297 3603 2408 3665 per
2434 3602 2496 3644 se
2525 3583 2724 3643 bonus
2752 3587 2863 3656 est,
2891 3586 2951 3641 et
2974 3576 3335 3640 Christianis
3362 3576 3550 3636 etiam
3578 3591 3687 3634 ne-

2124 3678 2420 3737 cessarius
2436 3692 2456 3754 3
2494 3693 2642 3754 ergo
2674 3676 2861 3736 etiam
2889 3673 3057 3751 leges
3098 3689 3236 3751 quae
3261 3669 3341 3731 ad
3382 3669 3557 3728 illum
3585 3684 3683 3727 or-

2123 3769 2442 3844 dinantur,
2484 3775 2545 3830 et
2577 3769 2970 3847 magistratus
3003 3785 3042 3827 a
3068 3765 3292 3846 quibus
3335 3762 3515 3823 condi
3543 3780 3679 3841 pos-

2123 3868 2289 3937 sunt,
2314 3868 2459 3922 sunt
2481 3863 2548 3922 in
2572 3862 2833 3922 Ecclesia
2854 3858 3204 3921 necessarii.
3236 3858 3388 3917 Item
3409 3855 3509 3915 hic
3531 3853 3680 3913 ordo

2125 3955 2422 4016 naturalis
2449 3960 2560 4030 est,
2599 3959 2661 4016 et
2688 3956 2889 4032 gratia
2911 3972 3038 4013 non
3080 3950 3343 4013 destruit
3364 3953 3677 4020 naturam,

2120 4047 2225 4108 sed
2269 4047 2532 4127 perficit,
2574 4053 2636 4108 et
2675 4047 2948 4108 Christus
2974 4064 3102 4106 non
3147 4041 3464 4124 prohibuit
3510 4039 3679 4099 hunc

2121 4142 2376 4203 modum
2417 4141 2737 4220 regiminis
2749 4156 2768 4217 3
2813 4140 2921 4200 ubi
2958 4139 3128 4200 enim
3169 4142 3259 4198 est
3298 4132 3680 4215 prohibitio?

2119 4234 2396 4295 Tandem
2426 4235 2559 4295 sine
2579 4238 2878 4313 potestate
2903 4229 3229 4312 temporali
3261 4233 3323 4289 et
3358 4226 3523 4287 civili
3552 4243 3679 4284 non

2120 4333 2322 4407 posset
2345 4327 2682 4408 spiritualis
2703 4327 2854 4387 ordo
2891 4330 2953 4387 et
2980 4324 3260 4402 regimen
3290 4318 3553 4399 protegi,
3581 4316 3679 4376 vel

2123 4420 2494 4496 conservari,
2540 4425 2612 4479 ut
2652 4420 2785 4498 ipsa
2830 4416 3210 4498 experientia
3252 4414 3458 4473 docet:
3514 4410 3680 4470 unde

2121 4512 2368 4590 egregie
2394 4512 2551 4573 dixit
2578 4513 2996 4573 Nazianzenus
3013 4510 3176 4570 dicta
3196 4508 3364 4568 Orat.
3392 4507 3500 4565 17:
3521 4503 3681 4567 Sub-

2122 4606 2436 4668 mittamus
2472 4623 2579 4669 nos
2613 4610 2740 4667 tum
2771 4606 2919 4680 Deo,
2947 4610 3074 4666 tum
3104 4602 3274 4676 aliis,
3318 4605 3443 4661 tum
3469 4598 3553 4659 iis
3575 4597 3681 4676 qui

2123 4697 2444 4776 imperium
2474 4699 2542 4760 in
2581 4704 2746 4761 terra
2772 4702 2989 4778 yerunt
3010 4722 3032 4756 .·
3062 4696 3187 4758 Deo
3225 4694 3458 4773 quidem
3486 4691 3682 4752 omni-

2123 4789 2229 4852 bus
2257 4792 2326 4852 de
2350 4792 2574 4865 causis,
2603 4792 2720 4853 alii
2746 4796 2942 4853 autem
2972 4790 3119 4852 aliis
3141 4793 3389 4866 propter
3416 4785 3683 4847 charita-

2123 4884 2208 4945 tis
2232 4884 2455 4960 foedus,
2483 4884 2862 4963 principibus
2880 4884 3126 4962 denique
3147 4885 3393 4961 propter
3420 4878 3684 4940 ordinem

2118 4975 2484 5056 publieoeque
2507 4976 2845 5055 disciplinoe
2871 4975 3184 5038 rationem.

2205 5071 2304 5128 10.
2332 5070 2733 5147 Respondetur
2760 5066 3262 5131 haereticis—Ad
3283 5064 3687 5125 fundamenta

2123 5160 2553 5222 haereticorum
2585 5160 2780 5221 facilis
2807 5166 2900 5221 est
2934 5160 3279 5239 responsio:
3312 5176 3459 5217 nam
3490 5156 3686 5216 Chris-

2123 5260 2248 5331 1115,
2273 5255 2482 5315 (1100115
2510 5255 2726 5315 Matth.
2763 5257 2862 5331 17,
2895 5273 3031 5333 eryo
3067 5253 3245 5315 liberi
3267 5258 3409 5314 sunt
3430 5251 3581 5328 filii,
3610 5245 3708 5308 de'

2124 5368 2189 5409 se
2230 5349 2360 5427 ipso
2401 5349 2787 5428 potissimum
2824 5346 3235 5426 loquebatur:
3279 5361 3510 5406 vanum
3540 5359 3687 5418 ergo

2124 5448 2216 5503 est
2240 5448 2301 5502 et
2333 5443 2466 5502 sine
2495 5441 2897 5501 fundamento
2925 5440 3183 5512 dictum,
3221 5438 3306 5498 ibi
3338 5437 3589 5497 nomine
3616 5433 3687 5492 fi-

2121 5535 2349 5597 liorum
2398 5535 2665 5614 intelligi
2715 5551 2929 5596 omnes
2980 5532 3376 5605 ChristianOS,
3437 5534 3498 5589 et
3549 5527 3688 5588 ideo
