3976 6219
439 364 511 425 2¹
525 361 559 421 4

442 471 522 531 ad
548 469 828 548 regimen
855 470 1040 530 unius
1076 470 1354 546 familias,
1387 490 1495 532 500
1522 472 1742 532 domus
1764 494 1782 547 3
1824 472 2007 532 tertia

442 563 565 624 dici
593 569 790 642 potest
814 563 1060 643 propria
1089 565 1570 645 uniuscujusque
1596 565 1756 626 circa
1783 572 2033 632 semet-,

442 659 664 738 ipsum,
691 676 827 736 quae
846 657 968 718 dici
988 664 1187 738 potest
1208 662 1572 735 monastica,
1612 661 1787 740 quasi
1815 663 2004 722 unius

441 750 721 828 regimen
745 751 1084 812 0001100115.
1128 754 1401 837 Potestas
1437 760 1645 815 autem
1673 754 1867 815 civilis
1893 773 2005 833 per

444 861 509 902 se
537 843 856 902 ordinatur
881 843 960 904 ad
1001 844 1517 923 gubernationem
1559 846 1901 927 politicam,
1933 852 2008 906 ut

443 954 521 996 ex
544 936 960 1015 superioribus
988 945 1244 1015 constat,
1278 949 1340 1000 et
1368 939 1505 999 ideo
1530 958 1643 1018 per
1670 957 1733 999 se
1756 958 1883 1000 non
1911 938 2006 998 di·

441 1030 593 1107 rigit
636 1030 1083 1090 oeconomicum
1122 1033 1421 1110 regimen,
1469 1032 1588 1093 nisi
1628 1033 1695 1093 in
1734 1033 1832 1092 his
1868 1050 2007 1111 quae

442 1121 797 1183 redundant
841 1123 910 1182 in
952 1142 1281 1186 commune
1323 1127 1557 1197 bonum
1602 1124 1899 1199 civitatiS,
1945 1130 2009 1185 et

445 1214 599 1277 illud
627 1222 884 1293 possunt
900 1216 1199 1295 impedire
1215 1223 1323 1278 aut
1345 1233 1737 1296 promovere:
1768 1216 2009 1294 reliqua

447 1307 615 1368 enim
631 1325 768 1385 quae
796 1308 876 1368 ad
900 1310 1204 1388 privatam
1228 1310 1531 1371 familiam
1553 1315 1853 1389 spectant,
1879 1327 2009 1369 non

443 1419 556 1480 per
580 1399 747 1477 leges
775 1401 1006 1477 civileS,
1033 1402 1138 1463 sed
1157 1422 1264 1482 per
1285 1405 1766 1483 uniuscujusque
1789 1403 2011 1481 patris-

446 1493 715 1553 familias
759 1495 1151 1573 prudentiam
1182 1496 1570 1556 ordinantur.
1618 1497 1781 1573 Ergo
1822 1493 2010 1554 simili

448 1585 843 1666 proportione
884 1605 954 1646 ac
1005 1590 1243 1648 ratione
1286 1606 1413 1648 non
1452 1594 1685 1668 spectat
1730 1588 1807 1648 ad
1846 1588 2010 1664 legcs

449 1678 658 1739 civiles
677 1679 1014 1739 monastica
1032 1680 1309 1755 directio,
1336 1699 1443 1741 seu
1464 1680 1705 1759 privata
1723 1679 2011 1740 honestas

450 1769 863 1848 singulorum,
880 1777 951 1831 01
969 1771 1120 1833 10105
1140 1791 1206 1832 su
1215 1778 1307 1848 nt,
1329 1772 1433 1833 sed
1454 1772 1655 1832 solum
1675 1791 1749 1833 ea
1767 1791 2014 1833 morum

448 1862 756 1925 rectitudo
784 1882 894 1942 per
918 1864 1031 1924 has
1058 1864 1224 1942 leges
1254 1865 1671 1941 constituitur,
1694 1884 1833 1943 quae
1851 1865 2015 1925 bono

453 1956 621 2017 civili
634 1955 731 2016 vel
749 1956 1113 2031 necessaria,
1127 1958 1225 2017 vel
1243 1956 1420 2017 valde
1447 1957 1616 2017 utilis
1634 1963 1744 2018 est.
1770 1957 1862 2017 Ad
1883 1957 2016 2018 feli-

452 2048 700 2110 citatem
716 2054 926 2110 autem
940 2048 1128 2110 etiam
1157 2049 1503 2110 naturalem
1532 2049 2016 2129 uniuscujusque

453 2141 746 2216 1101111015,
772 2149 838 2202 ul
864 2141 1193 2220 singularis
1216 2160 1474 2222 persona
1494 2148 1610 2217 est,
1639 2161 1766 2202 non
1794 2142 2018 2203 sufficit

453 2235 651 2296 virtus
677 2233 785 2294 illa
817 2234 1035 2310 civilis,
1074 2235 1180 2297 sed
1202 2235 1543 2296 necessaria
1564 2241 1656 2296 est
1694 2235 2018 2313 integritas

456 2345 701 2389 morum
731 2345 873 2387 cnm
903 2327 1111 2389 debito
1140 2328 1357 2390 ordine
1386 2328 1465 2389 ad
1494 2330 1685 2389 Deum
1713 2333 2020 2407 quantum

454 2420 668 2481 lumen
710 2420 991 2480 naturale
1037 2421 1228 2482 dictat
1244 2438 1264 2498 ;
1315 2440 1464 2498 ergo
1504 2440 1629 2481 11011
1657 2425 1890 2500 spectat
1934 2419 2019 2480 se·

453 2513 651 2574 licitas
678 2513 918 2593 privata
945 2513 1023 2574 ad
1051 2514 1239 2575 finem
1275 2515 1593 2594 proprium
1617 2515 1771 2591 legis
1798 2513 2019 2589 civilis,

458 2625 566 2667 seu
612 2606 932 2685 potestatis
967 2606 1325 2685 legislativae
1353 2625 1522 2667 mere
1551 2606 1870 2667 1101010115.
1908 2606 2022 2665 Αο-

458 2697 620 2758 cedit
648 2697 898 2758 taudem
925 2698 1092 2777 quod
1126 2699 1253 2759 haec
1283 2698 1584 2759 naturalis
1611 2697 1871 2758 felicitas
1898 2698 2022 2758 sin-

459 2791 748 2870 gulorum
776 2797 846 2851 ut
871 2790 1024 2851 tales
1068 2798 1234 2868 sunt,
1281 2791 1702 2872 principaliter
1749 2792 2026 2851 consistit

459 2886 527 2946 in
560 2885 799 2945 actibus
827 2885 1111 2961 interula,
1142 2887 1243 2946 vel
1262 2885 1671 2965 speculativiS,
1696 2885 1793 2946 vel
1823 2902 2024 2945 mora·

459 2978 645 3052 libus,
672 2983 734 3039 et
761 2978 1044 3057 practicis
1067 2997 1209 3038 cum
1243 2979 1487 3056 integra
1516 2978 1883 3039 rectitudine
1914 2996 2024 3037 na-

459 3071 668 3133 turali.
700 3073 973 3133 Potestas
1001 3077 1211 3133 autem
1239 3070 1436 3132 civilis
1472 3090 1600 3133 non
1623 3071 1889 3132 multum
1923 3090 2024 3132 t‘u-

460 3172 558 3227 rat
606 3165 683 3227 de
736 3165 998 3226 internis
1046 3165 1307 3240 actibus,
1361 3165 1487 3225 imo
1528 3166 1635 3226 vix
1684 3167 1846 3226 circa
1889 3165 2026 3226 illos

460 3258 696 3336 aliquid
720 3263 945 3337 potest,
975 3267 1046 3317 ut
1075 3258 1239 3318 infra
1287 3258 1529 3319 dicetur
1540 3274 1560 3335 3
1607 3257 1785 3319 valde
1835 3258 2025 3318 etiam

463 3352 769 3431 impotens
807 3357 870 3412 et
897 3351 1184 3412 inefficax
1212 3357 1302 3412 est
1332 3351 1411 3411 ad
1439 3350 1795 3429 dirigendos
1839 3350 1977 3411 illos
2006 3366 2022 3409 t

463 3464 611 3524 ergo
657 3463 785 3505 non
829 3443 1098 3505 intendit
1125 3462 1235 3523 per
1279 3462 1342 3504 50
1379 3443 1735 3522 hujusmodi
1769 3442 2028 3504 felicita-

465 3548 617 3612 tem,
643 3536 749 3597 sed
775 3535 975 3596 solum
1002 3553 1422 3610 communem,
1453 3539 1638 3613 prout
1655 3533 2028 3613 explic-atum

465 3638 579 3693 est.
628 3631 835 3710 Neque
867 3635 1232 3708 argumenta
1271 3629 1553 3689 Fortunii
1579 3627 1843 3707 amplius
1883 3647 2030 3708 pro-

464 3724 638 3799 bant,
666 3728 736 3783 ut
756 3722 935 3784 facile
961 3741 1034 3783 ex
1065 3722 1243 3783 dictis
1268 3726 1545 3782 constare
1568 3725 1787 3800 potest.

547 3818 607 3878 9.
654 3816 909 3890 Quart0,
972 3815 1106 3875 dico
1143 3817 1507 3893 potestatem
1572 3812 1733 3873 hanc
1783 3813 2030 3875 civilem

470 3910 682 3989 (etiam
708 3914 895 3987 prout
920 3913 1013 3969 est
1051 3906 1119 3967 in
1145 3906 1531 3986 principibus
1571 3905 1929 3967 Christianis
1957 3907 2026 3967 fi-

467 4003 569 4064 dei
590 3999 930 4080 conjuncta)
967 4019 1095 4061 non
1128 3999 1378 4061 extendi
1409 3999 1478 4059 in
1506 3999 1767 4060 materia
1800 3999 1898 4061 vel
1928 4018 2027 4060 ac-

467 4095 631 4157 tibus
659 4096 785 4156 suis
813 4095 888 4155 ad
930 4095 1122 4155 finem
1149 4092 1682 4172 supernaturalem
1710 4111 1818 4153 seu
1845 4093 2028 4172 spiri-

465 4189 700 4251 tualem
742 4188 886 4249 vitae
925 4187 1150 4248 futurae
1202 4186 1301 4248 vel
1336 4186 1674 4265 praesenti3‚
1725 4185 1867 4246 licet
1910 4185 2029 4265 ipsi

466 4282 866 4361 legislatores,
897 4279 1108 4342 fideles
1158 4281 1224 4341 111
1269 4279 1395 4339 5015
1444 4277 1686 4355 legibus
1735 4278 2020 4353 ferendis,

468 4374 697 4436 intueri
721 4374 955 4454 possint
977 4379 1039 4433 et
1064 4392 1142 4434 ex
1164 4378 1337 4453 parte
1365 4371 1631 4432 debeant
1662 4376 2028 4450 supernatu-

467 4468 664 4530 ralem
691 4467 906 4542 finem,
924 4472 987 4529 et
1011 4472 1219 4527 actum
1247 4466 1448 4543 ipsum
1475 4464 1715 4526 terendi
1735 4464 1936 4544 legem
1961 4465 2028 4524 in

467 4560 1000 4642 supernaturalem
1037 4558 1227 4619 finem
1262 4557 1515 4620 referre.
1566 4558 1837 4636 Utraque
1888 4575 2029 4635 pars

466 4654 817 4719 assertionis
844 4652 1171 4713 manifesta
1194 4650 1458 4712 videtur.
1504 4650 1711 4710 Prima
1750 4649 2025 4728 quidem,

466 4750 615 4829 quia
639 4752 907 4827 potestas
935 4745 1066 4805 haec
1093 4749 1166 4803 ut
1208 4762 1375 4804 nunc
1415 4748 1505 4804 est
1546 4742 1613 4802 in
1647 4741 2030 4822 principibus

467 4839 839 4912 christianiS,
878 4838 945 4897 in
990 4854 1055 4898 se
1087 4854 1215 4897 non
1255 4842 1348 4897 est
1374 4836 1594 4914 major,
1625 4853 1739 4895 nec
1774 4834 2028 4898 alterius

467 4940 705 4998 11010110
732 4948 923 5011 quam
964 4928 1152 4990 fuerit
1191 4929 1259 4989 in
1302 4927 1682 5008 principibus
1730 4927 1992 4989 ethnicis
2005 4943 2025 5004 ;

470 5047 620 5108 ergo
643 5045 720 5088 ex
746 5044 812 5088 se
851 5042 979 5086 non
1007 5022 1194 5084 habet
1240 5022 1434 5083 alium
1475 5021 1667 5082 finem
1696 5039 1809 5081 1100
1841 5020 2030 5081 aliam

468 5120 792 5184 materiam
827 5136 843 5180 :
870 5120 1028 5179 sicut
1055 5117 1252 5178 virtus
1278 5116 1575 5196 acquisita
1607 5115 2030 5194 temperantias

470 5216 537 5276 in
568 5211 735 5274 fideli
763 5217 824 5272 et
850 5210 1111 5285 infideli,
1136 5209 1391 5288 injusto
1414 5214 1477 5271 et
1502 5209 1752 5287 injust0‚
1781 5227 1907 5269 non
1940 5213 2031 5269 051

468 5306 722 5386 alterius
745 5309 1009 5379 naturae,
1036 5322 1149 5364 nec
1166 5309 1341 5387 *actus
1381 5321 1522 5366 5005
1556 5302 1798 5368 efficere
1834 5306 2033 5380 potest

468 5400 631 5461 circa
656 5398 844 5464 aliam
863 5396 1208 5470 materiam,
1227 5397 1326 5457 vel
1342 5402 1592 5476 propter
1608 5397 1800 5456 alium
1828 5395 2031 5475 proxi-

471 5511 648 5556 mum
675 5492 905 5576 11110111,Ι
937 5507 1047 5551 5011
1101 5489 1432 5566 motivum,
1475 5495 1586 5551 aut
1627 5490 2030 5556 intrinsecam

1451 370 1567 422 LIB.
1604 371 1687 423 111.
1723 371 1803 422 DE
1836 370 1998 424 LEGE
2030 371 2290 422 nUMANA
2320 371 2401 423 ΕΤ
2434 369 2637 422 clvm.

2083 472 2487 533 honestatem.
2525 470 2798 549 Denique
2834 470 2978 548 jura
3009 413 3304 530 canonica
3344 487 3530 549 supra
3557 469 3654 530 al-

2082 564 2309 643 legata,
2338 584 2474 645 quae
2500 565 2662 624 hanc
2689 568 3047 642 potestatem
3066 567 3291 623 vocant
3308 567 3649 637 terrenam,

2083 659 2512 739 temporalem,
2544 659 2622 719 ad
2652 676 2907 736 corpora
2935 656 3369 735 pertinentem,
3388 661 3450 716 01
3477 657 3656 716 51101-

2084 752 2191 829 lia,
2230 753 2571 831 loquuntur
2598 751 2673 810 de
2706 750 2834 826 illa,
2866 755 2937 809 ut
2964 754 3053 808 est
3091 748 3156 807 in
3188 749 3560 827 imperatore
3588 752 3657 808 et

2085 845 2335 925 regibus
2367 845 2737 919 christianis,
2791 848 2853 903 et
2892 841 3037 902 inde
3091 839 3477 901 concluditur
3521 858 3655 900 non

2085 957 2262 1018 posse
2290 938 2611 1017 disponere
2634 938 2702 996 in
2730 932 3178 1015 spiritualibus,
3216 950 3417 1012 neque
3447 932 3523 994 de
3555 932 3657 993 his

2088 1050 2226 1111 quas
2279 1049 2390 1111 per
2448 1049 2511 1091 se
2571 1033 2847 1110 spectant
2874 1026 2954 1087 ad
2982 1026 3243 1087 salutem
3270 1027 3650 1101 animarum,

2089 1125 2188 1185 vel
2217 1124 2453 1184 cultum
2477 1121 2794 1202 religionis
2820 1142 2836 1181 ε
2873 1138 3021 1199 0130
3062 1119 3249 1180 0110111
3280 1137 3448 1179 110110
3481 1136 3657 1180 secu-

2089 1217 2236 1278 laris
2275 1223 2541 1297 potestas
2593 1214 2815 1277 talium
2860 1213 3211 1294 principum
3259 1212 3488 1273 eisdem
3536 1219 3660 1273 ter-

2091 1311 2277 1371 minis
2305 1309 2713 1370 concluditur.

2171 1406 2269 1464 10.
2316 1403 2489 1462 Dices
2528 1419 2542 1462 :
2572 1420 2740 1462 nunc
2771 1405 3028 1481 possunt
3070 1398 3378 1478 principes
3426 1397 3659 1469 secula-

2090 1514 2189 1557 res
2240 1495 2561 1556 haereticos
2593 1494 2834 1574 punire,
2889 1500 2951 1554 01
2991 1492 3113 1553 0110
3142 1492 3295 1552 vitia
3349 1490 3660 1551 contraria

2090 1591 2372 1669 religioni
2397 1588 2783 1664 Christianae,
2809 1592 2879 1648 ut
2896 1587 3036 1648 talis
3055 1597 3169 1659 est,
3200 1585 3553 1665 prohibere,
3585 1590 3661 1645 ut

2093 1689 2184 1743 est
2223 1681 2608 1761 blasphemia
2656 1682 2723 1741 in
2768 1680 3102 1754 Christum,
3140 1678 3522 1739 circumcisio
3548 1678 3582 1738 J
3589 1696 3658 1738 u-

2096 1776 2389 1850 daeorum,
2431 1780 2493 1835 et
2527 1774 2755 1835 similia
2790 1790 2927 1853 quae
2956 1791 3082 1833 nun
3110 1771 3549 1851 pertinuissent
3579 1771 3658 1831 ad

2097 1868 2340 1929 civilem
2398 1872 2786 1947 potestatem,
2840 1865 3070 1927 seclusa
3105 1864 3249 1926 fide.
3300 1863 3659 1944 Respondeo

2098 1959 2405 2039 imprimis
2434 1959 2643 2038 aliqua
2688 1977 2765 2019 ex
2789 1957 2887 2017 his
2916 1976 3043 2018 non
3070 1963 3200 2018 tam
3227 1975 3337 2037 per
3372 1975 3437 2018 se
3464 1958 3658 2036 perti-

2098 2070 2245 2113 nere
2272 2051 2349 2111 ad
2376 2050 2710 2111 secularem
2739 2055 3126 2131 potestatem,
3157 2067 3348 2128 quam
3393 2068 3471 2110 ex
3515 2068 3661 2110 con·

2099 2144 2368 2205 cessione
2409 2142 2830 2204 ecclesiasticas
2870 2142 3211 2222 potestatiS,
3242 2147 3304 2203 01
3331 2142 3508 2221 quasi
3552 2160 3664 2222 per

2100 2238 2355 2299 tacitam
2380 2236 2479 2296 vel
2508 2254 2855 2315 expressam
2888 2236 3344 2296 invocationem
3371 2236 3504 2313 ejus
3526 2254 3665 2315 pos-

2101 2330 2359 2390 tulantis
2391 2328 2693 2390 auxilium
2721 2328 2962 2388 brachii
2987 2328 3274 2388 secularis
3303 2345 3319 2389 ε
3356 2333 3418 2388 01
3452 2329 3542 2388 110
3567 2329 3666 2388 in·

2101 2422 2194 2483 fra
2220 2422 2494 2482 dicemus
2521 2422 2835 2481 universas
2863 2420 3028 2498 leges
3078 2420 3287 2480 civiles
3320 2438 3459 2498 quoe
3502 2421 3666 2481 circa

2103 2515 2391 2574 materias
2414 2512 2761 2593 spirituales
2786 2519 3129 2587 versantur,
3148 2510 3246 2573 vel
3274 2531 3402 2572 non
3431 2513 3666 2581 055010-
3757 2587 3761 2590 Α

2104 2626 2233 2685 305,
2255 2607 2354 2667 vel
2372 2606 2600 2667 habere
2618 2606 2747 2666 vim
2767 2624 2945 2666 suam
2959 2623 2996 2665 a
3015 2605 3317 2685 superiori
3334 2610 3662 2685 potestate.

2103 2701 2333 2760 Deinde
2362 2700 2624 2759 dicimus
2667 2699 2776 2760 illa
2815 2699 2967 2759 vitia
3008 2703 3070 2759 01
3114 2705 3360 2777 peccata
3406 2719 3544 2778 quae
3573 2700 3670 2760 di-

2104 2798 2329 2853 cuntur
2367 2791 2547 2851 mixti
2587 2792 2729 2867 tori,
2760 2798 3014 2853 eatenus
3045 2791 3256 2871 puniri
3288 2798 3350 2853 et
3392 2793 3666 2854 cohiberi

2103 2904 2216 2965 per
2241 2884 2406 2963 leges
2434 2884 2665 2957 civiles,
2692 2889 2997 2962 quatenus
3021 2885 3333 2964 supposito
3355 2884 3473 2946 hoc
3499 2891 3665 2946 statu

2105 2977 2461 3058 reipublicae
2517 2977 2868 3038 christiana}
2921 2977 3096 3039 illam
3147 2978 3509 3058 perturbant
3529 3023 3549 3054 ,
3605 2985 3671 3041 et

2105 3089 2336 3151 magna
2380 3081 2753 3133 nocumenta
2793 3070 2887 3132 illi
2927 3069 3197 3132 afferunt
3236 3072 3425 3133 etiam
3467 3072 3671 3151 quoad

2104 3184 2280 3226 suam
2310 3184 2548 3245 pacem,
2585 3172 2646 3226 01
2676 3171 2996 3226 externam
3035 3165 3391 3227 felicitatem
3424 3185 3496 3227 00
3526 3185 3671 3228 con-

2105 3259 2553 3319 servationem:
2588 3257 2754 3317 hunc
2782 3257 2951 3318 enim
2987 3256 3178 3318 finem
3204 3276 3443 3338 semper
3471 3260 3674 3320 inten-

2107 3352 2200 3412 dit
2226 3354 2357 3432 ipsa
2385 3358 2651 3431 potestas
2678 3358 2982 3431 quatenus
3010 3353 3152 3413 talis
3176 3359 3291 3429 est,
3320 3353 3464 3415 licet
3494 3360 3674 3415 utens

2108 3445 2215 3506 illa
2236 3446 2426 3524 possit
2453 3446 2778 3524 perfectius
2802 3446 3081 3524 operari:
3107 3452 3169 3506 et
3196 3446 3314 3507 1100
3341 3448 3525 3510 1110ὀο
3551 3449 3671 3509 Leo

2109 3540 2276 3619 Papa
2310 3540 2501 3620 Epist.
2549 3543 2584 3600 7
2620 3539 2833 3600 laudat
2873 3538 3309 3614 Theodosium,
3351 3541 3515 3619 quod
3552 3541 3673 3602 fide

2110 3651 2221 3694 sua
2243 3632 2595 3712 praesidium
2622 3632 2866 3693 afferret
2897 3632 3197 3707 Ecclesiae,
3224 3638 3285 3693 et
3319 3651 3446 3694 non
3474 3635 3672 3696 solum

2109 3726 2354 3803 regium
2383 3726 2689 3801 animum,
2721 3723 2827 3786 sed
2862 3725 3050 3786 etiam
3097 3725 3537 3788 sacerdotalem
3579 3744 3676 3789 os-

2111 3817 2423 3894 tenderet,
2471 3828 2533 3880 et
2581 3820 2747 3897 quod
2796 3836 3010 3879 curam
3055 3817 3310 3879 haberet
3356 3820 3698 3896 auertendi-

2110 3910 2373 3972 haereses
2413 3918 2479 3972 et
2519 3911 2884 3972 schismata:
2934 3911 3093 3985 Quia
3134 3916 3271 3972 tuno
3298 3911 3540 3989 (inquit)
3582 3919 3673 3974 est

2110 4005 2371 4082 optimus
2385 4003 2557 4082 requi
2584 4004 2769 4065 vestri
2797 4008 3019 4079 status,
3042 4003 3269 4083 quando
3292 4003 3670 4079 sempiterna·

2114 4099 2422 4160 Trinitati
2460 4098 2643 4159 unius
2680 4098 2946 4160 Deitatis
2987 4095 3344 4173 consessione
3382 4097 3667 4159 servitur.

2192 4193 2256 4251 Η
2275 4235 2290 4250 .
2339 4189 2616 4253 Secunda
2643 4207 2794 4269 pars
2825 4189 3216 4252 conclusionis
3244 4188 3555 4266 probatur.
3593 4224 3674 4233 —

2108 4282 2318 4343 Altera
2356 4300 2500 4343 vero
2538 4299 2682 4361 pars
2708 4281 2956 4360 probari
2996 4286 3197 4361 potest
3240 4279 3550 4360 aliquibus
3575 4300 3675 4341 ar—

2109 4374 2424 4453 gumentis
2453 4373 2733 4448 Navarri,
2760 4379 2822 4433 01
2857 4373 3113 4434 fortasse
3142 4373 3273 4452 ipse
3315 4372 3470 4433 nihil
3505 4371 3676 4437 aliud

2109 4467 2376 4527 intendit
2394 4465 2731 4527 secundum
2754 4482 2928 4526 suam
2944 4465 3252 4545 privatam
3272 4466 3673 4542 sententiam3

2108 4560 2419 4620 immerito
2452 4564 2656 4619 tamen
2693 4558 2945 4618 adducit
2973 4557 3053 4618 ad
3092 4557 3266 4618 illam
3307 4558 3677 4619 confirman-

2110 4652 2255 4713 dam
2295 4652 2461 4730 leges
2507 4651 2741 4711 Codicis
2777 4668 2914 4729 quae
2961 4650 3029 4710 in
3066 4651 3328 4711 materia
3369 4650 3678 4729 spirituali

2108 4752 2473 4807 versantur:
2505 4762 2653 4805 nam
2694 4743 2816 4805 illae
2845 4743 2945 4804 vel
2983 4743 3152 4822 leges
3182 4763 3312 4804 non
3354 4749 3520 4818 sunt,
3561 4762 3677 4805 nec

2107 4838 2279 4900 fuere
2321 4856 2635 4917 unquam,
2679 4837 2779 4898 vel
2821 4836 2984 4897 nixae
3027 4835 3283 4898 fuerunt
3325 4837 3679 4898 auctoritati

2111 4929 2498 5005 Pontificum,
2523 4933 2594 4988 ut
2615 4927 2727 4989 lib.
2750 4929 3056 5007 sequenti,
3081 4947 3215 5008 cap.
3248 4930 3347 5004 12,
3378 4929 3673 4990 dicemuS.

2109 5025 2244 5085 Non
2272 5028 2434 5084 recte
2464 5022 2653 5082 etiam
2679 5021 2759 5081 ad
2785 5020 2954 5081 hunc
2979 5039 3229 5081 sensum
3253 5021 3680 5081 accommodat

2111 5117 2466 5196 opinionem
2503 5114 2804 5190 Fortunii,
2836 5114 2984 5193 quia
3008 5114 3141 5175 sine
3175 5113 3362 5174 dubio
3403 5114 3679 5193 loquitur

2112 5209 2187 5270 de
2210 5209 2450 5287 legibus
2471 5208 2619 5287 ipsis
2642 5226 2713 5267 ac
2733 5206 3159 5286 potestatibus,
3186 5212 3248 5266 et
3272 5224 3398 5266 non
3432 5212 3678 5268 tantum

2112 5303 2187 5363 de
2222 5288 2497 5382 personis
2523 5298 2919 5379 operantibus
2944 5320 2957 5359 ε
2988 5304 3051 5359 01
3077 5299 3165 5359 ita
3192 5297 3369 5358 illum
3400 5298 3524 5359 late
3560 5301 3676 5358 im-

2109 5401 2348 5476 pugnat
2367 5393 2626 5456 Michael
2649 5393 2994 5454 Ulcurruno
3019 5398 3098 5452 tr.
3121 5392 3197 5452 de
3219 5391 3461 5469 Regim.
3491 5410 3668 5452 mun.

2110 5508 2173 5571 p.
2218 5494 2276 5567 1,
2315 5508 2377 5570 q.
2410 5492 2447 5550 5
2482 5486 2747 5570 princip.
2779 5486 3164 5567 Argumenta
3202 5486 3355 5549 item
3396 5485 3675 5566 ejusdem
