3976 6219
825 410 959 463 GAP.
986 410 1087 462 vn.
1120 410 1332 463 Unum
1362 411 1676 465 POTESTAS
1704 407 2111 463 UNIVERSALIS
2139 409 2403 461 FERENDI
2427 407 2622 459 LEGES
2647 407 2906 472 CIVILES,
2929 407 3063 460 ETC.

344 508 640 590 perialem
669 527 783 570 nec
813 511 1120 571 rationem
1154 531 1169 587 ;
1206 513 1334 573 imo
1357 530 1470 574 nec
1493 513 1634 591 jura
1658 511 1908 572 canoni-

347 622 444 680 ca,
484 622 620 683 quoe
647 602 975 679 inducunt,
1019 604 1083 664 id
1110 605 1395 685 probant,
1427 612 1489 666 et
1514 605 1652 666 ideo
1694 623 1909 666 consu-

344 696 596 759 lendam
637 716 767 759 esse
807 715 1025 758 censeo
1061 700 1590 775 consuetudinem,
1621 699 1768 778 quia
1800 697 1909 758 ubi

344 808 455 869 per
503 789 676 850 illam
726 790 803 851 de
845 790 961 851 hoc
999 810 1125 852 non
1166 792 1533 867 constiterit,
1575 810 1702 853 non
1728 791 1910 852 video

346 884 512 944 unde
534 884 725 963 possit
752 883 893 945 talis
921 884 1217 964 obligatio
1246 885 1564 947 affirmari.

908 1079 1157 1140 CAPUT
1221 1079 1349 1140 VII.

351 1276 552 1323 tJ'rRuM
611 1275 901 1322 Porns'ras
956 1277 1340 1323 UNIVERSALIS
1410 1277 1668 1322 mmmm
1732 1276 1913 1322 mans

428 1370 655 1415 clvnAEs
699 1369 1056 1416 olthAN'rEs
1100 1371 1298 1416 'romu
1351 1371 1674 1417 EchBsuu
1728 1371 1816 1416 SIT
1852 1370 1915 1417 ΙΝ

427 1462 825 1508 IMPERATORE.

435 1634 491 1691 1.
538 1631 743 1691 Potest
773 1630 888 1691 hoc
931 1629 1066 1691 loco
1103 1632 1353 1692 tractari
1377 1632 1630 1711 quaestio
1656 1631 1914 1695 celebris

357 1723 805 1800 interjuristaS,
837 1741 918 1784 an
937 1723 1274 1803 imperator
1285 1725 1425 1802 jure
1451 1725 1532 1785 sit
1547 1725 1835 1787 dominus
1853 1731 1916 1786 et

354 1816 638 1896 princeps
656 1816 845 1876 totius
870 1816 1056 1891 orbis,
1085 1822 1147 1877 et
1166 1823 1612 1896 consequenter
1625 1836 1705 1879 an
1730 1819 1919 1897 possit

355 1913 552 1969 totum
579 1908 886 1969 mundum
907 1909 1029 1969 suis
1046 1908 1328 1970 civilibus
1352 1909 1595 1988 legibus
1615 1910 1914 1990 obligare,

355 2001 639 2078 quamvis
679 2001 755 2061 de
801 2001 959 2062 facto
1012 2001 1069 2061 ei
1120 2021 1247 2062 non
1287 2002 1632 2078 obediatur,
1687 2014 1749 2063 et
1781 2002 1919 2063 ideo

352 2110 530 2153 suam
578 2093 986 2154 universalem
1042 2095 1534 2172 jurisdictionem
1596 2102 1739 2156 actu
1794 2113 1920 2155 non

353 2190 652 2246 exerceat.
714 2185 833 2246 Sed
880 2186 1028 2264 quia
1075 2187 1241 2248 inter
1297 2186 1615 2267 theologos
1663 2189 1920 2267 quaestio

352 2275 483 2336 haec
506 2275 747 2337 nullam
779 2282 888 2337 aut
914 2296 1172 2357 parvam
1198 2279 1651 2342 dubitationem
1678 2279 1777 2341 vel
1803 2280 1921 2340 dif-

354 2366 690 2430 ficultatem
719 2368 928 2444 habet,
961 2375 1022 2430 et
1050 2389 1187 2449 quae
1226 2372 1293 2431 in
1327 2378 1656 2451 utramque
1676 2379 1918 2451 partem

355 2460 560 2522 afferri
580 2461 778 2522 solent
805 2463 950 2522 satis
981 2462 1266 2541 vulgaria
1296 2468 1464 2538 sunt,
1487 2463 1625 2525 ideo
1652 2464 1921 2525 breviter

355 2572 488 2615 rem
517 2555 899 2634 expedimus,
924 2555 1287 2635 attingendo
1334 2556 1533 2616 solum
1577 2574 1651 2616 ea
1675 2574 1812 2635 quae
1840 2555 1919 2616 ad

356 2647 825 2726 intelligendam
852 2648 979 2707 vim
1002 2653 1065 2707 et
1092 2647 1533 2725 obligationem
1567 2648 1775 2727 legum
1805 2649 1924 2708 im-

355 2739 684 2819 perialium
709 2740 1136 2801 conduxerint.
1169 2739 1310 2800 Fuit
1350 2758 1498 2819 ergo
1526 2741 1920 2820 antiquorum

357 2833 676 2912 utriusque
696 2833 852 2912 juris
886 2831 1205 2893 doctorum
1238 2834 1654 2912 receptissima
1679 2840 1923 2895 senten-

358 2926 469 3000 tia,
509 2926 947 3005 imperatorem
973 2924 1201 2987 habere
1218 2984 1225 2993 ,
1237 2926 1337 3004 jus
1364 2931 1427 2987 et
1453 2926 1799 2987 dominium
1821 2927 1923 3004 ju·

358 3018 728 3078 risdictionis
762 3018 831 3078 in
855 3018 1218 3079 universum
1246 3020 1460 3080 orbem
1497 3038 1512 3095 ;
1537 3038 1728 3099 quam
1748 3025 1922 3080 tanta

358 3114 806 3173 asseveratione
846 3113 1108 3174 asseruit
1144 3112 1372 3173 Bartol.
1408 3113 1477 3173 in
1504 3113 1548 3175 l.
1582 3115 1820 3190 Hester,
1851 3112 1918 3174 ff.

360 3204 435 3266 de
467 3205 757 3285 Captivis,
788 3211 859 3266 ut
905 3205 1265 3267 haereticum
1298 3211 1542 3286 reputet
1561 3207 1668 3285 qui
1701 3205 1925 3266 dixerit

358 3298 793 3378 imperatorem
841 3316 968 3358 non
995 3316 1126 3359 esse
1154 3299 1480 3359 dominum
1523 3298 1689 3359 orbis
1713 3321 1731 3373 ;
1758 3298 1924 3377 quod

360 3390 435 3452 de
488 3390 763 3451 dominio
798 3390 1239 3469 jurisdictionis
1287 3409 1508 3452 verum
1553 3408 1680 3452 esse
1733 3390 1923 3451 tradit

362 3484 563 3546 Socin.
601 3501 771 3545 cons.
809 3486 950 3559 127,
982 3489 1043 3544 et
1068 3483 1238 3545 Paul.
1290 3484 1558 3545 Castren.
1611 3501 1776 3543 cons,
1816 3485 1919 3559 61,

358 3576 479 3638 vol.
519 3579 597 3652 23
638 3583 701 3637 et
722 3576 838 3636 hoc
863 3575 1341 3637 fundamentum
1365 3582 1665 3655 tanquam
1684 3582 1922 3637 certum

361 3669 651 3749 supponit
680 3669 1015 3729 Panormit.
1049 3670 1088 3728 2
1106 3674 1266 3748 part.
1299 3669 1551 3746 Consil.,
1581 3668 1833 3729 consilio
1857 3670 1917 3745 6,

360 3781 424 3823 n.
464 3764 527 3837 2,
579 3768 641 3822 et
672 3767 1013 3840 sequuntur
1051 3761 1161 3821 alii
1201 3761 1405 3837 multi,
1437 3778 1590 3841 quos
1637 3761 1827 3822 refert
1862 3766 1924 3821 et

362 3855 640 3934 sequitur
663 3855 934 3915 Restaur.
967 3853 1198 3914 Catald.
1212 3853 1514 3935 ,tract-de
1537 3854 1891 3933 Imperator.
1899 3897 1921 3930 ,

362 3965 425 4028 q.
453 3949 555 4024 52,
572 3952 634 4008 et
659 3947 767 4008 alii
795 3946 1214 4028 quamplures.

439 4041 500 4100 2.
546 4040 921 4118 Explicatur
946 4040 1240 4102 sententia
1270 4038 1766 4116 affirmativa.—
1782 4039 1924 4099 Haec

360 4150 509 4194 vero
567 4132 871 4194 sententia
920 4132 1106 4192 variis
1157 4131 1358 4191 modis
1393 4136 1591 4209 potest
1633 4129 1918 4208 intelligi.

243 4267 251 4275 -
363 4226 590 4301 Prim0,
631 4225 796 4304 quod
839 4225 1238 4304 imperatores
1274 4223 1519 4284 romani
1551 4223 1740 4283 etiam
1780 4227 1924 4282 ante

362 4318 583 4380 Christi
627 4318 962 4379 adventum
1010 4317 1395 4378 obtinuerint
1450 4316 1638 4377 totius
1703 4314 1919 4375 mundi

361 4411 775 4491 principatum
802 4410 1152 4489 legitimum
1179 4456 1200 4486 ,
1224 4429 1297 4470 ac
1316 4428 1528 4471 veram
1549 4408 1921 4490 jurisdictio-

363 4521 507 4564 nem
554 4504 625 4564 in
669 4504 1031 4564 universum
1077 4503 1314 4578 orbem,
1361 4521 1499 4582 quae
1551 4508 1763 4583 postea
1809 4519 1921 4581 per

364 4597 805 4658 successionem
848 4596 947 4658 vel
997 4595 1360 4657 electionem
1413 4596 1691 4656 derivata
1731 4595 1810 4655 sit
1842 4593 1923 4655 ad

363 4690 727 4768 posteriores
753 4691 1151 4769 imperatores
1176 4704 1197 4765 ;
1226 4694 1412 4767 atque
1457 4688 1574 4749 hoc
1609 4688 1795 4749 modo
1828 4689 1924 4749 vi·

365 4782 545 4843 detur
588 4782 760 4842 illam
799 4781 1168 4843 sententiam
1201 4780 1572 4842 intellexisse
1603 4779 1830 4841 Bartol.
1862 4785 1925 4842 et

365 4875 653 4935 nonnulli
701 4875 846 4935 alii:
894 4892 1040 4934 nam
1080 4875 1148 4934 in
1190 4874 1321 4954 ejus
1351 4874 1699 4935 suasionem
1731 4874 1924 4934 addu-

367 4975 516 5029 cunt
545 4967 732 5029 verba
758 4969 935 5028 Lucae
963 4986 1099 5047 cap.
1130 4969 1203 5027 2:
1230 4968 1419 5029 Exiit
1440 4968 1693 5029 edictum
1717 4985 1756 5028 a
1799 4966 1926 5030 Coe-

367 5080 504 5124 sare
523 5061 824 5140 AnqustO,
854 5065 921 5122 ut
946 5061 1373 5122 describeretur
1384 5060 1700 5122 universus
1723 5061 1883 5122 orbis
1901 5104 1920 5136 ,

367 5160 429 5215 et
455 5153 643 5215 verba
671 5153 893 5214 Christi
919 5153 1133 5214 Matth.
1162 5155 1239 5213 12
1258 5160 1319 5213 et
1336 5154 1511 5213 Lucae
1538 5153 1649 5213 20:
1679 5153 1927 5216 Reddite

366 5265 504 5327 erqo
529 5265 661 5328 qwoe
685 5251 826 5308 sunt
852 5246 1117 5309 Coesaris
1139 5245 1395 5321 Coesari,
1422 5252 1477 5308 et
1499 5265 1629 5327 quoe
1651 5252 1791 5307 emt
1810 5247 1928 5308 Dei

366 5341 491 5402 Deo
517 5356 712 5400 :nam
744 5338 867 5399 illis
904 5338 1108 5399 verbis
1156 5339 1524 5400 CHRISTUS
1553 5339 1799 5399 videtur
1822 5357 1930 5419 ap—

367 5432 651 5510 probasse
679 5432 1013 5510 imperium
1042 5431 1316 5507 CaesariS,
1353 5431 1514 5509 quod
1551 5432 1741 5491 Lucas
1776 5432 1934 5491 dixit

369 5543 500 5588 esse
519 5526 586 5587 in
613 5527 975 5587 universum
994 5524 1249 5588 orbem:
1282 5525 1450 5588 unde
1467 5524 1537 5588 in
1570 5524 1616 5587 l.
1645 5525 1936 5605 Depreca-

3432 404 3547 462 195

1986 511 2098 585 tio,
2115 509 2181 570 ff.
2204 510 2283 570 ad
2297 510 2419 589 leg.
2451 507 2674 569 Rhodi.
2694 506 2770 568 de
2783 508 2977 586 jactu,
3000 508 3337 587 imperator
3363 508 3542 570 dicit:

1987 605 2128 683 qu
2148 604 2358 664 mundi
2384 604 2679 665 dominus.

2070 698 2130 756 3.
2175 697 2509 772 Resutatur
2540 695 2835 773 proedicta
2862 695 3312 774 opinio.—Haec
3342 704 3551 759 autem

1992 789 2317 865 sententia,
2346 788 2399 849 si
2421 787 2727 867 intelligat
2760 788 3195 868 imperatorem
3223 809 3553 853 romanum

1992 884 2178 944 fuisse
2206 881 2537 961 aliquando
2559 900 2775 944 verum
2799 882 3139 961 principem
3158 883 3344 944 totius
3373 902 3553 945 mun-

1993 975 2079 1053 di,
2109 975 2515 1054 habuisseque
2563 992 2914 1054 supremam
2939 974 3427 1054 jurisdictionem
3455 995 3553 1038 su-

1992 1088 2106 1149 pra
2155 1068 2367 1130 omnia
2398 1087 2591 1147 regna
2631 1067 2853 1128 mundi
2878 1113 2898 1143 ,
2940 1074 3033 1129 est
3076 1068 3259 1147 plane
3297 1070 3452 1130 falsa
3496 1075 3557 1131 et

1992 1181 2243 1243 prorsus
2282 1162 2415 1222 sine
2461 1161 2865 1221 fundamento
2915 1162 3280 1241 excogitata,
3325 1169 3395 1222 ut
3434 1161 3558 1223 late

1995 1254 2261 1315 ostendit
2306 1252 2552 1314 Oldrad.
2604 1271 2771 1314 conS.
2809 1254 2911 1328 96,
2939 1255 3116 1333 cujus
3145 1255 3396 1316 initium
3425 1262 3555 1316 est:

2000 1345 2318 1411 Consumit
2346 1346 2616 1410 dubitari
2634 1368 2657 1417 ,·
2684 1352 2746 1407 et
2772 1347 2948 1408 Joan.
2986 1349 3205 1425 [gneus
3230 1348 3298 1409 in
3325 1349 3552 1429 disput.

1995 1455 2108 1517 pro
2133 1455 2423 1517 suprema
2439 1443 2736 1518 potestate
2754 1440 2919 1518 regis
2939 1439 3231 1516 Franciae,
3253 1447 3316 1502 et
3336 1442 3553 1503 Alciat.

1995 1530 2062 1589 in
2111 1528 2154 1591 l.
2206 1534 2267 1606 1,
2321 1530 2387 1591 C.
2444 1531 2521 1591 de
2571 1549 2816 1593 summa
2858 1532 3112 1609 T1·init.,
3152 1534 3344 1595 Gloss.
3378 1535 3458 1611 25
3498 1539 3560 1594 et

1995 1624 2210 1685 Covar.
2241 1624 2309 1683 in
2349 1623 2550 1701 regul.
2587 1625 2929 1701 Peccatum,
2963 1627 3210 1704 2part„
3242 1626 3278 1705 ξ
3318 1628 3382 1701 9,
3428 1645 3493 1687 n.
3523 1628 3562 1687 5

1997 1722 2058 1776 et
2084 1717 2123 1775 6
2146 1731 2167 1793 3
2194 1716 2338 1777 Soto
2365 1716 2473 1777 lib.
2511 1719 2544 1777 4
2568 1716 2646 1777 de
2663 1718 2898 1794 Justit.,
2947 1737 3009 1797 q.
3050 1721 3112 1794 4,
3143 1725 3260 1779 art.
3289 1722 3349 1780 2.
3382 1720 3561 1780 Ratio

1997 1815 2206 1869 autem
2235 1815 2348 1885 est,
2374 1809 2520 1887 quia
2544 1809 2880 1893 imperator
2916 1829 3213 1873 romanus
3230 1830 3345 1873 nec
3372 1832 3411 1873 a
3437 1814 3562 1873 Deo

1997 1902 2131 1981 ipso
2169 1901 2524 1962 immediate
2556 1908 2922 1981 potestatem
2950 1904 3124 1966 illam
3150 1906 3564 1967 universalem

1999 1995 2067 2055 in
2098 2000 2296 2056 totum
2336 1996 2550 2057 orbem
2577 2003 2934 2058 consecutus
2971 2004 3084 2074 est,
3110 2017 3226 2060 nec
3260 1999 3340 2061 ab
3363 2001 3564 2061 homi·

2000 2087 2184 2148 nibus
2218 2089 2405 2149 totius
2442 2090 2716 2151 universi
2757 2090 2984 2151 electus
3034 2098 3124 2153 est
3178 2094 3415 2173 primus
3447 2094 3565 2154 im-

2000 2188 2247 2261 perator
2275 2183 2696 2243 Romanorum
2712 2228 2732 2257 ‚
2772 2189 2842 2243 ut
2871 2183 2950 2244 ab
2982 2184 3091 2245 illo
3120 2186 3433 2265 potuerint
3459 2186 3569 2250 alii

2001 2275 2320 2336 succedere
2370 2294 2511 2336 cum
2572 2276 2788 2335 eadem
2840 2276 3174 2337 universali
3223 2283 3520 2357 potestate
3542 2325 3564 2355 ,

2001 2386 2203 2447 neque
2252 2369 2440 2428 etiam
2471 2386 2583 2447 per
2616 2367 2851 2428 bellum
2894 2369 3105 2429 omnia
3140 2370 3256 2430 sibi
3283 2370 3564 2449 subJecit,

2000 2477 2200 2538 neque
2219 2477 2496 2538 unquam
2523 2458 2599 2519 de
2621 2459 2783 2520 facto
2803 2460 2926 2521 tale
2949 2462 3297 2523 dominium
3323 2465 3569 2524 univer-

2002 2553 2126 2613 sale
2163 2552 2416 2612 habuit:
2451 2570 2599 2631 ergo
2625 2553 2830 2613 nullus
2863 2554 3119 2632 cogitari
3148 2563 3345 2634 potest
3368 2558 3568 2637 justus

2001 2643 2218 2704 titulus
2250 2643 2391 2704 talis
2428 2645 2767 2722 potestatis,
2803 2662 3005 2724 neque
3054 2647 3220 2707 unde
3260 2650 3568 2728 originem

2004 2735 2320 2811 habuerit,
2355 2738 2502 2816 quia
2538 2737 2630 2796 illi
2666 2743 2809 2797 sunt
2847 2755 3060 2799 omnes
3086 2739 3253 2800 tituli
3272 2742 3441 2820 juste
3470 2761 3569 2804 re-

2003 2829 2262 2907 gnandi,
2310 2847 2513 2908 neque
2554 2829 2712 2890 alius
2764 2832 3098 2909 excogitari
3132 2839 3374 2912 potest;
3419 2836 3570 2915 quia

2002 2921 2192 2982 homo
2222 2940 2350 2982 non
2376 2920 2566 2983 habet
2590 2940 2629 2983 a
2656 2940 2719 2982 se
2744 2922 2935 2983 talem
2969 2929 3334 3002 potestatem
3363 2948 3378 2987 ε
3422 2945 3568 3007 ergo

2003 3021 2244 3094 oportet
2269 3021 2342 3075 ut
2365 3014 2591 3075 habeat
2617 3015 2789 3075 illam
2817 3015 2896 3076 ab
2914 3016 3071 3096 alio;
3095 3037 3241 3098 ergo
3259 3020 3412 3081 vela
3444 3023 3568 3081 Deo

2003 3107 2104 3169 vel
2130 3108 2208 3169 ab
2236 3107 2513 3184 homine,
2546 3106 2753 3188 aliquo
2784 3127 2862 3169 ex
2879 3107 3059 3170 dictis
3079 3113 3305 3173 modis:
3335 3119 3571 3174 constat

2005 3203 2173 3263 enim
2202 3202 2281 3263 ab
2320 3201 2576 3280 Angelis
2599 3219 2729 3262 non
2754 3204 3102 3281 provenire,
3134 3206 3372 3267 nullam
3400 3207 3569 3268 enim

2002 3295 2490 3374 jurisdictionem
2518 3295 2585 3355 in
2603 3294 2888 3356 homines
2914 3296 3167 3357 habent.

2082 3390 2143 3448 4.
2189 3389 2468 3449 Primum
2484 3405 2633 3466 ergo
2655 3389 3006 3450 membrum
3026 3396 3263 3452 certum
3286 3397 3399 3467 est,
3423 3394 3570 3472 quia

2003 3482 2222 3543 modus
2259 3482 2363 3543 ille
2391 3482 2765 3543 concedendi
2804 3489 3168 3562 potestatem
3203 3487 3440 3564 regiam
3469 3506 3569 3548 su-

2002 3575 2412 3653 pernaturalis
2440 3581 2621 3650 esset,
2653 3593 2782 3636 non
2825 3578 2996 3637 enim
3026 3584 3255 3657 spectat
3303 3580 3381 3639 ad
3405 3580 3570 3640 ordi-

2003 3669 2246 3729 nariam
2273 3668 2728 3747 providentiam
2756 3670 2885 3745 Dei,
2913 3675 2984 3729 ut
3011 3677 3100 3731 est
3127 3676 3339 3733 auctor
3365 3679 3427 3733 et
3456 3690 3569 3751 gu-

2003 3760 2296 3822 bernator
2344 3766 2580 3822 naturae
2605 3776 2626 3838 ;
2670 3779 2818 3840 ergo
2868 3780 2995 3823 non
3045 3771 3137 3825 est
3167 3766 3564 3827 asserendum

2001 3854 2134 3915 sine
2179 3852 2584 3914 fundamento
2611 3853 2710 3914 vel
2750 3854 3124 3916 revelatione
3153 3874 3168 3917 ε
3208 3858 3429 3919 nullibi
3457 3878 3566 3920 au-

2002 3952 2129 4008 tem
2157 3946 2274 4007 hoc
2299 3946 2595 4007 traditum
2626 3952 2736 4006 aut
2771 3947 3114 4008 revelatum
3154 3956 3266 4010 est.
3303 3951 3388 4011 De
3434 3952 3564 4012 solo

2004 4039 2174 4100 enim
2200 4039 2558 4100 Judaeorum
2598 4038 2826 4117 populo
2867 4039 3152 4117 legimus,
3202 4043 3368 4121 quod
3395 4046 3564 4123 prius

2003 4149 2115 4210 per
2139 4132 2436 4210 Moysem,
2462 4131 2644 4192 Josue
2673 4135 2738 4191 et
2771 4141 3095 4209 sequentes
3113 4134 3350 4211 judices
3384 4136 3564 4197 illum

2005 4224 2464 4302 gubernaverit,
2513 4228 2575 4283 et
2605 4229 2817 4302 postea
2845 4223 3092 4284 Saulem
3128 4226 3403 4305 primum
3432 4228 3566 4289 illo-

2003 4334 2146 4376 rum
2168 4333 2380 4394 regem
2407 4314 2809 4376 constituerit.
2835 4315 3186 4377 Secundum
3209 4319 3563 4382 membrum

2000 4427 2112 4490 per
2129 4427 2193 4470 se
2221 4415 2438 4469 notum
2462 4414 2573 4483 est,
2592 4408 2739 4488 quia
2764 4426 2878 4470 nec
2904 4409 2980 4470 de
3017 4410 3128 4470 tali
3155 4415 3475 4474 concordia
3502 4420 3565 4476 et

2002 4519 2302 4563 consensu
2355 4502 2683 4562 nationum
2734 4502 2923 4562 totius
2973 4505 3248 4564 universi
3300 4512 3559 4584 constat,

2002 4611 2203 4674 neque
2241 4593 2514 4655 humano
2554 4595 2739 4655 modo
2770 4596 3017 4656 videtur
3051 4596 3377 4675 possibilis.
3408 4601 3563 4660 Item

2004 4693 2240 4747 constat
2270 4706 2347 4748 ex
2373 4688 2643 4749 historiis
2677 4695 2739 4750 et
2767 4689 3007 4769 legibus
3038 4690 3342 4767 civilibuS,
3371 4692 3565 4773 impe-

2004 4787 2271 4842 ratorem
2290 4799 2618 4841 romanum
2642 4782 2871 4862 abipso
2891 4783 3140 4862 popu10,
3164 4789 3227 4845 et
3250 4787 3566 4865 republica

2004 4879 2248 4934 tantum
2275 4892 2532 4936 romana
2571 4876 2868 4954 accepisse
2895 4883 3256 4955 potestatem
3280 4884 3342 4938 et
3367 4879 3566 4940 domi-

2005 4966 2185 5026 nium
2227 4968 2322 5027 sui
2379 4968 2658 5048 imperii,
2717 4974 2789 5028 ut
2836 4968 2960 5029 late
3000 4969 3189 5029 refert
3234 4971 3448 5032 Covar.
3495 4972 3564 5033 in

2007 5060 2289 5136 Practic.,
2336 5079 2472 5139 cap.
2520 5064 2579 5136 1,
2618 5061 2883 5121 conclus.
2931 5062 2992 5136 3,
3032 5078 3142 5120 seu
3177 5080 3243 5122 n.
3292 5066 3328 5124 3
3339 5079 3361 5141 3
3400 5066 3564 5126 unde

2007 5152 2195 5212 etiam
2223 5158 2461 5213 constat
2489 5155 2740 5213 tertium
2760 5152 3141 5213 membrum:
3171 5173 3319 5216 nam
3344 5158 3568 5218 Roma-

2007 5244 2076 5303 ni
2125 5261 2444 5322 nunquam
2489 5250 2866 5323 occuparunt
2924 5251 3126 5306 totum
3174 5249 3386 5311 orbem
3440 5253 3567 5313 suis

2009 5335 2188 5397 bellis
2215 5343 2277 5396 et
2298 5337 2593 5415 imperi03
2627 5356 2774 5417 ergo
2793 5357 3114 5419 nunquam
3141 5360 3435 5405 romanus
3458 5364 3568 5424 po-

2012 5429 2194 5509 pulus
2224 5431 2425 5510 potuit
2460 5431 2527 5490 in
2558 5450 2736 5502 suum
2773 5433 3203 5513 imperatorem
3237 5438 3568 5501 transferre

2009 5524 2505 5606 jurisdictionem
2532 5526 2600 5589 in
2627 5528 2984 5591 universum
3010 5529 3245 5606 orbem,
3269 5533 3416 5610 quia
3438 5534 3569 5613 ipse
