3976 6219
799 387 936 441 (ΞΑ-Ρ.
969 387 1100 441 xlx.
1134 385 1351 441 UTRUM
1380 387 1766 443 AGGEPTATlo
1798 387 2021 441 POPULI
2054 387 2152 441 Sl'r
2183 387 2568 442 NECESSARIA
2598 389 2663 442 IN
2694 389 2873 454 LEGE,
2907 390 3043 443 ETC.

322 490 524 566 legem
566 486 1030 571 acceptandam,
1056 491 1233 570 cujus
1260 493 1643 554 contrarium
1668 493 1733 554 in
1760 492 1885 574 pri-

317 603 424 646 mo
451 584 839 645 antecedenti
868 585 1262 664 sumpsimus,
1303 586 1603 647 Probatur
1634 605 1781 665 ergo
1809 587 1882 647 il-

319 678 426 739 lud
468 677 862 752 antecedens,
913 679 1059 757 quia
1100 680 1168 738 in
1205 698 1492 758 supremo
1535 680 1882 759 legislatore

316 789 445 832 non
472 771 640 832 deest
666 777 955 850 potestas,
969 777 1032 832 et
1051 778 1251 851 potest
1272 791 1399 833 non
1428 773 1634 835 deesse
1662 774 1882 834 volun-

318 869 436 937 tas,
476 868 537 923 et
556 864 963 941 judicandum
996 870 1088 924 est
1117 883 1243 925 nou
1273 865 1478 926 deesse
1499 866 1746 944 quando
1773 865 1881 926 ab·

316 955 516 1017 solute
542 957 663 1017 fert
687 957 889 1034 legem
909 973 926 1017 τ
948 962 1195 1017 tantum
1226 958 1390 1019 enim
1422 977 1500 1019 ex
1522 957 1619 1019 his
1642 958 1881 1019 duobus

314 1049 632 1128 principiis
670 1049 802 1111 hoec
841 1049 1136 1128 obligatio
1176 1053 1424 1131 pendet,
1461 1058 1531 1113 ut
1573 1058 1737 1112 recte
1779 1069 1880 1111 su-

314 1141 523 1202 mebat
581 1144 890 1204 contraria
949 1144 1181 1222 opinio·
1251 1144 1425 1206 Unde
1486 1150 1700 1206 contra
1755 1145 1880 1205 duo

313 1233 725 1296 fundamenta
763 1237 896 1316 ejus
936 1237 1271 1315 probandae
1309 1243 1454 1299 sunt
1495 1237 1634 1298 duae
1670 1244 1874 1317 partes

313 1333 664 1407 assumptae.

396 1422 457 1479 6.
490 1421 558 1480 In
588 1422 789 1498 prima
814 1426 1103 1482 notanter
1130 1422 1263 1483 dixi
1292 1422 1357 1484 in
1383 1441 1654 1502 supremo
1688 1424 1874 1503 ἱερέε-

317 1512 530 1585 laton,
551 1512 698 1589 quia
724 1512 982 1574 inferior
1009 1515 1402 1593 magistratus
1425 1525 1619 1595 potest
1645 1516 1873 1578 habere

315 1602 675 1664 facultatem
720 1606 1048 1667 limitatam
1088 1608 1202 1667 sub
1246 1608 1357 1668 tali
1387 1609 1487 1669 vel
1523 1610 1632 1669 tali
1664 1609 1872 1670 condi-

316 1696 506 1757 tione.
556 1699 685 1757 lmo
725 1699 793 1757 in
837 1699 1142 1778 aliquibus
1182 1702 1537 1780 provinciis,
1574 1702 1719 1763 licet
1764 1720 1874 1782 per

316 1807 491 1866 reges
522 1791 968 1866 gubernentur,
1011 1793 1237 1855 dicitur
1267 1813 1394 1856 non
1421 1813 1552 1856 esse
1580 1796 1874 1856 translata

315 1881 383 1941 in
412 1900 625 1960 regem
659 1883 936 1945 absoluta
963 1893 1229 1965 potestas
1269 1888 1508 1948 ferendi
1551 1888 1739 1966 leges,
1768 1889 1874 1949 sed

316 1972 516 2032 solum
545 1993 688 2034 cum
716 1995 1014 2039 consensu
1037 1981 1216 2056 regni
1234 1982 1300 2040 in
1328 1981 1587 2060 publicis
1614 1982 1875 2042 comitiis

315 2064 470 2142 ejus,
512 2072 584 2125 ut
633 2068 862 2130 dicitur
897 2089 1023 2131 esse
1064 2072 1133 2131 in
1176 2091 1371 2151 regno
1412 2075 1755 2151 Aragoniae.
1800 2075 1875 2135 Et

311 2161 459 2216 tunc
487 2175 708 2218 verum
745 2166 837 2221 est
872 2164 1107 2241 requiri
1136 2165 1345 2244 aliquo
1390 2166 1575 2228 modo
1602 2173 1874 2245 accepta-

310 2248 546 2311 tionem
573 2254 753 2331 regni
783 2255 862 2314 ad
900 2256 1176 2317 valorem
1210 2258 1363 2335 legis
1379 2275 1398 2336 3
1444 2264 1656 2321 tamen
1685 2262 1871 2322 etiam

312 2342 380 2402 in
407 2362 480 2404 eo
506 2363 652 2406 casu
680 2364 808 2407 non
835 2355 927 2408 est
957 2350 1065 2409 illa
1087 2354 1424 2432 acceptatio
1453 2353 1530 2413 de
1559 2371 1682 2431 qua
1703 2372 1872 2415 nunc

311 2440 671 2516 tractamus,
704 2441 850 2521 quia
880 2461 1007 2502 non
1046 2450 1137 2504 est
1171 2463 1550 2523 consequens
1578 2446 1657 2506 ad
1698 2447 1872 2507 insti-

314 2530 615 2593 tutionem
647 2541 709 2596 et
743 2535 1305 2614 promulgationem
1349 2538 1526 2617 legia,
1566 2558 1679 2599 nec
1713 2546 1805 2600 est
1832 2559 1871 2600 a

313 2623 593 2700 subditis,
617 2635 690 2689 ut
720 2627 873 2689 tales
896 2634 1063 2703 sunt,
1093 2629 1199 2690 sed
1222 2636 1313 2691 oet
1339 2648 1668 2692 consensus
1689 2633 1870 2710 regni

309 2716 495 2776 simul
522 2736 662 2781 cum
708 2739 1010 2782 consensu
1034 2723 1195 2801 regis
1222 2742 1589 2785 concurrens
1620 2726 1699 2786 ad
1727 2744 1871 2786 con-

310 2807 576 2870 dendam
601 2811 828 2891 legem,
859 2815 926 2874 in
965 2834 1090 2893 quo
1123 2834 1387 2893 regnum
1420 2835 1485 2878 se
1515 2817 1703 2879 habet
1729 2825 1870 2879 tan·

308 2918 495 2978 quam
537 2921 800 2965 assessor
826 2924 965 2965 cum
1006 2926 1152 2985 rege
1192 2908 1271 2967 ad
1310 2908 1513 2985 legem
1541 2910 1869 2972 instituen-

308 2992 476 3068 dam,
512 3002 574 3056 et
620 3004 832 3076 postea
872 3000 1045 3077 sequi
1085 3000 1269 3061 debet
1305 3004 1745 3080 promulgatiO,
1798 3023 1871 3065 ac

308 3086 530 3149 deinde
561 3092 896 3170 acceptatio
922 3093 1331 3156 subditorum.
1360 3095 1436 3155 Et
1461 3096 1546 3156 ita
1569 3115 1712 3156 cum
1731 3116 1871 3177 pro-

309 3181 592 3259 portione
625 3184 814 3246 etiam
843 3186 910 3245 in
940 3187 1050 3246 tali
1077 3188 1261 3248 modo
1295 3188 1616 3265 regiminis
1643 3195 1733 3249 est
1769 3208 1873 3251 ve-

306 3290 477 3342 rum,
522 3275 588 3335 in
619 3295 909 3356 supremo
944 3278 1289 3357 legislatore
1335 3298 1463 3340 esse
1504 3287 1869 3360 potestatem

306 3365 383 3425 ad
418 3366 824 3444 obligandum
853 3371 1150 3447 subditos,
1189 3379 1260 3432 ut
1286 3379 1601 3452 acceptent
1627 3374 1861 3453 legem:

306 3476 453 3519 nam
481 3459 568 3520 ibi
602 3467 925 3541 supremus
951 3463 1262 3542 legislator
1283 3484 1407 3526 non
1436 3471 1529 3527 est
1545 3466 1710 3527 solus
1731 3486 1863 3544 rex,

305 3552 411 3612 sed
450 3569 559 3613 rex
599 3572 743 3615 cum
784 3574 996 3636 regno.
1044 3557 1163 3618 Ubi
1195 3564 1405 3619 autem
1444 3558 1568 3619 tale
1613 3567 1864 3638 pactum

303 3663 431 3705 non
461 3646 803 3709 intercessit
839 3650 1003 3710 inter
1036 3668 1248 3728 regem
1282 3657 1344 3711 et
1382 3650 1703 3730 populum,
1747 3670 1864 3714 nec

304 3736 380 3797 de
427 3738 533 3799 illo
575 3746 777 3819 potest
817 3760 934 3802 usu
970 3749 1077 3803 aut
1124 3744 1348 3824 scripta
1378 3744 1514 3822 lege
1560 3751 1860 3821 constare,

302 3847 431 3890 non
459 3837 553 3893 est
577 3833 721 3894 data
743 3835 1010 3916 principi
1038 3842 1302 3915 potestas
1330 3855 1472 3897 cum
1502 3836 1608 3897 illa
1634 3837 1863 3900 limita-

303 3923 495 4000 tione,
536 3926 643 3986 sed
676 3926 954 3989 absolute
995 3929 1387 3990 constituitur
1433 3936 1617 4009 caput
1657 3932 1864 4011 reipu-

302 4013 495 4077 blicae.
540 4019 617 4078 Et
644 4019 730 4079 ita
770 4027 1048 4082 servatur
1083 4023 1449 4101 regulariter
1488 4024 1557 4082 in
1599 4024 1865 4103 perfecta

304 4110 687 4188 monarchia,
740 4113 808 4174 in
845 4133 969 4193 qua
1015 4133 1302 4194 suprema
1347 4121 1613 4194 potestas
1661 4124 1752 4177 est
1794 4118 1862 4178 iu

303 4201 671 4281 imperatore
699 4206 800 4266 vel
837 4226 1007 4286 rege,
1046 4208 1145 4268 vel
1176 4226 1565 4287 quocumque
1598 4209 1719 4269 alio
1750 4210 1861 4289 qui

301 4293 370 4355 in
401 4298 843 4375 temporalibus
877 4318 1005 4361 non
1031 4300 1254 4361 habeat
1280 4302 1688 4380 superiorem:
1715 4320 1863 4362 nam

304 4386 371 4446 in
401 4386 575 4448 illum
616 4393 933 4453 transtulit
977 4393 1238 4473 populus
1277 4411 1454 4455 suam
1497 4401 1864 4474 potestatem

301 4478 582 4543 absolute
607 4490 670 4544 et
694 4486 1072 4565 simpliciter,
1118 4492 1187 4546 ut
1222 4505 1300 4547 ex
1335 4488 1650 4548 ordinario
1678 4488 1861 4549 modo

297 4574 621 4652 regiminis
663 4585 921 4656 constat,
964 4598 1081 4641 nec
1110 4580 1280 4640 aliud
1320 4581 1735 4643 verisimiliter
1770 4581 1861 4643 af-

299 4666 537 4731 firmari
565 4678 787 4751 potest,
826 4673 946 4733 nisi
974 4674 1082 4734 ubi
1111 4691 1188 4734 ex
1229 4675 1672 4736 consuetudine
1715 4694 1862 4736 con-

297 4761 544 4824 stiterit.
594 4767 884 4845 Idemque
938 4773 1028 4828 est
1066 4785 1208 4828 cum
1243 4768 1637 4846 proportione
1663 4768 1731 4828 in
1764 4787 1861 4830 re-

297 4854 544 4932 publica
585 4876 895 4938 suprema,
947 4865 1253 4940 quantum
1300 4861 1380 4920 ad
1428 4866 1738 4937 senatum,
1791 4862 1859 4922 in

296 4964 485 5026 quem
526 4957 618 5011 est
647 4953 939 5014 translata
982 4958 1248 5032 potestas
1283 4952 1583 5028 absolute,
1633 4955 1754 5015 nisi
1781 4955 1859 5015 de

294 5038 416 5099 alia
441 5040 811 5106 limitatione
838 5064 914 5106 ex
935 5045 1372 5106 consuetudine
1399 5045 1498 5106 vel
1519 5045 1642 5107 alio
1670 5047 1854 5109 modo

294 5135 659 5196 constiterit.

373 5229 431 5287 7.
477 5229 562 5289 In
590 5231 750 5292 omni
782 5231 1074 5310 reyimim
1114 5249 1231 5292 non
1258 5231 1641 5295 democratioo
1669 5250 1857 5312 popu-

291 5319 389 5381 lus
416 5324 737 5385 transtulit
762 5341 1099 5402 supremam
1132 5329 1480 5401 potestatem
1520 5327 1588 5386 in
1622 5327 1856 5404 princi-

284 5428 441 5489 pem.
459 5444 541 5459 —
559 5414 659 5475 Sic
691 5434 839 5496 ergo
874 5416 1185 5477 declarata
1203 5416 1313 5477 illa
1340 5435 1479 5496 pars
1505 5418 1681 5480 facile
1707 5437 1853 5499 pro-

288 5502 494 5569 batur.
542 5507 774 5586 Prim0,
823 5509 1202 5590 ubicumque
1246 5510 1526 5590 regimen
1579 5529 1709 5575 non
1761 5518 1854 5576 oet

3407 387 3516 449 25⁴

1961 492 2464 569 democraticum,
2514 492 2777 574 populus
2806 492 3126 554 transtulit
3171 510 3527 573 supremam

1954 590 2322 663 potestatem
2348 586 2415 646 in
2445 586 2810 665 principem,
2837 587 2964 647 sive
2993 586 3097 647 ille
3125 586 3203 646 sit
3230 606 3358 648 una
3385 605 3525 667 per-

1954 696 2129 753 sona,
2161 679 2316 739 utin
2339 680 2735 754 monarchia3
2767 680 2895 740 sive
2922 681 3004 740 sit
3030 680 3352 740 consilium
3380 698 3523 759 pro-

1954 789 2192 845 cerum,
2240 778 2312 832 ut
2352 774 2417 831 in
2463 773 2873 847 aristocratia,
2922 774 3051 834 sive
3100 773 3180 832 sit
3253 773 3520 836 mixtum

1953 863 2202 942 aliquod
2240 882 2317 925 ex
2354 871 2639 943 utroque,
2676 871 2748 925 ut
2792 870 2885 925 est
2920 864 3050 925 dux
3093 883 3235 925 cum
3276 872 3517 942 senatu,

1950 955 2053 1017 vel
2079 974 2190 1017 rex
2232 974 2374 1017 cum
2408 957 2675 1018 comitiis
2702 958 2917 1035 regni3
2956 975 3127 1034 erge,
3158 958 3224 1018 in
3262 958 3359 1017 his
3388 975 3520 1019 om·

1951 1049 2160 1123 nibus,
2205 1049 2258 1108 is
2286 1050 2393 1126 qui
2437 1049 2511 1109 de
2545 1049 2705 1109 facto
2754 1067 3107 1129 supremam
3156 1055 3521 1128 potestatem

1952 1142 2142 1203 habet
2174 1142 2250 1202 ad
2284 1142 2601 1203 ferendam
2625 1143 2851 1220 legem,
2883 1142 3070 1203 habet
3100 1143 3289 1203 etiam
3321 1153 3520 1222 potes-

1952 1238 2147 1295 tatem
2170 1234 2247 1293 ad
2270 1234 2673 1313 obligandum
2699 1252 2912 1297 omnes
2937 1236 3017 1295 de
3037 1252 3232 1313 regno
3256 1245 3326 1295 ut
3347 1235 3520 1298 illam

1952 1333 2288 1405 acceptent.
2321 1327 2623 1388 Probatur
2666 1329 3130 1408 consequentia,
3173 1329 3399 1408 prim0,
3440 1348 3519 1391 ex

1953 1419 2062 1479 illo
2082 1419 2545 1480 Paul.Rom.13.
2566 1420 2774 1484 Omnis
2788 1422 2997 1483 anima
3010 1423 3403 1500 potestatibus
3419 1440 3521 1485 su-

1954 1511 2332 1573 blimioribus
2358 1513 2600 1575 subdita
2649 1516 2755 1576 sit.
2808 1515 3116 1590 Secundo,
3169 1515 3316 1594 quia
3367 1516 3518 1577 alias

1928 1602 2235 1708 ‘inefficax
2261 1605 2441 1665 valde
2471 1613 2628 1668 esset
2648 1608 2755 1668 illa
2782 1614 3049 1687 potestas
3074 1615 3138 1669 et
3159 1609 3341 1687 plane
3373 1609 3516 1670 inu-

1949 1696 2096 1771 tilis,
2129 1697 2181 1757 si
2209 1716 2333 1757 non
2360 1705 2560 1775 posset
2611 1718 2828 1779 cogere
2874 1701 3148 1761 subditos
3188 1701 3266 1762 ad
3307 1720 3518 1781 accep-

1949 1790 2208 1850 tandam
2238 1796 2299 1850 et
2343 1790 2788 1854 observandam
2826 1793 3050 1873 legem.
3095 1794 3325 1861 Tertio.
3367 1795 3515 1874 quia

1950 1900 2068 1942 usu
2093 1888 2334 1943 constat
2360 1902 2534 1962 reges
2555 1887 2764 1947 statim
2792 1904 2863 1947 ac
2890 1886 2992 1947 lex
3017 1887 3392 1948 sufficienter
3420 1894 3514 1948 est

1950 1977 2306 2050 constituta,
2350 1978 2740 2056 promulgata
2792 1985 2854 2040 et
2896 1980 3239 2060 proposita,
3294 1980 3516 2059 punire

1949 2073 2449 2147 transgressores,
2470 2069 2644 2132 nulla
2671 2072 2881 2151 populi
2908 2074 3326 2151 acceptatione
3345 2092 3517 2153 spec-

1951 2163 2105 2233 tata,
2135 2161 2263 2221 imo
2303 2162 2505 2240 poenis
2542 2170 2773 2241 cogunt
2820 2165 2899 2224 ad
2953 2164 3400 2226 observandam
3454 2171 3518 2226 et

1952 2253 2391 2332 acceptandam
2409 2271 2430 2332 3
2462 2254 2593 2315 hasc
2615 2262 2823 2317 autem
2855 2258 3150 2317 correctio
3190 2258 3361 2334 justa
3398 2263 3510 2334 est,

1950 2352 2022 2405 ut
2050 2353 2318 2422 constat3
2342 2365 2488 2425 ergo
2511 2349 2802 2427 supponit
2822 2348 3287 2427 obligationem.
3315 2350 3510 2426 Unde,

1948 2435 2092 2498 licet
2119 2439 2374 2500 fortasse
2397 2440 2585 2501 fuerit
2613 2459 2942 2502 consensus
2987 2442 3198 2521 populi
3234 2461 3514 2504 necessa-

1947 2530 2078 2590 rius
2105 2532 2183 2592 ad
2212 2532 2597 2593 condendam
2629 2534 2854 2611 legem,
2895 2536 3143 2613 quando
3181 2535 3389 2614 aliqua
3437 2555 3516 2598 ex

1947 2628 2122 2700 parte
2149 2626 2429 2703 regimen
2457 2625 2811 2704 reipublicae
2851 2627 2976 2687 fuit
3001 2627 3509 2705 democraticum,

1946 2716 2247 2777 translata
2299 2723 2509 2777 tamen
2550 2723 2850 2797 potestate
2894 2719 2961 2778 in
2998 2738 3216 2780 verum
3265 2739 3512 2782 monar-

1946 2808 2151 2885 cham,
2181 2828 2308 2869 non
2339 2815 2431 2871 est
2454 2809 2594 2870 talis
2621 2829 2956 2872 consensus
2985 2812 3199 2891 populi
3225 2830 3509 2875 necessa-

1946 2901 2100 2975 rius,
2135 2908 2197 2961 et
2224 2908 2669 2980 consequenter
2704 2921 2818 2965 nec
2869 2904 3003 2982 ejus
3049 2906 3409 2984 acceptatio,
3454 2906 3507 2966 si

1947 2994 2230 3073 princeps
2255 2996 2404 3055 velit
2431 2996 2522 3054 uti
2550 3014 2660 3056 sua
2683 3002 3003 3076 potestate.
3031 2998 3183 3072 Im0,
3210 2999 3261 3058 si
3284 2999 3511 3060 forma-

1948 3086 2092 3148 liter
2114 3094 2176 3148 et
2202 3090 2445 3168 proprie
2472 3088 2822 3169 loquamur,
2846 3097 2983 3170 post
3006 3091 3207 3170 legem
3234 3092 3511 3156 absolute

1947 3183 2344 3244 constitutam
2397 3183 2476 3243 ab
2527 3184 2794 3245 habente
2845 3204 3198 3263 supremam
3247 3194 3511 3267 potesta-

1948 3281 2101 3350 tem,
2122 3295 2443 3355 nunquam
2467 3277 2587 3337 fuit
2605 3295 2765 3338 nova
2785 3280 3120 3358 acceptatio
3142 3282 3506 3358 necessaria,

1948 3367 2057 3428 sed
2088 3369 2155 3427 in
2192 3368 2321 3429 sola
2356 3370 2734 3431 democratia
2773 3371 3194 3449 contingebat,
3231 3378 3301 3432 ut
3342 3372 3508 3433 idem

1945 3467 2104 3522 esset
2128 3462 2395 3522 condens
2439 3467 2502 3523 et
2531 3469 2855 3543 acceptans
2887 3464 3114 3543 legem,
3158 3470 3219 3526 et
3250 3465 3388 3526 ideo
3429 3466 3509 3528 si-

1943 3554 2080 3615 mul
2107 3554 2360 3617 fiebant.

2025 3648 2084 3708 8.
2129 3649 2269 3708 Jam
2305 3667 2447 3711 vero
2480 3650 2795 3730 supposita
2833 3656 3154 3729 potestate,
3191 3651 3357 3730 quod
3400 3671 3506 3714 vo-

1943 3739 2151 3801 luntas
2169 3760 2296 3802 non
2316 3741 2475 3804 desit
2496 3744 2745 3823 quando
2773 3743 2875 3805 lex
2902 3745 3261 3824 simpliciter
3282 3745 3503 3824 fertur,

1942 3834 2240 3912 probatur
2295 3836 2497 3914 primo
2551 3855 2590 3897 a
2632 3838 2955 3916 posteriori
3012 3837 3240 3898 indicio
3291 3838 3502 3915 allato,

1942 3926 2091 4005 quia
2131 3928 2438 4006 principes
2486 3935 2716 4006 cogunt
2766 3947 2878 4008 per
2923 3948 3174 4009 poenam
3220 3930 3301 3990 ad
3349 3930 3506 4010 legis

1942 4019 2392 4095 executionem,
2441 4027 2512 4080 ut
2552 4039 2669 4081 usu
2712 4022 2844 4099 ipso
2885 4029 3144 4084 constat.
3195 4023 3408 4102 Neque
3437 4025 3506 4087 in

1941 4112 2248 4190 principio
2275 4112 2524 4191 quando
2551 4113 2652 4173 lex
2688 4114 2887 4173 fertur
2921 4115 3238 4175 audebunt
3275 4116 3504 4176 subditi

1943 4221 2149 4264 coram
2187 4203 2391 4281 judice
2420 4205 2876 4266 excusationem
2911 4205 3156 4280 afferre,
3204 4208 3372 4284 quod
3419 4208 3506 4269 le-

1944 4313 2087 4374 gem
2115 4314 2242 4356 uon
2265 4297 2666 4372 servaverint,
2687 4297 2835 4376 quia
2855 4304 3102 4377 recepta
3125 4315 3250 4358 non
3276 4297 3500 4362 fuerit:

1941 4407 2091 4449 nam
2124 4387 2243 4450 hoc
2272 4395 2361 4450 est
2389 4389 2554 4469 quod
2582 4396 2732 4450 tunc
2761 4390 2989 4469 agitur,
3023 4396 3083 4452 et
3112 4390 3190 4452 ad
3220 4392 3387 4470 quod
3412 4392 3506 4453 di-

1940 4488 2104 4543 recte
2130 4489 2382 4562 cogunt,
2414 4490 2475 4545 et
2501 4490 2750 4564 propter
2775 4484 2942 4563 quod
2979 4485 3345 4564 puniuntur,
3386 4488 3504 4547 sci-

1938 4574 2106 4652 licet,
2138 4577 2285 4656 quia
2309 4577 2483 4638 illam
2505 4595 2632 4639 nou
2656 4578 3007 4655 observant,
3036 4585 3100 4640 et
3121 4579 3502 4643 observando

1938 4676 2260 4748 acceptant
2268 4686 2288 4747 ;
2320 4689 2520 4751 neque
2543 4671 2650 4733 illa
2681 4672 2910 4752 praevia
2931 4673 3266 4752 acceptatio
3290 4692 3500 4735 neces-

1939 4763 2100 4823 saria
2127 4769 2427 4826 censetur.
2467 4764 2747 4826 Secundo
2769 4765 2834 4825 id
2875 4771 3114 4826 constat
3152 4784 3230 4828 ex
3263 4767 3326 4826 vi
3365 4784 3500 4827 ver-

1938 4854 2163 4916 borum
2190 4854 2366 4933 legis,
2391 4874 2527 4935 quae
2544 4858 2904 4936 simpliciter
2930 4864 3076 4919 sunt
3096 4858 3496 4938 praeceptiva:

1936 4955 2319 5030 praeceptum
2342 4956 2554 5012 autem
2581 4950 2855 5013 absolute
2877 4952 3072 5013 latum
3101 4970 3228 5013 non
3267 4951 3503 5030 obligat

1937 5043 1990 5103 si
2029 5043 2307 5103 subditus
2362 5042 2513 5104 velit
2556 5050 2914 5123 acceptare:
2953 5061 3091 5122 quas
3124 5043 3292 5104 enim
3342 5048 3499 5104 esset

1936 5135 2068 5196 haec
2103 5136 2433 5214 obligatio?
2463 5137 2569 5198 sed
2605 5136 2882 5197 absolute
2910 5135 3146 5196 inducit
3172 5136 3497 5197 necessita-

1933 5234 2086 5303 tem,
2115 5235 2268 5289 teste
2303 5229 2471 5289 Paul.
2496 5230 2671 5290 Rom.
2706 5232 2802 5303 13,
2833 5230 2979 5307 quia
3003 5227 3380 5291 sufficienter
3401 5231 3498 5290 in-

1911 5321 2097 5396 ‚dieat
2137 5321 2478 5382 absolutam
2521 5323 2816 5402 principis
2855 5321 3260 5385 voluntatem.
3297 5323 3495 5396 Quam

1933 5414 2102 5475 enim
2130 5415 2262 5494 ipse
2289 5434 2414 5476 non
2441 5416 2692 5492 limitat,
2728 5416 3037 5497 quomodo
3070 5422 3327 5496 possunt
3351 5416 3494 5476 sub-

1932 5507 2047 5569 diti
2089 5508 2399 5574 limitare?
2442 5510 2671 5588 Terti0,
2725 5510 2779 5573 si
2808 5510 2942 5574 hoec
2981 5515 3246 5592 potestas
3287 5516 3380 5577 est
3424 5510 3492 5576 in
