3976 6219
815 401 952 454 CAP.
985 399 1089 451 XV.
1126 400 1213 451 AN
1243 399 1420 453 LEGIS
1451 398 1762 452 EFFECTUS
1793 397 1996 450 RECTE
2028 398 2091 449 IN
2123 398 2415 460 Qnssuon
2448 399 2847 451 mvaNTtm.

225 502 534 580 imposita,
565 502 712 579 quia
744 500 795 560 si
819 501 1175 578 imponatur
1204 501 1458 577 privatoe
1486 518 1782 578 personae,

226 612 350 654 non
379 594 496 653 erit
520 611 595 653 ex
623 593 760 669 lege
778 638 796 666 ,
831 597 894 652 et
929 592 1091 652 idem
1120 597 1211 651 est
1238 592 1288 650 si
1325 592 1682 670 imponatur
1710 592 1788 651 ad

223 686 409 747 breve
438 691 703 763 1818883,
732 686 878 763 quia
900 690 1051 744 tunc
1080 685 1267 744 etiam
1292 683 1499 743 deficit
1517 683 1787 743 conditio

226 779 523 857 requisita
553 779 632 837 ad
664 778 890 854 183818.
943 777 1233 850 Quamvis
1260 776 1381 835 illae
1411 776 1598 836 etiam
1632 776 1788 835 obli-

225 874 527 950 38118883,
551 876 855 949 quatenus
872 869 1104 929 habent
1122 869 1396 947 aliquam
1414 870 1787 929 convenien-

223 964 378 1023 tiam
407 980 550 1021 cum
580 960 956 1039 obligatione
981 960 1135 1037 legis
1157 962 1225 1019 in
1246 960 1363 1020 hoc
1381 961 1547 1040 quod
1569 961 1647 1021 ab
1667 961 1788 1021 alio

223 1056 496 1115 habente
526 1060 892 1132 potestatem
924 1055 1332 1132 imponuntur
1364 1069 1380 1112 2
1411 1070 1790 1131 consequen-

223 1154 320 1208 ter
348 1149 538 1208 etiam
566 1148 942 1207 conveniunt
962 1164 1104 1206 cum
1128 1145 1264 1222 1838
1289 1145 1355 1204 111
1383 1145 1499 1204 1188
1522 1145 1684 1223 quod
1708 1164 1786 1205 81

222 1240 485 1320 11888118
555 1258 662 1299 388
726 1246 1030 1317 praecepto
1096 1238 1303 1316 aliquo
1367 1238 1780 1316 proveniunt,

224 1334 498 1394 maxime
546 1332 795 1410 quando
845 1332 1270 1391 necessitatem
1314 1330 1379 1388 in
1414 1331 1786 1390 conscientia

227 1426 558 1503 imponunt
587 1445 601 1483 ε
634 1425 760 1483 11118
788 1425 976 1484 etiam
1004 1429 1153 1482 tunc
1189 1423 1269 1482 ab
1298 1423 1502 1501 aliqua
1530 1423 1664 1501 1838
1693 1428 1784 1482 to·

226 1522 356 1576 tam
386 1517 513 1575 vim
538 1515 853 1592 obligandi
881 1515 1208 1594 accipiunt.
1243 1516 1441 1592 Atque
1465 1515 1553 1573 ita
1575 1532 1788 1574 sensus

227 1609 586 1668 assertionis
615 1615 705 1667 est
725 1654 743 1682 ,
786 1625 1034 1668 omnem
1067 1608 1423 1686 hujusmodi
1461 1607 1783 1685 obligatio-

227 1720 374 1762 nem
404 1720 481 1761 ex
507 1701 643 1780 1838
672 1702 821 1762 81111
847 1701 1055 1780 aliquo
1089 1702 1293 1761 modo.
1336 1701 1637 1761 Probatur
1676 1719 1786 1760 88-

227 1805 357 1854 1818
378 1794 580 1871 8111118
604 1811 641 1853 8
663 1794 967 1853 contrario
986 1812 1059 1852 81
1082 1793 1448 1870 Augustino,
1471 1795 1550 1853 22
1575 1800 1788 1853 contra

230 1887 467 1959 Faust.,
499 1904 631 1963 cap.
664 1886 767 1951 27.
798 1884 1130 1944 definiente
1158 1891 1475 1961 peccatum
1506 1903 1636 1945 esse
1663 1885 1788 1944 dic·

225 1982 365 2035 tum
411 1977 506 2036 vel
537 1976 781 2053 gfactum
830 1982 1043 2035 contra
1086 1976 1285 2051 legem
1324 1992 1340 2034 ε
1385 1994 1532 2036 88111
1580 1982 1787 2054 888118

225 2069 521 2146 supponit
558 2085 810 2128 omnem
838 2068 1286 2145 obligationem
1317 2068 1395 2127 ad
1434 2069 1670 2146 aliquid
1699 2069 1790 2128 vi-

222 2159 484 2219 tandum
535 2160 632 2219 vel
680 2159 1034 2219 faciendum
1077 2161 1226 2219 oriri
1274 2177 1350 2220 81
1394 2160 1530 2238 1838
1571 2178 1586 2220 :
1642 2179 1790 2221 nam

224 2252 462 2331 quoties
521 2252 741 2330 aliquis
795 2253 1036 2330 agendo
1085 2260 1299 2313 contra
1343 2252 1789 2331 obligationem

225 2346 541 2423 propriam
587 2345 653 2403 in
700 2346 1071 2405 conscientia
1116 2351 1348 2422 peccat,
1398 2347 1528 2422 agit
1574 2353 1787 2407 contra

225 2435 431 2513 legem
461 2458 474 2495 ε
509 2455 655 2514 8138
678 2437 817 2497 18113
846 2437 1143 2513 obligatio
1175 2444 1305 2497 8181
1334 2455 1409 2496 81
1439 2439 1597 2515 1838.

313 2530 409 2588 13.
455 2529 686 2589 Deinde
721 2530 1019 2607 probatur
1063 2529 1295 2589 eisdem
1325 2529 1625 2607 exemplis
1654 2548 1789 2609 quae

227 2622 299 2681 in
326 2622 700 2681 contrarium
720 2621 1157 2694 afferebantur,
1173 2621 1422 2693 scilicet,
1458 2628 1624 2695 vot0,
1648 2641 1790 2699 pro-

229 2714 540 2786 missione,
589 2718 698 2772 aut
738 2730 1123 2791 quocumque
1160 2719 1371 2790 pacto:
1418 2730 1564 2772 nam
1596 2732 1669 2773 81
1700 2714 1796 2773 1113

231 2806 521 2865 8181111183
566 2823 689 2864 nou
713 2806 911 2864 oritur
934 2805 1252 2880 obligatio,
1298 2804 1419 2864 nisi
1467 2824 1543 2864 ex
1568 2805 1795 2866 virtute

228 2897 403 2975 18313.
440 2898 508 2957 In
550 2897 669 2956 illis
706 2899 873 2957 enim
898 2896 1187 2957 omnibus
1214 2897 1594 2973 distinguere
1619 2915 1793 2975 opor-

230 2994 322 3048 tet
367 2989 879 3063 fundamentum,
918 3007 1026 3049 seu
1070 2989 1418 3068 proximam
1470 2990 1793 3049 materiam

231 3081 622 3160 obligationis
649 3100 686 3142 a
714 3082 962 3161 propria
1005 3081 1242 3142 ratione
1281 3086 1342 3141 et
1388 3099 1572 3141 causa
1617 3082 1792 3159 ejus:

230 3193 378 3234 nam
407 3174 880 3234 fundamentum
911 3174 1184 3233 consistit
1217 3174 1282 3232 in
1310 3173 1518 3251 aliqua
1560 3175 1798 3234 actione

227 3266 546 3327 humana:
604 3267 712 3326 illa
755 3284 901 3326 vero
951 3267 1265 3344 supposita
1287 3310 1307 3340 ‚
1349 3267 1451 3343 jus
1497 3271 1588 3326 831
1632 3268 1797 3345 quod

230 3361 497 3437 obligat:
529 3361 615 3419 318
643 3361 709 3419 18
743 3366 884 3420 voto
914 3363 997 3436 (81
1018 3361 1183 3420 1(18111
1225 3365 1317 3420 831
1357 3378 1499 3420 cum
1542 3378 1796 3439 propor-

226 3453 400 3512 tione
444 3453 519 3512 de
561 3452 858 3531 reliquis),
916 3453 1265 3530 proximum
1316 3452 1794 3513 tundamentum

229 3545 627 3622 obligationis
669 3557 761 3604 est
805 3545 1156 3605 voluntaria
1203 3546 1568 3623 promissio:
1628 3547 1794 3624 quod

228 3644 441 3697 autem
482 3637 727 3716 proprie
776 3636 1009 3713 obligat
1052 3638 1130 3697 ad
1172 3637 1343 3696 illam
1388 3637 1790 3715 implendam,

228 3735 323 3788 831
347 3730 447 3806 jus
480 3729 635 3787 illud
662 3729 941 3789 naturale
961 3747 1032 3789 88
1053 3729 1376 3788 divinum:
1413 3729 1493 3790 Sz·
1517 3731 1665 3807 quid
1687 3748 1791 3789 vo-

225 3821 377 3881 visti
406 3821 685 3894 Domino,
727 3839 798 3881 ne
824 3822 1075 3881 moreris
1100 3822 1357 3881 reddere.
1397 3822 1472 3880 Et
1491 3822 1579 3880 ita
1605 3820 1794 3880 etiam

221 3912 460 3989 juristae
509 3912 726 3972 dicunt
770 3930 1020 3971 omnem
1053 3911 1497 3989 obligationem
1533 3931 1672 3990 quae
1716 3931 1795 3972 81

228 4004 647 4064 8881188111183
697 4005 894 4064 811181
942 4023 1071 4065 8338
1116 4005 1483 4073 naturalem,
1523 4004 1618 4064 vel
1649 4005 1797 4063 civi-

225 4095 377 4162 lem,
409 4097 558 4175 quia
605 4116 681 4156 ex
707 4098 849 4174 jure
899 4098 1189 4171 naturali,
1214 4115 1322 4156 seu
1351 4097 1658 4173 gentium,
1688 4102 1798 4155 aut

227 4187 397 4247 civili
424 4189 644 4255 oritur.
689 4194 761 4248 ut
785 4189 1051 4248 sumitur
1089 4206 1161 4247 ex
1205 4193 1380 4247 textu
1410 4204 1550 4246 cum
1592 4186 1799 4246 Glossa

226 4280 299 4339 in
325 4279 369 4338 l.
412 4279 561 4342 Cum
590 4281 877 4357 amplius,
900 4280 966 4340 ff.
995 4282 1071 4340 de
1096 4280 1313 4356 Regul.
1345 4280 1469 4356 jur.
1479 4322 1499 4352 ‚
1528 4279 1657 4338 etl.
1693 4280 1802 4340 Em

226 4372 361 4446 Ῐιοο,
397 4372 461 4433 ff.
486 4373 563 4432 de
594 4373 800 4432 Justit.
834 4379 894 4433 et
914 4374 1069 4451 jur„
1105 4379 1166 4432 et
1190 4374 1274 4432 ita
1300 4371 1681 4431 satisfactum
1709 4376 1802 4431 est

226 4464 514 4524 secundae
542 4465 706 4542 parti
746 4465 1004 4524 rationis
1041 4463 1366 4524 dubitandi
1396 4464 1463 4523 in
1491 4463 1796 4542 principio

225 4557 463 4636 positae.

808 4742 1057 4804 CAPUT
1084 4742 1209 4802 XV.

221 4945 312 4992 AN
344 4946 533 4990 lmen:
563 4944 964 4990 NUMERENTUR
989 4943 1256 4996 QUATUOR
1283 4942 1577 4987 Umerus
1604 4942 1792 5001 LEGIS,

309 5039 670 5096 PRAEGIPL’RB,
690 5037 1044 5094 Pnommtlut,
1069 5035 1443 5081 PBRmTTERE
1462 5035 1539 5080 ΕΤ
1555 5035 1791 5095 1111111111,

311 5132 389 5177 ΕΤ
416 5130 681 5183 QUOMODO
706 5130 785 5178 AB
811 5130 942 5174 ILLA
968 5129 1165 5173 mm.

312 5305 369 5360 1.
416 5301 595 5361 Ratio
618 5299 941 5359 dubitandi
971 5316 1098 5359 8338
1126 5302 1347 5376 potest,
1378 5297 1527 5374 quia
1562 5294 1796 5372 obliga-

224 5394 318 5452 tio
353 5393 429 5450 118
448 5411 569 5470 qua
599 5392 831 5450 dictum
862 5396 950 5450 est
982 5390 1176 5468 capite
1206 5388 1593 5467 praecedenti,
1624 5389 1789 5460 vide-

221 5490 332 5546 tur
380 5501 512 5546 esse
560 5483 938 5564 adaequatus,
995 5483 1060 5546 id
1098 5487 1211 5558 est,
1250 5481 1474 5569 8818113
1502 5486 1565 5543 81
1585 5479 1794 5542 1818113

3348 398 3429 457 59

1868 499 2119 560 effectus
2140 500 2295 576 18313
2321 516 2340 576 ;
2365 517 2513 576 8138
2544 517 2994 578 supervacanea
3015 507 3105 561 est
3123 501 3255 563 haec
3283 521 3433 563 enu-

1868 594 2150 652 meratio.
2170 595 2552 654 Antecedens
2567 594 2865 673 probatur
2890 595 3092 672 primo
3113 611 3132 671 3
3160 598 3305 674 quia
3344 615 3433 657 83-

1867 686 2140 745 388118113
2165 685 2325 745 18118
2347 687 2624 746 consistit
2648 686 2713 745 in
2746 687 3040 763 imperio:
3076 705 3152 747 ex
3172 689 3434 766 imperio

1867 783 2103 851 autem,
2140 782 2211 835 ut
2256 778 2364 851 318,
2412 795 2539 838 non
2584 779 2881 855 sequitur,
2927 778 3046 836 nisi
3091 778 3425 855 obligatio:

1867 868 2105 946 reliqua
2124 869 2292 928 enim
2318 876 2463 929 sunt
2481 888 2593 947 per
2609 870 2920 941 accidens;
2955 887 3123 946 ergo.
3155 871 3434 932 Secundo

1868 961 2216 1020 declaratur
2243 962 2640 1021 discurrendo
2667 977 2778 1038 per
2806 960 2912 1020 illa
2941 961 3255 1023 membra:
3286 981 3433 1024 nam

1868 1054 2200 1131 praecipere
2229 1059 2292 1113 et
2317 1054 2643 1131 prohibere
2690 1053 3035 1114 formaliter
3069 1055 3234 1115 idem
3265 1063 3430 1132 sunt,

1867 1145 2188 1223 solumque
2223 1145 2628 1205 materialiter
2661 1145 3128 1223 distinguuntur
3148 1192 3166 1221 ,
3200 1156 3263 1208 et
3297 1149 3436 1209 ideo

1867 1237 2247 1315 superfluum
2298 1245 2391 1298 est
2435 1238 2542 1298 illa
2592 1243 2662 1296 111
2702 1239 2989 1298 (1131111818
3021 1258 3267 1317 ponere.
3327 1243 3437 1301 As-

1868 1336 2178 1408 sumptum
2210 1336 2380 1409 patet
2402 1332 2550 1410 quia
2563 1331 2896 1411 prohibitio
2927 1333 3114 1392 8118111
3142 1341 3232 1393 831
3245 1335 3439 1413 quod-

1866 1422 2010 1481 dam
2043 1424 2375 1502 imperium
2397 1431 2456 1484 et
2483 1430 2896 1503 praeceptum:
2930 1443 3077 1485 nam
3111 1426 3435 1504 prohibere

1864 1515 2026 1574 nihil
2045 1515 2213 1575 aliud
2249 1521 2340 1576 831
2363 1535 2547 1595 quam
2579 1517 2907 1596 praecipere
2936 1526 3006 1576 ut
3048 1518 3284 1596 aliquid
3309 1536 3434 1578 non

1864 1606 1998 1681 fiat,
2031 1609 2192 1668 31881
2220 1627 2254 1668 8
2283 1610 2594 1669 contrario
2622 1614 2995 1688 praeceptum
3029 1614 3120 1669 est
3153 1611 3435 1688 quaedam

1865 1699 2238 1777 prohibitio:
2277 1719 2425 1760 nam
2452 1702 2561 1780 qui
2609 1701 2883 1779 praecipit
2932 1702 3145 1761 audire
3190 1701 3437 1762 Missam

1867 1797 2034 1851 vetat
2055 1811 2133 1853 ne
2149 1794 2422 1853 omittat:
2448 1800 2508 1853 et
2532 1792 2668 1852 ideo
2693 1793 2982 1867 Isidorus,
3003 1793 3115 1853 lib.
3143 1794 3182 1852 2
3198 1794 3431 1870 Etym„

1868 1891 1986 1943 art.
2018 1887 2117 1958 10,
2157 1890 2219 1944 et
2255 1886 2297 1945 l.
2334 1888 2395 1960 5,
2427 1904 2563 1944 can.
2600 1888 2699 1959 19,
2730 1885 2921 1944 solam
2951 1884 3433 1963 prohibitionem
3535 1919 3541 1923 -

1868 1977 2068 2054 ponit,
2089 1984 2149 2036 et
2170 1978 2401 2036 omittit
2421 1983 2817 2055 praeceptum,
2839 1978 3092 2037 fortasse
3111 1978 3258 2055 quia
3281 1995 3438 2056 8118-

1872 2074 2118 2148 8881818
2153 2088 2264 2147 per
2309 2088 2372 2128 se
2414 2087 2539 2128 non
2581 2069 2687 2128 dat
2716 2069 3054 2129 bonitatem
3091 2071 3280 2143 actui,
3329 2069 3436 2128 sed

1870 2161 2324 2234 necessitatem,
2366 2179 2502 2239 quae
2548 2162 2873 2220 necessitas
2899 2160 3059 2220 bene
3095 2160 3439 2239 explicatur

1871 2271 1982 2331 per
2037 2253 2430 2329 negationem
2480 2254 2851 2327 omittendi,
2896 2271 3083 2331 quam
3132 2252 3440 2329 significat

1873 2344 2210 2422 prohibitio
2257 2350 2536 2423 respectu
2582 2344 2721 2404 talis
2773 2346 3066 2405 materiae.
3116 2344 3440 2404 Permissio

1872 2442 2082 2495 autem
2106 2442 2177 2495 81
2208 2437 2295 2496 318
2320 2454 2446 2496 8811
2487 2441 2579 2496 831
2606 2437 2856 2496 effectus
2898 2437 3168 2515 imperii,
3205 2435 3311 2495 sed
3335 2453 3442 2514 po-

1870 2529 1992 2588 tius
2036 2547 2147 2606 per
2200 2530 2538 2589 carentiam
2585 2530 2830 2608 imperii
2880 2522 2972 2588 fit.
3021 2530 3142 2589 Nec
3173 2528 3441 2606 denique

1870 2623 2115 2701 punitio
2146 2630 2237 2682 831
2255 2622 2505 2682 effectus
2534 2623 2709 2700 legis,
2735 2623 2841 2682 sed
2870 2640 3001 2683 esse
3028 2621 3255 2700 poterit
3275 2621 3441 2697 judi-

1877 2716 1985 2789 813,
2019 2715 2116 2775 vel
2142 2715 2529 2792 legislatoris.

1955 2809 2014 2868 Ξ.
2061 2808 2130 2866 18
2159 2808 2537 2867 88811811881
2574 2815 2781 2868 881881
2824 2813 2936 2882 831,
2968 2807 3276 2886 imprimis
3297 2827 3442 2869 auc-

1850 2901 2091 2959 ·toritas
2135 2901 2371 2974 Isidori,
2431 2902 2538 2979 qui
2586 2901 2801 2961 saltem
2852 2907 2974 2960 tres
3024 2900 3275 2960 effectus
3320 2901 3441 2960 dis-

1876 2993 2086 3067 tinxit,
2118 2999 2180 3052 et
2207 2999 2524 3071 quartum,
2556 2994 2661 3071 qui
2706 2999 2797 3053 est
2828 2994 3185 3072 praecipere,
3225 2999 3296 3052 ut
3323 2993 3441 3053 cla-

1877 3104 2018 3145 rum
2053 3087 2439 3166 supposuisse
2466 3085 2711 3146 videtur
2751 3105 2823 3146 81
2869 3086 3000 3164 1838
3050 3087 3327 3162 nomine,
3380 3089 3443 3146 et

1877 3179 2118 3238 ratione
2156 3179 2331 3256 legis.
2365 3179 2541 3258 Apud
2571 3178 2932 3238 Gratianum
2965 3188 3172 3239 autem
3201 3181 3269 3238 111
3307 3197 3438 3256 888.

1884 3270 2116 3344 Omnis,
2139 3271 2281 3331 dist.
2307 3273 2367 3344 3,
2393 3270 2472 3330 ad
2489 3277 2723 3331 textum
2749 3271 2962 3330 Isidori
2977 3271 3290 3330 adduntur
3312 3271 3443 3330 haec

1876 3365 2104 3424 verba:
2141 3366 2370 3425 Divina
2398 3371 2591 3425 autem
2618 3367 2926 3442 proeoipz‘t,
2967 3372 3034 3426 ut
3064 3366 3292 3444 diliqas
3322 3367 3443 3426 Do-

1876 3457 2106 3516 minum
2134 3457 2327 3517 Deum
2356 3462 2544 3516 tuum.
2593 3457 2738 3529 Quae
2783 3456 2972 3516 verba
3019 3475 3144 3516 non
3194 3462 3340 3515 sunt
3376 3457 3443 3516 in

1877 3548 2129 3622 Isidoro,
2179 3554 2240 3608 et
2279 3548 2387 3607 illa
2430 3548 2734 3626 particula
2764 3551 2971 3610 divina
2998 3550 3205 3628 inepte
3234 3549 3444 3610 addita

1876 3646 1988 3714 est,
2036 3641 2181 3719 quia
2229 3658 2357 3699 non
2406 3639 2534 3700 sola
2571 3641 2783 3700 divina
2828 3641 2929 3700 181
2983 3642 3291 3720 praecipit,
3337 3643 3442 3701 sed

1876 3733 2064 3792 etiam
2092 3732 2235 3792 alia.
2272 3734 2347 3792 Et
2385 3732 2522 3791 ideo
2556 3733 2621 3792 18
2654 3735 2906 3793 Decreto
2933 3733 3309 3810 Gregoriano
3335 3752 3443 3793 no-

1875 3828 2065 3896 tatur,
2097 3824 2160 3883 in
2193 3824 2403 3882 multis
2433 3824 2746 3884 codicibus
2792 3844 2919 3885 non
2957 3825 3194 3899 haberi,
3226 3832 3286 3884 81
3313 3827 3444 3886 3188

1877 3914 2068 3974 (181118
2099 3916 2510 3993 expungenda
2538 3922 2651 3990 est,
2683 3923 2746 3975 et
2786 3917 3120 3994 legendum
3155 3922 3261 3977 aut
3284 3935 3444 3994 prce-

1877 4008 2048 4082 cipit‚
2081 4012 2151 4064 ut
2177 4006 2255 4065 sit
2278 4007 2561 4084 quaedam
2586 4008 2821 4066 additio
2843 4009 2920 4067 ad
2949 4009 3442 4068 numerationem

1878 4095 2119 4154 Isidori.
2151 4098 2445 4173 Expressa
2479 4114 2625 4155 vero
2650 4097 2823 4155 illam
2862 4099 3229 4174 particulam
3257 4098 3446 4159 habet

1879 4187 2258 4247 Modestinus
2289 4186 2427 4245 inl.
2471 4189 2506 4244 7
2556 4186 2632 4246 de
2666 4187 2948 4264 Legibus,
2984 4188 3229 4248 dicens:
3264 4190 3445 4268 Leqis

1880 4280 2082 4339 virtus
2126 4279 2250 4338 ltoeo
2293 4284 2402 4352 est,
2450 4278 2768 4355 imperare,
2812 4283 3030 4352 vetare,
3073 4281 3443 4356 permittere,

1873 4371 2118 4448 punire.
2169 4370 2367 4447 Atque
2419 4371 2506 4428 ita
2557 4369 2719 4430 hanc
2762 4370 3295 4448 participationem
3340 4370 3446 4430 de-

1878 4463 2077 4523 fendit
2105 4464 2292 4523 etiam
2322 4465 2391 4522 D.
2425 4463 2713 4538 Thomas,
2753 4480 2816 4541 q.
2848 4464 2950 4536 92,
2982 4481 3040 4522 a.
3077 4465 3136 4522 2.
3170 4463 3443 4540 Eamque

1875 4558 2117 4617 ratione
2145 4557 2435 4632 declarat,
2466 4558 2613 4635 quia
2635 4564 2808 4618 actus
2835 4557 3116 4632 humani,
3162 4561 3271 4615 aut
3298 4555 3445 4616 boni

1878 4655 2048 4725 sunt,
2108 4655 2217 4710 aut
2258 4651 2429 4723 mali,
2476 4655 2585 4708 aut
2622 4649 3073 4710 indifferentes:
3120 4648 3242 4708 illis
3296 4666 3444 4726 ergo

1876 4748 2003 4803 tres
2034 4742 2284 4803 effectus
2310 4743 2463 4821 legis
2489 4742 2887 4821 respondent,
2928 4743 3032 4820 qui
3064 4747 3208 4802 sunt
3234 4742 3446 4820 818181-

1878 4854 2022 4915 8818
2045 4836 2261 4908 1181183,
2288 4834 2612 4914 prohibere
2636 4835 2849 4908 malos,
2882 4836 3235 4914 permittere
3259 4833 3445 4893 indif-

1875 4927 2143 4988 ferentes
2167 4972 2187 5002 ,
2236 4927 2461 5005 quibus
2508 4926 2754 4986 additur
2797 4933 3053 5004 quartus
3097 4925 3438 5004 puniendi,

1875 5025 2177 5097 tanquam
2218 5019 2592 5079 necessarius
2637 5019 2715 5076 ad
2755 5017 3088 5076 efficaciam
3135 5016 3311 5093 18313.
3359 5018 3442 5078 De

1876 5130 1998 5189 quo
2028 5112 2304 5170 discursu
2329 5110 2507 5188 plura
2533 5109 2742 5168 statim
2771 5106 3065 5167 dicemus.
3111 5109 3254 5167 Haec
3294 5127 3443 5189 ergo
3483 5123 3486 5126 “

1875 5203 2225 5262 8818818118
2258 5208 2556 5279 tanquam
2593 5198 2970 5273 (18811188113,
3016 5203 3078 5259 81
3111 5201 3257 5260 38113
3297 5209 3442 5281 apta

1875 5295 1954 5354 ad
2010 5293 2403 5374 explicandos
2448 5291 2701 5352 effectus
2748 5309 2859 5369 per
2895 5309 2959 5352 se
3007 5296 3443 5355 convenientes

1874 5388 1997 5464 legi
2041 5385 2413 5463 acceptanda
2458 5389 2570 5457 est,
2622 5391 2682 5442 81
2722 5384 3106 5462 explicanda.
3154 5386 3247 5445 Ad
3277 5387 3441 5446 illius

1874 5496 2023 5539 vero
2081 5477 2400 5540 meliorem
2459 5475 2933 5562 intelligentiam
2988 5477 3443 5544 declarabimus
