3976 6219
473 383 592 445 318

470 488 594 551 fert
617 485 842 565 legem,
875 500 1002 545 non
1031 487 1105 544 ut
1129 487 1337 563 caput,
1369 481 1476 544 sed
1503 487 1577 543 ut
1601 496 1800 542 unum
1823 475 2036 539 suffra-

472 579 646 659 gium
680 576 1143 639 communitatis
1180 591 1196 636 :
1231 594 1380 637 nam
1416 580 1628 655 postea
1665 577 1738 633 ut
1776 586 2039 651 persona

470 672 714 753 privata
737 670 870 750 pati
909 668 1092 730 debet
1117 668 1344 749 legem,
1386 673 1458 729 ut
1483 666 1777 740 diximus,
1816 664 1883 723 in
1911 679 2037 742 quo

472 782 656 827 sensu
706 763 998 823 videntur
1035 761 1243 823 afferri
1279 760 1390 821 illa
1420 758 1724 839 principia
1766 757 1836 817 in
1871 754 2037 816 dicto

472 874 610 936 cap.
663 855 816 919 Caeom
864 854 1079 918 omnis.
1129 853 1362 915 Deinde
1409 851 1642 915 habent
1683 850 1888 911 locum
1927 846 2037 909 illa

471 948 798 1029 principia,
839 947 895 1009 si
935 947 1256 1026 contingat
1285 963 1431 1007 eum
1469 944 1577 1023 qui
1604 943 2037 1021 magistratum

471 1041 748 1122 gerebat,
778 1040 959 1101 illum
984 1040 1314 1119 deponere,
1343 1036 1443 1099 vel
1469 1034 1577 1097 illo
1594 1035 1862 1115 privari3
1886 1049 2037 1095 nam

471 1140 684 1217 postea
704 1133 1016 1213 subjectus
1043 1132 1162 1195 erit
1185 1131 1310 1210 legi
1337 1147 1526 1210 quam
1553 1128 1684 1209 ipse
1703 1126 1868 1203 tulit,
1890 1126 2038 1206 quia

471 1246 618 1291 vere
649 1234 801 1289 tunc
831 1232 928 1290 est
957 1225 1264 1305 suchctus
1303 1221 1755 1296 communitati,
1797 1225 1861 1281 et
1892 1237 2039 1280 con-

474 1327 804 1401 sequenter
827 1319 1070 1399 legihus
1095 1318 1254 1397 ejus,
1283 1335 1414 1379 non
1443 1316 1646 1379 solum
1671 1311 1876 1393 quoad
1905 1311 2039 1373 vim

473 1413 859 1488 directivam,
891 1410 998 1473 sed
1025 1410 1216 1473 etiam
1241 1410 1446 1489 quoad
1474 1408 1840 1481 coactivam,
1865 1410 1928 1467 et
1949 1405 2040 1465 vi-

475 1508 658 1569 detur
687 1506 842 1567 illud
885 1505 1132 1567 axioma
1179 1502 1620 1565 convenienter
1655 1502 1744 1563 ita
1767 1498 2035 1578 exponi3

474 1617 624 1661 nam
653 1597 810 1659 illud
833 1596 1095 1659 verbum
1116 1601 1322 1675 patere
1349 1595 1533 1675 legem
1553 1592 1786 1655 indicat
1803 1589 2041 1669 666366-

473 1690 712 1753 tionem
765 1690 969 1770 quoad
1017 1694 1345 1767 utramque
1393 1686 1546 1749 vim.
1609 1684 1840 1757 Tertio,
1889 1700 2039 1745 vero

475 1781 660 1843 modo
687 1787 886 1861 potest
913 1780 1178 1859 intelligi
1199 1780 1270 1840 in
1293 1796 1476 1840 sensu
1498 1793 1684 1857 quem
1703 1779 2039 1837 tractamus

477 1875 554 1937 de
571 1874 917 1955 legislatore
943 1890 1232 1954 supremo
1253 1873 1321 1934 in
1341 1890 1455 1933 sua
1479 1869 1782 1949 dignitate
1797 1884 2041 1948 perma-

475 1974 686 2044 nente,
717 1973 779 2029 et
807 1968 893 2029 616
920 1966 1196 2029 66611661
1224 1965 1378 2026 illud
1399 1963 1775 2055 principium
1798 1961 2041 2022 conclu-

477 2063 717 2125 sionem
761 2061 839 2123 de
886 2079 1011 2141 qua
1057 2060 1476 2165 disputamus·
1457 2102 1478 2135 ,
1530 2075 1659 2119 1166
1687 2073 1835 2117 vero
1862 2054 1931 2115 in
1967 2072 2041 2117 eo

474 2154 754 2229 redditur
769 2154 929 2215 ratio
948 2170 1136 2234 quam
1151 2152 1548 2232 inquirimuS,
1569 2168 1686 2212 nec
1700 2146 2044 2229 explicatur

478 2246 696 2325 titulus
714 2246 904 2326 hujus
925 2245 1341 2325 obligationis·

557 2340 619 2401 8.
663 2339 1018 2419 Principem
1060 2338 1324 2417 obliquo-i
1364 2336 1446 2399 ad
1482 2334 1836 2399 ser-vandum
1866 2348 2042 2393 suam

477 2434 684 2513 leym,
737 2450 810 2495 em
852 2432 1080 2495 virtute
1105 2435 1162 2493 et
1211 2429 1492 2507 efficacia
1539 2426 1742 2505 ipsius
1781 2426 1958 2503 leyis.
1961 2456 2045 2469 -

477 2526 789 2588 Probatur
816 2519 1560 2587 meinaim—Dicendum
1593 2518 1788 2597 igitur
1825 2533 2044 2578 censeo

475 2617 822 2699 principem
850 2615 1114 2693 obligari
1139 2614 1219 2675 ad
1247 2612 1618 2675 servandam
1641 2628 1816 2672 suam
1839 2607 2045 2688 legem

476 2711 758 2790 proxime
786 2708 865 2771 66
887 2709 1150 2789 ipsamet
1173 2707 1335 2785 lege,
1363 2710 1427 2767 et
1452 2722 1531 2766 ex
1546 2705 1798 2777 virtute,
1825 2707 1887 2763 et
1907 2700 2042 2762 effi-

479 2804 650 2865 cacia
672 2804 826 2882 6366.
859 2801 1035 2875 Quod
1057 2800 1148 2861 ita
1168 2798 1532 2877 explicatur,
1563 2795 1714 2875 quia
1732 2800 2042 2873 transgre-

478 2895 707 2957 diendo
724 2894 898 2955 illam
924 2892 1256 2953 committit
1275 2895 1594 2971 peccatum
1616 2887 1895 2967 ejusdem
1911 2905 2045 2967 spe-

479 2989 597 3051 ciei
625 3005 768 3050 cum
789 2986 1048 3049 subditis
1076 2984 1470 3067 peccantibus
1497 2988 1710 3044 contra
1732 2981 1926 3043 illam.
1953 2981 2046 3041 Ita

481 3082 670 3146 sentit
708 3082 780 3144 D.
837 3080 1104 3144 Thomas
1131 3098 1338 3160 supra,
1381 3083 1443 3140 et
1481 3077 1706 3158 reliqui
1727 3076 2046 3154 doctores3

477 3195 682 3256 neque
699 3176 867 3238 enim
887 3175 1171 3237 existimo
1188 3174 1551 3252 cajetanum
1568 3185 1632 3232 et
1645 3171 1859 3232 Sotum
1878 3167 2050 3229 aliud

480 3270 768 3345 voluisse,
795 3276 868 3330 ut
883 3267 1225 3352 explicabo.
1253 3268 1384 3330 Hoc
1399 3265 1589 3326 etiam
1611 3262 1891 3325 indicant
1903 3261 2052 3340 jura

481 3364 692 3439 citata,
723 3363 874 3442 quia
891 3363 1105 3422 dicunt
1119 3359 1310 3422 talem
1329 3358 1530 3438 legem
1545 3354 1854 3434 obligare
1836 3369 2043 3432 ipsum

479 3457 864 3538 principem;
907 3472 1056 3532 6136
1095 3456 1339 3532 ponunt
1373 3452 1571 3529 ipsam
1603 3447 1807 3526 legem
1832 3445 2046 3525 positi-

483 3567 625 3611 vam
653 3553 952 3627 tanquam
975 3545 1322 3625 proximam
1347 3543 1655 3605 rationem
1684 3539 1849 3599 illius
1882 3536 2045 3598 obli-

484 3641 774 3722 36116616.
809 3641 938 3700 Hoc
969 3638 1160 3700 etiam
1195 3633 1523 3698 confirmat
1556 3633 1866 3694 discursus
1905 3648 2047 3710 pro-

481 3735 651 3798 xime
676 3733 898 3808 factus,
923 3731 1072 3810 quia
1093 3746 1205 3810 per
1229 3727 1534 3808 principia
1554 3726 1898 3788 extrinseca
1918 3741 2049 3786 non

485 3832 688 3908 potest
717 3823 1093 3886 sufficienter
1133 3818 1427 3901 explicari
1469 3818 1602 3881 hoec
1633 3817 1949 3896 obligatio.
1994 3816 2049 3876 A

483 3918 809 4000 posteriori
835 3916 1024 3979 etiam
1051 3913 1422 3987 declaratum,
1453 3913 1602 3992 quia
1635 3911 1687 3971 si
1705 3927 1816 3972 rex
1831 3907 2049 3969 statuit

486 4010 691 4091 legem
717 4015 1036 4072 taxantem
1076 4007 1369 4088 pretium,
1403 4012 1467 4067 et
1504 4005 1634 4086 ipse
1667 4008 1739 4063 ut
1769 4001 2049 4081 privatus

486 4103 774 4166 dominus
797 4120 934 4164 rem
959 4101 1160 4164 carius
1182 4099 1432 4176 vendat,
1456 4100 1669 4180 peccat
1687 4099 1900 4156 contra
1919 4093 2051 4172 jus-

483 4198 712 4274 titiam,
744 4200 807 4258 et
841 4200 1088 4258 tenetur
1125 4193 1207 4256 ad
1253 4191 1732 4266 restitutionem,
1773 4206 1850 4250 ex
1876 4203 2051 4247 com-

486 4291 665 4352 muni
717 4289 1045 4365 sententia,
1092 4288 1244 4370 quia
1284 4286 1402 4350 hoc
1447 4283 1718 4365 postulat
1747 4279 2051 4346 naturalis

487 4385 789 4465 aequitas:
821 4400 968 4462 ergo
989 4381 1236 4462 signum
1263 4385 1354 4444 est
1379 4378 1553 4442 illam
1591 4376 1796 4456 legem
1834 4373 2049 4454 positi-

486 4494 630 4540 vam
657 4477 887 4540 habere
915 4492 1098 4538 suum
1125 4473 1412 4536 eflectum
1447 4471 1635 4532 etiam
1659 4472 1939 4548 respectu
1961 4463 2051 4526 16-

487 4570 814 4651 gislatoris.
847 4567 1164 4642 Similiter,
1203 4565 1258 4626 si
1292 4565 1522 4644 absque
1561 4578 1744 4624 causa
1770 4557 2052 4621 comedat

490 4681 706 4726 carnes
741 4663 842 4724 die
881 4659 1215 4742 prohibito,
1257 4662 1369 4718 aut
1412 4674 1539 4719 non
1559 4655 1803 4735 jejunet
1835 4652 1904 4712 in
1947 4650 2052 4712 (116

489 4761 816 4838 praecepto,
833 4755 963 4834 agit
980 4757 1194 4814 contra
1209 4749 1715 4832 temperantiam·
1695 4791 1717 4825 ,
1740 4762 1889 4824 ergo
1897 4743 2052 4806 obli-

491 4851 658 4929 gatio
679 4850 816 4929 ejus
836 4846 1192 4908 immediate
1214 4846 1490 4907 nascitur
1523 4860 1602 4904 ex
1626 4841 1763 4921 ipsa
1787 4839 1924 4917 1636
1943 4855 2054 4918 66-

493 4943 696 5004 sitiva.
741 4941 944 5020 Atque
985 4939 1134 5000 11166
1174 4937 1428 4999 tandem
1461 4933 1848 4998 concluditur
1889 4931 2051 4992 ratio

491 5053 681 5116 quam
713 5031 1009 5094 indicavit
1045 5032 1224 5108 Sot03
1268 5047 1419 5090 nam
1445 5027 1548 5090 lex
1573 5025 1835 5107 positiva
1862 5023 2055 5086 habet

493 5127 827 5190 efficaciam
851 5123 1262 5188 constituendi
1291 5121 1616 5184 materiam
1643 5136 1819 5180 66661
1850 5117 1920 5178 16
1940 5115 2055 5178 tali

492 5223 691 5301 specie
735 5220 1003 5295 virtutis,
1043 5223 1107 5280 et
1156 5212 1587 5297 proescribendi
1629 5211 1906 5274 medium
1942 5227 2054 5271 ne-

495 5314 828 5376 cessarium
874 5312 953 5373 ad
995 5310 1382 5372 honestatem
1417 5307 1560 5368 talis
1592 5303 1868 5366 virtutis·
1850 5346 1871 5380 ,
1907 5319 2057 5380 ergo

494 5408 694 5488 posita
715 5406 877 5484 lege,
907 5404 1189 5508 princeps
1204 5402 1344 5463 ideo
1361 5404 1644 5462 censetur
1663 5413 1914 5478 peccare
1929 5412 2057 5457 non

497 5499 800 5562 servando
825 5497 1023 5572 illam,
1053 5496 1202 5576 quia
1228 5511 1357 5556 non
1383 5497 1584 5554 servat
1623 5489 1899 5552 medium
1927 5489 2059 5552 vir-

1469 380 1586 436 Lm.
1617 380 1706 435 m.
1738 378 1820 433 ΒΕ
1851 374 2015 431 LEGE
2046 374 2307 435 mana
2336 380 2421 437 ΕΤ
2456 381 2661 439 clvm.

2118 480 2271 541 tutis
2301 499 2317 543 :
2348 489 2673 564 postquam
2702 481 2871 545 enim
2896 480 3053 543 illud
3080 481 3359 545 medium
3386 483 3689 545 constitu-

2115 577 2252 635 tum
2272 582 2385 652 est,
2407 577 2685 640 absolute
2701 577 2769 638 16
2791 576 2901 637 1116
2922 576 3200 637 consistit
3216 578 3434 654 virtus,
3457 585 3521 638 et
3542 577 3689 639 ideo

2116 665 2197 728 ab
2229 668 2337 729 illo
2367 669 2653 731 recedere
2680 675 3007 750 peccatum
3038 674 3132 731 661
3157 685 3173 729 :
3205 687 3355 749 ergo
3395 670 3691 750 proxima

2114 762 2273 823 ratio
2300 762 2465 825 illius
2490 763 2911 843 obligationis,
2940 762 3132 825 etiam
3152 769 3435 843 respectu
3452 762 3691 843 princi·

2114 854 2233 933 pis,
2256 856 2525 917 nascitur
2546 874 2624 917 ex
2654 858 2789 935 ipsa
2813 856 2974 935 lege.

2194 950 2257 1009 9.
2302 950 2693 1027 Difficultas.
2722 980 2806 995 —
2830 948 3088 1011 Boario.
3120 982 3201 993 —
3230 946 3525 1011 obviatur
3552 964 3693 1011 eva-

2116 1039 2298 1103 sioni.
2337 1073 2421 1088 —
2450 1041 2669 1103 Adhuc
2704 1059 2853 1103 vero
2888 1046 3100 1103 manet
3138 1039 3493 1117 difficultas,
3534 1041 3693 1119 quia

2116 1131 2219 1195 lex
2260 1133 2536 1195 humana
2583 1152 2712 1196 non
2756 1134 3076 1195 coustituit
3110 1134 3390 1195 medium
3434 1133 3692 1195 virmtis

2116 1224 2394 1287 absolute
2420 1231 2486 1287 et
2528 1226 2893 1306 simpliciter
2932 1232 3219 1306 respectu
3244 1226 3553 1302 omnium,
3578 1226 3690 1288 sed

2116 1324 2399 1397 respectu
2416 1317 2839 1380 subditorum:
2856 1318 2987 1398 1666
3010 1324 3221 1379 autem
3249 1319 3543 1397 princeps
3559 1336 3691 1380 non

2118 1416 2210 1473 est
2238 1410 2541 1473 subditus.
2577 1410 2974 1491 Respondent
3000 1409 3195 1491 aliqui
3230 1411 3436 1489 legem
3478 1410 3689 1491 dupli-

2118 1504 2271 1565 citer
2296 1504 2673 1567 considerari
2704 1520 2903 1583 posse,
2930 1502 3182 1579 scilicet,
3212 1508 3285 1564 ut
3308 1509 3691 1583 praeceptum

2120 1602 2184 1659 et
2220 1602 2293 1658 ut
2322 1597 2603 1677 regulam
2634 1597 2919 1673 rationis,
2952 1602 3014 1658 et
3046 1596 3239 1676 priori
3265 1596 3451 1657 modo
3486 1595 3693 1657 solum

2118 1689 2337 1751 referri
2380 1691 2461 1752 ad
2499 1689 2776 1752 subditos
2805 1706 2827 1768 ;
2873 1690 3201 1769 posteriori
3248 1699 3461 1751 autem
3502 1690 3692 1751 modo

2118 1784 2309 1845 etiam
2337 1784 2541 1863 ipsum
2567 1783 2984 1862 legislatorem
3012 1782 3315 1863 66113616,
3340 1782 3491 1862 quia
3513 1788 3693 1843 tene-

2120 1881 2224 1937 tur
2250 1877 2590 1938 secundum
2615 1877 2921 1938 rationem
2956 1876 3190 1951 vivere,
3228 1880 3293 1937 et
3313 1893 3695 1955 consequen-

2119 1973 2218 2029 ter
2260 1968 2543 2048 regulam
2592 1969 2849 2030 rationis
2900 1986 3166 2031 servare.
3224 1967 3347 2029 Sed
3400 1967 3517 2029 hoc
3559 1985 3691 2028 non

2120 2060 2368 2141 expedit
2395 2067 2697 2141 punctum
2729 2060 3127 2137 (1111166116116,
3164 2061 3314 2140 quia
3340 2060 3559 2139 regula
3584 2079 3688 2121 ra-

2120 2153 2307 2215 tionis
2334 2152 2563 2234 duplex
2592 2172 2723 2215 esse
2758 2158 2999 2234 potest:
3032 2170 3162 2213 666
3188 2152 3539 2221 666661666,
3574 2171 3691 2214 666

2122 2246 2455 2308 ostendens
2480 2244 2715 2326 aliquid
2742 2251 2814 2306 ut
2832 2246 3189 2321 honestum,
3226 2264 3355 2305 non
3382 2251 3597 2307 tamen
3615 2250 3693 2305 ut

2121 2340 2381 2401 omnino
2408 2340 2824 2402 necessarium
2859 2339 2940 2401 ad
2969 2340 3355 2401 honestatem
3379 2355 3399 2416 ;
3442 2346 3505 2400 et
3530 2341 3584 2401 si
3610 2340 3695 2401 de

2120 2431 2241 2497 1166
2270 2433 2486 2512 163616
2510 2434 2591 2494 sit
2618 2450 2845 2509 sermo,
2871 2450 2998 2494 non
3022 2433 3269 2509 sufficit,
3294 2433 3441 2511 quia
3459 2431 3695 2493 discor-

2122 2524 2271 2585 dare
2289 2525 2369 2586 ab
2390 2526 2507 2586 hac
2528 2525 2745 2603 regula
2769 2542 2896 2587 non
2924 2530 3015 2587 est
3040 2530 3389 2604 peccatum:
3412 2526 3499 2585 616
3516 2525 3695 2585 enim

2122 2616 2339 2694 laicus,
2368 2617 2545 2679 verbi
2573 2618 2797 2696 gratia,
2827 2635 2957 2679 non
2976 2623 3159 2679 utens
3187 2616 3406 2696 regula
3430 2616 3697 2679 rationis

2122 2728 2247 2789 qua
2283 2710 2609 2789 religiosus
2640 2711 2736 2771 uti
2762 2710 2971 2786 debet,
2996 2729 3123 2772 non
3150 2717 3381 2789 peccat,
3407 2710 3697 2789 quamvis

2122 2802 2281 2865 bene
2306 2803 2535 2865 faceret
2564 2802 2672 2863 illa
2697 2803 2951 2864 utendo.
2981 2802 3122 2864 Alia
3148 2808 3241 2865 est
3262 2803 3480 2883 regula
3502 2804 3699 2865 ratio-

2122 2896 2221 2959 nis
2248 2898 2588 2958 necessario
2616 2896 2926 2975 sequenda
2945 2894 3026 2957 ad
3042 2895 3454 2970 honestatem,
3474 2902 3538 2957 et
3559 2895 3697 2957 11666

2126 3007 2255 3051 666
2282 2995 2603 3068 separatur
2632 3006 2670 3049 a
2697 2994 3022 3069 praecepto,
3048 2990 3198 3068 quia
3222 3006 3469 3050 6666666
3502 2994 3697 3050 estut

2127 3080 2357 3144 habeat
2377 3081 2507 3144 vim
2532 3080 2873 3160 obligandi,
2889 3080 3042 3143 alias
3062 3098 3191 3144 non
3212 3081 3462 3144 inducet
3480 3098 3696 3144 neces-

2129 3175 2396 3238 sitatem.
2429 3175 2493 3236 Si
2522 3192 2671 3254 ergo
2698 3174 2800 3236 lex
2827 3192 2956 3235 non
2979 3174 3169 3236 habet
3198 3176 3504 3238 rationem
3536 3193 3697 3256 pree-

2131 3267 2295 3346 cepti
2334 3272 2613 3346 respectu
2656 3265 3049 3346 legislatoris,
3090 3267 3173 3329 ad
3212 3286 3528 3330 summum
3572 3267 3700 3330 erit

2121 3358 2341 3440 regula
2366 3359 2711 3432 6666111666,
2759 3365 2822 3420 61
2860 3360 2950 3420 116
2976 3376 3107 3422 666
3140 3359 3420 3440 peccabit
3446 3359 3700 3439 legisla-

2122 3457 2223 3513 tor
2248 3469 2375 3512 666
2400 3469 2661 3531 sequens
2682 3450 2893 3512 illam:
2920 3453 2973 3512 si
2990 3458 3200 3513 autem
3228 3458 3323 3513 est
3346 3453 3562 3532 regula
3584 3471 3697 3514 66-

2127 3545 2413 3620 66666116,
2442 3562 2571 3605 666
2594 3549 2797 3625 potest
2820 3543 2901 3606 ab
2925 3544 3033 3608 illa
3059 3545 3433 3618 excludivis,
3454 3563 3565 3608 seu
3592 3562 3697 3607 16-

2126 3638 2215 3699 116
2244 3637 2553 3717 praecepti.

2208 3732 2307 3791 10.
2327 3729 2480 3792 Alia
2489 3731 2793 3812 responsio
2806 3730 3201 3810 probabilior.
3204 3731 3699 3812 —Oppuynacur

2128 3823 2472 3903 dupliciter.
2513 3856 2597 3871 —
2644 3824 2868 3885 Dicunt
2920 3841 3067 3903 ergo
3120 3825 3229 3886 alii
3275 3824 3697 3904 legislatorem

2128 3915 2395 3995 obligari
2420 3933 2535 3978 sua
2562 3914 2700 3994 1636
2732 3934 2811 3978 ex
2836 3916 3155 3978 voluntate
3179 3917 3370 3978 totius
3394 3916 3697 3997 reipubli-

2126 4025 2236 4082 cae,
2285 4014 2348 4069 et
2388 4024 2469 4068 ex
2512 4007 2765 4070 virtuali
2809 4013 2989 4092 pacto
3034 4008 3198 4071 inter
3241 4010 3589 4091 principem
3629 4015 3697 4072 et

2126 4098 2610 4179 rempublicam3
2640 4117 2788 4162 nam
2828 4119 2905 4164 ea
2943 4102 3294 4164 conditione
3318 4103 3555 4183 accepit
3584 4120 3697 4184 66-

2128 4197 2417 4278 testatem
2446 4190 2879 4272 legislativam,
2912 4199 2984 4256 ut
3008 4195 3141 4274 ipse
3166 4195 3358 4258 etiam
3384 4195 3696 4274 obligare-

2129 4271 2232 4347 tur
2256 4283 2499 4364 legibus
2529 4303 2570 4345 a
2598 4303 2663 4348 se
2689 4285 2860 4348 latis:
2898 4292 2963 4348 et
2996 4287 3088 4348 ita
3112 4286 3412 4350 indirecte
3438 4287 3695 4368 quidem

2128 4377 2442 4457 obligatur
2477 4395 2518 4438 a
2562 4378 2783 4458 seipso,
2827 4383 3133 4458 quatenus
3170 4379 3507 4458 obligando
3540 4380 3699 4442 alios

2130 4468 2602 4549 comprehendit
2628 4487 2693 4530 se
2720 4491 2735 4529 ε
2768 4470 3001 4532 directe
3026 4476 3235 4533 autem
3262 4478 3550 4534 censetur
3568 4473 3697 4534 vir·

2129 4567 2263 4625 tute
2284 4561 2549 4642 obligari
2565 4561 2646 4624 ab
2667 4563 2803 4645 ipsa
2824 4564 3292 4642 communitate,
3306 4583 3347 4626 a
3362 4583 3489 4646 qua
3504 4564 3699 4626 habet

2130 4661 2495 4738 potestatem
2526 4654 2643 4717 sub
2683 4674 2758 4718 66
2788 4657 3163 4720 conditione.
3196 4659 3340 4720 Haec
3376 4659 3698 4739 responsio

2131 4754 2228 4810 est
2252 4747 2611 4827 6166661116,
2658 4748 2765 4810 sed
2800 4749 2895 4810 illi
2934 4747 3181 4812 obstant
3220 4751 3367 4814 duo.
3414 4751 3697 4814 Primum

2134 4846 2248 4916 est,
2272 4840 2419 4920 quia
2443 4840 2600 4902 illud
2627 4858 2824 4919 genus
2846 4842 3011 4921 pacti
3032 4842 3275 4904 ostendi
3309 4861 3441 4904 non
3466 4847 3693 4924 potest,

2130 4951 2331 5012 neque
2358 4938 2452 4995 est
2482 4935 2935 5013 necessarium3
2974 4953 3147 5014 nam,
3178 4935 3323 4996 licet
3348 4934 3697 5016 respublica

2131 5025 2317 5087 vellet
2356 5031 2430 5087 ut
2470 5024 2574 5088 lex
2620 5045 2751 5089 non
2799 5025 3103 5106 obligaret
3152 5028 3593 5108 legislatorem,
3644 5026 3697 5088 si

2131 5117 2363 5198 absque
2396 5136 2581 5180 causa
2622 5117 2687 5180 id
2726 5119 2933 5195 vellet,
2986 5120 3146 5182 nihil
3176 5121 3469 5183 efficeret.
3522 5121 3697 5182 Unde

2133 5211 2347 5286 etiam,
2379 5211 2431 5270 si
2454 5209 2831 5290 fingeremus
2864 5228 2902 5273 a
2948 5213 3250 5294 principio
3290 5215 3699 5276 intervenisse

2136 5303 2515 5364 contrarium
2529 5311 2778 5384 pactum
2798 5306 2962 5368 inter
2976 5306 3427 5388 rempublicam
3450 5314 3513 5368 et
3528 5307 3702 5388 prin·

2140 5395 2361 5503 cipem,
2374 5397 2675 5460 nimirum
2689 5399 2884 5478 quod
2866 5418 2997 5480 ipse
3015 5419 3142 5462 non
3158 5407 3317 5462 esset
3328 5401 3698 5506 obligandus

2140 5491 2265 5552 6616
2316 5489 2580 5568 1631666,
2632 5491 3039 5583 nihilominus
3093 5493 3493 5574 obligaretur,
3550 5493 3703 5574 quia
