3976 6219
556 501 763 579 aliquo
790 498 1204 558 instrumento
1232 494 1502 575 publico,
1529 495 1582 555 si
1619 495 1940 574 contingat
1967 493 2123 555 illud

555 593 1041 653 instrumentum
1063 588 1216 649 alias
1241 606 1370 649 esse
1393 587 1737 648 invalidum
1765 593 1828 648 et
1848 586 2120 662 nullum,

555 701 684 744 non
711 680 972 742 incurrit
1002 697 1215 759 poenas
1254 678 1510 755 falsarii,
1537 678 1648 740 lib.
1678 681 1708 739 1
1743 678 1881 740 cod.
1910 678 1988 739 de
2015 678 2122 739 Se-

555 773 799 856 pulchr.
829 772 1068 847 violat„
1094 773 1164 833 in
1185 771 1334 834 fine.

637 868 700 928 2.
744 868 816 927 In
847 865 1228 927 contrarium
1258 882 1406 926 vero
1437 869 1566 940 est,
1600 863 1748 944 quia
1777 862 1927 924 licet
1949 866 2121 923 actus

558 960 639 1022 sit
670 958 879 1020 nullus
905 956 1108 1036 quoad
1137 956 1424 1018 effectum
1447 956 1768 1033 moralem,
1802 954 2121 1017 nihilomi-

557 1072 678 1114 nus
719 1056 814 1113 est
851 1068 1036 1113 verus
1073 1055 1246 1112 actus
1284 1048 1467 1111 realis
1504 1049 1782 1111 exterius
1810 1047 2011 1109 factus
2049 1048 2121 1109 in

557 1145 671 1208 tali
696 1144 960 1206 materia
984 1148 1202 1204 contra
1222 1141 1706 1223 prohibitionem
1729 1142 1887 1221 legis
1910 1157 1931 1220 3
1970 1159 2122 1220 ergo

559 1256 689 1300 non
712 1236 920 1298 minus
936 1240 1190 1316 propter
1201 1233 1382 1295 1116111
1398 1234 1736 1297 incurritur
1753 1252 1939 1314 poena
1963 1233 2121 1313 legis

560 1347 751 1411 quam
786 1329 839 1389 si
877 1333 1040 1390 esset
1061 1327 1324 1390 validus.
1369 1328 1753 1389 Antecedens
1786 1332 2026 1388 constat
2049 1325 2119 1386 in

561 1422 866 1501 exemplis
894 1420 1214 1496 adductis3
1257 1438 1404 1481 nam
1435 1420 1545 1500 qui
1570 1419 1719 1481 facit
1752 1419 2121 1499 scripturam

561 1514 779 1577 falsam
801 1532 1018 1576 revera
1038 1514 1186 1575 facit
1207 1513 1382 1574 illam
1402 1512 1672 1573 exterius
1697 1557 1718 1588 ,
1746 1517 1808 1574 et
1830 1512 1898 1572 in
1921 1529 1997 1573 66
2011 1529 2122 1591 po-

561 1610 658 1671 nit
683 1608 1055 1669 falsitatem:
1089 1606 1255 1686 quod
1282 1610 1494 1668 autem
1523 1604 1634 1667 illa
1660 1604 1960 1685 scriptura
1982 1621 2122 1683 pos-

562 1708 665 1764 tea
710 1702 915 1762 valeat
955 1699 1055 1760 vel
1101 1716 1229 1759 non
1270 1697 1502 1773 valeat,
1563 1703 1656 1759 est
1689 1716 1800 1777 per
1839 1696 2123 1759 accidens

562 1794 765 1875 quoad
813 1793 1093 1854 animum
1129 1788 1626 1868 transgrediendi
1667 1789 1892 1869 legem.
1949 1788 2122 1850 Idem

563 1893 655 1949 est
675 1888 742 1947 in
761 1883 1158 1946 matrimonio
1182 1882 1555 1944 clandestine
1577 1887 1888 1944 6011116610
1911 1882 1964 1943 31
1979 1899 2123 1942 con-

563 1981 768 2058 tingat
802 1995 933 2038 esse
973 1977 1137 2057 inter
1172 1974 1408 2050 affines,
1450 1974 1550 2036 vel
1589 1973 1742 2053 quid
1784 1974 2026 2048 simile3
2062 1978 2126 2034 et

563 2071 723 2132 ratio
750 2074 862 2143 est,
896 2068 1045 2147 quia
1067 2067 1167 2127 lex
1189 2066 1265 2127 de
1295 2084 1357 2127 se
1388 2066 1673 2145 prohibet
1699 2066 1878 2127 illum
1911 2070 2124 2127 actum

565 2168 892 2224 externum
918 2164 989 2219 ut
1009 2159 1311 2239 proceden
1319 2164 1443 2219 tem
1465 2178 1504 2219 a
1525 2159 1635 2219 tali
1663 2158 1874 2219 auimo
1896 2157 2126 2237 agendi

565 2261 779 2317 contra
820 2253 1021 2332 legem
1034 2296 1056 2327 ,
1110 2257 1173 2312 et
1221 2251 1339 2312 hoc
1379 2256 1582 2312 totum
1627 2251 1716 2311 ihi
1757 2252 2120 2327 invenitur;

565 2366 715 2427 ergo
742 2364 927 2427 poena
960 2345 1117 2423 legis
1142 2344 1332 2405 etiam
1359 2344 1829 2424 comprehendit
1859 2346 1948 2405 sic
1979 2362 2123 2424 ope-

566 2447 830 2502 rantem.
879 2440 957 2499 Et
1005 2436 1411 2498 confirmatur
1433 2482 1454 2511 ,
1499 2437 1645 2515 quia
1686 2442 1856 2497 actus
1901 2436 2007 2497 1116
2039 2436 2126 2497 316

565 2536 763 2595 factus
791 2538 883 2594 est
910 2531 1135 2609 dignus
1165 2529 1276 2590 tali
1302 2547 1509 2609 poena,
1548 2528 1695 2608 quia
1734 2535 1826 2591 est
1852 2547 2082 2609 pravus
2102 2574 2123 2605 ,

568 2633 631 2690 et
653 2630 959 2706 quantum
988 2624 1058 2684 in
1084 2642 1149 2683 se
1179 2633 1272 2684 est
1297 2640 1655 2702 repugnans
1680 2622 2011 2682 intentioni
2040 2620 2127 2682 le-

566 2721 695 2798 gis3
727 2736 897 2795 ergo.
927 2715 1339 2777 Confirmatur
1359 2715 1638 2790 tandem,
1667 2714 1813 2794 quia
1840 2714 1993 2775 alias
2013 2731 2126 2793 per

565 2818 774 2872 actum
805 2809 1049 2869 nullum
1086 2826 1408 2886 nunquam
1443 2808 1795 2867 incurretur
1826 2824 2011 2884 poena
2034 2805 2124 2866 le-

567 2905 685 2981 gis,
720 2902 867 2981 quia
895 2919 1021 2960 non
1044 2913 1137 2960 est
1163 2899 1365 2976 major
1390 2899 1548 2958 ratio
1576 2898 1652 2958 de
1684 2915 1811 2958 uno
1835 2915 2024 2976 quam
2048 2898 2126 2959 de

447 2986 450 2989 ’
565 2996 688 3056 6110
718 3038 739 3069 ,
775 2999 838 3054 61
867 2992 921 3052 31
947 2993 1182 3071 priores
1228 2991 1499 3051 rationes
1535 2991 1811 3051 efficaces
1849 2994 2016 3066 sunt,
2059 2990 2126 3050 in

565 3087 856 3150 omnibus
901 3084 1247 3164 procedunt
1279 3099 1299 3161 3
1354 3100 1736 3162 consequens
1781 3088 1992 3144 autem
2035 3087 2130 3144 est

565 3181 816 3254 falsum,
864 3178 1015 3239 alias
1051 3177 1623 3238 excommunicatus
1664 3174 1985 3236 absolvens
2024 3194 2129 3236 sa-

565 3270 1021 3336 cramentaliter
1040 3288 1167 3331 non
1186 3268 1363 3330 fieret
1378 3268 1760 3347 irregularia,
1781 3267 1929 3347 quia
1951 3267 2130 3327 abso-

564 3364 721 3427 lutio
748 3382 940 3444 quam
968 3363 1201 3442 proebet
1223 3367 1316 3423 est
1342 3361 1536 3436 66116,
1559 3361 1848 3440 idemque
1866 3366 2027 3421 esset
2050 3361 2129 3421 de

563 3458 981 3538 rebaptizante
1028 3456 1296 3518 scienter
1318 3499 1340 3530 ,
1397 3455 1546 3534 quia
1588 3454 1778 3514 etiam
1824 3453 2128 3515 secundus

566 3551 916 3631 baptismus
944 3553 1036 3610 est
1063 3547 1295 3624 nullus,
1322 3553 1384 3607 et
1411 3547 1496 3607 sic
1521 3545 1598 3606 de
1624 3546 1786 3607 61113.

647 3647 704 3705 3.
753 3644 1038 3705 Primum
1074 3646 1363 3720 pvmctum
1395 3645 1637 3703 certum.
1674 3651 1756 3685 -’
1795 3639 1866 3698 16
1904 3638 2022 3699 1166
2059 3655 2129 3698 16

567 3735 866 3797 60666116
893 3739 1036 3794 3661
1065 3739 1265 3810 certa3
1296 3750 1495 3791 unum
1514 3737 1605 3791 est
1622 3737 1830 3791 actum
1860 3731 2130 3792 intenta·

566 3837 701 3891 tum
732 3832 946 3887 contra
976 3825 1179 3903 legem
1208 3823 1662 3904 prohibentem,
1702 3824 1945 3884 etiamsi
1981 3842 2130 3884 con·

569 3922 770 3999 tingat
810 3919 1051 3979 nullum
1092 3935 1245 3992 esse,
1288 3934 1552 3996 pravum
1590 3934 1718 3977 esse
1759 3920 1822 3976 et
1863 3915 2128 4000 dignum

566 4032 776 4096 poena,
800 4019 985 4091 atque
1006 4011 1159 4072 adeo
1178 4011 1341 4090 juste
1363 4027 1539 4089 posse
1566 4026 1677 4088 per
1686 4008 1958 4087 judicem
1981 4026 2130 4069 con-

566 4108 754 4186 digne
791 4105 1022 4185 puniri.
1072 4106 1201 4165 Hoc
1244 4103 1510 4182 probant
1549 4102 1819 4163 rationes
1859 4101 2128 4164 secundo

564 4200 699 4261 loco
720 4199 921 4273 factoe,
957 4197 1105 4276 quia
1129 4197 1236 4257 ille
1263 4201 1355 4257 est
1375 4200 1546 4256 661113
1567 4195 1879 4256 116166663
1904 4199 1967 4256 61
1994 4212 2128 4256 mo-

566 4293 736 4368 ralis,
766 4297 829 4354 et
858 4289 1087 4352 rationi
1114 4287 1486 4364 contrarius,
1523 4288 1671 4368 quia
1700 4292 2007 4368 quantum
2033 4293 2128 4350 est

569 4405 648 4448 ex
678 4382 1239 4463 animo.operantis
1271 4380 1397 4460 legi
1432 4381 1779 4442 contrarius
1806 4385 1942 4458 est3
1978 4398 2128 4460 ergo

569 4484 662 4540 est
681 4494 867 4557 poena
885 4475 1137 4554 dignus,
1166 4480 1228 4536 et
1254 4479 1698 4553 consequenter
1718 4473 1910 4534 etiam
1929 4478 2130 4554 potest

570 4588 680 4649 per
696 4569 972 4648 judicem
998 4567 1231 4647 puniri,
1257 4565 1404 4646 quia
1423 4573 1516 4629 est
1541 4566 1767 4628 vindex
1789 4572 2130 4646 transgres-

568 4680 778 4724 sorum
800 4660 1035 4740 legum,
1066 4666 1130 4722 et
1154 4677 1283 4720 non
1310 4659 1512 4720 solum
1539 4664 1716 4721 actus
1739 4676 2130 4720 consumma-

569 4756 641 4832 ti,
671 4755 777 4816 sed
800 4754 989 4815 etiam
1012 4752 1305 4814 intentati
1325 4759 1539 4815 contra
1559 4752 1764 4832 legem
1781 4752 1958 4832 digni
1980 4758 2129 4814 sunt

568 4865 773 4929 poena.
809 4848 888 4907 Et
906 4847 973 4906 in
999 4845 1118 4906 hoc
1143 4863 1360 4907 omnes
1390 4846 1803 4909 conveniunt:
1838 4845 2130 4907 dubitant

569 4948 779 5004 autem
800 4958 882 5000 an
909 4938 1016 5000 1116
1041 4945 1211 5000 661113
1236 4938 1616 5020 reputandus
1641 4939 1720 4999 sit
1736 4957 2132 5000 eonsumma-

570 5041 672 5096 tus
697 5033 797 5096 vel
825 5031 1027 5093 solum
1053 5033 1394 5092 intentatus
1414 5075 1436 5107 ,
1476 5037 1539 5092 et
1567 5036 2012 5110 consequenter
2042 5048 2126 5092 an

567 5127 865 5189 debeatur
888 5124 981 5186 illi
1003 5124 1314 5186 ordinaria
1339 5141 1524 5204 poena
1551 5122 1710 5202 legis
1729 5121 1830 5183 vel
1855 5127 2128 5185 extraor-

567 5219 833 5297 dinaria,
863 5224 924 5280 et
952 5218 1118 5297 quod
1151 5218 1231 5278 ad
1271 5235 1384 5278 nos
1423 5217 1622 5296 magis
1656 5220 1910 5296 spectat,
1941 5216 1996 5277 si
2026 5215 2129 5278 161

569 5313 848 5391 imponat
882 5328 1132 5391 poenam
1171 5309 1271 5371 vel
1304 5327 1626 5370 censuram
1658 5308 1792 5389 ipso
1825 5308 2011 5385 facto,
2046 5325 2131 5369 an

569 5407 922 5469 incurratur
947 5423 1059 5484 per
1088 5402 1274 5464 talem
1296 5408 1527 5464 actum.

649 5500 712 5559 4.
762 5497 1000 5577 Rooula
1013 5495 1397 5560 commim-
1427 5499 1682 5576 recepta.
1709 5524 1792 5544 -·
1823 5488 2129 5570 Secundo,

1451 396 1569 449 Lm.
1606 396 1666 449 V.
1701 395 1783 449 ms:
1813 394 2170 449 vammum
2204 393 2413 447 amun
2444 393 2852 447 nummum.

2200 498 2435 555 certum
2478 499 2570 555 est
2600 491 2937 573 aliquando
2975 509 3085 572 per
3132 497 3343 554 actum
3377 490 3631 553 nullum
3674 492 3768 554 in·

2200 586 2364 647 curri
2399 603 2650 666 poenam
2685 584 2863 664 legis,
2896 583 3014 645 hoc
3059 585 3251 647 etiam
3296 584 3564 665 probant
3614 603 3777 646 non-

2201 678 2374 739 nulla
2400 677 2685 758 exempla
2722 677 2988 739 adducta
3013 677 3080 738 in
3108 676 3553 757 posterioribus
3580 679 3775 740 ratio·

2204 770 2406 832 nibus.
2452 771 2658 832 Tertio
2684 788 2832 832 vero
2854 788 2983 831 non
3010 769 3219 832 minus
3250 776 3491 831 certum
3519 775 3616 832 est
3640 789 3775 831 non

2201 881 2443 943 semper
2472 863 2713 924 incurri
2734 862 3095 941 hujumodi
3128 879 3385 943 pm
3412 880 3526 943 par
3552 869 3773 924 actum

2200 954 2447 1017 11611616
2484 978 2507 1032 ;
2579 955 2703 1017 1106
2761 955 3138 1036 persuadent
3201 955 3395 1017 etiam
3460 955 3781 1018 nonnulla

2200 1048 2485 1129 exempla
2513 1047 2706 1129 priori
2733 1049 2868 1110 loco
2892 1049 3118 1129 posita,
3141 1055 3206 1111 et
3230 1048 3354 1110 alia
3380 1050 3594 1110 statim
3624 1048 3776 1110 affe-

2198 1162 2433 1206 remus.
2472 1143 2811 1204 Difficultas
2838 1161 2988 1224 ergo
3010 1149 3286 1223 superest
3306 1143 3375 1203 in
3400 1142 3774 1222 explicando

2201 1235 2452 1316 quando
2478 1241 2649 1298 actus
2675 1236 2883 1297 nullus
2909 1236 3171 1297 sufficiat
3197 1236 3277 1297 ad
3303 1252 3555 1315 poenam
3588 1235 3771 1313 legis,

2205 1329 2452 1408 quando
2489 1346 2638 1390 vero
2685 1346 2814 1390 non
2853 1328 3120 1390 sufficiat
3137 1375 3159 1406 ,
3204 1334 3269 1391 et
3294 1345 3432 1408 quas
3456 1327 3681 1407 regula
3706 1327 3777 1388 in

2204 1421 2321 1484 hoc
2350 1422 2543 1502 possit
2568 1422 2901 1484 observari.

2284 1514 2344 1574 5.
2390 1514 2460 1573 In
2507 1531 2631 1593 quo
2678 1519 2908 1594 puncto
2953 1511 3171 1593 regula
3221 1510 3637 1573 communiter
3676 1528 3777 1571 re—

2203 1612 2382 1686 cepta
2409 1611 2500 1667 est
2534 1605 2979 1686 inspiciendam
3015 1623 3147 1667 esse
3173 1604 3536 1685 primariam
3566 1603 3778 1663 inten-

2202 1698 2439 1760 tionem
2483 1698 2639 1777 legis
2669 1714 2690 1776 3
2737 1716 2886 1760 nam
2925 1699 2978 1760 si
3023 1696 3445 1779 principaliter
3486 1695 3777 1757 intendat

2201 1791 2427 1871 punire
2473 1808 2702 1871 purum
2745 1791 2983 1852 factum
3019 1798 3373 1865 externum,
3412 1796 3475 1849 et
3502 1805 3773 1868 pravum

2201 1884 2485 1943 animum
2511 1882 2813 1960 facientis,
2839 1901 2967 1944 non
2991 1880 3377 1963 respiciendo
3399 1879 3480 1941 ad
3497 1879 3658 1958 juris
3685 1878 3774 1940 ef-

2202 1974 2436 2037 fectum
2451 2019 2472 2051 ,
2521 1980 2673 2036 tunc
2721 1993 2832 2056 per
2874 1981 3086 2037 actum
3134 1974 3382 2036 nullum
3429 1971 3774 2033 incurritur

2202 2085 2390 2148 poena
2410 2067 2589 2146 legis,
2614 2069 2794 2147 juxta
2818 2067 2862 2128 l.
2901 2068 3062 2142 Quid
3082 2085 3252 2148 erqo,
3297 2065 3337 2145 ξ
3362 2063 3514 2128 Cum
3542 2068 3769 2138 autem,

2201 2162 2288 2222 De
2313 2161 2412 2221 his
2440 2160 2550 2240 qui
2574 2166 2871 2222 notantur
2892 2159 3177 2234 infamia,
3204 2156 3315 2218 ubi
3337 2156 3559 2230 Gloss.,
3589 2152 3771 2215 verb.

2208 2254 2360 2317 Cum
2382 2271 2474 2329 ea,
2504 2259 2568 2315 et
2593 2252 2700 2314 6111
2726 2253 2791 2313 id
2819 2259 3057 2313 notant.
3083 2251 3150 2312 Si
3168 2268 3318 2312 vero
3338 2248 3440 2310 161
3460 2246 3777 2328 principa-

2203 2346 2350 2408 liter
2383 2345 2636 2425 respicit
2672 2344 2961 2407 eflectum
2998 2350 3062 2406 et
3094 2348 3344 2424 propter
3369 2341 3549 2401 illum
3590 2338 3777 2419 punit

2204 2446 2413 2502 actum
2428 2484 2449 2515 ,
2481 2446 2631 2500 tunc
2654 2457 2782 2499 non
2810 2444 3018 2499 secuto
3049 2435 3266 2498 effectu
3293 2435 3560 2496 cessabit
3587 2449 3777 2513 poena

2204 2533 2358 2612 legis
2380 2579 2401 2610 ,
2440 2541 2505 2595 et
2526 2536 2971 2611 consequenter
2995 2546 3124 2590 non
3152 2529 3506 2589 incurretur
3535 2544 3653 2606 per
3679 2542 3777 2583 ac-

2205 2631 2344 2687 tum
2372 2627 2641 2701 nullum,
2676 2625 2825 2704 quia
2846 2642 2957 2702 per
2982 2622 3160 2683 illum
3190 2639 3316 2681 non
3341 2620 3671 2679 inducitur
3694 2615 3780 2676 ef-

2205 2718 2400 2779 fectus
2444 2722 2692 2796 propter
2732 2733 2919 2794 quem
2958 2715 3260 2794 praecipue
3297 2711 3550 2790 ponitur
3583 2726 3778 2788 poena

2205 2811 2381 2890 16313.
2423 2812 2597 2871 Η666
2646 2808 2927 2887 16361616
2978 2824 3153 2867 sumo
3200 2823 3277 2866 ex
3316 2802 3567 2863 Bartolo
3613 2802 3685 2861 in
3727 2800 3772 2860 1.

2212 2903 2572 2978 Continuus,
2601 2902 2638 2982 ἑ
2665 2901 2817 2965 Cum
2836 2902 2996 2982 quis,
3018 2899 3155 2975 n.3,
3194 2897 3260 2958 ff.
3290 2896 3366 2958 de
3386 2894 3572 2956 Verb.
3610 2894 3777 2955 obli-

2206 2994 2581 3075 gationibuS.
2645 2995 2722 3055 Et
2748 3012 2887 3055 eam
2914 2992 3105 3053 tradit
3131 2990 3377 3052 Felinus
3400 2989 3467 3048 in
3494 3005 3623 3066 cap.
3659 2987 3779 3048 Ex

2208 3094 2426 3166 tenore,
2457 3088 2535 3149 de
2556 3087 2924 3167 2Raecriptis,
2953 3104 3020 3147 n.
3060 3087 3103 3148 9
3131 3089 3194 3147 61
3218 3080 3635 3162 sequentibus,
3662 3078 3771 3139 ubi

2210 3182 2363 3244 alios
2391 3181 2618 3260 6116361
2642 3226 2662 3257 ,
2694 3185 2758 3241 61
2782 3178 2955 3240 varia
2973 3178 3224 3239 adducit
3244 3173 3526 3253 exempla
3541 3173 3610 3232 in
3633 3171 3772 3250 qui-

2205 3276 2325 3337 bus
2352 3294 2478 3336 non
2504 3276 2880 3336 conveniunt
2898 3291 3115 3334 omnes
3141 3273 3418 3333 doctores
3448 3285 3605 3345 quos
3622 3264 3771 3326 6116-

2207 3375 2337 3448 gat,
2372 3374 2433 3430 61
2460 3368 2668 3447 plures
2701 3365 2952 3427 adducit
2985 3363 3429 3426 declarationes
3455 3364 3519 3421 et
3542 3359 3771 3419 limita-

2206 3462 2407 3523 tiones
2454 3479 2593 3539 quae
2634 3459 2969 3521 ostendunt
2999 3457 3284 3537 regulam
3325 3470 3455 3515 esse
3487 3452 3634 3512 satis
3662 3449 3770 3511 ob-

2207 3571 2473 3616 scuram.
2529 3554 2710 3627 Nam,
2758 3551 2902 3613 licet
2947 3549 3229 3612 membra
3273 3546 3407 3625 ejus
3443 3543 3771 3605 veritatem
3864 3601 3876 3610 ,

2206 3648 2522 3708 continere
2547 3645 2877 3706 videantur
2906 3689 2928 3720 ,
2970 3642 3120 3723 quia
3145 3641 3246 3702 161
3276 3642 3568 3718 operatur
3586 3637 3770 3714 juxta

2207 3740 2588 3822 praecipuam
2606 3738 3021 3799 intentionem
3041 3734 3296 3797 ferentis
3319 3731 3517 3806 illam,
3543 3728 3770 3788 nihilo-

2207 3835 2415 3894 minus
2442 3832 2772 3893 obscurum
2794 3836 3079 3891 remanet
3104 3826 3352 3908 quando
3368 3823 3470 3885 161
3489 3821 3771 3882 intendat

2207 3927 2428 4006 punire
2456 3943 2685 4005 purum
2715 3924 2948 3984 factum
2969 3922 3071 3983 vel
3092 3920 3403 3991 effectum,
3428 3921 3489 3976 et
3515 3932 3656 3993 quae
3671 3931 3774 3974 re·

2209 4019 2355 4098 gula
2389 4020 2459 4078 16
2495 4018 2613 4078 1106
2642 4016 2946 4078 servanda
2972 4016 3069 4076 sit.
3122 4012 3218 4074 Ad
3245 4011 3358 4070 hoc
3385 4025 3533 4085 ergo
3560 4004 3776 4085 expli-

2209 4111 2477 4173 candum
2502 4110 2774 4171 breviter
2796 4107 3129 4171 nonnullas
3155 4102 3509 4167 assertiones
3532 4118 3648 4161 seu
3677 4116 3775 4160 re-

2207 4204 2384 4285 gulas
2411 4202 2759 4282 subjiciam.

2287 4298 2349 4358 6.
2386 4296 2612 4359 Prima
2676 4292 2992 4358 conclusio.
3040 4323 3125 4338 -
3180 4288 3476 4353 obviatur
3538 4283 3775 4347 rationi

2207 4390 2420 4454 Baldi.
2440 4419 2525 4434 -
2554 4387 2701 4448 Dico
2728 4403 2878 4465 ergo
2903 4385 3141 4465 primo:
3171 4381 3416 4463 quoties
3440 4394 3570 4439 una
3586 4382 3648 4437 et
3672 4394 3775 4436 ea-

2208 4484 2354 4546 dem
2379 4481 2479 4544 161
2509 4487 2572 4542 61
2594 4479 2798 4541 irritat
2837 4484 3046 4548 actum
3087 4483 3150 4539 et
3189 4474 3367 4555 ponit
3394 4486 3644 4552 poenam
3681 4469 3775 4529 fa-

2211 4576 2399 4639 cienti
2411 4620 2432 4651 ,
2473 4573 2613 4634 talis
2639 4589 2828 4653 poena
2852 4590 2964 4652 per
2989 4575 3201 4631 actum
3228 4565 3475 4628 nullum
3510 4560 3778 4623 incurri·

2206 4676 2331 4732 tur.
2365 4670 2510 4729 Haec
2534 4665 2786 4728 assertio
2805 4664 3077 4727 sumitur
3098 4679 3179 4724 ex
3195 4657 3445 4722 Bartolo
3465 4658 3532 4718 16
3556 4656 3602 4717 1.
3624 4656 3779 4721 Non

2208 4763 2499 4837 studium,
2533 4778 2590 4820 6.
2620 4758 2698 4820 (16
2723 4756 3013 4836 Legibus,
3043 4774 3107 4818 n.
3136 4755 3240 4830 20,
3277 4753 3428 4814 etin
3453 4750 3496 4813 1.
3530 4749 3781 4812 Proetor

2209 4857 2327 4933 ait,
2349 4854 2386 4935 ξ
2412 4857 2471 4930 1,
2502 4851 2571 4914 fl.
2599 4852 2676 4913 de
2702 4851 2914 4931 Operis
2938 4849 3088 4911 novi
3107 4845 3592 4917 renuntiatione,
3618 4860 3685 4903 n.
3708 4842 3775 4916 Ξ,

2209 4955 2273 5011 61
2288 4966 2366 5010 61
2386 4945 2582 5008 Felin.
2606 4961 2814 5024 supra,
2840 4948 2903 5004 et
2917 4941 3057 5004 aliis
3076 4959 3232 5020 quos
3250 4938 3441 5001 refert
3462 4936 3672 5013 Tiraq.
3699 4933 3782 4994 de

2208 5044 2481 5120 Utroque
2507 5041 2783 5112 retract„
2814 5035 2928 5096 lib.
2954 5038 3015 5109 1,
3043 5033 3081 5114 ἓ
3109 5034 3211 5108 16,
3243 5051 3311 5092 6.
3345 5033 3405 5091 8.
3433 5031 3661 5108 Estque
3683 5043 3782 5086 sa-

2208 5135 2288 5197 tis
2315 5136 2726 5194 consentanea
2751 5128 2947 5208 priori
2972 5126 3137 5206 parti
3162 5123 3397 5203 regulae
3422 5118 3783 5201 praeceden-

2207 5228 2312 5303 tis,
2336 5226 2484 5305 quia
2504 5230 2657 5284 tunc
2683 5222 2831 5284 satis
2857 5218 3186 5281 manifeste
3217 5221 3476 5296 apparet
3506 5210 3785 5273 intentio

2205 5318 2381 5398 legis.
2421 5319 2576 5379 Nam
2599 5315 2650 5377 si
2677 5312 2980 5375 irritando
3005 5318 3216 5371 ac'tum
3242 5307 3426 5388 punit
3446 5305 3652 5378 illum,
3684 5320 3787 5362 sa-

2208 5411 2289 5472 tis
2317 5415 2526 5490 aperte
2548 5406 2820 5469 ostendit
2840 5404 3001 5466 velle
3021 5403 3245 5483 punire
3271 5404 3505 5472 actum,
3529 5394 3789 5458 etiamsi

2210 5521 2340 5566 non
2350 5502 2578 5565 habeat
2596 5500 2754 5582 juris
2779 5498 3093 5573 eflectum,
3120 5512 3264 5557 cum
3284 5493 3551 5575 ipmet
3575 5489 3685 5551 161
3713 5487 3792 5550 il·
