3976 6219
438 369 558 430 200

1446 375 1560 427 LIB.
1598 376 1682 428 ΙΙΙ.
1718 376 1798 429 DE
1829 375 1988 429 LEGE
2023 378 2283 432 HUMANA
2318 380 2395 431 ET
2429 379 2632 432 clvlu.

436 493 579 537 rum
629 474 817 537 etiam
860 474 1047 537 nullae
1091 474 1229 537 aliae
1271 474 1499 537 habere
1550 477 1679 539 vim
1711 484 1990 557 possunt,
2074 486 2322 561 propter
2346 481 2653 543 rationem
2680 481 2906 543 factam
2935 502 2950 541 :
2983 481 3128 561 quia
3147 482 3495 563 jurisdictio
3522 482 3645 543 im-

438 569 557 629 nisi
587 567 666 628 ab
693 568 825 648 ipso
852 568 1221 648 imperatore
1247 569 1627 631 confirmatae
1666 571 1815 645 sint,
1849 572 1996 650 quia

2076 580 2428 653 paratorum
2452 574 2539 635 ibi
2560 593 2684 636 non
2705 573 2961 653 obligat,
2981 580 3044 635 et
3063 582 3239 636 extra
3262 576 3641 636 territorium

438 661 528 721 ibi
566 661 728 721 solus
749 661 879 740 ipse
905 662 1093 722 habet
1118 679 1425 723 summam
1453 668 1817 741 potestatem
1857 681 1996 742 quae
2071 672 2173 748 Jus
2199 668 2430 729 dicenti
2456 669 2713 747 impune
2737 686 2862 727 non
2890 673 3162 747 paretur.
3184 670 3259 727 Et
3288 669 3375 728 ita
3403 669 3468 728 in
3490 688 3644 749 pau-

438 755 516 815 ad
548 755 830 815 ferendas
862 754 1028 833 leges
1067 755 1278 814 civiles
1313 756 1649 816 necessaria
1686 762 1800 832 est,
1830 757 1997 817 utin

437 849 636 928 capite
686 849 964 926 sequenti
1011 847 1275 927 amplius
1323 847 1787 927 explicabimus.
1846 849 1999 909 Aliae

438 947 582 1001 sunt
615 941 947 1020 provinciae
980 958 1086 1001 seu
1113 946 1315 1016 terrae,
1348 942 1708 1019 imperatori
1747 941 2002 1020 quidem

437 1035 726 1112 subjectae
760 1040 1057 1112 tanquam
1096 1051 1384 1113 supremo
1419 1034 1710 1114 principi,
1754 1053 1882 1095 non
1909 1040 2002 1095 ta-

439 1145 583 1187 men
610 1132 909 1205 tanquam
942 1126 1301 1187 immediato
1330 1127 1616 1187 domino:
1654 1127 2001 1205 cujusmodi

440 1239 570 1282 esse
611 1220 902 1281 dicimtur
946 1219 1130 1279 multi
1176 1220 1458 1296 ducatus,
1509 1219 1996 1295 marchionatuS,

439 1314 785 1387 comitatus,
807 1311 902 1372 vel
920 1312 1196 1392 quolibet
1214 1312 1335 1373 alio
1358 1314 1611 1373 nomine
1638 1330 2001 1392 nuncupen-

438 1412 564 1481 tur,
613 1406 957 1467 Germaniae
1006 1410 1069 1465 et
1114 1406 1323 1466 Italiae.
1356 1406 1512 1467 Nam
1560 1411 1705 1466 sunt
1750 1405 2002 1484 quidem

438 1501 675 1580 proprii
723 1500 1007 1574 dominii,
1053 1505 1117 1560 et
1144 1500 1456 1579 principes
1510 1518 1653 1559 cum
1705 1504 2003 1579 potestate

439 1594 897 1673 quodammodo
932 1592 1142 1671 regia:
1179 1611 1325 1654 nam
1348 1591 1517 1671 leges
1537 1593 1815 1673 proprias
1843 1592 2006 1653 ferre

440 1692 719 1765 possunt,
750 1691 1066 1747 monetam
1097 1686 1342 1762 cudere,
1389 1691 1451 1746 et
1472 1686 1786 1747 interdum
1815 1684 2005 1745 etiam

440 1780 675 1841 bellum
707 1780 1008 1841 indicere:
1040 1786 1102 1840 et
1129 1779 1538 1841 nihilominus
1565 1780 2003 1857 imperatorem

439 1879 886 1954 recognoscunt
903 1883 974 1934 ut
999 1892 1359 1954 supremum
1383 1874 1730 1947 dominum,
1747 1871 1845 1932 vel
1859 1872 2004 1949 jure

441 1968 636 2043 feudi,
680 1969 778 2029 vel
814 1969 937 2028 alio
964 1968 1187 2029 simili:
1223 1969 1367 2047 quia
1397 1968 1494 2029 vel
1520 1966 1600 2028 ab
1631 1968 2003 2044 imperatore

439 2061 555 2121 sub
602 2061 709 2121 illa
752 2062 1102 2122 conditione
1145 2061 1558 2140 principatum
1603 2063 1997 2138 acceperunt,

439 2155 541 2214 vel
571 2156 1011 2216 consuetudine
1046 2155 1380 2215 introducti
1423 2159 1572 2214 sunt
1607 2170 1749 2212 cum
1778 2152 1883 2212 illa
1905 2170 2002 2212 re-

440 2248 792 2326 cognitione
824 2254 886 2308 et
912 2248 1308 2327 subjectione.
1346 2249 1422 2307 Et
1445 2247 1512 2307 in
1541 2246 1639 2305 his
1670 2245 2003 2324 provinciis

439 2340 717 2418 obligant
755 2341 944 2401 etiam
986 2341 1153 2418 leges
1199 2340 1671 2419 imperatorum,
1720 2337 2005 2417 quamvis

442 2452 491 2493 n·
506 2451 568 2492 m
594 2432 758 2506 solae,
786 2434 933 2512 quia
961 2435 1149 2494 etiam
1188 2438 1448 2514 possunt
1469 2432 1697 2492 habere
1727 2430 2008 2510 proprias

439 2524 605 2603 leges
638 2544 677 2586 a
720 2527 845 2585 suis
890 2527 1153 2605 propriis
1189 2525 1573 2605 principibus
1617 2523 1772 2583 latas
1792 2568 1813 2597 ,
1859 2522 2008 2601 quia

440 2620 844 2697 supponimus
870 2620 1099 2680 habere
1135 2624 1501 2698 potestatem
1532 2616 2006 2695 gubernativam

440 2731 553 2773 suo
602 2713 789 2774 modo
817 2732 1173 2794 supremam
1217 2713 1421 2792 quoad
1449 2709 1878 2771 immediatum
1909 2727 2006 2769 re-

443 2806 655 2883 gimen
702 2824 955 2866 suarum
1008 2815 1338 2881 terrarum,
1395 2810 1457 2865 et
1504 2804 1593 2863 ita
1638 2801 1840 2881 quoad
1888 2802 2007 2862 hoc

442 2899 903 2977 aequiparantur
929 2899 1175 2977 regibus
1197 2899 1378 2978 juxta
1404 2895 1664 2957 dicenda
1690 2895 1886 2974 capite
1912 2912 2006 2955 se-

443 2993 680 3072 quenti.
709 2994 804 3055 An
827 3011 974 3054 vero
1005 2992 1109 3052 isti
1130 2991 1434 3071 principes
1461 2988 1718 3067 subjecti
1747 2988 2006 3066 imperio

442 3088 677 3168 possint
716 3087 845 3148 suis
880 3087 1121 3167 legibus
1148 3086 1445 3165 derogare
1483 3083 1894 3163 imperatoriis
1920 3082 2007 3144 le-

442 3183 623 3262 gibus
626 3229 646 3258 ,
665 3201 739 3243 ex
756 3183 938 3244 modo
957 3183 1307 3244 donationis
1311 3227 1331 3257 ,
1348 3181 1444 3243 vel
1465 3199 1538 3241 ex
1564 3179 2007 3240 consuetudine

444 3276 861 3354 colligendum
895 3282 1005 3338 est.
1056 3277 1332 3356 Utroque
1364 3275 1531 3336 enim
1564 3272 1749 3333 modo
1787 3277 2007 3352 potue-

440 3376 590 3431 runt
618 3369 970 3449 hujusmodi
1003 3371 1387 3450 principatus
1416 3367 1667 3428 concedi
1695 3364 1775 3426 ab
1810 3365 2007 3444 impe-

443 3462 855 3542 peratoribus,
901 3463 999 3523 vel
1051 3461 1519 3535 consuetudine,
1550 3465 1611 3520 et
1643 3458 1817 3537 quasi
1851 3476 2006 3537 prae-

444 3555 776 3633 scriptione
815 3555 1149 3629 introduci,
1187 3554 1438 3630 scilicet,
1469 3551 1568 3614 vel
1593 3569 1737 3612 cum
1774 3549 2008 3628 obliga-

442 3648 612 3708 tione
662 3648 922 3728 parendi
980 3646 1220 3724 legibus
1271 3648 1740 3725 imperatorum,
1801 3644 1889 3702 ita
1938 3646 2009 3701 ut

444 3741 724 3819 proprias
764 3739 1023 3800 condere
1051 3740 1286 3818 possint
1312 3757 1425 3818 per
1459 3737 1711 3797 modum
1751 3734 2011 3794 additio-

445 3832 564 3907 nis,
609 3850 736 3891 non
780 3850 892 3911 per
934 3831 1189 3891 modum
1234 3829 1675 3908 derogationiS,
1707 3826 1808 3887 vel
1847 3832 2010 3887 certe

445 3942 587 3984 cum
613 3930 911 4004 potestate
944 3924 1282 4003 derogandi
1320 3923 1470 3998 illis,
1512 3921 1834 4000 solumque
1864 3938 2009 3981 cum

446 4017 822 4095 obligatione
863 4017 999 4077 illas
1040 4016 1351 4090 servandi,
1396 4014 1695 4095 quamdiu
1735 4032 1845 4094 per
1871 4030 2013 4092 pro-

446 4110 611 4190 prias
625 4110 933 4188 derogatae
954 4128 1080 4170 non
1100 4110 1351 4170 fuerint.
1372 4108 1576 4181 Qualis
1594 4112 1802 4168 autem
1824 4106 2012 4167 fuerit

446 4204 851 4264 concessionis
877 4204 1121 4280 modus,
1142 4222 1261 4263 usu
1286 4202 1419 4283 ipso
1442 4202 1712 4263 maxime
1732 4206 2010 4261 constare

449 4314 622 4376 posse
652 4297 915 4358 videtur.

528 4391 588 4449 3.
638 4390 863 4463 Quibus
890 4390 958 4451 in
985 4389 1168 4451 tem-is
1197 4388 1466 4467 obliyant
1493 4387 1648 4466 leyes
1675 4387 1881 4450 civiles
1900 4387 2012 4465 jn-

443 4482 543 4545 ris
569 4482 1125 4545 communis.—Jus
1143 4481 1317 4542 civile
1338 4498 1410 4541 ecc
1427 4480 1489 4541 vi
1511 4497 1625 4541 sua
1643 4497 1758 4540 non
1785 4480 2013 4558 obliyat

445 4578 515 4638 in
539 4577 885 4638 Lusitania.
914 4607 996 4621 —-
1017 4574 1218 4652 Atque
1244 4572 1391 4632 hinc
1416 4572 1616 4632 obiter
1641 4572 2011 4649 intelligitur

445 4670 514 4728 in
552 4669 774 4747 quibus
812 4667 1146 4747 provinciis
1182 4683 1291 4726 seu
1322 4664 1503 4724 terris
1538 4664 1818 4726 Ecclesiae
1856 4664 2011 4724 obli-

445 4767 595 4840 gent
631 4761 795 4840 leges
824 4760 1032 4821 civiles
1060 4778 1197 4839 quae
1229 4757 1387 4836 juris
1414 4758 1758 4817 communis
1794 4756 2010 4817 dicun-

443 4861 570 4932 tur,
600 4860 663 4916 et
689 4856 755 4915 in
784 4871 1037 4932 corpore
1064 4853 1222 4931 juris
1248 4851 1442 4911 civilis
1467 4851 1883 4927 continentur,

440 4949 689 5028 lamque
744 4946 1207 5026 imperatoriam
1256 4943 1693 5004 auctoritatem
1747 4943 2004 5004 habent.

444 5042 785 5103 Dicendum
818 5047 909 5103 est
948 5041 1115 5101 enim
1146 5057 1256 5119 per
1282 5056 1346 5099 se
1372 5043 1434 5098 et
1461 5055 1539 5098 ex
1579 5037 1642 5096 vi
1670 5037 1887 5097 talium
1920 5034 2008 5096 le-

444 5153 595 5213 gum
627 5140 871 5195 tantum
898 5132 1214 5211 obligare
1198 5151 1266 5192 m
1301 5131 1482 5192 terris
1516 5129 1786 5208 imperii,
1813 5128 2008 5189 altero

445 5248 522 5290 ex
560 5228 798 5288 duobus
828 5227 1025 5287 modis
1062 5225 1403 5287 declaratis.
1451 5225 1520 5284 In
1557 5223 1764 5302 regnis
1799 5227 2009 5283 autem

444 5321 770 5402 supremis,
806 5339 946 5400 quoe
979 5319 1258 5399 proprios
1301 5318 1532 5379 habent
1572 5317 1876 5397 principes
1908 5334 2009 5375 su-

444 5432 689 5494 premos
708 5432 836 5474 non
852 5418 1352 5492 recognoscentes
1371 5411 1748 5491 superiorem
1767 5410 1832 5469 in
1851 5415 2007 5470 tem-

446 5507 779 5587 poralibus,
822 5525 934 5586 per
963 5524 1028 5567 se
1073 5510 1135 5566 et
1179 5524 1255 5566 ex
1296 5506 1358 5566 vi
1397 5524 1511 5566 sua
1541 5523 1668 5565 non
1700 5503 2002 5582 obligant,

2078 763 2163 822 cis
2206 760 2535 841 provinciis
2579 760 3067 820 Christianorum
3109 766 3388 821 servatur
3413 762 3514 839 jus
3556 762 3644 821 ci-

2079 854 2222 928 vile,
2254 859 2327 913 ut
2352 853 2473 913 late
2508 852 2695 913 refert
2720 853 2904 930 Gigas
2931 858 3112 913 tract.
3143 854 3218 913 de
3255 854 3445 914 Crim.
3482 854 3644 915 laesae

2082 947 2320 1024 maJest.
2339 991 2358 1020 ,
2395 945 2554 1006 libro
2583 947 2643 1020 3,
2675 964 2738 1025 q.
2770 947 2871 1019 23,
2915 965 2981 1006 n.
3029 949 3102 1006 17
3134 952 3196 1007 et
3223 948 3640 1025 sequentibuS.

2083 1041 2377 1100 Poterunt
2409 1045 2617 1099 autem
2646 1039 2798 1100 tales
2827 1039 2994 1117 leges
3021 1040 3295 1118 obligare
3338 1046 3646 1120 quantum

2079 1151 2189 1213 per
2214 1132 2381 1210 leges
2406 1133 2629 1193 talium
2658 1151 2994 1212 regnorum
3017 1140 3339 1213 acceptatae
3364 1134 3642 1195 fuerunt.

2080 1228 2178 1289 Sic
2211 1228 2380 1288 enim
2413 1227 2480 1286 in
2521 1227 2700 1286 terris
2739 1225 3027 1304 subjectis
3060 1226 3341 1287 Pontifici
3384 1228 3449 1286 in
3483 1233 3646 1287 tem-

2082 1320 2393 1400 poralibus
2423 1320 2530 1397 jus
2561 1319 2741 1380 civile
2776 1325 3078 1395 servatur,
3126 1319 3235 1380 ubi
3276 1322 3647 1381 canonicum

2083 1413 2371 1487 defuerit,
2419 1430 2549 1473 non
2591 1413 2651 1472 vi
2680 1430 2810 1488 sua,
2857 1413 2962 1473 sed
3007 1414 3155 1492 quia
3200 1413 3524 1474 Pontifices
3559 1416 3649 1477 ita

2083 1506 2433 1581 voluerunt,
2462 1506 2660 1585 capite
2705 1509 2732 1565 1
2779 1504 2856 1566 de
2903 1507 3056 1567 Novi
3102 1523 3272 1585 oper.
3305 1525 3495 1568 nunc.
3528 1508 3647 1581 Qui

2085 1605 2288 1660 textus
2317 1617 2441 1659 non
2470 1598 2547 1659 de
2583 1599 2780 1658 causis
2805 1599 3266 1677 temporalibus,
3302 1600 3407 1660 sed
3436 1600 3512 1660 de
3539 1602 3647 1660 Ec-

2086 1691 2434 1752 clesiasticis
2458 1691 2752 1769 loquitur,
2774 1697 2836 1753 et
2856 1692 3057 1770 quoad
3079 1692 3193 1753 hoc
3217 1693 3447 1753 servari
3468 1693 3650 1754 debet

2084 1786 2149 1845 in
2198 1790 2326 1844 tota
2375 1784 2663 1859 Ecclesia,
2691 1786 2864 1864 quia
2908 1785 2976 1845 in
3025 1784 3124 1845 his
3172 1787 3368 1846 causis
3417 1786 3648 1866 uquue

2084 1877 2360 1955 subjecta
2409 1884 2501 1937 est
2544 1878 2675 1956 juri
2722 1878 3041 1952 canonic0,
3090 1884 3152 1938 et
3198 1878 3287 1940 ita
3319 1880 3505 1940 etiam
3556 1882 3648 1940 uti

2084 1970 2266 2031 debet
2292 1970 2482 2044 civili,
2523 1976 2828 2049 quatenus
2860 1970 2947 2030 ibi
2975 1976 3066 2031 est
3093 1971 3545 2047 canonizatum,
3589 1978 3650 2034 et

2083 2064 2248 2124 favet
2289 2081 2423 2142 cap.
2460 2062 2542 2126 Si
2572 2063 2945 2141 adjutorium
2963 2108 2983 2138 ,
3014 2064 3156 2124 dist.
3205 2068 3302 2124 10.
3353 2066 3418 2124 ln
3451 2066 3650 2125 causis

2083 2160 2290 2215 autem
2312 2172 2478 2215 mere
2502 2154 2941 2234 temporalibus
2959 2154 3157 2215 solum
3172 2155 3424 2215 habebit
3442 2154 3649 2216 locum

2078 2248 2180 2325 jus
2214 2248 2367 2308 illud
2405 2248 2471 2308 in
2512 2247 2694 2308 terris
2737 2248 3175 2327 temporalibus
3213 2248 3503 2328 subjectis
3541 2251 3647 2310 Ec-

2089 2340 2308 2400 clesiae.
2334 2341 2431 2400 Sic
2451 2340 2639 2401 etiam
2666 2341 2735 2400 in
2756 2340 2873 2400 hoc
2894 2358 3086 2420 regno
3113 2341 3466 2416 Lusitaniae,
3487 2343 3651 2421 quod

2088 2433 2320 2493 eisdem
2364 2433 2558 2493 titulis
2597 2451 2955 2511 supremum
2984 2440 3096 2510 est,
3126 2434 3353 2514 quibus
3383 2452 3648 2514 regnum

2088 2525 2418 2604 Hispaniae,
2447 2526 2547 2604 jus
2576 2525 2757 2586 civile
2790 2545 2900 2605 per
2926 2544 2990 2587 se
3031 2545 3158 2587 non
3186 2526 3440 2606 obligat,
3474 2531 3652 2608 eique

2086 2636 2198 2697 per
2223 2618 2390 2696 leges
2416 2619 2596 2696 regni
2620 2619 2900 2697 derogari
2929 2625 3146 2699 potest,
3182 2639 3255 2681 ac
3283 2639 3444 2700 saepe
3472 2621 3651 2682 dero-

2086 2717 2306 2789 gatur:
2351 2712 2458 2772 ubi
2505 2717 2713 2772 autem
2760 2713 2930 2773 deest
2978 2713 3078 2773 lex
3127 2714 3328 2791 regni,
3372 2720 3651 2776 servatur

2088 2803 2290 2879 civile,
2321 2823 2446 2866 non
2475 2806 2539 2866 vi
2566 2823 2700 2880 sua,
2731 2805 2835 2865 sed
2874 2824 2948 2866 ex
2983 2806 3373 2868 ordinatione
3399 2807 3650 2887 propria

2088 2897 2366 2974 ejusdem
2408 2899 2619 2977 regni,
2668 2903 2738 2958 ut
2784 2897 3048 2959 habetur
3089 2898 3250 2960 libro
3303 2903 3340 2961 3
3397 2900 3609 2962 Ordin.
3629 2945 3651 2976 ,

2088 2991 2184 3050 tit.
2222 2992 2321 3051 64.

2172 3087 2227 3145 4.
2274 3084 2456 3164 ,δεμες
2487 3085 2693 3147 civiles
2725 3085 2987 3149 absolate
3026 3103 3141 3147 non
3176 3092 3318 3149 sunt
3352 3088 3419 3148 in
3444 3104 3561 3149 usu
3588 3089 3655 3150 in

2092 3178 2485 3243 Gallia—At
2514 3196 2659 3239 vero
2687 3179 2754 3238 in
2779 3196 2973 3257 regno
2999 3179 3210 3240 Gallias
3242 3179 3423 3240 aliter
3449 3198 3655 3241 serva-

2088 3276 2214 3344 tur,
2261 3271 2408 3349 quia
2435 3290 2562 3332 non
2590 3272 2787 3332 solum
2825 3273 2929 3350 jus
2972 3273 3289 3352 proprium
3329 3273 3656 3352 praefertur

2087 3362 2275 3438 civili,
2307 3365 2411 3424 sed
2452 3364 2727 3425 absolute
2767 3364 2934 3444 leges
2980 3366 3189 3426 civiles
3240 3384 3364 3426 non
3394 3372 3542 3427 sunt
3586 3367 3652 3425 in

2087 3474 2225 3530 usu,
2259 3464 2326 3517 ut
2362 3462 2622 3519 testatur
2651 3458 2883 3517 Honor.
2916 3460 2976 3532 3,
3011 3458 3077 3517 in
3110 3475 3242 3537 cap.
3279 3458 3485 3538 Super
3524 3478 3653 3538 spe-
3691 3524 3709 3539 ,

2088 3551 2246 3624 cula,
2272 3550 2348 3611 de
2373 3551 2580 3611 Privil.
2606 3551 2841 3612 dicens:
2867 3552 2948 3612 In
2970 3552 3246 3614 Francia
3274 3557 3329 3614 et
3355 3554 3659 3616 nonnullis

2081 3644 2416 3720 provinciis
2448 3644 2596 3705 laici
2631 3662 3014 3705 romanorum
3047 3646 3476 3722 imperatorum
3510 3647 3658 3724 leoi-

2088 3735 2197 3796 bus
2224 3753 2338 3796 non
2363 3740 2639 3812 utuntur,
2671 3741 2734 3797 et
2765 3736 2954 3796 tradit
2984 3736 3157 3797 Bald.
3199 3738 3397 3816 capite
3435 3738 3658 3798 ultimo

2088 3826 2164 3888 de
2193 3828 2446 3889 Constit.
2488 3830 2649 3890 circa
2681 3828 2895 3890 finem.
2936 3829 3225 3908 Idemque
3253 3831 3318 3890 in
3362 3831 3657 3911 Hispania

2091 3938 2372 4000 expresse
2419 3928 2669 3982 cautum
2715 3928 2808 3982 est
2850 3922 3093 4001 legibus
3133 3924 3333 4001 regui,
3371 3931 3550 4003 parte
3594 3929 3653 4000 1,

2090 4013 2185 4075 tit.
2222 4016 2281 4090 1,
2312 4014 2356 4075 l.
2389 4017 2490 4090 15,
2522 4021 2585 4076 et
2611 4015 2836 4076 clarius
2863 4022 3023 4094 part.
3056 4017 3116 4091 3,
3146 4015 3243 4075 tit.
3275 4018 3337 4090 4,
3369 4015 3411 4078 1.
3446 4018 3504 4077 6.
3539 4017 3651 4093 ibi,

2090 4108 2221 4168 Por
2238 4108 2332 4169 las
2360 4108 2486 4187 loys
2512 4110 2669 4172 desto
2696 4109 2871 4184 libro,
2899 4126 2928 4170 e
2947 4126 3066 4169 non
3086 4126 3202 4186 por
3221 4114 3405 4182 otras,
3430 4109 3654 4186 quibus

2090 4198 2242 4260 locis
2269 4200 2334 4260 id
2365 4206 2540 4260 notat
2574 4200 2827 4279 Gregor.
2860 4202 3006 4280 Lop.
3040 4206 3102 4261 et
3131 4201 3318 4262 refert
3344 4202 3650 4262 Palacium

2092 4290 2250 4351 Rub.
2290 4291 2598 4353 dicentem
2630 4294 2932 4372 Hispanos
2959 4293 3108 4353 olim
3138 4294 3539 4370 constituisse,
3581 4300 3652 4354 ut

2089 4383 2198 4462 qui
2228 4383 2396 4462 leges
2438 4384 2881 4464 imperatorum
2927 4385 3221 4464 allegaret
3248 4387 3449 4466 capite
3488 4387 3655 4465 plec-

2089 4482 2343 4538 teretur.
2370 4476 2543 4549 Quod
2566 4478 2756 4539 etiam
2785 4477 3030 4538 Oldrad.
3059 4477 3270 4538 consil.
3298 4480 3399 4554 69,
3425 4479 3648 4540 Joann.

2089 4568 2283 4629 Andr.
2311 4575 2375 4631 et
2405 4570 2512 4634 alii
2536 4570 2834 4646 referunt,
2859 4570 3043 4649 Gigas
3065 4589 3273 4649 supra,
3300 4577 3362 4632 et
3391 4573 3651 4649 VargaS,

2091 4667 2153 4722 et
2200 4662 2434 4724 Salced.
2484 4663 2649 4724 infra
2689 4663 2941 4724 citandi.
2986 4666 3139 4725 Item
3179 4664 3246 4724 in
3290 4665 3335 4725 l.
3381 4669 3411 4725 1
3464 4665 3652 4726 Tauri

2088 4755 2352 4816 refertur
2389 4757 2647 4836 antiqua
2680 4756 2782 4816 lex
2825 4756 2989 4836 regis
3028 4756 3349 4835 Alpbonsi,
3381 4776 3520 4838 quae
3560 4759 3649 4818 ibi

1913 4869 2009 4911 so-
2090 4848 2493 4910 confirmatur
2531 4855 2594 4910 et
2631 4855 2988 4926 renovatur,
3031 4851 3099 4909 in
3142 4868 3265 4929 qua
3307 4850 3652 4911 declaratur

2088 4959 2212 5020 quo
2253 4942 2470 5003 ordine
2513 4948 2575 5003 et
2605 4943 2791 5003 modo
2812 4941 3220 5020 judicandum
3257 4943 3337 5003 sit
3363 4961 3475 5023 per
3510 4961 3652 5023 pro·

2088 5034 2253 5114 prias
2283 5034 2449 5114 leges
2490 5035 2820 5114 Hispanias,
2854 5034 3146 5113 nullaque
3189 5035 3347 5096 ratio
3387 5037 3652 5097 habetur

2084 5127 2243 5207 juris
2274 5127 2469 5188 civilis
2494 5127 2561 5187 in
2608 5127 2849 5187 ratione
2893 5125 3047 5206 legis
3090 5145 3161 5188 ac
3181 5128 3363 5206 juris.
3389 5127 3656 5188 Additur

2088 5238 2236 5281 vero
2272 5221 2504 5281 ibidem
2548 5221 2824 5299 permitti
2879 5220 3287 5282 nihilominus
3329 5221 3397 5281 in
3437 5222 3656 5300 Hispa-

2089 5313 2196 5373 nia
2241 5313 2407 5391 leges
2442 5314 2652 5375 civiles
2688 5315 2756 5374 in
2796 5312 3055 5393 publicis
3090 5314 3437 5375 Academiis
3478 5314 3653 5376 doce-

2086 5409 2167 5483 ri,
2198 5411 2260 5467 et
2298 5407 2691 5487 interpretari
2724 5411 2974 5486 propter
2996 5424 3214 5467 earum
3236 5406 3648 5467 eruditionem

2086 5505 2149 5562 et
2175 5500 2563 5580 sapientiam,
2598 5516 2727 5561 non
2754 5499 2901 5579 quia
2935 5517 3050 5580 per
3072 5498 3211 5561 illas
3240 5498 3647 5579 judicandum
