3976 6219
547 328 629 387 46

546 431 883 506 effectibus
927 430 1100 492 verbi
1145 433 1367 511 gratia,
1412 434 1559 512 quia
1600 440 1897 494 statutum
1952 434 2106 509 ligat

547 543 674 583 non
693 523 965 583 subditos
983 525 1049 583 in
1075 526 1383 584 territorio
1404 527 1754 601 existenteS,
1786 531 1893 585 aut
1912 524 2105 584 deliu-

546 622 801 694 quentes
828 637 842 674 :
877 635 1003 676 non
1031 623 1238 676 autem
1260 624 1655 696 praeceptum,
1673 619 1852 694 juxta
1868 618 2103 676 dictum

545 726 675 784 cap.
708 707 765 767 A
790 708 979 782 uobis,
1017 711 1045 767 1
1086 710 1160 768 de
1201 710 1478 769 Sentent.
1532 710 2012 783 excommunic„
2045 713 2106 767 et

544 799 846 858 similibus
874 815 890 857 t
927 805 1135 880 tamen
1176 800 1308 860 haec
1337 801 1655 860 diversitas
1687 801 1754 859 in
1783 799 2105 860 effectibus

543 891 833 969 supponit
869 890 1328 952 distinctionem
1384 911 1708 952 causarum
1749 893 1818 951 in
1860 910 1922 951 se
1948 897 2010 950 et
2039 892 2106 950 in

544 1000 655 1042 suo
684 1000 812 1042 esse
839 1004 853 1042 :
893 982 1065 1043 nulla
1092 989 1300 1045 autem
1332 984 1455 1045 alia
1500 984 1836 1063 excogitari
1880 988 2104 1063 potest,

542 1074 660 1134 nisi
682 1074 751 1134 in
779 1076 1208 1153 perpetuitate.

621 1168 680 1225 7.
733 1167 1040 1228 Posterior
1075 1169 1369 1230 sententia
1372 1168 1517 1247 juri
1542 1173 1627 1231 est
1650 1170 1851 1248 maqis
1871 1170 2108 1245 coufor-

540 1258 681 1318 mis.
703 1290 787 1303 —-
812 1259 904 1319 De
932 1259 1167 1336 triplici
1183 1261 1580 1337 perpetuitate
1599 1278 1730 1339 quoe
1758 1262 1825 1320 iu
1847 1261 1969 1338 leqe
1997 1259 2110 1319 Iiu-

541 1368 723 1411 maua
757 1352 1305 1428 reperitur.—Haec
1337 1353 1642 1412 sententia
1677 1352 1976 1430 posterior
2002 1351 2110 1411 ab·

544 1442 739 1501 solute
779 1442 1086 1520 loquendo
1115 1449 1205 1503 est
1239 1444 1369 1520 juri
1409 1443 1818 1520 conformior3
1850 1444 1997 1521 quia
2018 1448 2109 1502 ta-

542 1552 688 1594 men
729 1539 929 1612 potest
961 1551 1087 1594 esse
1117 1534 1411 1594 dissensio
1440 1535 1517 1595 de
1563 1534 1748 1594 modo
1784 1535 2104 1613 loquendi,

542 1626 681 1686 ideo
718 1644 816 1686 res
851 1626 1050 1704 magis
1082 1627 1446 1704 explicanda
1493 1633 1604 1701 est,
1654 1633 1716 1687 et
1743 1627 1889 1687 inde
1927 1627 2108 1687 facile

542 1718 845 1778 constabit
863 1737 943 1778 an
976 1719 1145 1793 prior
1173 1720 1477 1779 sententia
1504 1720 1695 1798 possit
1713 1720 1983 1797 aliquem
2004 1737 2111 1779 ve-

538 1828 683 1869 rum
727 1828 973 1869 sensum
1016 1810 1264 1870 habere.
1298 1812 1441 1871 Dico
1477 1829 1623 1889 ergo
1646 1811 1849 1889 legem
1879 1812 2109 1872 huma-

543 1920 689 1962 nam
714 1902 957 1980 proprie
980 1902 1207 1961 dictam
1228 1903 1532 1980 triplicem
1557 1904 1784 1963 habere
1808 1904 2109 1963 moralem

541 1994 1036 2071 perpetuitatem,
1068 2010 1176 2053 seu
1212 1994 1630 2055 stabilitatem.
1670 1995 1877 2054 Prima
1912 2000 2006 2054 est
2032 2012 2108 2054 ex

543 2096 715 2163 parte
741 2085 1014 2158 ferentiS,
1046 2085 1193 2161 quia
1222 2102 1347 2144 non
1370 2091 1717 2159 amovetur,
1745 2086 1851 2145 illo
1871 2092 2103 2162 amot0,

540 2194 654 2236 nec
676 2177 936 2236 moritur
961 2176 1066 2235 illo
1093 2182 1359 2237 mortuo.
1400 2179 1679 2239 Secunda
1705 2184 1798 2239 est
1828 2197 1903 2239 ex
1932 2184 2109 2257 parte

540 2267 928 2327 subditorum
953 2267 1033 2327 ad
1056 2286 1207 2346 quos
1247 2268 1465 2345 fertur,
1503 2272 1651 2349 quia
1691 2289 1818 2330 non
1856 2276 2106 2330 tantum

540 2359 773 2436 obligat
796 2364 1145 2437 praesenteS,
1180 2361 1288 2438 qui
1310 2362 1408 2421 vel
1437 2363 1568 2421 nati
1599 2368 1766 2436 sunt,
1800 2362 1900 2423 vel
1926 2362 2106 2422 terri-

539 2451 770 2511 torium
800 2450 1082 2510 incolunt
1104 2470 1245 2511 cum
1275 2453 1375 2512 lex
1406 2454 1621 2529 fertur,
1654 2455 1760 2515 sed
1790 2455 1976 2514 etiam
2003 2472 2106 2516 eo-

539 2561 680 2602 rum
721 2560 1094 2603 successores
1135 2551 1346 2622 postea
1395 2554 1594 2619 natoS,
1638 2546 1739 2606 vel
1779 2545 1984 2606 denuo
2018 2546 2106 2606 ibi

538 2634 910 2695 habitantes.
951 2637 1160 2696 Tertia
1201 2655 1278 2697 ex
1322 2643 1497 2716 parte
1522 2638 1716 2716 ipsius
1745 2638 1922 2715 legis,
1956 2640 2105 2718 quia

540 2727 731 2787 semel
746 2727 873 2787 lata
895 2746 1137 2806 semper
1159 2729 1364 2804 durat,
1402 2730 1598 2790 donec
1624 2731 1724 2791 vel
1752 2737 2100 2808 revocetur,

540 2818 641 2878 vel
672 2820 931 2880 materia
957 2821 1090 2898 ejus
1113 2825 1222 2880 aut
1249 2839 1432 2882 causa
1449 2822 1537 2882 ita
1564 2828 1838 2883 mutetur
1864 2824 2106 2902 utjusta

541 2929 671 2972 esse
703 2912 963 2973 desinat.

619 3004 679 3064 8.
730 3005 951 3066 Prima
1000 3006 1371 3084 perpetuitas
1416 3008 1713 3085 requisita
1757 3007 1825 3069 iu
1866 3008 1988 3087 leye
2031 3026 2104 3071 ιω

534 3101 712 3175 parte
732 3097 988 3173 ferentis
1018 3098 1215 3159 illam.
1233 3130 1315 3143 —-
1333 3098 1540 3159 Prima
1565 3100 1942 3179 perpetuitas
1969 3120 2104 3162 ma-

538 3188 761 3248 nifeste
798 3188 1098 3267 probatur
1127 3208 1205 3249 ex
1246 3191 1410 3251 dicto
1463 3209 1596 3269 cap.
1640 3193 1752 3253 ult.
1807 3193 1883 3253 de
1928 3194 2100 3255 Offic.

536 3278 751 3357 legati.
784 3280 1201 3341 confirmatur
1226 3281 1473 3357 deinde,
1508 3285 1655 3361 quia
1683 3301 1811 3345 non
1857 3286 2104 3348 videtur

537 3369 798 3429 dubium
833 3372 985 3449 quin
1011 3371 1327 3450 legislator
1360 3375 1554 3452 possit
1585 3374 1702 3435 hoc
1729 3376 1913 3436 modo
1950 3376 2103 3437 obli·

537 3479 687 3539 gare
715 3480 826 3540 per
851 3480 991 3522 suas
1029 3462 1217 3540 legeS.
1261 3465 1494 3541 Primo,
1540 3467 1686 3545 quia
1728 3467 1847 3528 hoc
1879 3468 1957 3528 ad
1987 3469 2105 3528 mi-

536 3554 781 3613 nimum
806 3555 1067 3632 probant
1083 3556 1226 3633 jura
1246 3558 1453 3618 citata.
1480 3560 1780 3635 Secundo,
1811 3561 1957 3639 quia
1968 3560 2102 3622 haec

538 3650 629 3705 est
644 3647 1022 3706 consuetudo
1040 3648 1320 3708 omnium
1344 3648 1557 3726 legum
1571 3651 2010 3727 humanarum,
2031 3661 2101 3712 ut

536 3742 793 3797 constat.
826 3738 1054 3813 Tei-tiu,
1090 3739 1236 3816 quia
1277 3738 1409 3800 haec
1441 3741 1659 3803 saltem
1695 3744 2101 3804 immutabili-

534 3833 631 3887 tas
653 3834 745 3888 est
766 3830 1107 3889 necessaria
1134 3829 1214 3890 ad
1241 3831 1431 3892 finem
1454 3832 1672 3894 talium
1692 3835 1925 3913 legum3
1949 3837 2099 3896 alias

534 3921 807 3999 quotidie
840 3920 1016 3982 fieret
1068 3940 1299 4000 magna
1351 3925 1614 3985 mutatio
1658 3926 1867 4005 legum
1898 3929 1964 3987 in
2004 3947 2101 3989 re-

536 4011 783 4090 publica
811 4031 954 4073 cum
982 4030 1211 4092 magno
1248 4015 1622 4078 detrimento
1649 4019 1803 4097 ejus.
1843 4021 2095 4096 Quart0,

534 4102 681 4181 quia
705 4104 773 4164 in
791 4104 1030 4182 legibus
1056 4104 1341 4165 civilibus
1370 4114 1635 4185 potestas
1656 4110 1896 4172 ferendi
1929 4111 2098 4190 leges

535 4200 628 4254 est
652 4194 720 4254 in
754 4195 1070 4274 republica
1091 4214 1201 4274 per
1221 4216 1286 4258 se
1308 4199 1545 4277 primo:
1584 4203 1770 4278 unde,
1799 4204 1957 4264 sicut
1975 4222 2099 4264 res-

534 4285 782 4364 publica
808 4305 934 4347 non
960 4289 1248 4363 moritur,
1279 4290 1367 4350 ita
1384 4296 1583 4368 potest
1596 4293 1757 4354 ferre
1771 4294 1938 4373 leges
1958 4314 2098 4374 quae

534 4376 766 4437 nullius
793 4384 990 4438 morte
1026 4381 1505 4457 extinguantur:
1550 4401 1698 4460 ergo
1730 4403 1872 4445 cum
1899 4391 2098 4445 trans-

534 4469 677 4529 tulit
704 4470 771 4529 in
791 4470 1131 4549 principem
1154 4489 1332 4530 suam
1357 4478 1747 4550 potestatem,
1775 4478 1963 4537 etiam
1993 4477 2097 4538 de-

534 4561 626 4621 dit
662 4561 753 4621 illi
792 4561 1146 4622 facultatem
1177 4563 1255 4622 ad
1286 4563 1569 4625 ferendas
1608 4566 1774 4645 leges
1805 4588 1942 4647 quse
1987 4589 2098 4631 sua

534 4660 734 4712 morte
784 4671 911 4712 non
968 4654 1501 4731 extinguerentur.
1551 4658 1724 4718 Unde
1779 4678 1816 4720 a
1859 4661 2099 4723 fortiori

533 4744 829 4823 probatur
869 4745 1033 4805 idem
1062 4746 1138 4806 de
1182 4745 1422 4823 legibus
1454 4750 1785 4826 canonici3‚
1816 4755 1962 4831 quia
1990 4772 2098 4834 po-

531 4841 718 4897 testas
757 4854 795 4896 a
822 4855 946 4916 qua
980 4837 1323 4915 procedunt
1358 4845 1449 4899 est
1480 4860 1517 4900 a
1544 4841 1806 4919 Christ0,
1832 4846 1940 4924 qui
1968 4864 2095 4906 non

533 4927 820 5003 moritur,
851 4933 913 4988 et
941 4928 1139 4988 voluit
1165 4929 1254 4988 ita
1273 4930 1509 4990 obediri
1535 4932 1775 5011 legibus
1800 4937 1899 4995 sui
1916 4938 2095 4999 Vica-

532 5017 634 5092 rii,
663 5019 817 5078 sicut
842 5020 990 5095 suis,
1033 5024 1096 5080 et
1140 5027 1423 5082 censetur
1465 5022 1700 5084 dedisse
1730 5034 2093 5103 potestatem

532 5110 1057 5171 accommodatam
1089 5112 1381 5173 humanae
1424 5118 1889 5194 congregationi
1931 5122 2093 5198 ejus-

532 5216 653 5277 que
690 5203 1081 5261 convenienti
1121 5205 1414 5281 regimini
1446 5227 1459 5265 :
1512 5208 1588 5267 de
1616 5215 1914 5287 potestate
1942 5230 2092 5291 ergo

531 5290 800 5350 dubitari
851 5311 976 5352 non
1039 5301 1257 5372 potest.
1308 5298 1470 5376 Ergo
1518 5302 1757 5377 quoties
1812 5306 2094 5383 princeps

531 5382 893 5462 simpliciter
931 5386 1210 5466 praecipit
1255 5391 1582 5452 statuendo
1602 5438 1625 5469 ,
1672 5401 1957 5457 censetur
2005 5397 2095 5458 ita

1535 334 1651 387 Lm.
1690 335 1727 386 1.
1767 334 1847 385 DE
1878 331 2132 385 NATURA
2162 332 2339 385 LEGIS
2372 332 2435 384 m
2466 330 2761 384 comtum.

2185 433 2512 511 praecipere
2533 477 2552 507 ,
2609 432 2754 509 quia
2815 426 3141 489 statuendo
3165 428 3366 505 legem
3401 435 3464 490 et
3510 429 3742 491 nullam
3814 461 3818 466 ·

2184 525 2619 584 limitationem
2671 522 3045 595 adhibendO,
3097 523 3374 599 praecipit
3424 521 3739 597 stabiliter,

2186 622 2493 694 quantum
2513 620 2737 695 potest,
2781 622 2842 674 et
2871 619 3175 692 quantum
3204 614 3346 673 finis
3364 613 3519 691 legis
3543 620 3746 692 postu·

2186 708 2316 768 lare
2346 709 2612 767 videtur.

2264 803 2324 861 9.
2376 800 2789 876 Confirmatur
2808 787 3092 859 resolutio
3120 816 3191 859 ea>
3215 798 3567 876 differentia
3592 798 3747 859 iuter

2175 899 2544 972 proeoeptum
2566 910 2792 971 purum
2815 897 2870 953 et
2896 897 3211 966 statutum,
3236 909 3339 952 seu
3368 892 3746 952 constitutio-

2186 1004 2342 1048 nem.
2372 985 2828 1045 -Declaratnr
2853 985 2970 1044 hoc
2999 984 3266 1062 amplius
3312 1001 3390 1043 ex
3436 983 3748 1042 communi

2186 1079 2490 1139 sententia
2508 1079 2852 1151 doctorum,
2872 1077 2978 1154 qui
2991 1076 3154 1136 banc
3174 1076 3584 1135 differentiam
3607 1094 3748 1135 con-

2187 1172 2450 1232 stituunt
2478 1170 2642 1230 inter
2664 1175 3034 1248 praeceptum
3054 1168 3133 1228 ab
3154 1168 3407 1227 homine
3426 1167 3619 1227 latum
3649 1186 3748 1227 so-

2189 1262 2325 1324 lum
2353 1281 2463 1342 per
2490 1262 2746 1323 modum
2768 1262 3104 1341 personalis
3132 1260 3441 1340 praecepti,
3472 1267 3532 1320 et
3553 1261 3748 1321 latum

2191 1374 2300 1434 per
2339 1357 2598 1415 modum
2628 1354 3102 1428 constitutioniS,
3149 1353 3311 1432 quod
3338 1371 3567 1433 purum
3596 1370 3747 1431 prae-

2190 1453 2439 1525 ceptum
2473 1446 2711 1525 expirat
2732 1464 2844 1524 per
2871 1452 3134 1506 mortem
3163 1445 3595 1523 proecipientis;
3622 1461 3748 1503 non

2189 1558 2337 1600 vero
2360 1539 2485 1614 lex,
2519 1556 2628 1599 seu
2659 1543 2983 1597 statutum.
3017 1539 3107 1598 lta
3146 1542 3367 1597 notant
3403 1536 3749 1596 Antoninus

2189 1638 2252 1691 et
2305 1631 2462 1692 Abb.
2518 1632 2584 1690 in
2630 1649 2763 1709 cap.
2818 1630 3286 1708 Irrefrayabili‚
3328 1629 3364 1708 ξ
3415 1628 3745 1704 Caeterum,

2190 1723 2266 1782 de
2295 1723 2466 1787 Offic.
2494 1722 2652 1796 ord„
2678 1721 2787 1781 ubi
2810 1723 3041 1800 optime
3062 1726 3282 1780 notant
3299 1720 3748 1797 delegationem

2189 1812 2268 1873 ab
2301 1814 2554 1874 homine
2591 1814 2894 1892 expirare,
2944 1832 3011 1873 re
3049 1814 3316 1891 integra,
3349 1831 3459 1891 per
3485 1819 3748 1872 mortem

2189 1905 2570 1983 delegantis:
2602 1923 2729 1964 non
2768 1912 2979 1966 autem
3025 1904 3476 1982 delegationem
3516 1921 3554 1963 a
3579 1904 3744 1981 jure,

2189 2016 2297 2058 seu
2338 2016 2450 2076 per
2493 1997 2720 2075 legem,
2766 1998 2912 2076 quia
2961 1997 3064 2058 lex
3103 2015 3230 2057 non
3265 1997 3548 2057 moritur.
3582 1997 3747 2056 Idem

2187 2089 2310 2149 late
2332 2090 2551 2168 probat
2580 2091 2909 2150 Restaurus
2938 2089 3275 2163 Castaldu8‚
3308 2094 3484 2149 tract.
3526 2088 3601 2148 de
3630 2089 3749 2148 Im-

2187 2188 2425 2261 perat0,
2481 2201 2543 2260 q.
2596 2185 2698 2257 93,
2748 2182 3100 2256 ostendenS,
3158 2187 3397 2242 mutato
3443 2199 3610 2259 rege,
3649 2180 3749 2240 vel

2189 2274 2584 2353 imperatore,
2617 2292 2744 2333 non
2771 2275 2999 2333 mutari
3032 2274 3196 2351 leges
3222 2275 3354 2352 ejus
3384 2292 3493 2352 per
3527 2291 3613 2347 se,
3640 2291 3748 2333 seu

2185 2366 2320 2445 ipso
2346 2365 2529 2441 facto,
2563 2366 2710 2444 quia
2732 2372 3042 2445 perpetuae
3086 2372 3252 2426 sunt.
3297 2366 3463 2426 Idem
3506 2365 3748 2444 Sylves-

2185 2463 2303 2533 ter,
2333 2459 2400 2518 in
2427 2458 2616 2518 verbo
2644 2460 3029 2532 Mandatum,
3060 2477 3122 2537 q.
3155 2459 3216 2531 3,
3257 2458 3365 2517 ubi
3393 2458 3482 2517 ait
3509 2478 3523 2516 :
3565 2457 3749 2518 Talia

2181 2556 2480 2630 proeeepta
2496 2552 2777 2628 expirant
2795 2556 2981 2611 morte
2993 2552 3431 2629 praecipientis,
3449 2551 3573 2610 uisi
3590 2550 3749 2625 fiant

2176 2660 2289 2720 per
2316 2644 2551 2703 modum
2581 2643 3049 2716 constitutionis,
3081 2648 3150 2703 ut
3183 2644 3528 2704 cousuetudo
3557 2642 3747 2701 iuter-

2175 2739 2460 2811 pretatur
2483 2760 2506 2793 .·
2535 2735 2744 2811 itaque
2773 2735 2972 2795 solum
3008 2736 3074 2794 in
3103 2734 3549 2795 consuetudine
3574 2732 3748 2793 diffe-

2182 2827 2450 2887 rentiam
2468 2827 2709 2886 fundat.
2733 2827 2901 2886 Idem
2928 2828 2997 2886 in
3017 2827 3208 2887 verbo
3231 2827 3579 2905 Deleyatus,
3602 2844 3662 2903 q.
3681 2827 3744 2899 6,

2184 2919 2293 2979 ubi
2313 2918 2547 2997 colligit
2568 2920 2777 2979 omnia
2798 2925 3105 2998 praecepta
3132 2919 3258 2980 lata
3288 2937 3325 2979 a
3354 2918 3624 2979 Praelatis
3652 2918 3747 2977 in-

2183 3010 2534 3086 ferioribus,
2569 3012 2677 3090 qui
2719 3030 2847 3072 non
2875 3016 3131 3090 possunt
3161 3012 3625 3071 constitutiones
3657 3010 3748 3069 fa-

2186 3123 2344 3179 cere,
2397 3104 2676 3183 expirare
2730 3109 2927 3165 morte
2979 3103 3252 3179 illorum,
3304 3103 3748 3183 disputationes

2185 3203 2396 3258 autem
2444 3215 2660 3257 omnes
2706 3215 2846 3276 quae
2885 3215 2996 3276 per
3039 3198 3242 3275 legem
3297 3196 3398 3256 vel
3448 3202 3747 3256 statutum

2184 3287 2345 3348 fiunt
2370 3307 2758 3367 perseverare
2777 3294 2916 3368 post
2935 3296 3198 3350 mortem
3215 3290 3557 3349 statuentis.
3576 3288 3746 3348 Idem

2182 3379 2370 3440 habet
2396 3381 2775 3455 MenochiuS‚
2818 3381 2930 3440 lib.
2968 3384 2996 3440 1
3039 3381 3114 3441 de
3143 3380 3440 3441 Arbitrer.
3478 3425 3497 3455 ,
3532 3399 3592 3459 q.
3638 3382 3741 3455 69,

2184 3472 2465 3533 Corduba
2485 3474 2551 3532 in
2575 3473 2772 3550 regul.
2804 3472 3001 3533 sancti
3023 3472 3354 3546 Francisci,
3377 3491 3428 3532 c.
3465 3474 3560 3543 10,
3593 3489 3652 3549 q.
3679 3474 3741 3547 3,

2182 3569 2410 3642 puncto
2463 3568 2521 3639 1,
2563 3564 2770 3643 partit.
2820 3566 2879 3638 3,
2936 3581 3088 3643 quos
3137 3564 3326 3624 refert
3357 3570 3420 3623 et
3468 3564 3747 3642 sequitur

2181 3657 2412 3731 Sanci.,
2436 3657 2545 3718 lib.
2598 3657 2638 3717 8
2665 3657 2742 3717 de
2770 3657 3039 3718 Matrim.
3066 3700 3087 3730 ,
3113 3655 3273 3734 disp.
3299 3657 3403 3731 28,
3429 3661 3639 3734 quaest.
3676 3656 3740 3731 2,

2181 3766 2246 3806 n.
2277 3750 2377 3809 47.

2264 3842 2362 3900 10.
2419 3838 2781 3917 Aliquorum
2839 3839 3129 3900 limitatio
3199 3840 3280 3900 ad
3330 3840 3744 3919 differentiam

2179 3931 2340 3991 int‘er
2365 3947 2589 4008 purum
2607 3936 2974 4010 proeoeptum
3007 3936 3060 3991 et
3083 3936 3399 3992 statutum.
3445 3965 3523 3974 —
3561 3931 3745 3991 Eam-

2179 4023 2320 4082 dem
2367 4023 2779 4084 differentiam
2819 4023 3009 4083 tradit
3040 4024 3335 4101 vasquez,
3379 4026 3439 4083 1.
3478 4024 3542 4096 2,
3576 4023 3739 4102 disp.

2181 4117 2321 4189 151,
2353 4133 2487 4193 cap.
2517 4117 2578 4190 3,
2609 4134 2674 4174 n.
2702 4117 2780 4175 16
2797 4136 2814 4190 ;
2849 4115 3090 4192 videtur
3116 4120 3328 4175 tamen
3355 4115 3526 4175 illam
3549 4117 3742 4176 inter-

2177 4208 2407 4287 pretari
2437 4213 2680 4268 tantum
2705 4208 2779 4267 de
2806 4208 3118 4286 praeceptis
3138 4207 3572 4285 singularibuS,
3600 4225 3742 4286 quae

2176 4299 2652 4378 particularibus
2681 4299 2959 4378 personis
2983 4300 3409 4377 imponuntur.
3442 4300 3616 4360 Unde
3640 4318 3742 4360 ra-

2175 4391 2409 4451 tionem
2494 4391 2802 4469 praedictae
2890 4389 3253 4451 differentiae
3346 4408 3423 4450 ex
3508 4397 3742 4453 natura

2175 4482 2367 4561 ipsius
2393 4482 2678 4561 praecepti
2706 4488 2768 4542 et
2798 4482 2952 4559 legis
2978 4482 3228 4559 colligit.
3263 4483 3416 4542 Nam
3444 4483 3565 4557 lex,
3592 4501 3741 4543 cum

2175 4572 2408 4633 feratur
2451 4574 2883 4633 communitati
2928 4579 2990 4633 et
3037 4592 3148 4652 pro
3187 4573 3348 4634 hono
3394 4576 3736 4648 communi,

2177 4667 2431 4726 nomine
2460 4666 2651 4744 ipsius
2672 4665 3025 4744 reipublicae
3058 4664 3206 4724 ferri
3230 4666 3472 4725 videtur
3498 4684 3536 4725 a
3563 4667 3742 4745 prin-

2177 4758 2345 4836 cipe,
2378 4763 2440 4818 et
2473 4758 2611 4820 ideo
2645 4776 2785 4818 cum
2823 4775 3064 4835 semper
3090 4762 3340 4816 maneat
3366 4758 3736 4836 respublica,

2175 4867 2417 4928 semper
2447 4849 2654 4923 durat,
2692 4849 2935 4909 etiamsi
2974 4849 3256 4926 princeps
3293 4850 3614 4910 moriatur.
3653 4852 3740 4910 At

2173 4959 2320 5001 vero
2354 4948 2729 5020 praeceptum
2762 4940 3072 5018 singulare
3101 4941 3349 5018 (inquit)
3389 4942 3577 5002 alicui
3617 4944 3739 5003 im-

2173 5036 2423 5112 ponitur
2451 5053 2488 5094 a
2515 5033 2815 5114 principe,
2847 5033 2943 5093 vel
2966 5033 3299 5111 superiore,
3326 5040 3395 5093 ut
3418 5052 3629 5094 curam
3658 5036 3739 5096 il·

2173 5125 2294 5185 lius
2314 5126 2473 5203 gerit
2496 5147 2513 5200 ;
2560 5143 2707 5185 nam
2738 5124 2984 5203 respicit
3011 5124 3244 5184 bonum
3278 5126 3587 5203 singulare
3616 5128 3738 5188 hu-

2166 5217 2270 5294 jus
2291 5217 2388 5277 vel
2417 5217 2584 5277 illius
2612 5218 2792 5292 civiS,
2826 5222 2887 5277 et
2909 5216 3046 5276 ideo
3075 5217 3269 5276 fertur
3295 5216 3527 5295 abipso
3561 5220 3737 5297 prin-

2174 5311 2326 5388 cipe,
2371 5328 2497 5369 non
2528 5316 2656 5369 tam
2686 5310 2939 5371 nomine
2974 5309 3328 5387 reipublicae
3367 5329 3556 5388 quam
3593 5330 3733 5388 suo,

2173 5407 2476 5480 quatenus
2510 5402 2590 5462 ad
2625 5401 2830 5482 ipsum
2868 5401 3137 5481 pertinet
3163 5419 3308 5461 cura
3340 5401 3737 5480 singulorum
