3976 6219
489 354 607 413 136

487 460 601 520 las.
634 459 804 521 Idem
830 459 904 520 de
932 459 1228 522 Pontifice
1262 462 1439 525 docet
1461 466 1742 541 Saucius,
1766 466 1873 527 lib.
1905 467 1943 526 8
1977 466 2053 527 de

489 554 787 629 Matrim.,
814 554 1041 631 disput.
1072 555 1134 629 6,
1163 562 1224 615 et
1247 557 1435 618 refert
1463 560 1670 637 plures
1687 560 1963 637 juristas,
1993 566 2055 620 et

441 680 448 683 ·
492 666 567 708 ex
591 646 893 723 theologis
922 649 1159 708 Canum
1184 649 1249 707 in
1279 650 1486 710 relect.
1521 651 1596 712 de
1626 652 1874 728 Poenit„
1902 672 1962 731 p.
1992 655 2048 713 5.

495 741 612 801 Sed
645 740 810 799 illius
833 742 1202 801 sententiam
1232 743 1296 801 in
1333 743 1449 803 1150
1471 749 1644 822 parte
1681 744 2055 805 sufficienter

491 832 830 893 refellimus
871 833 937 893 in
968 834 1008 895 l.
1045 835 1084 893 6
1127 835 1202 894 de
1231 837 1412 909 Vot0,
1444 855 1496 896 c.
1526 840 1587 897 9.
1627 837 1831 896 Potest
1867 838 2052 897 etiam

493 944 604 1004 pro
642 925 758 985 1150
788 927 1092 986 sententia
1121 928 1342 987 referri
1371 929 1736 1006 Henriquez,
1769 928 1877 988 lib.
1911 930 1949 989 8
1979 930 2055 990 de

492 1017 787 1091 Euchar.,
814 1037 946 1097 cap.
978 1021 1076 1079 13.
1103 1020 1221 1080 Sed
1244 1020 1311 1078 in
1334 1020 1430 1079 his
1458 1022 1809 1081 auctoribus
1831 1029 1890 1082 et
1920 1023 2058 1083 aliis

496 1110 605 1188 qui
634 1110 708 1169 de
744 1110 858 1170 1100
896 1117 1120 1190 puncto
1148 1116 1439 1188 tractant,
1476 1114 1796 1176 advertere
1827 1122 2068 1194 oportet

495 1201 811 1262 interdum
850 1204 1022 1283 loqui
1068 1206 1413 1283 generatim
1459 1206 1535 1265 de
1572 1207 1713 1283 jure
1751 1209 1960 1288 divino
2007 1215 2068 1270 et

497 1294 573 1353 de
618 1300 917 1372 potestate
964 1299 1142 1376 Papae
1184 1298 1262 1357 ad
1303 1299 1786 1377 dispensandum
1826 1302 1893 1361 in
1932 1301 2064 1377 1110,

498 1387 946 1449 confundentes
995 1390 1109 1449 sub
1158 1390 1368 1450 divino
1412 1392 1555 1468 jure
1602 1398 1732 1452 tam
1781 1395 2063 1456 naturale

500 1498 689 1558 quam
731 1483 1060 1560 positivum
1094 1483 1400 1543 divinum.
1436 1484 1552 1545 Nos
1594 1505 1741 1547 vero
1780 1488 2064 1548 distincte

502 1579 563 1634 et
592 1575 872 1653 specifice
912 1575 1249 1655 loquimur,
1284 1583 1346 1637 et
1378 1595 1546 1638 nunc
1587 1568 1789 1640 50111111
1826 1581 2067 1658 agimus

503 1667 578 1726 de
619 1668 761 1745 jure
808 1669 1075 1729 naturali
1114 1670 1180 1729 in
1223 1670 1438 1730 ordine
1489 1672 1567 1729 acl
1614 1691 2068 1751 quamcumque

502 1768 865 1840 potestatem
906 1764 1245 1824 humanam
1287 1769 1350 1823 et
1390 1764 1696 1825 actionem
1745 1767 1898 1843 ejuS,
1940 1767 2069 1826 sive

505 1854 585 1913 sit
619 1854 1014 1933 dispensatiO,
1045 1858 1172 1918 sive
1211 1863 1604 1936 praeceptum,
1638 1863 1745 1917 aut
1779 1859 1938 1935 juris
1975 1859 2070 1917 in-

506 1947 767 2022 stitutio,
799 1949 926 2009 sive
960 1969 1071 2029 per
1108 1949 1334 2027 legem,
1366 1950 1494 2009 sive
1527 1969 1638 2028 per
1678 1950 2070 2010 consuetudi-

508 2058 678 2114 nem,
722 2041 820 2101 vel
861 2043 1320 2121 particularem,
1351 2042 1450 2103 vel
1493 2044 1681 2102 totius
1716 2043 1901 2118 orbis,
1933 2062 2072 2121 quae

509 2132 663 2193 solet
688 2133 809 2193 dici
825 2136 930 2212 jus
959 2138 1263 2214 gentium,
1289 2142 1360 2196 ut
1391 2136 1554 2196 infra
1582 2136 1803 2196 dicam.
1832 2137 1916 2196 De
1936 2137 2074 2213 jure

509 2234 718 2288 autem
760 2227 971 2288 divino
1016 2231 1276 2308 positivo
1325 2230 1488 2290 infra
1532 2229 1600 2289 in
1647 2229 1870 2289 ultimo
1916 2229 2076 2290 libro

509 2320 696 2399 hujus
724 2328 1019 2383 tractatus
1050 2324 1344 2385 dicemus.

592 2417 651 2476 2.
699 2416 840 2475 Haec
874 2417 1067 2495 igitur
1091 2417 1394 2478 sententia
1422 2417 1622 2496 primo
1653 2416 1944 2476 suadetur
1973 2434 2077 2476 va-

512 2507 622 2568 riis
648 2511 965 2588 exemplis,
1009 2511 1286 2570 Primum
1329 2516 1391 2570 et
1423 2509 1678 2587 vulgare
1703 2515 1792 2568 est
1814 2509 1889 2568 de
1923 2508 2079 2567 divi-

515 2603 686 2663 sione
725 2604 1166 2676 dominiorum,
1217 2605 1364 2682 quia
1395 2603 1536 2680 jure
1582 2608 1820 2661 naturae
1866 2601 2080 2661 omnia

518 2703 696 2758 erant
728 2699 1107 2772 communia,
1139 2703 1200 2758 et
1242 2696 1650 2756 nihilominus
1682 2712 1890 2754 rerum
1918 2694 2076 2753 divi-

518 2792 609 2852 sio
628 2792 706 2852 ab
721 2792 1076 2852 hominibus
1091 2792 1444 2851 introducta
1457 2796 1569 2865 est,
1589 2791 1654 2849 in
1676 2808 1808 2867 cap.
1825 2791 1877 2851 J
1879 2809 1952 2850 us
1972 2809 2081 2850 na-

520 2886 739 2961 turale,
781 2885 922 2944 dist.
969 2888 1029 2960 1,
1075 2903 1208 2963 cap.
1253 2885 1377 2957 Quo
1392 2884 1562 2962 jure,
1590 2882 1726 2942 dist.
1756 2883 1816 2942 8.
1854 2883 1983 2941 Imo
2012 2883 2080 2942 in

520 2996 654 3057 cap.
695 2978 1150 3050 Dilectissimis,
1180 2980 1278 3050 12,
1305 2995 1366 3055 q.
1396 2979 1454 3050 1,
1485 2976 1707 3036 dicitur
1742 2994 1951 3036 rerum
1990 2977 2080 3036 di-

519 3071 674 3131 visio
693 3088 804 3149 per
817 3070 1208 3149 iniquitatem
1228 3068 1599 3144 introduc-ta,
1618 3086 1744 3128 non
1765 3069 1926 3147 quod
1950 3068 2083 3148 ipsa

524 3164 895 3224 introductio
922 3165 1140 3243 iniqua
1174 3164 1384 3238 fuerit,
1420 3164 1526 3224 sed
1567 3162 1733 3241 quod
1766 3164 2082 3223 occasione

522 3257 755 3335 peccati
783 3256 943 3317 facta
964 3257 1173 3331 fuerit,
1211 3263 1280 3316 ut
1308 3274 1520 3317 omnes
1544 3256 1706 3315 infra
1729 3256 1955 3315 citandi
1980 3256 2082 3315 in—

528 3354 958 3427 terpretantur.
995 3350 1345 3411 Secundum
1375 3349 1725 3427 exemplum
1767 3348 1964 3408 simile
1995 3353 2086 3407 est

525 3442 601 3502 de
628 3442 934 3517 libertate,
962 3461 1097 3520 quae
1119 3444 1261 3520 jure
1289 3447 1525 3501 naturae
1553 3441 1911 3501 hominibus
1940 3459 2085 3500 con-

524 3535 719 3609 venit,
743 3540 803 3594 et
821 3541 1029 3594 tamen
1063 3553 1172 3613 per
1198 3534 1364 3611 leges
1386 3533 1691 3594 humanas
1714 3534 2014 3609 aufertur,
2039 3534 2079 3594 l.

525 3628 1054 3702 Manumz'ssz'ones,
1079 3626 1144 3686 ff.
1170 3627 1244 3686 de
1272 3628 1480 3687 Justit.
1514 3632 1578 3686 et
1604 3628 1768 3705 jure,
1801 3627 1845 3687 1.
1877 3628 2086 3688 Liber-

527 3726 645 3794 tas,
677 3720 738 3780 ff.
764 3721 839 3780 de
870 3721 1044 3780 Statu
1071 3720 1306 3794 liberis,
1330 3720 1366 3799 ξ
1390 3722 1442 3782 J
1442 3739 1516 3781 us
1535 3726 1754 3793 autem,
1789 3721 1984 3779 Instit.
2010 3719 2086 3781 de

525 3815 673 3873 Jure
692 3815 982 3888 naturali,
1005 3814 1284 3892 gentium
1303 3821 1364 3874 et
1381 3813 1565 3874 civili.
1586 3814 1860 3874 Tertium
1884 3831 2089 3873 exem-

526 3907 700 3985 plum
727 3914 819 3967 est
846 3908 921 3967 dc
945 3908 1085 3985 jure
1113 3906 1384 3968 naturali
1421 3925 1547 3966 non
1585 3906 1904 3967 auferendi
1930 3906 2085 3967 alie-

528 4019 716 4076 num,
768 4002 931 4080 quod
970 4002 1217 4063 videtur
1245 4001 1584 4077 immutari,
1617 4001 1944 4061 hominum
1992 4002 2085 4060 in-

526 4095 935 4171 troductione,
962 4115 1072 4175 per
1098 4096 1540 4174 usucapionem
1582 4101 1643 4154 et
1681 4095 2086 4173 praescriptio-

527 4206 694 4248 nem.
731 4190 863 4262 Quo
906 4190 1187 4268 exemplo
1229 4190 1422 4249 utitur
1475 4189 1684 4249 Glossa
1730 4188 1795 4247 in
1831 4188 1992 4248 dicta
2037 4188 2078 4250 l.

524 4282 1049 4345 Manumissiones.
1080 4284 1377 4355 Quartum
1406 4286 1496 4341 est
1524 4281 1596 4341 de
1620 4282 1761 4358 jure
1791 4280 2081 4350 naturali,

526 4374 689 4452 quod
729 4393 838 4453 per
883 4393 1251 4436 consensum
1280 4379 1567 4434 mutuum
1598 4373 1786 4432 maris
1816 4378 1876 4433 et
1907 4373 2086 4433 femi-

526 4487 624 4528 1155
652 4467 758 4527 fiat
787 4468 1279 4543 matrimonium,
1311 4467 1474 4546 quod
1496 4466 1574 4525 ab
1599 4466 2086 4526 hominihusim-

526 4566 826 4635 mutatur,
866 4579 952 4620 *ne
985 4560 1117 4635 fiat,
1151 4560 1272 4620 nisi
1317 4564 1612 4639 praeterea
1635 4564 1815 4618 testes
1855 4559 2079 4621 adsint.

526 4654 737 4714 Simile
766 4659 855 4715 est
885 4654 960 4714 de
994 4655 1137 4732 jure
1167 4652 1471 4713 condendi
1499 4657 1958 4727 testamentum,
1985 4652 2084 4712 vel

524 4747 796 4807 donandi
828 4765 926 4806 res
959 4762 1134 4806 suas:
1176 4764 1322 4805 nam
1353 4744 1484 4804 haec
1509 4745 1649 4822 jure
1681 4741 1919 4804 naturae
1947 4744 2082 4805 fieri

525 4844 770 4919 possent
793 4857 905 4918 pro
933 4838 1190 4899 arbitrio
1215 4837 1484 4913 domini;
1517 4842 1579 4897 et
1605 4843 1813 4896 tamen
1842 4836 1959 4896 hoc
1978 4837 2083 4915 jus

523 4938 822 5008 mutatur,
857 4933 957 4993 vel
983 4932 1286 4992 limitatur
1312 4930 1391 4990 ab
1425 4929 1802 5005 hominibus,
1831 4934 1925 5005 ut,
1956 4930 2079 4990 sci-

520 5025 688 5102 licet,
715 5026 778 5085 id
816 5045 943 5086 non
977 5025 1086 5085 fiat
1111 5025 1230 5084 nisi
1263 5042 1373 5104 per
1399 5028 1837 5084 testamentum
1860 5021 2080 5082 solem-

524 5138 627 5193 ne,
664 5124 779 5179 etc.

602 5212 660 5271 3.
708 5210 1010 5286 Secundo,
1059 5209 1480 5290 principaliter
1519 5212 1875 5269 asseruntur
1909 5208 2083 5267 varia

519 5302 802 5382 exempla
831 5304 1356 5382 dispensationum
1396 5303 1815 5363 humanarum
1852 5302 1917 5361 in
1939 5302 2081 5379 jure

519 5396 810 5458 naturali.
844 5397 1120 5456 Primum
1141 5402 1231 5456 est
1255 5397 1330 5455 de
1359 5395 1807 5476 dispensatione
1834 5395 1901 5454 in
1924 5394 2082 5454 votis

517 5496 580 5549 et
595 5489 990 5568 juramentiS,
1021 5505 1287 5567 quorum
1315 5488 1609 5565 obligatio
1639 5488 1712 5548 de
1730 5488 1873 5565 jure
1897 5492 2077 5547 natu-

1124 357 1239 409 LIB.
1278 360 1338 411 11.
1376 362 1455 412 DE
1487 363 1647 415 LEGE
1679 363 1964 426 AETERM,
2000 363 2081 414 ET
2113 364 2445 429 NATURALI,
2482 365 2561 418 Ac
2592 365 2743 418 JURE
2786 363 3078 416 GENTmM.

2136 468 2252 528 rali
2273 474 2383 529 est.
2408 468 2759 528 Secundum
2779 473 2868 526 est
2881 467 2957 527 de
2984 464 3442 545 dispensatione
3474 464 3541 525 in
3571 483 3706 526 ma-

2134 561 2425 620 trimonio
2464 567 2621 636 1510,
2656 560 2818 639 quod
2855 560 3255 638 supponimus
3285 576 3413 618 esse
3442 558 3706 618 dissolu-

2134 653 2258 712 bile
2279 653 2729 732 dispensatione
2769 651 3101 725 PontificiS,
3147 669 3289 710 cum
3330 657 3538 710 tamen
3563 651 3707 729 jure

2137 752 2374 806 naturae
2423 746 2841 806 indissolubile
2887 745 2985 804 sit.
3019 746 3297 804 Tertium
3339 750 3431 804 est
3460 743 3707 822 dispen-

2134 839 2366 898 satione
2394 840 2457 898 in
2479 839 2810 898 residentia
2832 838 3293 916 Episcoporum,
3328 854 3464 915 quae
3505 843 3597 896 est
3630 837 3708 896 dc

2130 930 2271 1007 jure
2295 932 2505 991 divino
2528 930 2822 1005 naturali,
2864 935 2933 989 ut
2962 929 3149 989 sentit
3190 927 3533 989 Concilium
3575 929 3710 989 Tri-

2142 1024 2494 1100 dentinum,
2528 1024 2776 1084 session.
2816 1025 2917 1096 23,
2958 1043 3087 1102 cap.
3125 1026 3182 1092 1,
3224 1024 3298 1082 de
3339 1022 3706 1096 Reformat.,

2149 1121 2208 1175 et
2236 1122 2445 1176 tamen
2478 1117 2542 1175 in
2571 1116 2677 1175 illa
2700 1117 2975 1194 qnotidie
3005 1117 3416 1194 dispensatur,
3459 1122 3530 1175 ut
3565 1133 3709 1174 con-

2149 1216 2289 1269 stat.
2321 1212 2529 1288 Neque
2558 1211 2625 1269 in
2653 1211 2769 1270 hoc
2805 1211 3085 1289 exemplo
3117 1209 3302 1270 habet
3329 1210 3533 1269 locum
3564 1209 3708 1268 vul·

2149 1303 2312 1380 garis
2343 1303 2571 1377 evasi0,
2594 1304 2760 1382 quod
2788 1303 2894 1362 illa
2922 1321 3048 1363 non
3078 1304 3157 1362 sit
3184 1302 3581 1381 dispensatio,
3603 1302 3710 1362 sed

2151 1396 2574 1474 interpretatio
2586 1397 2742 1474 juris
2761 1395 3060 1456 naturalis
3081 1413 3096 1454 :
3118 1401 3253 1455 tum
3275 1395 3421 1473 quia
3438 1394 3712 1455 evidenti

2147 1489 2568 1567 experimento
2617 1494 2853 1549 constat
2910 1490 2977 1548 in
3033 1489 3240 1549 multis
3286 1489 3525 1548 casibus
3576 1489 3713 1549 dari

2146 1581 2307 1640 hanc
2329 1581 2709 1656 facultatem,
2725 1582 2790 1640 in
2807 1583 3034 1661 quibus
3054 1600 3179 1641 non
3202 1586 3538 1641 cessaverat
3557 1581 3713 1641 obli-

2150 1674 2316 1750 gatio
2356 1674 2692 1749 residendi,
2734 1693 2935 1753 neque
2975 1674 3103 1733 ulla
3138 1673 3439 1753 probabili
3473 1675 3713 1735 ratione

2149 1773 2350 1846 posset
2391 1767 2456 1826 id
2496 1787 2601 1847 per
2647 1768 2839 1827 solam
2874 1767 3446 1846 interpretationem
3482 1768 3710 1846 colligi,

2151 1860 2257 1920 scd
2269 1879 2377 1937 per
2386 1862 2814 1920 auctoritatem
2827 1859 3139 1919 Pontificis
3151 1859 3384 1919 tollitur
3394 1859 3709 1936 obligatio,

2151 1953 2483 2014 relaxando
2517 1955 2711 2029 illam,
2748 1959 2810 2014 et
2845 1954 2977 2013 haec
3015 1959 3104 2013 est
3138 1953 3544 2031 dispensatio:
3581 1959 3714 2012 tum

2154 2050 2364 2121 etiam,
2392 2047 2538 2125 quia
2562 2048 2647 2107 ita
2687 2066 2845 2125 saepe
2876 2053 3128 2106 vocatur
3157 2047 3221 2105 in
3252 2046 3398 2124 ipsis
3422 2047 3707 2106 indultis:

2155 2139 2283 2199 imo
2314 2140 2499 2200 etiam
2542 2142 2608 2200 in
2642 2139 2912 2200 Concilio
2937 2139 3323 2214 Tridentino,
3357 2140 3606 2200 session.
3648 2141 3712 2215 6,

2156 2250 2288 2311 cap.
2323 2234 2361 2292 02
2403 2233 2478 2292 de
2506 2232 2986 2292 Reformatione.
3032 2227 3332 2304 Quartum
3362 2231 3714 2311 exemplum

2158 2330 2247 2384 est
2275 2324 2349 2385 de
2370 2325 2818 2403 dispensatione
2849 2324 2912 2383 in
2945 2324 3401 2403 impedimentis
3420 2324 3717 2384 irritanti·-

2155 2416 2273 2476 bus
2297 2417 2767 2477 matrimonium
2791 2418 2933 2495 jure
2962 2416 3266 2476 naturali:
3305 2435 3451 2476 nam
3483 2417 3549 2475 in
3579 2435 3714 2477 ma·

2162 2511 2452 2570 trimonio
2506 2511 2669 2570 inter
2721 2511 2940 2571 fratres
2996 2511 3183 2570 refert
3244 2510 3464 2588 Angel.
3532 2529 3717 2588 supra

2158 2604 2343 2664 fuisse
2366 2605 2784 2683 dispensatum
2806 2605 2947 2682 jure
2981 2605 3272 2679 naturali,
3307 2611 3368 2664 et
3398 2613 3608 2664 tamen
3642 2604 3715 2663 il-

2156 2697 2266 2758 lud
2293 2704 2384 2758 est
2428 2699 2945 2778 impedimentum
2986 2698 3235 2758 irritans
3269 2700 3411 2776 jure
3455 2705 3711 2759 naturae.

2158 2792 2431 2870 Denique
2464 2792 2777 2851 adduntur
2822 2810 2859 2851 a
2900 2792 3134 2868 juristis
3163 2791 3444 2871 exempla
3472 2792 3548 2851 de
3592 2792 3716 2852 dis-

2159 2884 2516 2962 pensatione
2565 2886 2629 2943 in
2672 2885 2876 2944 debito
2919 2884 3192 2944 solvendi
3225 2884 3513 2959 decimaS,
3555 2885 3718 2963 quod

2161 2976 2375 3036 dicunt
2412 2996 2538 3037 0550
2577 2977 2652 3037 de
2696 2978 2834 3055 jure
2877 2978 3108 3037 divino‘
3130 2977 3417 3037 naturali.
3472 2979 3623 3038 Item
3654 2979 3716 3037 in

2163 3071 2550 3149 exemptione
2598 3069 2805 3130 clerici
2850 3087 2887 3130 a
2928 3069 3353 3148 jurisdictione
3400 3070 3715 3145 saeculari,

2162 3182 2348 3243 quam
2382 3164 2832 3242 exemptionem
2858 3164 3047 3223 etiam
3070 3170 3317 3224 censent
3340 3182 3468 3224 esse
3487 3164 3562 3223 de
3583 3165 3719 3243 jure

2163 3258 2374 3316 divino
2395 3257 2688 3330 naturali,
2710 3262 2770 3315 et
2790 3261 2998 3315 tamen
3027 3257 3094 3316 in
3127 3275 3200 3317 05
3226 3257 3537 3336 dispensat
3565 3260 3721 3317 Pon-

2166 3351 2337 3426 tifex,
2369 3350 2779 3429 permittendo
2810 3349 3096 3411 clericum
3125 3370 3161 3410 a
3183 3350 3505 3429 temporali
3530 3352 3719 3429 judici

2165 3444 2399 3522 puniri,
2431 3445 2618 3527 etiam
2651 3443 2717 3502 111
2742 3461 2925 3503 051155
2954 3443 3282 3518 criminali,
3312 3449 3373 3503 et
3402 3444 3522 3503 alia
3550 3444 3718 3503 simi-

2165 3535 2250 3596 lia
2271 3537 2480 3596 videri·
2496 3547 2751 3615 possunt
2769 3537 2835 3595 in
2855 3536 3088 3610 Felin0,
3111 3555 3245 3615 cap.
3270 3536 3382 3597 ult.
3404 3537 3479 3597 de
3503 3537 3714 3615 Major.

2167 3636 2228 3689 et
2255 3629 2622 3701 obedientia,
2646 3647 2710 3689 n.
2740 3632 2776 3688 7
2800 3635 2860 3689 et
2893 3629 3308 3707 sequentibus,

2246 3724 2306 3782 4.
2350 3720 2576 3797 Tertio,
2595 3726 3110 3800 argumentantur
3135 3722 3398 3797 ratione,
3419 3722 3566 3799 quia
3590 3722 3721 3783 haec

2167 3814 2539 3893 dispensatio
2558 3816 2624 3874 in
2645 3815 2950 3893 aliquibus
2963 3814 3207 3892 juribus
3230 3815 3616 3875 naturalibus
3631 3821 3722 3876 est

2167 3924 2325 3986 saepe
2384 3908 2726 3967 necessaria
2778 3908 2855 3966 ad
2908 3907 3140 3967 bonum
3192 3908 3545 3968 animarum
3568 3952 3587 3982 ,
3635 3915 3723 3970 -ut

2166 3999 2451 4080 exempla
2476 4000 2735 4060 adducta
2772 4000 3136 4075 ostendunt3
3173 4018 3318 4078 ergo
3348 4018 3474 4060 non
3503 4006 3595 4061 est
3620 4020 3722 4061 ve-

2164 4093 2420 4153 risimile
2456 4093 2772 4172 reliquisse
2800 4094 2995 4179 Deum
3023 4092 3305 4154 homines
3329 4094 3459 4154 sine
3485 4095 3603 4155 hoc
3626 4114 3723 4156 re-

2165 4187 2394 4261 medi0,
2425 4186 2572 4264 quia
2601 4186 2679 4245 ad
2713 4186 3160 4264 providentiam
3187 4186 3296 4246 Dei
3323 4193 3555 4265 spectat
3578 4206 3723 4248 0011-

2167 4279 2380 4338 cedere
2408 4278 2763 4338 hominibus
2791 4284 3156 4358 potestatem
3182 4279 3498 4339 moraliter
3517 4299 3723 4341 neces-

2165 4369 2390 4428 sariam
2432 4369 2510 4429 ad
2539 4370 3006 4429 convenientem
3048 4369 3565 4447 gubernationem
3603 4372 3724 4431 rei-

2167 4460 2455 4539 publicae3
2491 4462 2653 4522 unde
2673 4479 2750 4521 ex
2772 4462 2888 4521 hoc
2907 4462 3208 4541 principio
3231 4462 3577 4540 colligimus
3595 4480 3724 4523 esse

2166 4554 2232 4613 in
2268 4554 2623 4614 hominibus
2650 4559 3015 4633 potestatem
3049 4554 3347 4632 puniendi
3375 4555 3728 4616 malefacto-

2163 4666 2260 4709 res
2304 4649 2491 4709 etiam
2534 4665 2717 4726 poena
2754 4647 2991 4722 mortis,
3034 4652 3098 4707 et
3130 4648 3413 4726 privandi
3441 4647 3726 4709 homines

2162 4740 2346 4800 rebus
2377 4740 2521 4815 51115,
2554 4740 2801 4818 quando
2844 4757 3025 4799 causa
3051 4740 3403 4819 reipublicae
3425 4740 3485 4799 id
3517 4745 3726 4820 postu-

2161 4832 2272 4907 lat,
2313 4838 2374 4892 et
2419 4832 2660 4892 similia.
2709 4832 2866 4891 Hinc
2908 4832 3067 4892 dixit
3094 4832 3314 4910 Angel.
3347 4851 3555 4912 supra,
3597 4851 3725 4893 non

2162 4926 2346 4986 fuisse
2370 4927 2563 4987 Deum
2602 4925 2882 4985 futurum
2919 4925 3154 4985 bonum
3196 4926 3719 5004 patremfamilias,

2162 5019 2284 5079 nisi
2307 5018 2652 5097 reliquisset
2682 5023 2989 5097 pastorem
3022 5037 3204 5097 super
3228 5037 3484 5097 gregem
3512 5037 3715 5092 suum,

2163 5113 2271 5192 qui
2321 5118 2519 5191 posset
2560 5109 2875 5172 consulere
2912 5112 3198 5173 omnibus
3238 5112 3717 5186 occurrentibus,

2165 5210 2226 5265 et
2257 5204 2599 5265 necessario
2626 5202 3114 5282 expedientibus.
3157 5204 3273 5277 Qui
3314 5204 3430 5264 hoc
3465 5204 3614 5264 citat
3648 5221 3726 5264 ex

2162 5297 2407 5358 Richar.
2450 5298 2516 5357 in
2545 5299 2609 5372 4,
2640 5297 2780 5357 dist.
2814 5296 2916 5371 38,
2956 5296 3065 5355 ubi
3094 5302 3215 5361 art.
3245 5298 3307 5372 9,
3333 5316 3396 5376 q.
3428 5300 3488 5371 1,
3523 5294 3721 5355 solum

2160 5390 2329 5466 dicit,
2376 5395 2612 5451 rectam
2653 5389 2957 5449 rationem
3004 5388 3235 5450 dictare
3282 5388 3553 5469 aliquem
3594 5405 3726 5448 esse

2161 5483 2294 5545 1000
2318 5484 2427 5545 1)οἰ
2448 5483 2518 5543 111
2539 5481 2828 5557 Ecclesia,
2853 5481 2958 5561 qui
2980 5481 3271 5560 periculis
3294 5496 3722 5561 personarum,
