3976 6219
559 428 682 489 494

559 533 926 599 fundantem
969 529 1250 592 debitum
1292 529 1512 592 tributi
1556 552 1574 596 ε
1601 532 1754 611 quin
1779 531 1984 611 potius
2011 550 2129 593 888

561 628 836 705 obligare
869 624 948 686 ad
969 642 1097 685 non
1125 622 1556 684 occultandum
1593 624 1796 685 simile
1817 623 2121 700 debitum,

558 740 668 784 seu
695 717 1171 781 fundamentum
1201 717 1372 794 ejus:
1423 734 1496 776 88
1535 716 1797 776 subinde
1836 734 1964 777 non
1990 734 2121 778 esse

557 818 772 877 contra
798 808 1100 889 justitiam
1139 808 1378 869 occulte
1413 806 1512 869 vel
1538 807 1786 887 palliato
1817 808 2125 870 venditio-

559 922 706 969 nem
737 903 964 977 facere,
1009 920 1090 963 88
1131 900 1376 980 38118118
1413 906 1683 980 petatur,
1729 900 1830 963 vel
1863 901 2125 962 transire

557 999 779 1062 limina
801 995 980 1074 regni
1018 1013 1132 1074 per
1155 994 1292 1055 loca
1317 993 1512 1070 invia,
1537 1000 1646 1056 aut
1672 992 2124 1074 intempestivis

557 1091 750 1168 horis,
775 1092 1028 1170 propter
1052 1105 1180 1151 non
1203 1086 1495 1149 solvenda
1531 1086 1879 1166 vectigalia.
1906 1087 1995 1149 Ac
2016 1086 2123 1147 de-

557 1186 746 1265 nique
780 1180 980 1243 solum
1023 1179 1298 1259 obligare
1335 1180 1447 1241 1188
1491 1179 1661 1259 18388
1708 1178 1788 1241 ad
1833 1179 2125 1242 solvenda

555 1277 689 1339 haec
709 1275 964 1351 tributa,
991 1273 1043 1335 si
1065 1279 1431 1335 exactor-seu
1452 1272 1820 1353 publicanus
1843 1277 2123 1334 occurrat

558 1376 621 1432 et
647 1375 838 1450 petat,
855 1368 957 1431 vel
983 1368 1061 1428 ad
1093 1382 1410 1429 summum
1429 1367 1507 1427 ad
1539 1384 1667 1428 non
1689 1366 2124 1446 decipiendum

557 1462 740 1523 illum
768 1462 820 1523 si
839 1462 1202 1538 interroget,
1223 1459 1565 1539 praesertim
1585 1476 1728 1520 cum
1741 1460 2123 1538 juramento.

559 1556 734 1617 Hanc
776 1554 1148 1617 sententiam
1191 1571 1230 1614 a
1273 1552 1514 1614 fortiori
1540 1558 1756 1615 tenent
1797 1552 2017 1632 Angel.
2064 1557 2127 1613 81

557 1652 814 1713 Navarr.
841 1649 1112 1728 allegati,
1140 1666 1193 1711 c.
1242 1651 1345 1724 11,
1371 1653 1432 1709 81
1465 1645 1651 1709 latius
1671 1664 1744 1709 88
1778 1648 2129 1727 expressius

557 1743 727 1805 idem
753 1744 903 1805 Nav.
930 1742 999 1802 in
1025 1760 1079 1803 c.
1108 1740 1532 1817 Frater-nitas,
1559 1742 1659 1816 12,
1685 1758 1746 1820 q.
1775 1742 1837 1816 2,
1861 1758 1901 1801 8
1923 1759 1988 1801 8.
2018 1742 2122 1817 213

559 1853 777 1897 verum
804 1840 897 1897 est
922 1834 1011 1894 ibi
1039 1834 1238 1913 magis
1268 1832 1600 1913 procedere
1627 1832 2125 1912 argumentando

559 1945 748 2007 quam
775 1926 1152 2003 definiendo,
1182 1926 1330 2006 quia
1354 1942 1483 1988 non
1516 1924 1774 2006 perfecit
1812 1942 1991 2005 opus,
2030 1942 2128 1986 88-

557 2021 638 2081 118
664 2026 877 2083 tamen
909 2020 1140 2081 indicat
1182 2020 1554 2082 sententiam
1597 2036 1796 2081 suam.
1825 2018 2127 2081 Eamdem

557 2115 747 2176 tradit
777 2114 901 2177 late
927 2114 1108 2191 Tab.,
1137 2114 1308 2177 verb.
1334 2114 1634 2193 Pedaqia,
1667 2132 1732 2175 n.
1765 2114 1806 2175 8
1823 2120 1886 2175 et
1913 2115 1974 2189 93
2000 2112 2128 2177 Me-

561 2206 811 2283 (118.,1.
853 2210 916 2284 2,
962 2226 1025 2287 q.
1057 2208 1159 2283 90,
1187 2226 1247 2269 a.
1275 2208 1349 2287 ⁴3
1393 2206 1615 2284 Henr.,
1656 2212 1703 2269 t.
1753 2211 1812 2283 1,
1857 2204 1903 2267 l.
1945 2208 2008 2283 7,
2050 2207 2129 2268 de

560 2299 835 2378 Indulg„
869 2319 923 2362 c.
949 2302 1047 2374 36,
1077 2299 1116 2380 ξ
1142 2302 1204 2377 5,
1232 2299 1328 2361 111.
1355 2300 1428 2376 D,
1457 2300 1567 2361 ubi
1593 2299 1786 2361 refert
1807 2299 2124 2361 Soncinat.

559 2397 624 2457 et
645 2393 957 2455 Parlador.
986 2393 1248 2454 Inclinat
1269 2393 1460 2455 etiam
1478 2394 1647 2469 Soto,
1666 2393 1710 2456 l.
1742 2393 1871 2454 3de
1887 2394 2095 2454 Justit.
2104 2438 2126 2470 ‚

560 2506 624 2568 q.
649 2487 712 2563 6,
733 2492 849 2548 art.
877 2488 939 2563 7,
965 2486 1034 2546 in
1057 2484 1170 2547 fin.
1206 2486 1706 2549 Fundamentum
1743 2485 2129 2567 praecipuum

559 2580 746 2660 hujus
793 2580 1115 2641 8881881118·
1157 2585 1251 2642 881
1292 2580 1691 2655 consuetude,
1744 2596 1884 2661 quae
1927 2584 2132 2660 potest

560 2673 954 2753 interpretari
993 2679 1056 2734 81
1091 2672 1400 2735 moderari
1435 2673 1662 2752 183881,
1690 2678 1754 2734 81
1779 2673 1999 2735 88(1881
2029 2690 2130 2733 ra-

560 2766 730 2827 tione
755 2770 956 2845 potest
995 2764 1305 2826 moderari
1331 2771 1586 2843 quotam
1626 2763 1919 2844 stipendii
1957 2769 2131 2826 taxa-

561 2862 692 2918 tam
709 2874 822 2936 per
837 2856 1066 2935 legem,
1094 2858 1252 2918 sicut
1271 2856 1552 2919 videmus
1573 2856 1640 2917 in
1663 2862 1852 2937 quota
1863 2856 2134 2919 decima-

561 2965 727 3011 rum:
749 2966 921 3025 nam,
940 2948 1086 3011 licet
1103 2966 1246 3029 pm
1265 2948 1506 3011 decima
1527 2950 1610 3011 sit
1623 2966 1813 3029 quam
1829 2949 1934 3012 lex
1949 2968 2132 3013 cano-

561 3043 702 3104 8188
721 3043 959 3120 statuit,
989 3042 1396 3104 nihilominus
1425 3043 1688 3124 ipsamet
1698 3041 1812 3120 {lex
1837 3044 2133 3105 canonica

561 3135 834 3198 declarat
854 3135 921 3196 id
939 3135 1416 3216 intelligendum
1443 3153 1597 3213 8888,
1615 3135 1736 3197 11181
1763 3136 1964 3198 obstet
1985 3155 2133 3198 con-

563 3229 851 3306 suetudo,
893 3247 1032 3310 quae
1073 3229 1409 3311 praevalere
1443 3235 1644 3312 potoet
1683 3245 1701 3290 ε
1733 3247 1882 3310 ergo
1929 3231 2133 3292 multo

563 3324 762 3404 magis
789 3329 990 3404 potest
1009 3324 1078 3386 in
1109 3325 1422 3405 prasenti,

647 3419 706 3479 3.
747 3417 1185 3494 Confirmamr,
1214 3418 1361 3498 quia
1385 3417 1538 3480 alias
1561 3437 1776 3483 omnes
1803 3420 1913 3500 qui
1937 3420 2007 3480 in
2034 3435 2131 3480 88-

565 3509 734 3574 sibus
755 3511 1084 3573 insinuatis
1109 3527 1240 3573 non
1275 3511 1525 3574 solvunt
1547 3515 1782 3577 tributa
1811 3513 2251 3594 obligandid

567 3609 770 3666 essent
790 3603 869 3665 ad
895 3605 1372 3676 restitutionem,
1403 3606 1548 3685 quia
1567 3613 1889 3686 peccarent
1917 3613 2135 3668 contra

562 3696 902 3776 ,iustitiam3
921 3713 1300 3777 consequens
1313 3703 1403 3759 est
1415 3695 1852 3776 gravissimum
1868 3717 2048 3776 onus,
2070 3704 2135 3762 81

567 3789 887 3852 moraliter
933 3789 1334 3871 impossibile,
1384 3792 1514 3853 imo
1557 3794 1746 3855 etiam
1789 3799 1880 3856 est
1919 3799 2136 3855 contra

568 3883 1096 3961 consuetudinem,
1126 3902 1255 3946 non
1276 3889 1522 3947 tantum
1539 3887 2001 3968 poenitentium,
2025 3886 2135 3949 sed

569 3977 758 4039 etiam
793 3975 1212 4040 confessorum
1237 3977 1645 4057 eruditorum,
1677 3987 1749 4042 ut
1779 3981 2002 4043 Navar.
2029 3997 2134 4042 re-

566 4069 705 4132 fert.
731 4068 1146 4132 Confirmatur
1161 4069 1453 4148 secundo,
1470 4073 1618 4152 quia
1629 4071 1749 4134 hoc
1765 4072 1950 4134 modo
1973 4070 2138 4133 fiunt

569 4161 738 4242 leges
763 4163 896 4225 istoe
923 4161 1274 4226 tolerabiles
1291 4169 1356 4226 81
1395 4163 1706 4242 humanae,
1737 4181 1874 4246 quae
1901 4163 2136 4245 alioqui

569 4264 776 4319 essent
799 4258 988 4319 nimis
1005 4275 1280 4320 onerosae
1303 4261 1366 4320 et
1391 4257 1674 4320 difficiles
1701 4258 1781 4320 ad
1803 4258 2137 4320 observan-

567 4350 741 4427 dum,
771 4356 836 4413 et
853 4351 1104 4414 aliunde
1121 4352 1240 4414 hoc
1262 4351 1453 4436 etiam
1479 4351 1704 4414 sufficit
1720 4352 1798 4414 ad
1820 4351 2013 4414 finem
2042 4357 2137 4414 ta-

567 4442 724 4504 lium
763 4443 976 4524 legum
1007 4461 1026 4506 :
1053 4462 1204 4506 nam
1245 4443 1554 4525 principes
1595 4444 1713 4507 hoc
1751 4445 1935 4507 modo
1978 4445 2136 4508 reci-

568 4535 752 4615 piunt
794 4536 1166 4599 sufficientia
1207 4531 1514 4618 stipendia
1562 4543 1625 4600 81
1665 4538 1960 4615 subsidia,
1992 4543 2056 4600 et
2081 4537 2136 4599 si

569 4629 884 4692 interdum
928 4630 1397 4706 defraudantur,
1441 4637 1653 4712 postea
1687 4649 1798 4712 per
1824 4633 2137 4696 executio-

569 4739 717 4785 nem
741 4739 1067 4803 poenarum
1091 4721 1164 4784 fit
1199 4724 1660 4804 compensatio:
1693 4743 1864 4805 ergo.

649 4818 709 4878 4.
741 4815 1019 4881 Secunda
1045 4816 1458 4880 sementiam
1478 4817 1858 4883 distinctione
1871 4819 2133 4900 loquens.

569 4907 934 4970 —Secunda
959 4908 1172 4989 opinio
1187 4927 1316 4971 esse
1343 4915 1542 4990 potest
1563 4911 1952 4991 distinguens
1973 4913 2139 4974 inter

567 5001 735 5081 leges
753 5000 1099 5080 obligantes
1124 5000 1204 5063 ad
1231 5001 1525 5065 solvenda
1551 5003 1836 5084 pedagia,
1863 5022 1974 5067 seu
1999 5021 2137 5067 vec-

567 5097 808 5176 1138118.
855 5097 1014 5160 Nam
1052 5097 1335 5179 quaedam
1380 5097 1720 5179 procedunt
1760 5113 1838 5161 ex
1875 5101 2138 5180 antiqua

569 5191 1010 5254 consuetudine
1045 5191 1223 5270 cujus
1261 5191 1520 5253 initium
1541 5191 1888 5272 ignoratur,
1937 5198 2001 5255 et
2038 5193 2138 5255 11ae

1459 428 1575 481 ΗΒ.
1613 428 1673 481 V.
1707 428 1790 481 m:
1823 428 2179 482 vammum
2211 428 2419 483 LEGUn
2452 424 2859 482 nummum.

2204 531 2392 595 Verb.
2434 528 2727 611 81381118,
2764 534 2826 589 81
2868 530 3119 607 propter
3144 524 3292 586 alias
3316 522 3633 585 rationoe
3668 534 3823 595 quas

2204 626 2271 688 in
2285 625 2566 706 sequenti
2590 622 2897 685 sententia
2918 620 3264 694 afferemus,
3278 625 3343 679 et
3363 619 3439 679 in
3464 616 3580 677 1118
3606 611 3823 673 u-ihu-

2204 720 2285 780 tis
2316 719 2589 780 maxime
2615 720 2763 778 sunt
2784 714 3082 788 efficaceS,
3115 719 3179 774 et
3204 713 3271 773 in
3294 713 3415 773 bac
3437 714 3651 791 parte
3674 724 3825 766 888-

2206 812 2469 874 veniunt
2508 816 2787 872 auctoroe
2835 808 3044 869 statim
3086 804 3400 883 allegandi
3432 804 3515 863 in
3562 801 3713 862 hac-
3766 804 3823 857 et

2206 904 2492 984 sequenti
2518 904 2829 984 opinione.
2865 899 3017 962 Aliae
3039 916 3191 961 vero
3216 903 3363 959 sunt
3387 897 3575 975 leges
3596 894 3831 971 impo-

2209 1003 2427 1060 nentes
2442 1014 2607 1058 nova
2632 996 2917 1076 pedagia,
2944 994 3073 1055 sive
3100 991 3345 1072 scriptae
3370 991 3529 1065 sint,
3560 988 3727 1048 sive
3746 1002 3829 1044 ex

2212 1090 2658 1152 consuetudine
2698 1088 2779 1150 de
2816 1086 2994 1165 cujus
3036 1086 3219 1146 initio
3278 1087 3552 1146 constet.
3598 1082 3697 1141 Et
3748 1076 3835 1138 (18

2204 1183 2303 1243 1118
2324 1181 2881 1260 subdistinguitur3
2908 1196 3059 1241 nam
3078 1178 3133 1239 si
3154 1183 3323 1239 certo
3352 1179 3607 1237 constet
3638 1170 3835 1233 talia

2204 1274 2439 1337 tributa
2462 1292 2595 1337 esse
2620 1274 2786 1355 justa
2814 1292 2894 1335 ex
2908 1271 3085 1334 omni
3108 1275 3283 1352 parte
3310 1274 3377 1331 et
3397 1266 3821 1339 conditione,

2206 1375 2359 1430 tunc
2376 1368 2566 1430 etiam
2594 1364 2961 1446 obligabunt
2974 1363 3099 1426 iuae
3119 1364 3285 1443 leges
3302 1362 3385 1423 ad
3404 1360 3823 1422 solutionem

2208 1461 2438 1542 absque
2473 1461 2701 1543 praevia
2728 1459 3072 1534 exactione,
3105 1456 3205 1519 vel
3230 1455 3567 1536 petitione,
3610 1468 3819 1532 prop-

2209 1561 2305 1617 ter
2331 1555 2497 1617 idem
2524 1554 3003 1616 fundamentum
3037 1574 3053 1611 τ
3086 1550 3139 1611 si
3169 1566 3317 1611 vero
3360 1564 3499 1609 non
3552 1550 3817 1607 constet

2208 1650 2285 1711 de
2305 1648 2549 1729 justitia
2568 1664 2805 1723 earum,
2832 1664 2961 1708 non
2988 1643 3353 1724 obligabunt
3378 1658 3531 1703 cum
3564 1638 3683 1701 ino
3724 1639 3815 1698 ri-

2209 1760 2380 1823 gore.
2426 1742 2588 1816 Quin
2620 1740 2825 1821 potius
2852 1740 2905 1801 si
2930 1742 3101 1801 certo
3126 1736 3471 1799 constiterit
3520 1752 3663 1795 esse
3708 1734 3815 1793 in-

2202 1836 2429 1916 justas,
2444 1851 2574 1897 non
2586 1832 2953 1914 obligabunt
2971 1831 3101 1893 ullo
3118 1830 3304 1892 modo
3319 1846 3435 1910 per
3448 1844 3521 1889 se
3530 1825 3813 1906 loquen-

2208 1928 2311 2005 do,
2348 1928 2455 1991 sed
2482 1929 2561 1991 ad
2588 1944 2906 1989 summum
2940 1924 3183 1987 ratione
3216 1920 3491 1985 scandali
3518 1918 3805 1992 vitandi,

2210 2022 2459 2102 quando
2482 2022 2663 2084 aliter
2693 2020 2915 2083 solutio
2937 2018 3159 2081 tributi
3185 2015 3389 2079 caveri
3408 2030 3549 2075 non
3566 2018 3805 2093 potest.

2208 2115 2275 2177 Si
2296 2120 2507 2177 autem
2530 2134 2645 2178 nec
2666 2114 2745 2178 (18
2765 2114 3011 2195 justitia
3024 2130 3142 2174 nec
3162 2111 3239 2173 de
3266 2107 3587 2190 injustitia
3610 2124 3807 2167 eons-

2210 2214 2323 2286 tet,
2350 2215 2502 2270 tunc
2530 2210 2718 2271 etiam
2744 2225 2872 2269 non
2896 2206 3178 2286 obligant
3206 2204 3273 2266 in
3291 2200 3685 2265 conscientia
3714 2197 3805 2258 ad

2208 2301 2603 2379 solutionem,
2655 2300 2874 2363 saltem
2906 2300 2959 2361 si
2988 2300 3295 2360 tributum
3335 2312 3467 2357 non
3508 2298 3803 2374 petatur,

2208 2400 2271 2456 81
2295 2394 2527 2476 absque
2562 2394 2859 2457 violentia
2895 2390 2995 2455 vel
3028 2390 3389 2472 deceptione
3418 2386 3615 2449 vitari
3651 2402 3804 2465 pos-

2215 2490 2316 2551 sit.

2286 2582 2348 2644 5.
2380 2581 2525 2644 Haec
2544 2578 2871 2656 sententia,
2890 2576 3038 2641 licet
3054 2594 3185 2640 non
3206 2583 3336 2639 tam
3362 2574 3667 2637 distincte
3688 2586 3803 2633 ex-

2208 2676 2473 2757 plicetur
2504 2675 2584 2737 ab
2612 2672 2969 2736 auctoribus
2996 2674 3201 2735 statim
3230 2670 3517 2745 citandis,
3560 2666 3801 2729 merito

2207 2774 2419 2831 tamen
2445 2772 2647 2848 potest
2674 2766 2797 2828 illis
2817 2766 3036 2843 tribui,
3065 2766 3210 2845 quia
3226 2760 3601 2843 simpliciter
3628 2777 3801 2822 8888-

2206 2866 2356 2923 runt
2376 2860 2457 2921 ad
2489 2859 2781 2922 solvenda
2802 2859 2935 2921 haec
2960 2874 3127 2919 nova
3158 2855 3422 2937 pedagia
3458 2855 3799 2916 neminem

2208 2954 2495 3035 obligari,
2517 2954 2638 3015 nisi
2656 2952 2759 3014 cui
2780 2952 3123 3014 constiterit
3138 2950 3217 3012 de
3234 2948 3485 3010 illorum
3501 2947 3793 3026 justitia3

2208 3048 2473 3128 satisque
2499 3064 2627 3109 esse
2654 3044 2731 3107 ad
2756 3044 3227 3108 excusationem
3248 3047 3323 3102 ut
3371 3041 3446 3101 (18
3490 3036 3602 3100 ilia
3650 3056 3795 3099 non

2208 3146 2465 3216 constet,
2492 3157 2565 3202 88
2594 3138 2855 3201 subinde
2882 3143 2955 3199 ut
2979 3151 3089 3199 res·
3104 3137 3185 3197 sit
3208 3133 3420 3196 dubia.
3460 3132 3637 3206 Quod
3666 3151 3795 3210 ego

2210 3236 2521 3312 moderor,
2566 3241 2629 3296 et
2664 3235 3059 3314 interpretor,
3088 3231 3287 3292 donec
3312 3233 3629 3309 petantur,
3682 3226 3793 3287 vel

2210 3329 2319 3390 ubi
2368 3345 2584 3392 eorum
2628 3327 2867 3390 exactio
2914 3325 3057 3387 sine·
3090 3323 3163 3385 vi·
3190 3327 3301 3384 aut
3336 3319 3557 3383 hande
3594 3318 3791 3380 vitari

2210 3427 2430 3502 potest.
2468 3423 2665 3483 Tenet
2690 3425 2901 3481 autem
2920 3417 3094 3480 illam
3131 3413 3507 3478 sententiam
3526 3411 3685 3474 Gab.
3718 3413 3785 3486 4,

2259 3519 2403 3593 .,15
2428 3529 2489 3596 q.
2520 3515 2581 3592 5,
2608 3511 2804 3576 concl'.
2824 3513 2861 3574 7
2883 3529 2899 3545 ·
2878 3509 3297 3592 WetSylvest
3312 3506 3488 3570 verb.
3508 3502 3785 3581 Gabala,

2214 3611 2359 3689 3,q.
2387 3609 2449 3685 3,
2478 3627 2544 3670 8.
2572 3610 2721 3685 9,81
2747 3625 2811 3687 q.
2836 3609 2936 3683 14,
2968 3623 3035 3666 8.
3058 3605 3171 3682 29,
3194 3603 3415 3682 cajet„
3433 3599 3613 3662 verb.
3648 3599 3789 3664 Vec-

2212 3702 2393 3781 tiqal,
2417 3703 2484 3762 in
2512 3699 2675 3778 fine;
2704 3699 2964 3762 inclinat
2980 3698 3175 3761 etiam
3194 3695 3440 3770 Driedo,
3462 3692 3681 3755 (1.1.2
3708 3691 3789 3753 (18

2210 3793 2416 3856 Liber.
2448 3746 3783 3870 christi'an„e.5,versus·.flnem;A1-mill,

2211 3887 2383 3949 verb.
2420 3885 2683 3964 saberto,
2709 3887 2907 3964 2183
2908 3885 3197 3964 *Aragon
3222 3885 3284 3944 2.
3308 3883 3371 3960 2,
3400 3899 3465 3962 q.
3496 3881 3603 3957 62,
3632 3899 3698 3942 a.
3724 3881 3785 3940 3.

2213 3982 2477 4044 Inclinat
2504 3981 2767 4043 Gordub.
2798 3980 2867 4041 18
2898 3979 3100 4055 Sum„
3136 3996 3198 4058 q.
3229 3978 3333 4053 95,
3363 3973 3517 4036 dub.
3561 3978 3623 4052 13
3660 3975 3789 4036 Me-

2212 4075 2372 4152 din„
2406 4075 2469 4136 d.
2518 4092 2571 4136 c.
2606 4075 2705 4136 13.
2738 4073 3103 4134 Fundantur
3127 4070 3332 4152 primo
3366 4067 3439 4129 hi
3471 4073 3785 4143 auctores,

2214 4167 2361 4248 quia
2386 4185 2551 4230 nova
2577 4165 2842 4248 pedagia
2862 4170 2927 4227 81
2950 4163 3281 4240 vectigalia
3304 4161 3373 4223 in
3390 4162 3531 4241 jure
3554 4179 3789 4241 prasu-

2214 4266 2473 4322 muntur
2502 4260 2734 4340 injusta
2748 4264 2813 4321 et
2833 4257 3183 4339 reprobata,
3210 4270 3262 4318 c.
3294 4255 3675 4335 Quanquam,
3706 4253 3786 4314 de

2214 4351 2484 4431 Gensib.,
2514 4353 2583 4415 in
2600 4355 2669 4433 ὃς
2690 4369 2838 4433 ergo
2860 4353 2913 4414 si
2938 4358 3104 4414 certo
3125 4367 3256 4413 non
3282 4353 3519 4410 constet
3538 4347 3617 4408 de
3646 4346 3787 4408 illo-

2213 4466 2356 4512 rum
2370 4445 2637 4528 justitia,
2658 4445 3080 4526 unusquisque
3092 4448 3295 4524 potest
3310 4455 3689 4522 praesumere
3708 4439 3787 4501 de

2214 4541 2466 4605 iliorum
2494 4537 2821 4620 injustitia,
2852 4552 2925 4600 ac
2950 4536 3214 4599 subinde
3240 4541 3381 4596 tuta
3405 4533 3787 4595 conscientia

2214 4633 2324 4698 illa
2352 4649 2489 4696 non·
2504 4634 2765 4710 solvere,
2802 4631 3024 4694 saltem
3052 4631 3181 4692 nisi¹
3195 4633 3509 4710 petantur.
3548 4626 3787 4688 Confir-

2215 4733 2447 4804 matur,
2488 4725 2636 4807 quia
2660 4725 2730 4787 in
2760 4724 2950 4786 dubio
2972 4723 3195 4786 melior
3222 4727 3314 4784 est
3342 4719 3617 4783 conditio
3643 4737 3785 4799 pos-

2217 4819 2472 4884 sidentis
2510 4835 2528 4880 t
2571 4815 2683 4880 sed*
2705 4815 2941 4879 subditi·
2964 4815 3277 4902 possident
3306 4828 3403 4875 res
3430 4829 3573 4873 suas
3584 4833 3603 4887 3
3632 4829 3782 4890 ergo

2214 4915 2283 4978 in
2311 4911 2503 4976 d'uhio
2524 4925 2654 4974 non
2680 4911 2974 4973 tenentur
3018 4907 3251 4971 offerre*
3260 4905 3607 4983 fflbutum3
3636 4921 3781 4964 cum

2216 5014 2427 5070 autem
2455 5010 2757 5070 88118881
2794 5003 2949 5066 certi
2974 5001 3051 5064 (18
3090 5000 3401 5080 injustitia
3432 4995 3675 5074 tributi,
3708 5013 3782 5058 eo

2216 5101 2349 5182 ipso
2376 5101 2664 5162 dubitant
2682 5097 2762 5160 de
2780 5095 3024 5177 justitia
3050 5093 3273 5156 tributi
3298 5112 3315 5152 τ
3346 5107 3515 5170 ergo.

2295 5195 2356 5256 6.
2385 5191 2711 5258 Sententia
2732 5191 3069 5270 affirmans
3092 5187 3207 5250 lm
3232 5183 3389 5266 loyes
3418 5185 3779 5248 tributorum

569 5283 922 5347 indistincte
952 5284 1234 5364 obligant
1277 5285 1346 5347 in
1374 5285 1749 5348 conscientia
1775 5287 1854 5348 ad
1887 5285 2140 5348 solutio·
2202 5287 2415 5367 justas
2450 5283 2724 5366 obliym
2744 5284 2827 5346 ad
2848 5281 3219 5346 somm-
3222 5275 3513 5338 *Tertia
3538 5281 3779 5338 senten·

569 5398 718 5442 nem
743 5380 884 5442 talis
901 5380 1123 5442 tributi
1151 5382 1285 5442 8188
1305 5381 1522 5443 fraude
1562 5381 1664 5444 vel
1705 5381 2137 5457 occultatione,

2216 5381 2307 5442 tia
2328 5379 2461 5440 sine
2488 5375 2882 5438 distinctione
2906 5373 3179 5436 affirmat
3194 5371 3309 5434 bas
3328 5369 3497 5448 leges
3520 5367 3777 5430 tributo-

569 5473 718 5536 licet
743 5488 873 5534 non
898 5479 1166 5554 petatur,
1193 5473 1342 5553 quia
1366 5481 1832 5555 praesumuntur
1861 5473 2036 5535 omni
2064 5489 2143 5534 ex
2213 5489 2358 5534 rum
2392 5472 2592 5551 justas
2628 5469 2909 5548 obligare
2934 5466 3013 5528 ad
3057 5463 3421 5528 solvendum
3446 5461 3773 5534 tributum,

569 5573 747 5650 parte
787 5568 988 5650 justae,
1039 5569 1222 5650 juxta
1263 5585 1316 5631 c.
1375 5567 1581 5651 Super
1629 5566 2009 5652 mendant,
2056 5567 2135 5630 de

2218 5567 2464 5630 etiamsi
2506 5582 2636 5628 non
2689 5568 2959 5644 petatur.
3006 5560 3099 5622 Ita
3140 5563 3314 5621 tenet
3352 5553 3730 5619 Hostiensis
3715 5570 3779 5613 18
