3976 6219
574 427 694 489 506

658 527 755 588 ⁴0.
802 525 987 587 Posse
1020 525 1088 587 in
1125 525 1322 588 eadem
1356 526 1481 607 ἶσαι
1512 527 1921 590 irritationem
1962 531 2134 589 actus

572 621 734 700 ferri
753 637 861 698 por
882 638 943 681 se
959 619 1026 680 in
1051 619 1259 680 bonum
1282 638 1601 694 commune,
1628 626 1682 682 et
1704 620 1772 682 in
1785 637 2132 698 paenam.—

578 714 868 777 Obviatur
891 712 1200 792 objectioni
1208 714 1491 774 .—Addo
1514 714 1781 793 denique
1800 711 2132 792 aliquando

573 805 848 867 accidere
874 823 1052 884 posse
1075 811 1147 865 ut
1173 805 1241 867 in
1271 807 1487 868 eadem
1510 807 1648 886 lege
1677 806 1941 867 irritatio
1958 809 2133 865 actus

571 900 826 974 feratur,
860 904 923 959 et
943 917 1056 979 per
1076 917 1141 961 se
1164 905 1419 980 propter
1436 918 1766 961 commune
1785 900 2044 973 bonum,
2070 903 2134 959 et

572 991 763 1052 simul
790 992 855 1051 in
886 1009 1158 1071 poenam.
1200 993 1358 1067 Quia
1388 993 1490 1054 isti
1512 993 1635 1054 duo
1662 997 1973 1072 respectus
2004 1009 2129 1052 non

570 1089 924 1164 repugnant
961 1085 1148 1146 simul
1181 1086 1474 1164 conjungi
1508 1086 1576 1147 111
1607 1086 1825 1148 eodem
1861 1085 2083 1146 effectu
2107 1100 2129 1163 3

572 1176 672 1238 vel
683 1182 964 1256 respectu
985 1178 1285 1256 ejusdem,
1307 1178 1410 1239 vel
1425 1185 1701 1258 respectu
1715 1179 2124 1240 diversorum.

572 1271 643 1331 In
692 1271 1043 1350 exemplum
1083 1272 1316 1347 *adduci
1372 1280 1629 1352 possunt
1682 1273 2129 1352 impedimenta

569 1363 882 1424 irritantia
912 1364 1379 1426 matrimonium
1413 1371 1664 1446 propter
1698 1365 1992 1427 delictum
2023 1366 2126 1425 in-

572 1455 858 1517 troducta
871 1472 892 1533 3
925 1475 1073 1518 nam
1100 1458 1207 1519 illa
1232 1459 1503 1539 poenalia
1529 1464 1697 1535 sunt,
1728 1464 1800 1518 ut
1833 1458 2127 1532 vidimus,

574 1558 638 1609 et
664 1554 875 1611 tamen
904 1549 1093 1611 etiam
1123 1569 1235 1631 per
1261 1570 1391 1613 sese
1426 1557 1603 1614 erant
1638 1551 2029 1630 expedientia
2054 1551 2133 1612 ad

575 1659 906 1703 commune
952 1642 1188 1703 bonum
1204 1688 1225 1719 ,
1274 1650 1346 1705 ut
1386 1646 1697 1706 securitati
1747 1650 1809 1705 et
1854 1643 2135 1704 fidelitati

573 1734 912 1812 conjugum
939 1736 1399 1797 consuleretur:
1426 1736 1618 1812 unde,
1642 1736 1786 1799 licet
1803 1736 1926 1797 alia
1950 1754 2136 1815 poena

573 1826 697 1888 tale
726 1827 1019 1890 delictum
1038 1830 1343 1908 condigne
1360 1831 1706 1910 puniretur,
1727 1830 2135 1892 nihilominus

574 1928 778 1999 posset
797 1922 961 2000 juste
990 1923 1254 1985 irritatio
1287 1925 1471 1986 simul
1509 1925 1833 2003 persistere
1859 1924 1994 1985 sine
2022 1924 2135 1984 du-

572 2014 903 2095 plicatione
951 2034 1151 2095 poenae
1180 2063 1201 2093 ,
1251 2018 1398 2097 quia
1441 2036 1552 2098 per
1597 2037 1661 2080 se
1709 2017 2073 2097 expediebat
2108 2062 2130 2094 ,

575 2108 814 2168 etiamsi
842 2126 968 2169 non
995 2110 1366 2188 adjiceretur
1387 2112 1451 2172 in
1476 2130 1749 2192 poenam.
1792 2111 1961 2173 Dices
1990 2111 2137 2172 hinc

573 2200 750 2277 sequi
780 2218 1103 2280 nunquam
1140 2201 1276 2263 fieri
1307 2204 1723 2266 irritationem
1751 2204 1819 2264 in
1856 2222 2130 2285 poenam,

574 2292 727 2370 quin
756 2294 942 2353 etiam
971 2304 1223 2373 propter
1250 2315 1314 2358 se
1342 2304 1403 2358 et
1423 2304 1676 2377 propter
1697 2315 1875 2360 suam
1902 2297 2135 2358 utilita-

574 2389 703 2444 tem
728 2382 859 2460 fiat,
887 2385 1033 2464 quia
1063 2405 1306 2467 semper
1334 2390 1473 2452 talis
1498 2391 1763 2452 irritatio
1789 2390 2031 2452 confert
2057 2390 2136 2451 ad

572 2494 902 2537 commune
923 2477 1186 2556 bonum,
1210 2487 1273 2542 et
1291 2488 1542 2561 propter
1566 2483 1723 2544 illud
1745 2483 1836 2544 fit.
1865 2484 2135 2561 Respon-

573 2570 690 2630 deo
717 2570 1003 2648 negando
1032 2574 1367 2652 sequelam,
1397 2576 1545 2655 quia
1570 2576 1674 2636 hic
1701 2595 1829 2637 non
1856 2576 2137 2637 conside-

570 2666 748 2722 ratur
778 2667 1026 2724 tantum
1052 2667 1400 2727 communis
1437 2668 1670 2729 utilitas
1709 2686 1846 2747 quae
1886 2667 2132 2727 inveni-

572 2758 677 2815 tur
704 2754 770 2814 in
798 2773 1004 2834 poena,
1051 2764 1120 2818 ut
1148 2777 1332 2837 poena
1359 2765 1450 2821 est
1470 2805 1491 2835 ,
1539 2778 1677 2839 quae
1705 2765 1796 2821 est
1823 2760 2138 2820 vindicare

572 2845 891 2919 delictum,
920 2854 981 2909 et
1007 2868 1118 2928 per
1138 2850 1319 2911 illum
1346 2851 1603 2913 modum
1622 2852 1956 2912 coactionis
1982 2870 2138 2930 prae-

574 2956 792 3000 cavere
837 2957 917 3000 ne
959 2941 1188 3003 similia
1236 2941 1413 3019 fiant,
1463 2943 1629 3022 quod
1668 2950 1758 3004 est
1808 2961 2136 3005 commune

574 3032 747 3092 omni
775 3050 973 3112 poenae
996 3050 1013 3094 ε
1039 3035 1144 3096 sed
1165 3035 1425 3097 ulterius
1452 3037 1878 3098 consideratur
1901 3036 2137 3097 utilitas

574 3125 897 3188 medicinae
934 3128 1025 3205 (ut
1049 3128 1137 3190 sic
1163 3129 1387 3206 dicam)
1430 3129 1764 3192 auferendo
1793 3129 2137 3191 occasiones

573 3221 972 3298 perpetrandi
1007 3222 1238 3286 similia
1272 3223 1518 3300 delicta,
1563 3242 1701 3304 quae
1738 3223 1971 3284 utilitas
2006 3242 2133 3284 non

575 3317 668 3373 est
711 3315 1057 3376 communis
1103 3317 1278 3380 omni
1320 3335 1517 3396 poenoe
1537 3361 1559 3392 ,
1608 3335 1721 3378 nec
1772 3318 1850 3378 de
1895 3317 2138 3379 ratione

575 3405 709 3483 ejus
719 3452 739 3482 ,
776 3413 848 3468 ιιι
881 3408 959 3468 ad
1000 3409 1480 3471 vindicationem
1522 3415 1774 3490 spectat.
1825 3412 1953 3471 Hoc
1991 3428 2138 3489 ergo

573 3498 761 3559 modo
793 3499 1077 3575 (1101111115,
1116 3520 1228 3581 per
1266 3502 1680 3563 irritationem
1720 3502 1893 3564 illam
1926 3503 2140 3564 matri-

574 3591 773 3652 monii
802 3592 870 3651 in
902 3593 1210 3671 praedictis
1249 3593 1487 3656 casibus
1528 3594 1761 3658 auferri
1791 3596 2138 3656 occasiones

573 3683 975 3762 perpetrandi
1015 3684 1243 3746 similia
1284 3686 1529 3761 delicta,
1579 3693 1642 3748 et
1680 3687 1844 3748 hanc
1887 3706 2139 3749 causam

573 3775 764 3836 fuisse
800 3776 1208 3838 sufficientem
1244 3778 1324 3839 ad
1352 3778 1729 3859 imponenda
1758 3780 1909 3842 talia
1941 3782 2140 3861 impe-

577 3867 876 3944 dimenta,
907 3868 1096 3932 etiam
1117 3871 1252 3934 sine
1274 3871 1692 3935 vindicatione
1714 3873 1946 3950 delicti,
1975 3875 2141 3955 quod

575 3978 688 4039 per
705 3958 894 4021 aliam
916 3978 1166 4040 poenam
1189 3963 1328 4030 fieri
1350 3965 1667 4044 potuisset,
1699 3967 1858 4028 sicut
1879 3967 1956 4029 de
1978 3968 2140 4029 facto

577 4053 765 4114 etiam
785 4053 876 4116 fit.
900 4054 1250 4134 Aliquando
1269 4075 1415 4119 vero
1436 4058 1778 4138 imponitur
1800 4060 1868 4121 in
1885 4078 2135 4139 poenam

577 4145 934 4209 inhabilitas
956 4148 1038 4209 ad
1062 4148 1361 4213 beneficia
1379 4194 1399 4225 ,
1431 4156 1682 4231 propter
1708 4153 2136 4233 rebaptizatio-

578 4257 747 4313 nem,
788 4240 960 4303 verbi
987 4243 1211 4320 gratia,
1257 4242 1356 4304 vel
1390 4242 1560 4305 aliud
1590 4245 1790 4307 simile
1815 4246 2135 4322 delictum,

577 4332 657 4392 ad
693 4333 855 4412 quod
882 4333 1207 4395 vitandum
1243 4335 1401 4396 nihil
1436 4336 1673 4398 confert
1703 4337 1810 4399 illa
1836 4338 2134 4399 inhabili-

578 4429 694 4500 tas,
726 4426 846 4486 nisi
870 4444 981 4505 per
1009 4427 1266 4490 modum
1295 4429 1793 4510 comminationis
1815 4436 1877 4492 et
1901 4431 2139 4491 vindic-

575 4521 679 4591 tae,
709 4517 867 4579 sicut
897 4519 1188 4598 quaelihet
1222 4520 1347 4582 alia
1387 4521 1592 4601 gravis
1626 4539 1810 4602 poena
1848 4524 2135 4604 prodesse

577 4616 804 4691 posset.

1149 4794 1400 4859 CAPUT
1439 4798 1571 4862 XX.

576 5007 780 5055 ιιι-111111
815 5006 1001 5054 mons
1039 5004 1393 5054 mammes
1440 5006 1649 5068 serus,
1691 5008 1848 5056 mos
1889 5008 1954 5057 m
1998 5009 2142 5058 0011-

1007 5101 1278 5149 scmnm
1313 5102 1710 5150 rnomnsmr.

663 5278 722 5335 1.
768 5275 953 5339 Ratio
981 5274 1320 5337 dubitandi.
1350 5307 1434 5324 -
1458 5275 1637 5337 Ratio
1663 5273 1990 5338 dubitandi
2014 5294 2143 5340 esse

577 5372 781 5448 potest
799 5413 819 5442 ,
863 5368 1011 5446 quia
1038 5367 1134 5428 hae
1163 5366 1331 5447 leges
1359 5374 1505 5432 sunt
1533 5387 1682 5431 vera
1708 5376 2017 5449 praecepta
2042 5389 2143 5432 su-

579 5461 896 5542 periorum
922 5477 942 5537 3
991 5461 1093 5522 sed
1127 5460 1204 5523 de
1237 5463 1477 5525 ratione
1523 5463 1651 5523 veri
1701 5464 1988 5543 praecepti
2035 5482 2143 5524 seu

579 5553 734 5642 legis
761 5559 853 5618 est
878 5558 950 5619 ut
974 5553 1206 5634 obliget
1226 5555 1296 5617 in
1322 5554 1718 5633 conscientia,
1747 5561 1819 5617 ιιι
1838 5574 2025 5638 supra
2046 5574 2142 5618 os-

1476 430 1594 484 un.
1627 430 1688 484 V.
1723 430 1804 483 DE
1835 429 2195 481 VARIETATE
2223 428 2432 483 mom!
2465 426 2875 482 HUMANARUU.

2212 531 2461 586 tensum
2487 531 2619 603 est3
2673 542 2821 604 ergo
2849 541 3095 585 necesse
3127 529 3221 585 est
3249 530 3321 585 nt
3355 525 3474 586 hae
3526 521 3723 600 leges
3762 519 3816 581 in

2214 619 2584 679 conscientia
2625 618 2902 698 obligent
2941 618 3151 697 aliquo
3195 618 3398 680 modo,
3457 618 3558 677 Et
3598 612 3817 675 confir·
3894 636 3895 671 l

2213 716 2442 787 matur,
2473 713 2621 792 quia
2643 731 2830 791 supra
2851 712 3088 772 dictum
3107 716 3200 771 est
3225 712 3417 772 etiam
3441 709 3651 787 leges
3675 726 3815 787 pure
3894 712 3895 747 ³

2214 805 2488 885 poenales
2518 805 2744 867 resolvi
2771 804 2981 885 aliquo
3012 804 3200 865 modo
3237 805 3303 865 in
3331 801 3815 881 obligationem

2216 899 2627 976 conscientias,
2671 900 2821 979 quia
2859 899 3012 960 alias
3050 917 3177 960 non
3208 897 3590 958 salvaretur
3622 894 3695 954 in
3734 894 3813 955 eis

2216 1010 2365 1055 vera
2388 993 2547 1054 ratio
2576 992 2730 1072 legis
2754 1010 2775 1071 3
2817 991 2928 1054 sed
2951 991 3118 1070 leges
3155 990 3492 1052 irritantes
3535 1006 3680 1048 non
3707 988 3812 1048 mi-

2216 1105 2336 1149 nus
2362 1093 2508 1149 sunt
2536 1104 2699 1149 verae
2726 1086 2893 1165 leges
2919 1103 3108 1166 quam
3131 1083 3408 1165 poenales
3438 1099 3463 1160 3
3513 1099 3703 1161 ergo.
3748 1082 3807 1142 111

2216 1180 2597 1241 contrarium
2616 1197 2761 1240 vero
2778 1185 2979 1259 potest
2996 1178 3134 1239 fieri
3155 1177 3441 1238 inductio
3471 1198 3492 1251 3
3532 1191 3697 1236 nam
3719 1173 3809 1233 lex

2215 1272 2466 1334 irritans
2487 1278 2928 1334 testamentum
2955 1272 3162 1332 minus
3181 1270 3473 1331 solemne
3494 1313 3519 1344 ,
3571 1265 3804 1327 nullam

2216 1366 2659 1445 obligationem
2684 1366 2753 1427 in
2781 1364 3157 1426 conscientia
3183 1363 3433 1424 inducit
3450 1407 3475 1438 ,
3518 1360 3686 1440 quia
3711 1378 3805 1420 ne-

2215 1477 2337 1538 que
2356 1465 2711 1520 testatorem
2732 1457 2968 1537 obligat
2993 1457 3073 1518 ad
3094 1457 3478 1517 servandam
3511 1452 3804 1514 solemni·

2216 1555 2449 1627 tatem,
2490 1569 2635 1613 cum
2661 1550 2851 1631 possit
2881 1550 2959 1612 de
2991 1548 3178 1610 rebus
3213 1549 3341 1609 suis
3367 1546 3601 1609 valide
3631 1552 3698 1608 et
3720 1546 3803 1605 in-

2219 1644 2424 1705 valide
2462 1644 2785 1724 disponere
2799 1689 2821 1721 ,
2865 1644 3023 1704 sicut
3048 1647 3250 1723 potest
3277 1642 3468 1703 aliter
3512 1658 3631 1701 eas
3668 1657 3801 1699 con-

2214 1754 2460 1798 sumere
2486 1737 2538 1796 si
2567 1736 2719 1797 velit
2745 1753 2768 1815 3
2808 1754 2924 1797 nec
2951 1735 3140 1797 etiam
3179 1734 3421 1812 obligat
3448 1732 3794 1806 haeredem,

2216 1847 2359 1892 cum
2386 1829 2479 1890 1111
2505 1829 2666 1891 1111111
2695 1828 3032 1909 praecipiat.
3078 1826 3376 1888 Similiter
3402 1825 3521 1887 lex
3547 1824 3795 1885 irritans

2216 1928 2604 1984 contractum
2623 1922 2859 1983 iactum
2875 1940 2913 1982 a
2933 1921 3176 1982 minore
3197 1939 3328 1981 non
3346 1920 3602 1998 obligat
3624 1918 3791 1978 illum

2215 2017 2283 2077 in
2316 2016 2712 2090 conscientia,
2762 2015 2938 2093 cujus
2965 2014 3217 2092 signum
3252 2019 3368 2088 est,
3406 2012 3571 2091 quia
3600 2014 3793 2090 potest

2215 2110 2394 2170 illum
2415 2110 2771 2189 juramento
2800 2107 3194 2182 confirmare,
3225 2106 3388 2186 quod
3423 2124 3563 2167 non
3591 2110 3789 2184 posset

2217 2203 2270 2264 si
2298 2207 2455 2263 esset
2481 2206 2804 2280 peccatum
2832 2217 2853 2279 3
2896 2206 2957 2261 et
2984 2201 3072 2261 sic
3098 2200 3175 2261 de
3201 2199 3365 2259 aliis.

2296 2297 2357 2356 Ξ.
2403 2296 2883 2375 Distinyuendas
2914 2312 3034 2357 esse
3062 2296 3213 2356 duas
3229 2298 3440 2371 partes
3459 2293 3532 2353 in
3562 2291 3786 2369 leffe.—

2216 2389 2312 2451 Ad
2354 2388 2795 2449 resolutionem
2822 2388 3009 2465 hujus
3048 2385 3403 2465 quaestionis
3439 2388 3619 2463 (cum
3654 2400 3787 2462 pro-

2216 2482 2498 2561 portione
2533 2480 2613 2541 ad
2641 2498 2715 2541 ea
2744 2499 2879 2558 quse
2914 2479 2989 2539 de
3026 2477 3162 2556 lege
3192 2477 3426 2556 poenali
3462 2477 3778 2551 diximus),

2216 2580 2459 2653 oportet
2500 2573 2881 2650 distinguere
2908 2572 3060 2632 duas
3091 2577 3297 2650 partes
3335 2572 3402 2630 in
3445 2571 3567 2631 hac
3608 2569 3781 2646 lege:

2217 2685 2346 2727 una
2380 2671 2474 2727 est
2500 2665 2739 2727 effectio
2766 2665 2867 2725 vel
2897 2663 3143 2725 omissio
3167 2663 3421 2723 actionis
3448 2680 3650 2740 quam
3689 2660 3781 2722 lex

2215 2760 2335 2820 ista
2376 2759 2675 2839 praecipit,
2705 2757 2830 2817 alia
2861 2762 2953 2818 est
2992 2756 3249 2817 irritatio
3286 2753 3545 2815 actionis
3586 2770 3780 2831 quam

2216 2850 2319 2912 lex
2346 2852 2480 2929 ipsa
2501 2851 2684 2929 jubet
2707 2849 2808 2911 vel
2833 2849 3005 2910 facit.
3041 2848 3212 2909 Circa
3239 2847 3533 2926 primum,
3564 2845 3774 2906 adver·

2216 2950 2347 3005 tere
2375 2948 2618 3023 oportet
2646 2962 2722 3004 ex
2749 2942 2952 3018 dictis,
2984 2940 3313 3021 tripliciter
3336 2940 3474 3001 ferri
3493 2938 3653 2999 hanc
3678 2939 3771 2998 le-

2219 3055 2386 3117 gem,
2409 3035 2661 3111 scilicet,
2685 3053 2798 3115 per
2814 3034 3070 3095 modum
3093 3033 3445 3094 affirmativi
3460 3030 3758 3111 praecepti,

2216 3131 2316 3194 vel
2344 3150 2453 3211 per
2475 3132 2732 3212 modum
2757 3130 3055 3208 negativi,
3074 3128 3176 3191 vel
3200 3133 3420 3189 neutro
3446 3126 3638 3199 modo,
3658 3124 3761 3185 sed

2218 3230 2464 3286 tantum
2501 3224 2678 3303 quasi
2704 3221 3201 3283 conditionaliter
3230 3220 3310 3280 ad
3338 3219 3586 3280 modum
3616 3217 3759 3295 legis

2216 3335 2372 3398 pure
2408 3316 2690 3397 poenaIiS.
2745 3315 2985 3376 Primus
3030 3313 3253 3374 modus
3298 3312 3484 3374 habet
3530 3309 3759 3391 proprie

2217 3411 2421 3472 locum
2448 3410 2517 3470 in
2540 3409 2781 3488 legibus
2807 3427 2946 3488 quae
2973 3407 3125 3468 dant
3152 3407 3421 3467 formam
3457 3401 3755 3466 contracti-

2216 3503 2355 3579 bus,
2383 3510 2457 3564 ut
2489 3507 2658 3581 patet
2689 3502 2759 3563 in
2798 3502 3044 3563 decreto
3084 3499 3433 3561 Tridentini
3464 3497 3539 3558 de
3565 3494 3755 3557 matri-

2216 3596 2454 3670 monio,
2485 3613 2608 3675 quo
2643 3594 2999 3675 praecipitur
3026 3598 3097 3654 ut
3132 3591 3595 3655 matrimonium
3630 3604 3751 3648 cum

2216 3687 2329 3749 tali
2362 3687 2750 3749 solemnitate
2777 3686 2906 3749 fiat.
2935 3688 3089 3748 Item
3121 3686 3190 3745 in
3217 3683 3553 3745 canonibus
3578 3679 3752 3742 danti-

2217 3780 2334 3842 bus
2361 3780 2627 3842 formam
2655 3781 2724 3840 in
2752 3778 3184 3856 electionibus,
3215 3779 3282 3839 in
3309 3774 3750 3840 alienationibus

2219 3874 2666 3950 ecclesiasticis,
2712 3878 2774 3934 et
2816 3872 3157 3947 similibus3
3205 3871 3569 3952 praecipiunt
3605 3867 3748 3928 enim

2220 3967 2410 4030 talem
2449 3966 2718 4028 formam
2757 3966 3012 4042 servari,
3046 3970 3109 4026 et
3150 3964 3355 4044 quoad
3398 3963 3516 4023 hoc
3552 3960 3749 4022 habent

2221 4060 2490 4123 formam
2531 4058 2887 4120 affirmativi
2932 4057 3243 4138 praecepti.
3287 4057 3352 4119 Si
3394 4055 3534 4135 quis
3570 4058 3749 4115 autem

2220 4159 2386 4215 recte
2412 4150 2758 4213 consideret
2783 4150 2932 4211 talia
2957 4155 3287 4230 praecepta,
3321 4154 3392 4209 ut
3416 4144 3750 4208 affirmativa

2222 4251 2389 4321 sunt,
2438 4261 2566 4305 non
2620 4249 2765 4305 sunt
2816 4243 3121 4319 absoluta,
3168 4241 3274 4303 sed
3327 4240 3745 4310 conditionata3

2223 4357 2349 4400 non
2376 4338 2546 4399 enim
2572 4336 2943 4416 praecipiunt
2968 4335 3406 4398 alienationem
3428 4332 3585 4407 fieri,
3606 4326 3749 4390 verbi

2225 4432 2449 4512 gratia,
2472 4429 2579 4491 sed
2593 4435 2687 4506 ut,
2712 4430 2764 4490 si
2789 4429 2921 4505 fiat,
2942 4429 3054 4489 tali
3074 4429 3259 4490 modo
3278 4426 3411 4499 fiat,
3434 4427 3582 4505 quia
3598 4420 3751 4484 nimi-

2223 4542 2366 4586 rum
2388 4523 2541 4586 tales
2566 4523 2734 4601 leges
2760 4539 2887 4583 non
2914 4522 3283 4601 praecipiunt
3304 4519 3654 4581 exercitium
3672 4530 3752 4573 ae-

2223 4622 2347 4692 tus,
2384 4620 2457 4676 ut
2482 4615 2569 4675 sic
2596 4615 2823 4690 dicam,
2854 4615 2960 4676 sed
2988 4613 3191 4676 solum
3224 4613 3493 4674 formam
3519 4628 3622 4671 seu
3644 4623 3752 4668 mo-

2222 4711 2374 4772 dum
2393 4708 2766 4770 servandum
2784 4708 2851 4768 in
2871 4713 3036 4784 actu,
3057 4707 3307 4787 quando
3324 4705 3416 4766 fit.
3440 4704 3614 4765 Unde
3629 4699 3755 4763 talia

2223 4810 2528 4887 praecepta
2548 4803 2939 4864 resolvuntur
2958 4802 3211 4865 tandem
3238 4802 3307 4861 in
3332 4800 3641 4879 negativa,
3660 4794 3755 4857 sci-

2222 4900 2392 4977 licet,
2431 4903 2502 4958 ut
2530 4896 2672 4957 talis
2703 4901 2877 4957 actus
2918 4896 3054 4957 sine
3089 4896 3202 4957 tali
3239 4893 3627 4956 solemnitate
3651 4907 3756 4951 non

2224 4992 2364 5068 fiat3
2386 4992 2476 5053 sic
2496 4990 2954 5067 Tridentinum,
2966 5007 3111 5051 sess,
3136 4991 3239 5065 25,
3261 5006 3318 5050 0.
3344 4990 3422 5049 15
3441 4987 3520 5048 de
3535 4984 3752 5065 Regni,

2223 5086 2395 5167 prius
2426 5083 2711 5165 prohibet
2754 5082 3199 5163 professionem
3224 5081 3364 5143 fieri
3396 5087 3544 5143 ante
3582 5077 3756 5159 exple·

2224 5185 2361 5241 tum
2379 5177 2694 5239 decimum
2712 5183 2954 5237 sextum
2971 5194 3210 5237 annum
3227 5176 3448 5252 oetatis,
3470 5179 3534 5235 et
3546 5185 3755 5234 annum

2221 5271 2625 5354 probationiS,
2649 5276 2711 5333 et
2738 5270 2962 5333 deinde
2982 5271 3189 5332 itritat
3216 5270 3653 5351 professionem
3670 5262 3758 5324 ali·

2220 5372 2317 5428 ter
2356 5366 2602 5426 factam.
2645 5364 2939 5438 Quocirca
2976 5364 3283 5426 secundus
3323 5362 3544 5424 modus
3571 5361 3756 5438 legum

2220 5459 2653 5537 negativarum
2697 5457 3185 5537 prohibentium,
3219 5457 3471 5531 scilicet,
3512 5453 3756 5516 absolute

2218 5559 2418 5632 actus,
2447 5558 2512 5616 et
2539 5552 2920 5620 irritantium
2955 5551 3096 5615 11105
3134 5551 3520 5633 frequentior
3547 5555 3657 5612 est.
3680 5544 3754 5608 Sic
