3976 6219
525 369 649 433 462

1438 374 1555 426 Lm.
1591 373 1658 425 V.
1688 368 2166 425 nz‘vanmum
2193 370 2404 426 mm!
2434 370 2845 427 nmmum.

527 476 607 539 ab
640 474 748 537 illo
779 475 979 537 solum
999 475 1372 537 sententiam
1393 473 1861 535 declaratoriam
1887 472 2094 533 crimi-
2168 476 2416 532 tantum
2436 472 2710 533 continet
2723 487 2976 552 poenam
2997 468 3353 546 ferendam3
3382 474 3451 530 et
3479 466 3568 528 de
3598 471 3775 527 statu

525 570 630 630 nis
650 570 958 648 requirat;
975 586 1123 647 ergo
1141 573 1278 648 post
1304 566 1477 627 illam
1504 565 1873 627 sententiam
1895 565 2095 644 prola-

525 668 657 724 tam
672 663 880 723 statim
900 661 1138 740 obligat
1150 678 1326 723 reum
1337 660 1418 721 ad
1431 659 1856 721 executionem
1866 675 2089 738 poenae.

601 757 664 816 9.
714 754 973 833 objectio
1009 753 1291 817 Govam.
1307 785 1391 800 —
1416 752 1702 814 Diluitur
1735 751 2001 829 objectio.
2013 780 2096 796 -

526 848 758 910 Contra
777 847 941 909 hanc
966 865 1115 909 vero
1146 847 1547 908 assertionem
1579 843 1767 922 objici
1793 848 1993 922 potoet
2017 860 2094 903 ex

528 942 746 1003 Covar.
791 958 997 1021 supra,
1041 939 1198 1000 illat.
1242 940 1302 1000 8.
1344 939 1502 998 Nam
1548 936 1737 997 etiam
1771 941 1910 1015 post
1957 953 2095 996 sen-

527 1033 791 1096 tentiam
840 1031 1409 1095 condemnatoriam
1425 1075 1446 1106 ,
1495 1047 1623 1090 non
1666 1033 1914 1091 tenetur
1954 1045 2097 1089 reus

524 1144 778 1208 poenam
817 1125 1074 1205 exequi,
1118 1124 1241 1185 nisi
1270 1123 1466 1202 judex
1505 1121 1682 1182 1118111
1704 1126 2092 1200 exequatur.

525 1238 676 1298 ergo
716 1219 912 1280 multo
950 1218 1159 1278 minus
1196 1215 1511 1278 tenebitur
1544 1220 1680 1294 post
1724 1213 1919 1275 solam
1960 1232 2097 1274 sen-

524 1312 794 1374 tentiam
842 1310 1334 1384 declaratoriam,
1384 1308 1627 1368 etiamsi
1674 1306 1772 1367 lex
1807 1306 2099 1391 condem:-

528 1422 682 1466 nare
715 1409 1042 1465 censeatur
1063 1404 1196 1482 ipso
1213 1402 1395 1463 facto.
1419 1400 1779 1479 Respondeo
1792 1398 2099 1477 imprimis

529 1497 898 1559 antecedens
935 1514 1064 1558 non
1100 1513 1227 1557 esse
1268 1496 1336 1554 in
1372 1492 1731 1554 universum
1756 1508 1997 1566 verum,
2026 1494 2098 1550 ut

528 1591 739 1653 statim
767 1591 990 1652 dicam.
1023 1589 1179 1663 Quia
1201 1604 1350 1649 vero
1376 1586 1691 1647 interdum
1714 1590 1931 1664 ’potest
1968 1601 2099 1644 oese

526 1700 771 1759 verum,
799 1689 872 1743 ιιι
904 1683 1093 1744 etiam
1138 1680 1364 1755 dicam,
1412 1687 1474 1740 et
1511 1678 1658 1739 inde
1690 1682 1890 1757 potest
1915 1694 2098 1754 argu-

529 1780 816 1835 mentum
849 1773 1090 1848 confici,
1125 1772 1286 1833 addo
1328 1790 1455 1833 esse
1493 1770 1906 1832 differentiam
1934 1769 2101 1829 inter

527 1864 734 1945 legem
783 1866 1149 1945 punientem
1181 1865 1314 1944 ipso
1347 1863 1532 1938 facto,
1571 1869 1634 1923 et
1651 1861 1928 1941 judicem
1955 1878 2101 1921 con-

532 1959 960 2033 demnantem,
996 1956 1163 2037 quod
1188 1956 1291 2017 lex
1312 1955 1575 2035 puniens
1605 1955 1736 2034 ipso
1766 1953 1951 2027 facto,
1979 1957 2102 2012 sta-

531 2051 646 2112 tim
666 2050 946 2130 proecipit
974 2047 1275 2129 quidquid
1299 2046 1712 2108 necessarium
1741 2050 1833 2108 est
1857 2044 1938 2105 ad
1960 2061 2103 2105 exe-

531 2144 845 2204 cutionem
897 2159 1119 2222 1181888,
1168 2140 1493 2219 solumque
1539 2138 1844 2218 permittit
1900 2143 2101 2197 trans-

532 2236 798 2315 gressori
847 2240 1171 2314 expectare
1210 2233 1439 2312 judicis
1478 2231 1980 2307 declarationem,
2038 2235 2102 2291 et

530 2327 781 2388 nullum
833 2326 1004 2387 aliud
1049 2325 1468 2386 ministerium
1515 2325 1740 2402 judicis
1783 2324 1918 2384 vult
1971 2340 2101 2384 esse

532 2419 951 2481 necessarium
990 2418 1070 2479 ad
1102 2418 1293 2479 talem
1332 2417 1788 2478 executionem:
1844 2422 1907 2477 et
1954 2417 2104 2495 quia

535 2512 638 2573 lex
666 2511 857 2573 semel
891 2511 1019 2572 lata
1062 2527 1307 2589 semper
1338 2509 1558 2571 eodem
1588 2509 1773 2570 modo
1801 2509 2099 2589 praecipit,

534 2605 676 2665 ideo
717 2621 962 2682 semper
993 2602 1181 2664 etiam
1207 2601 1426 2663 eodem
1455 2600 1654 2662 modo
1696 2601 1928 2680 obligat
1966 2605 2104 2679 post

532 2695 1004 2757 declaratoriam
1035 2694 1430 2754 sententiam.
1471 2693 1671 2754 Judex
1710 2699 1921 2754 autem
1950 2694 2103 2753 dum

535 2787 906 2848 condemnat
930 2803 1057 2846 non
1085 2803 1328 2865 semper
1371 2786 1570 2846 utitur
1597 2785 1832 2846 eisdem
1873 2786 2098 2861 verbis,

533 2886 597 2944 et
637 2880 778 2940 ideo
823 2897 951 2939 non
990 2896 1233 2960 semper
1269 2878 1525 2957 obligat,
1558 2879 1660 2940 vel
1698 2898 1823 2940 non
1870 2879 2105 2958 obligat

535 2974 616 3037 ad
645 2973 1068 3035 executionem
1099 2973 1458 3034 immediate
1486 2973 1837 3034 faciendam
1869 2991 1980 3053 per
2006 2992 2106 3034 ac-

532 3067 770 3128 tionem
809 3064 1003 3147 ipsius
1028 3066 1122 3127 rei
1151 3066 1383 3146 absque
1409 3066 1532 3128 alia
1559 3066 1923 3128 executione
1966 3085 2101 3144 sua,

535 3159 643 3222 sed
672 3177 799 3220 uno
825 3165 887 3220 et
911 3160 1107 3221 altero
1134 3159 1320 3221 modo
1346 3164 1546 3239 potest
1572 3161 2009 3237 condemnare,
2034 3165 2105 3221 ut

531 3254 664 3333 jam
688 3252 912 3314 dicam.

616 3345 716 3405 10.
753 3344 1120 3422 Quanquam
1149 3349 1360 3407 autem
1396 3344 1529 3405 haec
1557 3344 1635 3405 sit
1660 3343 1877 3422 regula
1911 3361 2104 3422 3888-

533 3436 683 3498 ralis
703 3438 780 3497 de
805 3455 892 3512 se,
924 3436 1197 3497 dubitari
1224 3437 1632 3497 nihilominus
1657 3442 1859 3516 potest
1892 3455 1974 3497 an
1996 3456 2104 3516 pa-

534 3529 729 3589 tiatur
759 3527 1033 3606 aliquam
1062 3529 1509 3607 exceptionem,
1540 3534 1603 3589 et
1643 3529 1711 3588 in
1747 3528 2104 3606 particulari

534 3619 691 3681 solet
735 3620 930 3698 quaeri
964 3619 1042 3681 de
1085 3637 1272 3698 poena
1316 3619 1769 3680 confiscationis
1819 3620 2104 3680 omnium

540 3713 872 3787 bonorum,
903 3730 985 3771 an
1029 3729 1140 3790 per
1170 3713 1453 3773 eamdem
1483 3713 1763 3791 regulam
1794 3713 2104 3791 obligetur

533 3823 676 3867 reus
719 3805 787 3864 in
814 3805 1190 3866 conscientia
1221 3806 1299 3865 ad
1326 3805 1498 3866 illam
1525 3807 1951 3912 exequendam
1978 3812 2105 3866 sta-

533 3898 651 3958 tim
697 3916 770 3958 ac
799 3897 997 3957 fertur
1031 3898 1336 3959 sententia
1371 3899 1773 3960 declaratoria
1799 3900 2099 3960 criminis.

534 3993 691 4053 Nam
714 3990 896 4051 multi
922 4009 1000 4052 ex
1027 3991 1383 4053 auctoribus
1425 3993 1623 4053 citatis
1653 3994 1999 4069 affirmant,
2031 3997 2103 4053 ut

535 4084 706 4158 Soto,
736 4082 993 4159 Medin.,
1020 4084 1226 4159 cord„
1252 4085 1510 4161 Anton.,
1542 4085 1773 4146 indicat
1799 4087 2098 4162 Simanc„

536 4174 700 4236 dicto
732 4174 829 4236 tit.
863 4178 929 4250 9,
971 4195 1037 4236 ιι.
1079 4178 1219 4237 165.
1256 4178 1549 4238 Nituntur
1579 4178 1648 4238 in
1681 4178 2102 4240 fundamentis

535 4268 775 4348 positis.
823 4267 948 4329 Alii
970 4273 1192 4347 putant
1212 4269 1281 4329 in
1305 4269 1423 4332 hoc
1462 4289 1610 4332 casu
1641 4269 1868 4332 habere
1894 4271 2102 4332 locum

532 4362 805 4441 priorem
834 4361 1204 4422 sententiam
1226 4349 1472 4437 Covar'ss,
1507 4367 1569 4423 et
1594 4362 1712 4423 1188
1738 4362 1938 4440 818318
1965 4381 2105 4425 sen-

531 4454 612 4514 tit
632 4454 932 4529 Simanc.,
973 4472 1040 4514 ιι.
1074 4455 1210 4528 163,
1258 4461 1321 4516 8ι
1343 4454 1499 4514 811111
1534 4455 1723 4515 etiam
1748 4456 1947 4534 magis
1962 4476 2104 4536 pro-

532 4545 721 4607 batur
744 4562 766 4623 3
802 4552 938 4606 tum
968 4546 1114 4626 quia
1152 4545 1262 4607 illa
1293 4564 1478 4625 poena
1503 4552 1597 4607 est
1622 4547 2005 4625 gravissima,
2040 4555 2103 4611 et

532 4644 976 4718 consequenter
1001 4637 1108 4699 1118
1141 4637 1362 4699 modus
1402 4639 1777 4700 executionis
1819 4647 1977 4702 esset
2003 4642 2099 4702 ni-

530 4731 651 4794 mis
677 4732 911 4793 arduus
933 4752 950 4806 3
984 4736 1122 4792 tum
1149 4730 1337 4792 etiam
1366 4732 1514 4811 quia
1529 4731 1598 4791 in
1625 4750 1680 4796 c.
1718 4732 1869 4796 Cum
1895 4737 2098 4798 secun-

530 4829 673 4891 dum
700 4827 858 4906 loyes
892 4843 1021 4886 non
1046 4826 1390 4906 imponitur
1415 4828 1547 4888 hoec
1580 4827 1840 4906 positiva
1865 4828 2100 4908 obliga-

532 4920 620 4981 tio
634 4965 655 4995 ,
699 4919 802 4980 sed
856 4919 1050 4997 judici
1099 4919 1285 4982 datur
1333 4926 1599 5000 potestas
1644 4922 1722 4981 ad
1760 4921 2099 4982 auferenda

532 5012 745 5073 omnia
772 5011 937 5073 bona
963 5029 1001 5072 a
1028 5012 1129 5073 die
1161 5013 1472 5073 commissi
1503 5012 1711 5073 delicti
1737 5019 1873 5092 post
1893 5014 2097 5075 decla-

529 5105 827 5166 ratoriam
860 5105 1274 5183 sententiam3
1305 5111 1442 5166 tum
1474 5103 1743 5183 denique
1781 5106 1928 5184 quia
1961 5107 2097 5168 haec

530 5202 626 5260 est
656 5201 1003 5259 communis
1034 5198 1262 5277 praxis,
1316 5202 1381 5258 et
1415 5197 1813 5258 consuetudo.
1856 5197 1974 5260 Sed
2021 5200 2096 5260 de

528 5288 648 5350 hac
674 5308 858 5368 poena
886 5290 1335 5353 confiscationis
1356 5291 1424 5351 in
1460 5291 1722 5352 materia
1765 5291 1842 5354 de
1870 5291 1993 5355 fide
2021 5310 2099 5354 ex

526 5380 798 5463 professo
825 5388 1180 5444 tractamus,

612 5477 710 5537 11.
755 5474 953 5537 Venio
984 5474 1064 5535 ad
1089 5474 1349 5539 alteram
1376 5481 1617 5556 partem
1642 5476 1722 5540 de
1755 5476 1918 5557 lege,
1953 5494 2098 5557 (11181

2172 564 2329 642 ejuS,
2373 565 2441 625 in
2489 582 2612 644 quo
2636 565 2769 643 jam
2817 569 2912 624 est
2948 580 3060 642 per
3109 562 3486 622 sententiam
3526 557 3777 638 judicis

2118 657 2489 736 imposita.
2519 658 2589 718 In
2615 675 2741 736 quo
2766 662 2997 737 puncto
3024 660 3266 736 oportet
3286 653 3779 715 distinctionem

2175 749 2469 811 adhibere
2510 767 2588 810 ex
2630 754 2806 829 parte
2852 766 3215 829 poenarum.
3266 764 3413 807 nam
3463 744 3781 825 quaedam

2176 848 2323 904 sunt
2344 842 2714 923 corporales,
2743 842 2883 903 alioe
2899 841 3294 922 pecuniariae.
3330 841 3408 900 Et
3425 838 3612 899 inter
3642 855 3781 897 cor-

2183 935 2421 1015 porales
2452 935 2737 1016 quaedam
2789 941 2936 996 sunt
2976 939 3195 996 contra
3220 933 3438 1008 vitam,
3467 930 3580 993 vel
3610 930 3782 989 inte-

2179 1029 2492 1108 gritatem,
2524 1029 2627 1090 vel
2660 1045 2915 1108 gravem
2941 1027 3220 1089 dolorem
3255 1034 3319 1087 et
3340 1023 3779 1104 ignominiam

2176 1120 2477 1197 inierunt,
2508 1127 2582 1182 ut
2607 1139 2799 1197 mors,
2828 1120 3162 1195 mutilatio,
3193 1125 3256 1178 et
3283 1117 3561 1197 publica,
3597 1134 3781 1176 8881·-

2180 1213 2261 1274 ba
2304 1219 2368 1275 et
2409 1214 2548 1274 vilis
2575 1212 2953 1292 flagellatio;
2991 1212 3129 1273 aliae
3157 1217 3304 1272 sunt
3345 1228 3487 1289 quae
3515 1210 3595 1269 in
3635 1226 3781 1280 881·-

2183 1288 2354 1386 pore,
2382 1307 2484 1368 vel
2509 1325 2620 1386 per
2646 1324 2866 1387 corpus
2911 1310 3277 1367 exercentur
3315 1302 3451 1363 sine
3490 1301 3779 1362 crudeli-

2184 1403 2332 1475 tate,
2362 1406 2436 1460 ut
2457 1400 2675 1461 abire
2659 1419 2726 1461 18
2753 1400 3034 1473 exilium,
3079 1397 3248 1458 domi
3286 1395 3633 1469 contineri,
3669 1412 3776 1473 pe·

2176 1493 2505 1571 regrinari,
2529 1498 2647 1553 etc.
3021 1512 3024 1515 ·

2263 1587 2569 1649 121&aeoe
2615 1586 3033 1649 condemnatus
3073 1585 3387 1662 adpoenas
3417 1580 3777 1660 corporales

2183 1684 2392 1741 cmttra
2411 1679 2625 1751 vitam,
2656 1679 3089 1757 inimo-itatem,
3132 1677 3405 1738 honorem
3428 1681 3486 1737 et
3514 1690 3772 1754 yravem

2185 1771 2441 1834 dolorem
2483 1772 2831 1848 inserentes,
2887 1787 3007 1830 non
3061 1773 3293 1831 tenetur
3328 1769 3411 1829 ad
3438 1766 3773 1846 propriam

2186 1865 2573 1927 nemimem
2595 1909 2617 1940 ,
2672 1863 2819 1943 quia
2857 1867 3005 1925 osset
3053 1862 3243 1923 nimis
3299 1860 3659 1922 violentum.
3691 1893 3772 1902 —

2181 1957 2390 2018 Primo
2430 1975 2579 2035 ergo
2611 1955 2942 2018 dicendum
2977 1960 3100 2015 est:
3131 1972 3275 2015 reus
3313 1954 3661 2014 damnatus
3689 1953 3769 2012 ad

2181 2049 2417 2129 priores
2455 2066 2671 2129 poenas
2713 2047 3082 2128 corporales,
3113 2045 3487 2125 regulariter
3515 2064 3652 2106 non
3679 2052 3771 2106 te-

2181 2148 2366 2204 netur
2393 2143 2460 2202 in
2488 2141 2858 2203 conscientia
2885 2142 2963 2201 ad
2982 2141 3298 2220 propriam
3325 2140 3767 2200 executionem

2157 2252 2420 2310 ‹em-um,
2470 2235 2577 2295 sed
2612 2235 2775 2295 hanc
2811 2233 2992 2295 debet
3037 2233 3240 2294 facere
3279 2232 3477 2311 judex
3507 2250 3626 2310 per
3648 2232 3765 2291 mi·

2182 2328 2407 2389 nistros
2447 2347 2613 2389 suos.
2673 2330 2745 2389 In
2799 2327 2915 2388 hac
2966 2327 3295 2387 assertione
3348 2325 3487 2385 fere
3546 2342 3765 2385 omnes

2183 2422 2585 2483 conveniunt.
2619 2421 2871 2483 Probari
2916 2420 3090 2495 solet,
3131 2421 3277 2497 quia
3304 2437 3438 2479 non
3479 2418 3633 2480 licet
3661 2435 3763 2478 reo

2186 2514 2375 2576 talem
2420 2531 2670 2593 poenam
2719 2515 2786 2574 in
2837 2513 3035 2593 seipso
3083 2511 3342 2590 exequi,
3397 2511 3552 2590 quia
3606 2516 3763 2571 esset

2183 2607 2486 2681 occidere,
2516 2606 2616 2667 vel
2651 2605 2941 2667 mutilare
2977 2624 3066 2680 se,
3097 2605 3261 2684 quod
3304 2611 3394 2664 oet
3418 2605 3765 2663 intrinsece

2183 2698 2449 2758 malum.
2488 2698 2608 2759 Sed
2632 2699 2763 2759 haec
2803 2698 2987 2773 ratio,
3017 2703 3082 2759 et
3104 2696 3287 2757 dubia
3324 2701 3418 2756 est
3442 2695 3632 2755 circa
3659 2695 3765 2755 has

2185 2808 2425 2870 poenas,
2450 2791 2601 2870 quia
2623 2792 2692 2851 18
2718 2791 2807 2852 818
2843 2809 2972 2851 888
2997 2795 3211 2868 ageret
3242 2806 3381 2848 reus
3412 2794 3491 2847 ut
3516 2788 3763 2867 privata

2184 2902 2467 2964 persona,
2509 2885 2617 2945 sed
2656 2890 2728 2945 ut
2763 2885 3047 2946 minister
3067 2883 3322 2963 judiciS,
3352 2888 3415 2942 et
3456 2881 3602 2942 ideo
3631 2899 3760 2941 non

2181 2977 2427 3038 videtur
2453 2994 2580 3038 esse
2616 2977 2733 3038 hoc
2770 2978 3098 3037 intrinsece
3127 2974 3387 3048 malum,
3420 2974 3493 3034 de
3521 2992 3653 3052 quo
3689 2974 3760 3031 in

2183 3072 2243 3131 2.
2294 3072 2356 3147 2,
2388 3088 2451 3149 (1.
2496 3071 2576 3131 64
2602 3091 2619 3145 ;
2641 3078 2704 3131 et
2729 3088 2856 3131 non
2884 3075 2978 3131 est
3003 3067 3395 3142 universaliS,
3436 3067 3586 3145 quia
3618 3065 3758 3126 81118

2183 3169 2329 3222 sunt
2356 3179 2555 3241 poenae
2577 3161 2942 3241 corporales,
2987 3178 3127 3240 quoe
3168 3161 3305 3220 sine
3334 3165 3587 3238 peccato
3619 3176 3757 3236 pos·

2185 3259 2323 3315 sent
2346 3252 2426 3315 ab
2452 3254 2715 3333 ipsomet
2733 3254 2841 3333 qui
2878 3254 3137 3333 punitur
3158 3252 3320 3327 fieri,
3348 3258 3412 3312 et
3438 3259 3652 3312 tamen
3678 3250 3754 3311 ad

2185 3345 2323 3407 illas
2364 3363 2566 3424 neque
2615 3346 2925 3425 obligatur
2970 3346 3108 3425 quis
3154 3351 3292 3424 post
3342 3345 3747 3418 sententiam,

2184 3455 2300 3500 nec
2341 3438 2550 3499 forsan
2591 3438 2853 3517 obligari
2874 3444 3075 3517 potest
3104 3483 3125 3513 ,
3157 3443 3229 3497 ut
3270 3443 3365 3499 est
3395 3437 3653 3497 infamis
3694 3441 3752 3495 et

2184 3530 2433 3610 publica
2457 3531 2826 3606 verberatio,
2849 3536 2911 3592 et
2932 3531 2986 3590 si
3003 3548 3141 3609 quae
3165 3535 3310 3590 sunt
3335 3528 3475 3590 aliae
3499 3529 3746 3589 similes.

2185 3623 2363 3683 Ratio
2381 3641 2528 3702 ergo
2556 3628 2649 3684 est
2679 3641 2865 3703 supra
2896 3628 3083 3698 tacta,
3104 3623 3252 3701 quia
3275 3628 3368 3682 est
3395 3623 3588 3682 nimis
3628 3622 3751 3681 vio-

2182 3713 2423 3775 lentum
2451 3761 2472 3791 ,
2524 3714 2688 3794 quod
2736 3716 2904 3777 idem
2944 3715 3024 3775 sit
3064 3732 3255 3793 agens
3295 3719 3357 3774 et
3402 3716 3650 3793 patiens
3688 3716 3752 3773 in

2180 3825 2366 3885 poena
2386 3813 2517 3869 tam
2546 3807 2811 3868 acerba:
2847 3825 2972 3886 qua
2991 3807 3183 3885 igitur
3208 3808 3449 3867 ratione
3476 3806 3601 3866 hoc
3625 3824 3747 3866 non

2181 3905 2523 3978 imperatur
2549 3917 2659 3978 per
2694 3899 2896 3978 183818
2941 3900 3163 3977 ipsam,
3193 3898 3408 3959 eadem
3443 3916 3574 3957 non
3597 3915 3748 3977 111-81-

2182 3992 2408 4071 cipitur
2447 4010 2559 4071 per
2585 3992 2977 4054 sententiam.
3017 3992 3094 4052 Et
3116 3991 3205 4051 ita
3222 3996 3461 4051 constat
3480 4007 3563 4050 ex
3587 4008 3749 4049 8818-

2182 4085 2361 4146 181181
2372 4103 2487 4146 usu
2507 4101 2529 4161 ;
2561 4102 2708 4145 nam
2730 4086 2799 4145 in
2824 4083 3184 4163 hujusmodi
3197 4084 3540 4156 sententiis,
3563 4082 3747 4143 verba

2179 4177 2531 4257 passionem
2573 4178 2777 4257 potius
2819 4193 3012 4256 quam
3049 4176 3363 4240 actionem
3390 4174 3747 4253 significant

2179 4276 2464 4349 respectu
2486 4269 2601 4330 rei.

2262 4364 2359 4424 13.
2406 4363 2576 4425 Data
2602 4362 2897 4424 sententia
2913 4366 3109 4440 potest
3130 4379 3270 4426 reus
3295 4364 3605 4426 estendere
3628 4362 3743 4426 ool-

2180 4456 2328 4531 lam,
2360 4457 2666 4520 “condem
2691 4455 2941 4532 scalam,
2988 4461 3123 4531 eto„
3170 4458 3431 4535 aptando
3458 4475 3522 4519 se
3562 4456 3743 4517 morti

2179 4548 2547 4627 recipiendae.
2571 4581 2649 4591 —
2674 4546 2955 4608 Dubitari
2986 4553 3196 4609 autem
3241 4548 3393 4609 solet
3438 4567 3550 4623 an,
3600 4548 3745 4608 dum

2175 4641 2370 4719 judex
2390 4640 2721 4718 exequitur
2749 4640 3120 4702 sententiam
3144 4641 3482 4720 praesertim
3503 4641 3744 4714 mortis,

2181 4734 2372 4815 possit
2398 4733 2561 4812 quis,
2588 4733 2690 4795 vel
2712 4739 2997 4795 teneatur
3021 4734 3258 4812 aliquas
3275 4734 3548 4794 actiones
3577 4750 3748 4793 exer·

2183 4844 2343 4901 cere,
2392 4830 2462 4885 ut
2507 4825 2854 4902 ambulare,
2908 4828 3254 4902 ascendere,
3298 4832 3362 4887 et
3414 4827 3744 4887 extendere

2181 4935 2465 4993 manum,
2514 4917 2615 4978 vel
2658 4937 3005 4998 praeparare
3055 4918 3305 4995 collum,
3360 4924 3476 4980 etc.
3537 4918 3742 4996 Aliqui

2179 5012 2454 5073 absolute
2501 5017 2734 5091 negant
2779 5013 2980 5074 teneri
3018 5012 3099 5074 ad
3140 5011 3373 5091 aliquid
3399 5012 3737 5091 agendum,

2178 5106 2285 5168 sed
2313 5104 2514 5166 solum
2542 5104 2618 5165 ad
2644 5105 3041 5184 patiendum3
3072 5110 3135 5165 et
3155 5105 3315 5165 ratio
3345 5123 3477 5165 esse
3515 5110 3737 5183 potest,

2176 5199 2325 5279 quia
2370 5197 2671 5278 quidquid
2720 5204 2888 5276 agat,
2941 5204 3301 5278 cooperatur
3349 5198 3537 5259 morti
3591 5215 3735 5272 suae,

2175 5293 2340 5373 quod
2381 5311 2511 5353 non
2536 5294 2702 5369 licet,
2734 5292 2833 5353 vel
2871 5298 2961 5353 est
2987 5293 3142 5353 adeo
3175 5294 3424 5367 durum,
3456 5298 3528 5352 ut
3557 5309 3736 5353 nemo

2174 5386 2460 5447 videatur
2485 5402 2661 5464 posse
2688 5384 2767 5445 ad
2798 5385 2916 5445 hoc
2943 5384 3239 5463 obligari,
3271 5385 3567 5455 maxime,
3597 5384 3737 5464 quia

2174 5477 2349 5540 nulla
2369 5478 2616 5543 videtur
2645 5477 2806 5541 actio
2832 5478 2925 5541 rei
2949 5478 3296 5541 necessaria
3314 5477 3397 5540 ad
3431 5478 3736 5556 executio-
