3976 6219
435 408 556 469 550

432 514 578 577 licet
597 528 709 593 per
732 508 992 573 verbum
1017 509 1096 573 de
1121 511 1409 591 prasenti
1443 510 1608 571 dicat
1633 526 1752 572 non
1779 514 1995 590 potest,

437 624 682 685 semper
699 604 819 665 hoc
841 603 988 665 dicit
1015 604 1266 684 quando
1292 610 1505 683 postea
1530 608 1880 664 contractus
1899 601 1996 679 fit,

437 700 588 779 quia
625 715 869 777 semper
899 696 1000 758 lex
1039 696 1227 757 durat
1267 702 1330 757 et
1373 696 1462 757 ita
1505 712 1748 776 semper
1773 696 2002 757 resistit

437 793 606 855 actui
626 791 960 853 auferendo
979 796 1344 871 potestatem
1354 806 1377 870 3
1395 790 1504 853 illa
1521 806 1674 871 ergo
1691 788 2002 852 distinctio

437 885 671 949 nullius
703 883 1004 946 momenti
1030 889 1143 947 est.

520 980 620 1041 ¹3.
661 978 1018 1057 Reponitur
1035 978 1274 1041 verbim
1301 976 1450 1043 Nem
1464 976 1681 1057 possit.
1696 1008 1778 1021 —-
1797 976 2003 1037 Potest

434 1077 646 1134 tamen
669 1088 798 1131 non
817 1070 1131 1131 immerito
1157 1069 1320 1131 circa
1342 1068 1505 1130 hanc
1523 1067 2001 1130 declarationem

437 1164 734 1241 dubitari,
768 1164 917 1244 quia
953 1163 1216 1225 verbum
1251 1180 1370 1226 non
1399 1168 1593 1243 potest
1635 1162 2001 1240 ambiguum

438 1264 570 1319 est:
601 1275 761 1338 saepe
788 1257 957 1318 enim
984 1272 1111 1317 non
1136 1256 1445 1335 sig-nificat
1469 1255 1865 1334 negationem
1893 1270 2001 1334 po-

439 1350 650 1421 tentiae
695 1348 863 1424 facti,
905 1353 976 1409 ut
1003 1348 1091 1409 sic
1121 1348 1349 1423 dicam,
1393 1346 1499 1409 sed
1530 1346 1706 1427 juris.
1738 1348 1894 1409 Nam
1935 1346 2002 1407 id

439 1443 800 1523 simpliciter
855 1459 1180 1521 possumus
1231 1441 1395 1521 quod
1443 1442 1586 1521 Jure
1638 1456 1962 1521 possumus
1975 1485 1998 1516 ,

439 1538 608 1599 unde
638 1534 996 1616 simpliciter
1020 1536 1286 1597 dicimur
1311 1553 1438 1596 non
1470 1552 1646 1614 posse
1672 1551 1810 1613 quae
1834 1533 2005 1593 licite

439 1631 640 1697 faeere
671 1647 799 1690 non
816 1646 1168 1709 possumus3
1195 1646 1344 1708 ergo
1366 1646 1443 1690 ex
1461 1628 1648 1690 verbo
1669 1646 1786 1689 non
1809 1625 2007 1706 possit

443 1741 572 1784 non
601 1721 748 1783 satis
779 1720 1090 1799 colligitur
1125 1721 1495 1801 impotentia
1533 1718 1862 1780 annullans
1906 1736 2005 1779 ac·-

442 1821 603 1891 tum,
651 1814 756 1875 sed
787 1820 1032 1875 tantum
1075 1813 1409 1893 prohibitio
1453 1812 1686 1874 faciens
1722 1816 1797 1872 ut
1832 1818 2007 1873 actus

447 1924 575 1970 non
617 1906 820 1967 liceat.
867 1907 949 1967 Et
993 1924 1142 1967 sane
1184 1906 1375 1967 Gloss.
1418 1922 1558 1985 quae
1589 1904 1670 1965 ad
1717 1904 1836 1965 hoc
1877 1904 2009 1965 fre-

448 2003 711 2079 quenter
741 2001 966 2058 citatur
990 1998 1059 2058 in
1088 2016 1222 2079 cap.
1251 2001 1282 2059 1
1316 1997 1394 2058 de
1426 1995 1646 2075 Regul.
1667 1996 1820 2077 jur„
1846 1996 1914 2055 in
1941 1996 2007 2071 6,

448 2089 622 2154 verb.
653 2091 800 2155 Non
821 2096 1035 2170 potest,
1067 2090 1267 2151 solum
1307 2090 1455 2150 dicit
1482 2090 1875 2168 negationem
1903 2089 2012 2150 ad-

448 2184 644 2246 ditam
663 2183 853 2244 verbo
867 2188 1061 2262 potest
1071 2182 1367 2244 inducere
1381 2182 1828 2256 necessitatem,
1844 2180 2011 2260 quod

451 2283 544 2339 est
584 2293 804 2338 verum
822 2321 845 2351 ,
898 2276 1046 2355 quia
1094 2274 1333 2336 inducit
1385 2274 1807 2335 necessitatem
1857 2273 2013 2334 obli-

450 2368 742 2447 gationis,
771 2384 900 2428 non
925 2372 1138 2428 tamen
1163 2367 1309 2428 inde
1335 2366 1410 2428 fit
1434 2372 1504 2427 ut
1528 2364 1780 2427 inducat
1805 2384 2012 2428 neces-

449 2459 696 2521 sitatem
715 2459 1095 2539 impotentia
1117 2458 1193 2519 ad
1215 2460 1563 2540 oppositum
1583 2464 1790 2519 actum
1809 2458 2013 2538 quoad

449 2552 724 2613 valorem
751 2552 906 2631 ejuS.
921 2551 1098 2612 Unde
1109 2568 1252 2612 cum
1271 2554 1340 2612 in
1363 2550 1470 2612 illo
1486 2551 1687 2630 primo
1709 2568 1844 2630 cap.
1865 2551 2014 2611 dici-

449 2649 599 2705 tur:
630 2644 776 2709 Non
805 2648 1002 2722 potest
1042 2642 1227 2720 licito,
1258 2644 1448 2720 Glos.,
1487 2643 1555 2703 in
1594 2642 1766 2704 verb.
1796 2644 2011 2720 Licita,

451 2740 626 2798 notat
649 2736 805 2797 illud
831 2734 1112 2795 additum
1140 2736 1306 2798 licite
1329 2735 1846 2815 superabundare,
1867 2736 2017 2814 quia

451 2827 622 2888 idem
663 2826 901 2887 dictum
941 2824 1147 2886 fuerat
1185 2843 1302 2905 per
1340 2827 1602 2886 verbum
1643 2844 1761 2887 non
1793 2832 2011 2904 potest,

451 2916 601 3000 quia
637 2915 704 2978 id
740 2932 1068 2997 possumus
1097 2917 1262 2996 quod
1285 2917 1432 2995 jure
1469 2933 1812 2997 possumus.
1857 2918 2015 2978 Nam

451 3028 592 3091 quae
617 3013 833 3071 contra
857 3006 1054 3069 bonos
1087 3026 1290 3070 mores
1313 3008 1499 3085 fiunt,
1526 3026 1644 3070 nec
1673 3008 1876 3069 facere
1901 3026 2015 3070 nos

449 3123 629 3188 posse
668 3100 1047 3166 credendum
1090 3109 1204 3180 est,
1247 3107 1320 3164 ut
1343 3102 1572 3165 dicitur
1611 3102 1680 3164 in
1711 3101 1756 3164 1.
1799 3103 2017 3167 Filius

447 3200 558 3281 qui
567 3242 588 3274 ,
617 3198 684 3260 ff.
719 3197 797 3260 de
827 3195 1290 3258 Conditionibus
1319 3196 1804 3257 institutionum.
1836 3195 2015 3257 Unde

449 3292 520 3353 in
547 3309 600 3352 c.
632 3290 883 3366 Faciat,
911 3289 994 3349 22
1024 3288 1164 3350 dist.
1172 3334 1193 3365 ,
1223 3289 1313 3350 ait
1341 3289 1503 3368 Aug.
1549 3287 1773 3350 debere
1810 3285 2015 3349 facere

447 3383 770 3446 hominem
799 3401 913 3462 pro
941 3380 1138 3443 salute
1163 3381 1415 3442 alterius
1440 3379 1607 3460 quod
1635 3385 1858 3462 potest,
1885 3397 2015 3441 non

449 3483 662 3538 tamen
683 3473 906 3536 debere
931 3491 1183 3554 peccare
1209 3491 1322 3553 pro
1348 3471 1602 3533 alterius
1627 3471 1844 3548 salute,
1865 3471 2016 3551 quia

449 3566 752 3630 nimirum
781 3565 936 3626 illud
964 3583 1094 3626 non
1120 3570 1325 3645 potest
1347 3563 1515 3643 quod
1550 3581 1680 3624 non
1707 3564 1906 3624 liceat.
1937 3565 2017 3624 Et

448 3660 540 3722 ita
563 3660 632 3720 in
659 3677 792 3739 cap.
825 3659 1116 3734 butes-as,
1142 3658 1220 3719 de
1245 3658 1462 3718 Restit.
1493 3655 1733 3734 spoliat.
1738 3700 1760 3732 ,
1787 3655 2015 3716 dicitur

449 3753 782 3833 conjugem
825 3750 1137 3811 conscium
1175 3749 1254 3810 de
1287 3741 1728 3828 impedimento
1755 3765 2015 3809 consan-

451 3843 780 3924 guinitatis
807 3860 936 3904 non
979 3859 1154 3922 posse
1196 3841 1373 3903 alteri
1417 3841 1821 3919 commisceri,
1863 3845 2014 3922 quia

448 3937 618 4000 licite
635 3953 762 3997 non
777 3939 997 4015 potest.
1016 3935 1200 4013 Ergo,
1219 3951 1365 3994 cum
1385 3933 1575 3994 verba
1600 3932 1758 4012 legis
1772 3951 1912 4013 quse
1927 3934 2013 3994 ri-

451 4045 665 4110 gorem
692 4028 1016 4090 continent
1028 4026 1359 4106 benig-nius
1380 4025 1505 4087 sint
1523 4025 2011 4106 interpretanda,

449 4121 596 4184 licet
619 4119 722 4183 lex
747 4119 913 4180 dicat
937 4137 1058 4181 non
1078 4119 1295 4198 possit,
1323 4117 1697 4179 sufficienter
1721 4118 2015 4198 intelligi-

451 4219 578 4289 tur,
608 4212 674 4274 id
702 4218 817 4288 est,
858 4212 1024 4274 licite
1031 4225 1054 4290 3
1092 4227 1222 4272 non
1247 4227 1398 4290 ergo
1423 4211 1488 4271 id
1515 4209 1742 4272 sufficit
1765 4211 1845 4272 ad
1871 4212 2015 4272 irri-

451 4306 736 4382 tandum,
777 4303 883 4367 sed
923 4305 1001 4366 ad
1039 4303 1518 4384 prohibendum.
1547 4305 1726 4366 Unde
1749 4305 1917 4365 Bart.
1951 4309 2016 4367 et

425 4385 560 4460 'alii
586 4397 759 4460 citati
783 4415 898 4477 pro
921 4397 1030 4457 illa
1055 4395 1466 4457 declaratione
1489 4395 1785 4459 videntur
1804 4402 2041 4477 aperte·

450 4491 702 4552 fundari
723 4491 790 4551 in
809 4488 1026 4568 regula
1043 4487 1200 4567 legis
1217 4488 1364 4554 Non
1380 4487 1649 4564 dubim,
1669 4489 1835 4569 quod
1849 4489 2016 4552 facta

451 4589 667 4644 contra
688 4583 891 4662 legem
921 4581 1353 4660 prohibentem
1379 4585 1526 4641 sunt
1550 4581 1744 4642 nulla.
1775 4581 2016 4663 Suppo-

451 4675 570 4737 sita
601 4680 811 4737 autem
855 4681 1068 4734 nostra
1109 4673 1431 4748 sententia,
1480 4679 1543 4734 et
1585 4675 1696 4735 ubi
1735 4674 1836 4736 lex
1865 4675 1940 4740 N
1939 4693 2015 4738 on

451 4769 700 4832 dubium
739 4785 868 4829 non
902 4773 1211 4847 operatur,
1241 4784 1368 4827 non
1407 4766 1658 4829 videtur
1689 4767 1798 4830 illa
1821 4769 2009 4830 inter-

451 4859 717 4941 pretatio
741 4859 1148 4921 admittenda.
1179 4857 1385 4938 Atque
1419 4859 1509 4920 ita
1545 4877 1621 4921 ex
1659 4861 1726 4921 vi
1763 4861 2011 4922 illorum

448 4952 784 5013 verborum
810 4969 940 5012 non
957 4951 1362 5012 comtituetur
1375 4951 1578 5012 forma
1597 4951 2013 5015 substantialis

450 5043 532 5104 ad
545 5043 831 5104 ‘valorem
847 5047 1041 5119 actus,
1065 5043 1170 5104 sed
1195 5041 1396 5104 solum
1415 5042 1638 5119 forma,
1663 5061 1774 5106 seu
1792 5044 2013 5107 modus

451 5133 832 5196 necessarius
845 5133 926 5194 ad
940 5133 1328 5195 honestatem
1349 5139 1541 5210 actm,
1562 5134 1690 5196 sive
1711 5135 1779 5195 in
1797 5135 2012 5198 ordine

452 5226 532 5288 ad
559 5225 834 5287 valorem
861 5225 1282 5288 substantialis
1307 5226 1408 5302 sit,
1441 5226 1569 5287 sive
1595 5227 2008 5289 accidentalis.

536 5319 634 5379 u.
679 5317 1094 5379 deioandum
1128 5317 1196 5380 de
1219 5319 1390 5379 verbo
1422 5319 1570 5384 Non
1596 5321 1789 5398 possit
1819 5321 2015 5399 juxta

453 5408 775 5470 materiam
809 5413 866 5470 st
901 5409 1411 5472 circumstantias.
1453 5442 1537 5457 —
1577 5411 1720 5472 Haec
1749 5409 2013 5492 objectio

455 5501 619 5580 apud
645 5517 748 5562 me
773 5501 1084 5563 convincit
1103 5501 1448 5564 doctrinm
1481 5509 1546 5566 et
1579 5503 1862 5583 regulam
1903 5503 2013 5566 da-

1332 410 1448 463 Lm.
1482 409 1544 463 V.
1577 409 1658 463 ΒΕ
1688 408 2046 463 numam
2076 408 2287 463 Lucu!
2316 406 2729 463 mmmm.

2075 515 2207 572 tam
2233 510 2313 572 de
2336 510 2527 572 verbo
2553 526 2669 571 non
2705 510 2903 587 potest
2928 525 3055 568 non
3086 524 3217 569 esse
3246 500 3663 569 infallibilem

2075 617 2279 683 neque
2318 601 2750 677 sufficientem,
2787 600 2839 661 si
2865 599 3117 680 praecise
3168 606 3230 662 et
3260 598 3427 660 nude
3470 613 3663 677 spee-

2074 700 2265 771 tetur,
2292 695 2401 756 sed
2426 711 2558 755 esse
2588 692 2919 754 materiam
2950 698 3013 753 et
3050 692 3205 754 alias
3238 692 3665 752 circumstan-

2076 787 2196 848 tias
2246 786 2721 849 considerandas
2772 789 2845 846 ut
2906 785 3157 866 plenum
3204 784 3517 864 judicium
3573 781 3661 843 de

2077 900 2262 945 sensu
2302 881 2469 943 illius
2505 879 2680 942 verbi
2719 878 2976 941 feratur.
3012 880 3189 954 Quod
3224 879 3417 941 etiam
3452 875 3665 939 sensit

2079 978 2295 1039 Govar.
2338 976 2407 1037 in
2441 974 2591 1037 dict.
2630 992 2687 1036 c.
2718 973 3031 1050 Quamvis,
3075 976 3117 1036 Ξ
3154 989 3248 1055 p.,
3276 972 3317 1054 ξ
3340 974 3403 1049 4,
3433 989 3501 1032 n.
3544 972 3657 1044 1⁰,

2080 1069 2191 1150 qui
2210 1069 2399 1130 aliam
2420 1067 2608 1129 etiam
2631 1065 3106 1145 ambiguitatem
3130 1066 3429 1127 insinuat.
3456 1064 3653 1137 Nam,

2079 1162 2227 1225 licet
2248 1161 2511 1223 verbnm
2536 1178 2655 1221 m
2677 1159 2873 1239 possit
2910 1159 2981 1219 in
3014 1160 3155 1237 lege
3188 1158 3462 1239 positum
3486 1154 3655 1216 refe-

2082 1262 2259 1316 ratur
2283 1253 2362 1315 ad
2392 1253 2629 1314 factum
2668 1251 2874 1333 ipsum
2912 1268 3022 1313 seu
3069 1250 3340 1313 valorem
3381 1250 3543 1329 ejus,
3594 1252 3661 1309 et

2082 1366 2212 1409 non
2240 1345 2320 1408 ad
2360 1344 2821 1421 conscientiam,
2858 1348 3061 1424 potoet
3094 1360 3225 1405 esse
3264 1342 3527 1405 dubium
3568 1358 3657 1401 an

2082 1440 2262 1502 tollat
2284 1439 2625 1519 potentiam
2652 1437 2851 1499 solnm
2872 1437 3144 1513 civilem,
3166 1454 3275 1497 seu
3294 1435 3373 1496 ad
3400 1452 3465 1495 se
3490 1432 3659 1494 obli·

2088 1526 2365 1613 gandum
2382 1531 2671 1607 civiliter,
2692 1530 2794 1591 vel
2810 1530 2999 1591 etiam
3018 1529 3401 1591 naturaliter.
3414 1528 3497 1587 Et
3504 1526 3661 1587 ideo

2086 1625 2431 1689 necessario
2459 1632 2603 1686 sunt
2644 1624 2768 1685 alis
2806 1624 2999 1686 verba
3034 1622 3191 1701 legis
3217 1620 3658 1701 expendenda,

2086 1725 2151 1781 et
2168 1720 2279 1780 ubi
2292 1718 2402 1780 illa
2416 1718 2726 1780 defuerint
2742 1715 3005 1777 materia
3026 1717 3145 1778 erit
3171 1713 3651 1776 consideranda.

2090 1814 2411 1892 Potestque
2450 1810 2759 1891 imprimis
2797 1807 3173 1869 considerari
3215 1826 3299 1868 an
3333 1813 3505 1868 actus
3546 1805 3659 1865 cui

2086 1907 2289 1967 forma
2316 1903 2731 1986 praecribitur
2766 1902 3034 1983 pendeat
3068 1918 3147 1963 ex
3172 1902 3470 1980 potestate
3504 1916 3662 1959 con-

2088 2018 2253 2062 cessa
2278 2018 2317 2060 a
2342 1999 2644 2079 principe,
2662 1996 2763 2057 vel
2788 1994 3125 2075 republica,
3152 1994 3252 2055 vel
3280 1992 3359 2054 ab
3385 1992 3664 2053 auctori-

2087 2097 2213 2154 tate
2249 2092 2433 2171 juris,
2474 2096 2547 2151 ut
2592 2094 2683 2151 est
2723 2088 3050 2162 sententia,
3086 2086 3328 2162 electio,
3359 2083 3661 2145 alienatio

2088 2184 2396 2246 bonorum
2418 2182 2846 2244 communium
2866 2180 2967 2241 vel
2988 2178 3563 2251 ecclesiasticorum,
3594 2182 3665 2236 et
3724 2196 3731 2201 ·

2090 2276 2379 2357 quaslibet
2406 2275 2858 2336 administratio
2888 2272 3135 2353 publica
3160 2271 3259 2333 vel
3290 2288 3425 2350 quoe
3446 2268 3665 2348 publi-

2090 2388 2164 2431 ca
2205 2369 2569 2431 auctoritate
2604 2367 2698 2442 fit,
2726 2371 2799 2426 ut
2842 2372 2934 2427 oet
2977 2364 3245 2425 officium
3268 2362 3515 2435 tutoris,
3542 2380 3663 2423 seu

2068 2460 2416 2537 curatoris,
2439 2474 2501 2522 et
2522 2460 2786 2537 similia3
2817 2476 2898 2519 an
2917 2475 3063 2519 vero
3083 2458 3163 2517 sit
3190 2462 3364 2517 actus
3384 2455 3665 2536 propriae

2095 2553 2477 2615 auctoritatis
2503 2560 2566 2614 et
2587 2550 2874 2627 dominii,
2894 2554 2966 2611 ut
2986 2555 3080 2611 est
3102 2549 3301 2610 facere
3318 2554 3665 2609 testamen-

2092 2652 2251 2721 tum,
2277 2645 2547 2707 alienare
2574 2662 2672 2706 res
2698 2642 3000 2723 proprias,
3026 2646 3137 2701 etc.
3160 2642 3227 2701 In
3256 2638 3445 2720 priori
3469 2638 3651 2699 enim

2092 2754 2321 2815 genere
2346 2740 2662 2797 actionum
2680 2734 2863 2796 valde
2890 2732 3217 2814 probabilis
3244 2730 3654 2812 praesumptio

2093 2833 2207 2905 est,
2236 2828 2349 2889 ubi
2372 2829 2475 2889 lex
2500 2828 2789 2908 prohibet
2819 2832 3055 2901 actum,
3083 2824 3181 2887 vel
3202 2823 3457 2885 modum
3479 2828 3663 2883 actus

2093 2937 2237 2981 cum
2254 2920 2527 2982 clausula
2548 2921 2695 2987 Non
2711 2920 2931 2999 possit,
2946 2918 3046 2980 vel
3062 2918 3209 2983 Non
3228 2917 3425 2996 possit
3444 2915 3654 2989 aliter,

2092 3018 2236 3088 etc„
2284 3012 2557 3073 limitare
2602 3013 2802 3093 ipsam
2841 3015 3235 3091 potestatem,
3269 3009 3357 3069 ita
3382 3012 3458 3067 ut
3481 3013 3657 3069 actus

2090 3105 2273 3168 aliter
2290 3105 2489 3167 factus
2510 3106 2591 3166 sit
2610 3104 2944 3181 invalidus,
2964 3108 3102 3166 tum
3124 3102 3273 3183 quia
3288 3100 3533 3162 videtur
3552 3100 3661 3161 lex

2090 3199 2266 3279 loqui
2290 3199 2369 3260 de
2390 3205 2689 3279 potestate
2714 3215 2902 3278 quam
2929 3197 3066 3277 ipsa
3084 3195 3186 3258 vel
3203 3195 3489 3275 princeps
3510 3211 3662 3253 con-

2091 3293 2254 3354 cedit
2268 3305 2290 3369 3
2304 3298 2442 3352 tum
2460 3292 2649 3352 etiam
2666 3291 2813 3370 quia
2830 3290 2999 3352 idem
3026 3290 3135 3369 qui
3156 3289 3265 3350 dat
3292 3291 3658 3368 potestatem

2089 3390 2373 3447 censetur
2392 3390 2543 3445 tunc
2567 3401 2799 3464 ponere
2828 3381 3118 3457 formam,
3158 3388 3222 3441 et
3255 3380 3345 3442 ita
3380 3377 3661 3460 procedit

2088 3477 2309 3557 regula
2326 3495 2514 3558 supra
2530 3477 2675 3538 data
2686 3476 2853 3556 quod
2867 3475 3185 3537 illaforma
3194 3474 3276 3534 sit
3286 3471 3659 3534 substantia-

2090 3570 2186 3632 lis.
2218 3570 2589 3651 Exemplum
2620 3569 2839 3631 saltem
2868 3586 2908 3630 a
2930 3568 3117 3628 simili
3146 3566 3311 3628 sumi
3346 3569 3547 3646 potest
3578 3581 3661 3624 ex

2090 3663 2137 3724 l.
2154 3662 2389 3739 ultim„
2417 3680 2471 3723 c.
2498 3663 2577 3724 ds
2596 3661 2949 3723 Vendendis
2968 3659 3155 3722 rebus
3178 3659 3468 3735 civitatis,
3490 3657 3537 3717 l.
3554 3660 3659 3732 11,

2092 3753 2215 3814 ibi:
2260 3755 2409 3820 Non
2430 3755 2610 3817 alitor
2635 3755 2763 3816 nisi
2794 3753 3105 3832 imperiali
3130 3751 3493 3814 anamma
3515 3767 3661 3811 vm-

2092 3848 2339 3923 duntvr,
2388 3851 2528 3919 etc„
2573 3845 2683 3907 uhi
2718 3847 2884 3906 Bart.
2934 3847 3116 3905 notat
3148 3843 3323 3905 illam
3364 3859 3495 3904 esse
3523 3841 3661 3902 for-

2092 3955 2261 4000 mam
2282 3937 2769 4000 substantialem.

2173 4033 2273 4092 15.
2322 4031 2486 4105 Quid
2504 4029 2813 4094 dicemom
2839 4029 3075 4110 quando
3099 4033 3271 4091 actus
3296 4033 3385 4091 m
3413 4027 3659 4106 privati

2092 4123 2367 4186 dominii.
2410 4153 2493 4172 -
2532 4123 2612 4183 At
2636 4139 2783 4184 vero
2808 4121 3063 4202 quando
3096 4126 3271 4182 ectus
3305 4125 3399 4182 eat
3426 4119 3655 4200 privati

2091 4214 2374 4291 dominii,
2396 4215 2507 4294 qni
2524 4213 2603 4275 de
2627 4229 2839 4276 senon
2860 4213 3092 4294 pendet
3120 4230 3160 4273 a
3182 4215 3491 4292 potestate
3508 4227 3659 4271 con-

2092 4323 2263 4368 cessa
2300 4323 2340 4368 a
2377 4307 2521 4385 lege
2554 4305 2655 4368 vel
2684 4305 3023 4388 republica,
3066 4305 3309 4366 diversa
3342 4303 3505 4365 ratio
3540 4309 3660 4379 est,

2090 4398 2403 4479 tumquia
2446 4397 2535 4459 ibi
2574 4405 2823 4461 nonest
2855 4397 3663 4477 auferendapotestasquae

2092 4490 2766 4570 alegevelrspublica
2800 4490 3146 4572 proveniet,
3188 4489 3295 4550 sed
3334 4505 3479 4567 quse
3514 4487 3663 4548 uni-

2094 4584 2321 4664 cuique
2340 4584 2439 4646 vel
2460 4584 2602 4663 jure
2628 4591 2891 4660 naturas,
2913 4583 3012 4645 vel
3034 4583 3175 4662 jure
3201 4581 3486 4661 gauium
3512 4597 3663 4641 con-

2091 4677 2305 4754 venit3
2334 4681 2470 4736 tum
2501 4676 2691 4737 etiam
2713 4677 2859 4756 quia
2890 4675 2979 4736 ibi
2995 4674 3098 4736 lex
3130 4672 3419 4754 supponit
3458 4677 3662 4754 potes-

2094 4773 2289 4830 tatem
2304 4768 2382 4829 ad
2408 4774 2619 4829 ectum
2640 4769 2741 4829 cui
2766 4767 3033 4828 formam
3056 4764 3311 4846 proebet,
3330 4769 3397 4825 et
3418 4764 3565 4824 ideo
3582 4781 3663 4824 ex

2094 4861 2159 4922 vi
2188 4859 2521 4923 verborum
2560 4877 2689 4922 non
2711 4859 2959 4921 videtur
2984 4873 3115 4920 esse
3139 4858 3342 4918 forma
3376 4855 3663 4917 substan-

2093 4951 2282 5028 tinus,
2310 4953 2433 5013 nisi
2465 4969 2577 5033 per
2602 4951 2792 5013 verba
2815 4950 2963 5012 satis
2982 4965 3271 5031 express
3288 4947 3658 5023 declaretur,

2099 5045 2307 5124 qualia
2340 5061 2472 5106 non
2512 5043 2807 5105 videntur
2844 5061 2979 5104 esse
3016 5041 3145 5103 sola
3182 5041 3292 5102 iun
3324 5041 3509 5102 aliter
3540 5057 3665 5102 non

2089 5137 2308 5216 possit,
2334 5136 2453 5196 nisi
2470 5133 2723 5198 aliunde
2740 5141 3017 5197 constare
3038 5132 3229 5214 possit
3242 5131 3663 5194 intentionem

2091 5229 2249 5306 legis
2274 5245 2403 5291 eme
2428 5227 2701 5290 limitare
2731 5227 3092 5307 simpliciter
3114 5229 3485 5306 potoetatem
3512 5241 3661 5303 ope·

2090 5321 2295 5397 randi,
2324 5327 2388 5381 et
2422 5339 2549 5381 non
2583 5326 2829 5380 tantum
2864 5319 3027 5380 licite
3066 5316 3390 5397 operandi,
3414 5321 3479 5376 et
3514 5315 3661 5376 ideo

2092 5411 2400 5473 ordinarie
2442 5411 2584 5472 addi
2622 5411 2821 5472 solent
2849 5411 3038 5471 verba
3072 5409 3385 5469 irritantis
3418 5406 3501 5467 ad
3540 5406 3662 5467 hoc

2090 5503 2551 5584 explicandum.
2590 5505 2743 5566 Item
2776 5505 2830 5565 si
2854 5517 2985 5564 non
3012 5501 3343 5577 addantur,
3376 5497 3515 5560 alia
3536 5498 3659 5559 eir·
