3976 6219
836 430 972 483 CAP.
1007 431 1113 483 XV.
1150 431 1230 483 DE
1261 431 1532 484 RATIONE
1563 432 1643 484 ET
1676 432 1877 485 CAUSA
1910 431 2113 485 FINALI
2146 431 2229 483 An
2260 428 2581 482 JUSTlTlAM
2613 429 2879 492 TRIBUTI,
2915 427 3050 480 E‘rc,

436 539 496 597 2.
535 535 614 596 Ut
635 538 843 594 autem
869 552 1050 595 661156
1073 534 1150 594 511
1177 535 1365 615 justa,
1400 535 1616 596 dicunt
1641 536 1916 596 doctores

355 647 594 703 01111165,
639 628 1052 688 666655611616
1092 646 1220 688 6556
1257 632 1327 687 111
1367 628 1673 688 tributum
1718 629 1915 706 impo-

352 731 538 785 natur
573 728 822 800 propter
847 721 1085 780 bonum
1112 739 1461 795 commune,
1506 740 1630 782 non
1670 726 1918 799 propter

353 816 664 897 privatum
700 814 893 892 ipsius
922 813 1233 893 principis,
1275 814 1392 874 Sed
1421 814 1488 873 in
1514 814 1630 874 hoc
1678 819 1919 892 oportet

359 909 483 970 duo
527 907 947 984 distinguere:
984 924 1183 966 unum
1216 912 1329 982 est,
1374 907 1438 966 id
1468 907 1631 987 quod
1660 906 1918 967 debetur

358 1001 627 1081 principi
669 1000 908 1060 ratione
946 998 1041 1058 sui
1078 1000 1355 1060 muneris
1388 1006 1449 1060 et
1480 1000 1726 1073 laboris,
1755 1001 1918 1079 quod

358 1095 478 1156 dici
523 1098 724 1172 potest
765 1092 1070 1171 pertinere
1098 1093 1175 1152 ad
1203 1093 1532 1153 utilitatem
1560 1094 1730 1172 ejus;
1771 1110 1917 1154 nam

358 1188 540 1248 datur
562 1187 639 1246 ad
664 1185 1196 1261 sustentationem,
1221 1191 1283 1246 et
1306 1186 1481 1264 quasi
1507 1186 1882 1266 stipendium
1895 1209 1913 1260 3

358 1280 530 1342 aliud
570 1283 681 1353 est,
704 1279 870 1357 quod
897 1278 1312 1339 necessarium
1332 1284 1424 1339 est
1442 1279 1520 1339 ad
1549 1279 1920 1340 subvenien-

360 1374 512 1434 dum
571 1370 923 1451 reipublicae
975 1370 1044 1429 in
1096 1371 1517 1431 occasionibus
1566 1372 1920 1432 necessariis

289 1470 296 1475 ’
358 1463 841 1525 occurrentibus.
896 1462 960 1524 Si
998 1480 1146 1540 ergo
1191 1462 1268 1524 de
1314 1463 1578 1523 utilitate
1625 1464 1920 1543 principis

358 1557 549 1637 priori
592 1556 774 1615 modo
821 1560 1092 1635 spectata
1136 1556 1215 1614 sit
1258 1573 1479 1631 sermo,
1518 1556 1686 1634 juste
1722 1556 1918 1635 impo-

359 1655 596 1710 nuntur
644 1648 879 1708 tributa
927 1654 1177 1728 propter
1231 1666 1413 1708 usum
1469 1655 1531 1709 et
1585 1649 1917 1710 utilitatem

358 1741 676 1822 principis.
726 1742 796 1800 In
838 1740 955 1800 hoc
994 1742 1163 1802 enim
1201 1760 1383 1802 sensu
1420 1741 1577 1801 dixit
1619 1742 1789 1804 Paul.
1837 1742 1916 1803 ad

357 1836 532 1896 Rom.
565 1837 640 1894 13
664 1850 681 1893 z
706 1835 848 1895 Ideo
877 1835 1032 1896 enim
1063 1836 1294 1897 tributa
1315 1838 1653 1913 praestatis,
1677 1842 1739 1897 61
1768 1836 1912 1896 sub-

357 1927 469 1988 dit:
499 1929 789 1990 Minister
818 1928 973 1989 enim
1002 1929 1119 1989 Dei
1151 1934 1259 2003 est,
1292 1929 1468 2007 quasi
1499 1929 1750 2004 dic-eret,
1782 1929 1906 1990 Sol-

356 2020 497 2079 vitis
520 2019 898 2097 stipendium
918 2021 1323 2099 principibus,
1346 2022 1493 2100 quia
1521 2022 1790 2083 ministri
1811 2023 1920 2084 Dei

356 2117 521 2185 sunt,
550 2113 616 2171 in
647 2113 754 2173 hoe
785 2113 985 2190 ipsum
1012 2115 1354 2189 servientes,
1383 2132 1454 2174 ac
1490 2115 1750 2176 subinde
1781 2133 1920 2194 pro-

356 2207 495 2281 pter
523 2221 739 2263 eorum
771 2205 1205 2266 ministerium.
1246 2208 1316 2267 In
1356 2207 1473 2268 1166
1501 2214 1711 2268 6111616
1752 2209 1920 2269 111111-

357 2301 484 2356 tate
525 2298 824 2358 servanda
852 2305 941 2358 est
967 2299 1305 2379 aequalitas,
1330 2305 1425 2376 ut,
1454 2301 1703 2376 scilicet,
1738 2302 1920 2363 detur

358 2389 623 2473 principi
671 2396 975 2468 quantum
1030 2410 1278 2453 necesse
1329 2399 1442 2469 est,
1499 2399 1561 2454 61
1612 2400 1918 2474 (1116611116

359 2482 531 2542 decet
559 2484 732 2561 juxta
770 2489 999 2544 statum
1042 2492 1104 2545 et
1147 2486 1386 2548 labores
1415 2488 1572 2566 erS,
1616 2506 1742 2548 non
1772 2506 1918 2550 vero

357 2575 488 2635 sine
510 2594 798 2636 mensura
807 2578 987 2655 juxta
1004 2580 1561 2658 concupiscentiam
1583 2581 1738 2658 ejus.
1757 2581 1918 2641 Addi

355 2685 502 2727 vero
524 2675 725 2748 potest
750 2669 912 2730 11666
939 2671 1272 2732 utilitatem
1309 2673 1606 2751 principis
1634 2691 1763 2733 non
1790 2691 1917 2734 esse

355 2761 610 2821 omnino
636 2763 965 2840 privatam,
1009 2764 1112 2824 sed
1153 2782 1570 2841 communem,
1610 2766 1757 2844 (11116
1783 2766 1914 2845 1956

356 2858 446 2914 est
474 2871 734 2931 persona
759 2855 1028 2932 publica,
1056 2861 1117 2915 et
1144 2863 1486 2919 sustentare
1505 2858 1680 2918 illum
1710 2864 1771 2919 et
1793 2865 1914 2921 sta-

356 2953 491 3006 tum
518 2947 684 3007 illius
715 2947 951 3008 bonum
985 2966 1312 3010 commune
1346 2955 1456 3011 est.
1489 2951 1717 3012 Praeter
1748 2951 1917 3013 111166

355 3047 564 3100 6111616
592 3040 805 3117 116616,
827 3042 1235 3122 imponuntur
1262 3061 1419 3123 56696
1448 3043 1655 3123 aliqua
1682 3043 1916 3106 tributa

356 3140 604 3213 propter
622 3135 1010 3213 insurgentes
1038 3136 1383 3196 occasiones
1411 3143 1473 3197 et
1499 3156 1731 3214 causae,
1755 3144 1816 3199 et
1839 3140 1915 3200 de

356 3226 454 3286 his
473 3245 691 3287 verum
719 3234 809 3288 est
838 3246 1086 3289 causam
1105 3247 1232 3289 esse
1249 3229 1471 3290 (1611616
1500 3247 1626 3291 606
1646 3249 1917 3292 6016160-

356 3320 504 3379 (11161
522 3321 833 3399 9111161915,
852 3339 1050 3400 neque
1069 3322 1330 3401 alicujus
1343 3340 1619 3402 personae
1633 3324 1888 3403 privatae
1891 3370 1913 3402 ,

355 3413 460 3474 sed
490 3414 951 3475 communitatis
976 3414 1233 3475 bonum.

436 3509 493 3568 3.
536 3507 769 3587 Duplex
799 3525 946 3587 ergo
974 3508 1334 3569 immediata
1360 3527 1543 3570 661156
1569 3510 1638 3570 16
1668 3509 1916 3572 1111111115

356 3602 684 3681 spectanda
738 3609 863 3678 est,
914 3618 1038 3662 una
1090 3602 1408 3681 pertinens
1457 3603 1537 3663 ad
1585 3593 1915 3683 personam

355 3694 671 3772 principiS,
689 3699 761 3754 ut
777 3695 918 3754 talis
940 3702 1033 3755 est
1052 3718 1069 3770 ;
1092 3695 1214 3756 alia
1231 3701 1509 3777 spectans
1528 3697 1607 3758 ad
1632 3704 1914 3777 sumptus

356 3805 735 3848 communes,
762 3789 838 3847 Et
865 3788 993 3849 haec
1021 3794 1218 3869 potest
1241 3808 1369 3851 esse
1398 3790 1743 3871 multiplex.
1776 3792 1915 3853 Una

355 3885 416 3941 et
457 3880 634 3941 valde
662 3882 1006 3944 communis
1050 3889 1139 3945 est
1177 3884 1434 3959 bellum,
1478 3891 1541 3943 et
1579 3885 1717 3945 ideo
1759 3884 1916 3944 dixit

354 3973 513 4052 Aug.
545 3976 624 4035 22
652 3981 865 4036 606116
902 3977 1135 4052 Faust.,
1167 3995 1302 4056 cap.
1348 3979 1450 4051 74,
1482 3976 1715 4036 tributa
1759 3977 1916 4037 solvi

354 4073 423 4127 ut
449 4067 674 4129 habeat
695 4087 807 4129 rex
827 4068 993 4129 unde
1034 4068 1331 4129 militibus
1358 4067 1663 4147 stipendia
1694 4069 1910 4130 solvat.

354 4162 492 4223 Alia
524 4180 708 4222 661156
748 4180 876 4222 6556
903 4161 1055 4222 50161
1081 4160 1332 4221 refectio
1374 4161 1659 4240 pontium
1699 4165 1761 4221 et
1785 4161 1915 4221 via-

354 4272 521 4327 rum,
533 4259 717 4332 atque
735 4271 952 4314 earum
971 4253 1282 4328 custodiae,
1304 4260 1365 4314 et
1379 4252 1515 4313 aliae
1529 4253 1760 4313 similes
1775 4272 1912 4332 quae

355 4346 422 4405 in
442 4346 632 4406 totius
656 4346 1116 4406 communitatis
1136 4346 1530 4406 commodum
1554 4346 1802 4406 cedunt.
1815 4346 1915 4407 Sic

355 4439 549 4517 igitur
575 4439 878 4517 explicata
902 4457 1085 4500 rausa
1112 4439 1353 4515 tributi,
1394 4457 1520 4500 non
1559 4446 1757 4519 potest
1784 4459 1914 4502 esse

351 4533 541 4612 justa,
559 4534 679 4594 nisi
693 4534 773 4595 ad
790 4552 1117 4595 commune
1132 4534 1367 4594 bonum
1385 4534 1689 4613 pertineat
1705 4551 1720 4595 ε
1739 4552 1909 4610 nam,

355 4646 499 4688 cum
522 4646 678 4688 onus
699 4628 915 4688 tributi
946 4645 1275 4688 commune
1298 4628 1402 4703 sit,
1428 4628 1615 4688 etiam
1640 4626 1781 4687 finis
1805 4645 1913 4687 seu

352 4720 588 4781 fructus
612 4722 746 4800 ejus
769 4721 950 4782 debet
977 4740 1106 4782 esse
1134 4721 1500 4796 communis,
1525 4720 1758 4798 alioqui
1786 4739 1912 4781 non

354 4819 703 4875 servaretur
728 4814 1066 4894 (6116611165.
1108 4815 1235 4875 Ηο6
1259 4817 1470 4873 autem
1498 4813 1805 4892 praecipue
1827 4813 1916 4873 lo-

355 4924 496 4966 cum
526 4907 714 4968 habet
753 4908 821 4968 in
857 4907 1107 4967 tributis
1153 4924 1289 4985 quae
1321 4923 1433 4986 per
1473 4923 1537 4966 se
1576 4912 1648 4966 ut
1681 4905 1918 4966 tributa

353 5001 780 5079 imponuntur.
830 5001 987 5060 Nam
1030 4999 1271 5080 imponi
1317 4999 1504 5060 etiam
1548 5003 1803 5077 possunt
1847 4998 1917 5058 in

352 5111 604 5174 poenam
630 5093 812 5172 alicuj
822 5112 891 5153 us
914 5092 1144 5168 delicti,
1180 5090 1278 5153 vel
1303 5092 1371 5151 in
1401 5091 1917 5169 recompensatio-

354 5206 500 5248 nem
521 5187 779 5267 alicujus
807 5186 1167 5247 nocumenti
1187 5186 1365 5260 illati,
1380 5190 1451 5245 ut
1477 5202 1662 5264 supra
1680 5184 1918 5244 dictum

356 5288 466 5343 est.
496 5284 672 5342 Tunc
699 5298 845 5360 ergo
881 5299 1009 5341 non
1047 5286 1287 5360 oportet
1316 5285 1384 5339 ut
1413 5278 1492 5339 ad
1519 5296 1916 5339 communem

354 5376 688 5436 utilitatem
731 5374 1072 5455 specialiter
1107 5374 1493 5434 ordinentur.
1537 5373 1694 5433 Nam
1729 5372 1781 5431 si
1809 5390 1917 5451 po-

356 5475 587 5529 nantur
614 5468 680 5529 16
711 5485 982 5548 poenam,
1004 5471 1315 5547 poterunt,
1333 5467 1489 5527 sicut
1521 5465 1657 5526 aliae
1688 5482 1909 5544 poenae,

355 5561 655 5643 applicari
694 5561 866 5639 fisco,
915 5561 1010 5625 vel
1046 5560 1444 5643 pauperibus,
1484 5558 1586 5623 vel
1625 5558 1763 5621 aliis
1796 5559 1914 5639 piis

1997 539 2106 595 aut
2131 534 2318 595 etiam
2346 531 2609 610 puhlicis
2630 530 2939 610 operibus,
2963 535 3069 589 aut
3097 526 3396 589 ministris
3422 528 3557 607 jus-

1996 627 2171 701 titiae,
2197 626 2454 686 arbitrio
2474 625 2636 703 regis
2654 622 3047 703 imponentis,
3073 621 3139 682 Si
3161 639 3309 681 vero
3339 623 3463 682 sint
3477 622 3556 681 ad

1998 721 2226 780 damna
2251 717 2795 797 recompensanda,
2821 716 2889 775 in
2917 732 3133 774 eorum
3161 715 3556 774 commodum

1997 812 2342 874 redundare
2376 811 2603 872 debent
2628 810 2738 889 qui
2780 808 3081 869 damnum
3106 807 3270 888 passi
3294 812 3460 882 sunt,
3487 812 3557 868 ut

1996 924 2109 985 per
2137 924 2201 966 se
2233 909 2486 965 constat.

2079 1001 2138 1062 4.
2184 998 2382 1076 Atque
2414 997 2561 1057 hinc
2594 997 2868 1075 sequitur
2895 995 3307 1074 quantitatem
3332 993 3556 1055 tributi

1999 1110 2125 1154 non
2154 1109 2329 1171 posse
2354 1092 2517 1171 juste
2545 1090 2836 1151 excedere
2872 1090 3292 1150 conditionem
3319 1107 3428 1149 seu
3460 1089 3559 1148 in-

2001 1183 2342 1263 digentiam
2381 1201 2600 1244 causae.
2654 1182 2809 1257 Quia
2847 1182 3004 1242 sicut
3040 1199 3226 1242 causa
3266 1182 3428 1260 justa
3470 1187 3561 1242 est

1999 1276 2364 1352 necessaria,
2393 1276 2482 1336 ita
2504 1277 2692 1336 etiam
2722 1275 3038 1355 proportio
3064 1274 3283 1333 tributi
3306 1274 3386 1333 ad
3414 1291 3559 1333 6611-

2001 1388 2135 1431 sam
2168 1371 2300 1448 ejus
2331 1370 2678 1430 necessaria
2704 1374 2795 1429 est
2820 1369 2900 1429 ad
2932 1366 3347 1446 aequalitatem
3378 1365 3560 1444 justi·

2001 1463 2101 1523 tiae
2140 1462 2622 1538 commutativee,
2666 1479 2802 1540 (11116
2846 1466 2935 1521 651
2979 1460 3071 1521 161
3115 1459 3195 1519 ad
3223 1476 3379 1533 rem,
3412 1458 3560 1537 quia

1998 1561 2243 1616 tantum
2261 1554 2567 1615 tributum
2579 1555 2743 1633 juste
2757 1560 2958 1635 potest
2977 1553 3238 1633 imponi,
3253 1568 3559 1630 quantum

1997 1649 2077 1709 ad
2116 1647 2307 1709 finem
2345 1649 2477 1727 ejus
2527 1654 2618 1709 651
2663 1649 3076 1709 necessarium
3113 1653 3176 1707 et
3202 1645 3555 1707 sufficiens:

2001 1760 2170 1814 nam,
2212 1742 2264 1802 si
2295 1742 2432 1820 plus
2462 1743 2841 1821 imponatur,
2868 1743 3000 1821 jam
3027 1742 3095 1800 in
3122 1758 3194 1800 eo
3217 1756 3345 1799 non
3371 1737 3561 1797 habet

2002 1853 2271 1909 causam,
2303 1839 2365 1895 et
2391 1835 2628 1919 excedit
2658 1835 3070 1913 aequalitatem
3090 1830 3368 1911 justitiae,
3394 1834 3466 1889 111
3490 1829 3560 1889 16

2001 1928 2188 1989 simili
2211 1928 2434 1988 dicitur
2461 1928 2529 1988 in
2552 1947 2608 1987 c.
2644 1927 2800 2001 Quia
2824 1928 3114 2006 plerique,
3137 1926 3213 1986 de
3237 1923 3555 1984 Immunit.

2003 2022 2430 2082 6661651651166.
2464 2021 2666 2100 Atque
2689 2021 2777 2082 ita
2798 2020 2912 2080 sub
2939 2019 3055 2079 1166
3084 2017 3435 2091 conditione
3464 2016 3562 2075 in-

2002 2114 2270 2176 cluditur
2291 2115 2435 2190 alia‚
2461 2131 2651 2193 quam
2670 2114 2860 2192 Cajet.
2882 2113 3058 2192 ponit
3074 2113 3141 2172 in
3161 2112 3361 2179 Sum„
3384 2108 3558 2172 verb.

2013 2209 2367 2287 Vectiqalia,
2422 2225 2613 2286 quam
2656 2211 2835 2267 vocat
2882 2224 3088 2280 usum,
3130 2204 3196 2264 id
3228 2209 3340 2278 est,
3392 2201 3559 2282 quod

1998 2301 2302 2362 tributum
2343 2301 2725 2380 expendatur
2758 2301 2828 2361 in
2872 2299 3051 2359 illum
3082 2315 3264 2358 usum
3308 2301 3560 2375 propter

1999 2413 2185 2473 quem
2206 2401 2298 2455 est
2320 2395 2699 2473 impositum,
2722 2399 2783 2454 et
2806 2392 3074 2453 sumitur
3095 2409 3172 2450 ex
3190 2392 3256 2451 D.
3285 2389 3401 2450 Th.
3409 2434 3430 2464 ,
3451 2388 3495 2448 l.
3519 2391 3560 2449 2

2000 2488 2076 2549 de
2108 2490 2352 2568 Regim.
2386 2489 2616 2564 Princ.,
2648 2506 2781 2567 cap.
2812 2490 2910 2547 12.
2952 2486 3109 2546 Nam
3140 2489 3212 2544 ut
3241 2485 3401 2561 juste
3432 2482 3560 2542 exi-

1999 2586 2181 2661 gatur
2208 2581 2534 2656 tributum,
2560 2586 2716 2642 etex
2737 2579 2943 2640 debito
2962 2578 3235 2638 solvatur
3257 2582 3556 2655 tanquam

1998 2674 2414 2735 necessarium
2434 2720 2455 2750 ,
2494 2675 2755 2753 requirit
2781 2680 2851 2734 ut
2874 2673 2939 2732 id
2961 2671 3070 2733 fiat
3107 2672 3359 2750 propter
3389 2669 3554 2749 quod

1997 2768 2360 2846 imponitur,
2387 2785 2653 2846 eumque
2677 2767 2953 2827 imitatus
2981 2771 3073 2826 est
3094 2765 3276 2842 Greg.
3306 2764 3456 2842 Lop.
3487 2762 3557 2823 in

1996 2859 2039 2922 1.
2078 2863 2136 2935 2,
2171 2861 2266 2921 tit.
2303 2864 2363 2937 1,
2388 2878 2449 2939 9.
2480 2862 2630 2935 Qu.
2658 2860 2719 2919 9.

2080 2955 2138 3012 5.
2181 2954 2354 3014 Circa
2381 2953 2542 3014 11666
2561 2971 2707 3014 vero
2734 2952 3153 3013 conditionem
3171 2954 3266 3011 est
3285 2948 3558 3010 conside·-

1996 3045 2286 3118 randum,
2315 3047 2365 3105 si
2393 3046 2725 3125 loquamur
2743 3045 2818 3106 de
2850 3044 3101 3105 tributis
3123 3061 3260 3124 quae
3284 3042 3559 3125 pendun-

1996 3143 2102 3198 tur
2127 3139 2245 3218 ipsi
2271 3140 2404 3217 1631
2433 3140 2506 3199 6(1
2538 3157 2678 3199 51105
2701 3144 3003 3218 5111691115,
3044 3141 3106 3198 61
3132 3141 3384 3215 propter
3412 3153 3555 3195 suos

1996 3230 2238 3291 labores
2257 3238 2319 3293 et
2332 3232 2596 3310 vigiliae,
2613 3232 2835 3293 talium
2856 3230 3235 3292 tributorum
3249 3228 3556 3308 justitiam

1997 3341 2127 3384 non
2169 3325 2435 3403 pendere
2468 3343 2545 3385 ex
2588 3343 2706 3384 usu
2744 3341 2765 3401 3
2824 3342 2972 3384 nam
3009 3323 3138 3385 sive
3185 3323 3370 3398 male,
3428 3322 3557 3384 sive

1997 3417 2156 3479 bene
2184 3436 2295 3478 rex
2321 3423 2534 3496 postea
2565 3417 2872 3497 expendat
2897 3416 3051 3478 tales
3081 3416 3357 3477 redditus
3376 3460 3397 3490 ,
3428 3433 3556 3475 non

1998 3513 2116 3573 erit
2139 3512 2402 3591 injustus
2423 3511 2778 3590 accipiendo
2806 3511 3040 3572 tributa
3061 3556 3081 3586 ,
3125 3509 3274 3589 quia
3300 3527 3444 3569 vere
3467 3513 3561 3569 est

1997 3603 2285 3664 dominus
2334 3603 2583 3664 illorum
2620 3650 2641 3680 ,
2699 3609 2762 3665 et
2815 3602 2893 3665 de
2937 3604 3061 3663 illis
3123 3609 3323 3684 potest
3362 3602 3557 3662 libere

1995 3697 2369 3775 dispensare,
2405 3698 2537 3758 sine
2560 3697 2889 3776 injustitia,
2919 3697 3254 3758 dummodo
3280 3713 3391 3756 suo
3420 3713 3557 3755 mu-

1993 3790 2133 3851 neri
2177 3790 2530 3865 satisfaciat,
2585 3790 3013 3869 gubernando,
3066 3794 3128 3851 et
3171 3786 3556 3850 defendendo

1994 3884 2467 3962 rempublicam,
2496 3884 2652 3944 sicut
2678 3890 2965 3946 tenetur:
2995 3884 3250 3962 alioqui,
3279 3883 3333 3943 si
3351 3883 3419 3942 16
3440 3881 3560 3942 1106

1997 3976 2264 4053 deficiat,
2296 3977 2522 4055 injuste
2558 3978 2814 4057 accipiet
2855 3984 2916 4039 et
2951 3977 3243 4038 retinebit
3274 3976 3406 4037 haec
3446 3977 3558 4037 tri-

1995 4067 2170 4143 buta,
2212 4087 2348 4147 quae
2393 4074 2641 4148 propter
2687 4069 2958 4129 officium
3003 4067 3253 4143 dantur,
3303 4074 3365 4128 et
3412 4072 3558 4128 sunt

1994 4166 2294 4240 tanquam
2322 4179 2559 4222 merces
2592 4163 2825 4241 operis,
2863 4178 3053 4240 quam
3081 4162 3305 4240 injuste
3336 4161 3559 4241 accipit

1995 4255 2104 4334 qui
2126 4273 2253 4314 606
2277 4253 2539 4320 laborat.
2582 4256 2646 4317 Si
2676 4273 2823 4316 vero
2846 4255 3177 4334 loquamur
3205 4255 3280 4315 de
3309 4254 3556 4315 tributis

1995 4347 2299 4427 impositis
2327 4348 2405 4407 ad
2441 4366 2627 4427 opera
2661 4347 3017 4408 communia
3051 4347 3407 4427 reipublicae
3427 4393 3444 4411 .
3481 4348 3557 4409 de

1993 4440 2091 4501 his
2126 4440 2362 4501 clarum
2393 4446 2484 4501 est
2513 4441 2737 4502 (1611616
2771 4441 3035 4520 expendi
3062 4442 3130 4501 in
3162 4441 3313 4501 talia
3344 4458 3554 4520 opera,

1994 4534 2144 4595 alias
2182 4535 2487 4595 committi
2527 4535 2812 4597 fraudem
2853 4541 2914 4595 et
2953 4535 3322 4613 injustitiam
3346 4580 3367 4610 ,
3421 4553 3557 4614 quae

1993 4628 2198 4708 potius
2247 4633 2338 4689 est
2389 4628 2457 4687 in
2492 4628 2845 4708 acceptione
2884 4632 2947 4689 et
2985 4628 3327 4689 retentione
3366 4627 3556 4703 1111115,

1996 4739 2185 4801 quam
2228 4720 2296 4781 in
2336 4711 2749 4799 impositione.
2807 4723 2965 4783 Nam
3009 4721 3141 4782 haec
3179 4722 3383 4800 potuit
3426 4738 3558 4782 esse

1992 4816 2184 4895 justa,
2215 4814 2266 4875 si
2298 4831 2443 4875 vera
2469 4832 2651 4876 causa
2688 4815 2936 4876 suberat
2967 4829 2983 4875 ε
3029 4821 3241 4895 905166
3273 4832 3421 4876 vero
3449 4831 3557 4875 66-

1998 4908 2197 4988 669110
2231 4906 2332 4967 vel
2356 4908 2620 4968 retentio
2639 4907 2711 4968 fit
2738 4909 2970 4987 injusta
3001 4926 3078 4969 ex
3104 4907 3348 4968 defectu
3368 4906 3560 4968 debiti
3611 4938 3618 4946 ·

1997 5019 2167 5061 115115.
2198 5002 2615 5062 Necessarium
2641 5020 2786 5080 ergo
2807 5009 2897 5063 est
2915 5009 2985 5062 ut
3012 5000 3316 5061 tributum
3335 5018 3562 5079 expen-

1996 5094 2181 5156 datur
2220 5095 2288 5154 in
2333 5113 2484 5174 opus
2528 5100 2777 5174 propter
2818 5095 2983 5174 quod
3027 5095 3386 5174 impositum
3424 5098 3557 5171 est3

1995 5205 2145 5247 nam
2169 5187 2334 5248 illius
2361 5186 2579 5247 tributi
2598 5205 2726 5247 non
2749 5186 2820 5247 fit
2842 5187 3087 5267 proprie
3109 5205 3220 5247 rex
3243 5186 3554 5262 dominus,

1998 5279 2103 5340 sed
2149 5279 2530 5358 dispensator
2566 5296 2582 5339 t
2632 5280 2797 5340 unde
2842 5280 2919 5339 ad
2968 5296 3286 5340 summum
3332 5279 3565 5359 poterit

1995 5372 2346 5447 interdum,
2378 5373 2625 5451 quando
2654 5390 2801 5433 vera
2829 5372 3151 5433 necessitas
3192 5372 3552 5447 occurrerit,
3652 5379 3659 5384 “

1997 5470 2374 5526 commutare
2396 5464 2551 5526 illud
2570 5465 2639 5526 in
2662 5465 2831 5527 aliud
2852 5483 3007 5545 opus
3027 5467 3341 5545 pertinens
3361 5465 3551 5525 etiam

1995 5559 2076 5622 ad
2115 5577 2511 5623 communem
2557 5560 2739 5642 regni
2778 5560 2889 5623 vel«
2918 5560 3135 5641 populi
3168 5559 3503 5624 utilitatem
3536 5605 3551 5637 ,
