3976 6219
895 455 1032 509 mr.
1065 452 1264 534 xxxv.
1297 448 1510 504 uranu
1540 442 1924 503 Lmlsm-'ron
1956 446 2092 502 sms
2123 447 2383 505 mamus
2414 451 2779 511 0811881011.

238 561 560 641 imponere
613 573 864 638 poenam
913 557 982 617 in
1035 573 1144 616 sua
1173 554 1313 633 lege
1348 556 1663 626 statutam,
1693 549 1800 611 sed

236 656 356 716 hoc
375 652 774 714 arbitrarium
807 649 926 711 erit
960 645 1264 722 Pontifici,
1295 646 1445 726 quia
1481 662 1609 705 non
1631 649 1802 705 tene-

236 753 342 808 tur
361 745 642 826 judicare
670 741 1010 804 secundum
1037 739 1239 818 legem
1270 738 1622 799 inferioris:
1652 754 1800 815 ergo

237 842 487 920 signum
509 843 602 898 est
635 851 883 916 poenam
920 833 1090 894 illam
1111 850 1187 893 ex
1216 832 1281 892 vi
1303 831 1457 910 legis
1486 848 1614 891 non
1637 847 1802 890 com·

237 930 618 1015 prehendere
642 930 847 1009 ipsum
874 926 1316 1006 legislatorem,
1334 925 1492 986 sicut
1519 924 1587 984 in
1614 923 1802 984 simili

238 1024 594 1087 dicebamus
611 1023 679 1083 in
704 1020 901 1101 capite
925 1019 1295 1100 praecedenti
1322 1018 1399 1080 de
1419 1018 1655 1080 clericis
1674 1036 1800 1080 res·

238 1123 422 1201 pectu
451 1133 777 1197 poenarum
804 1112 1077 1174 civilium
1108 1112 1343 1191 legum.

321 1212 420 1274 18.
444 1209 799 1290 Replicatur
820 1209 887 1270 in
908 1206 1451 1285 responsionem.—
1470 1202 1590 1266 Sed
1612 1203 1804 1264 insta-

238 1304 334 1367 bit
364 1301 627 1383 aliquis:
666 1318 813 1362 nam
844 1298 989 1360 licet
1016 1296 1133 1358 hoc
1154 1314 1371 1359 verum
1397 1297 1479 1357 sit
1508 1295 1584 1357 de
1617 1313 1804 1376 poena

238 1415 351 1478 per
373 1395 639 1476 judicem
680 1390 1078 1472 imponenda,
1122 1407 1252 1450 non
1286 1393 1501 1451 tamen
1548 1388 1625 1450 de
1667 1386 1796 1464 illa,

240 1508 378 1569 quae
405 1489 538 1567 ipso
556 1488 701 1565 jure
729 1503 841 1565 per
866 1483 1069 1562 legem
1094 1482 1478 1562 imponitur3
1510 1498 1657 1560 ergo
1682 1479 1803 1541 sal-

241 1586 371 1644 tem
394 1580 503 1641 illa
528 1579 631 1641 lex
657 1576 907 1639 habebit
933 1575 1217 1638 effectum
1243 1574 1492 1635 virtutis
1513 1573 1802 1635 coactivas

242 1674 431 1736 etiam
472 1673 540 1733 in
586 1673 720 1752 ipso
764 1668 1131 1748 legislatore.
1176 1666 1557 1728 Antecedens
1607 1670 1800 1746 patet,

240 1766 390 1846 quia
431 1764 541 1825 illa
570 1782 754 1844 poena
791 1779 919 1823 non
947 1761 1209 1840 requirit
1239 1759 1493 1821 alterius
1532 1759 1804 1821 hominis

242 1858 694 1933 executionem,
744 1855 850 1916 sed
881 1853 1204 1934 ipsiusmet
1240 1853 1332 1913 rei
1360 1868 1377 1912 ε
1421 1869 1569 1930 ergo
1612 1852 1802 1913 etiam

240 1966 319 2010 ex
342 1948 461 2010 hac
485 1955 659 2029 parte
688 1949 768 2010 ab
793 1948 928 2028 ipso
960 1945 1309 2026 legislatore
1330 1945 1559 2024 poterit
1584 1963 1805 2007 execu-

239 2040 400 2101 tioni
426 2042 734 2116 mandari,
765 2046 837 2101 ut
858 2040 910 2100 si
928 2057 1112 2119 poena
1138 2037 1239 2113 sit,
1263 2036 1437 2099 verbi
1456 2038 1677 2116 gratia,
1698 2055 1806 2117 pe-

239 2133 541 2207 cuniaria,
563 2130 664 2194 vel
681 2133 758 2194 de
780 2131 987 2209 aliquo
1011 2135 1152 2191 actu
1173 2129 1444 2205 virtutis,
1470 2129 1805 2209 eleemosy-

239 2244 360 2301 nse,
382 2225 633 2305 jejunii,
676 2231 793 2286 etc.
841 2223 1110 2284 Aliunde
1131 2240 1301 2298 vero,
1333 2231 1638 2302 quatenus
1662 2223 1806 2284 talis

237 2317 339 2380 lex
365 2318 599 2398 obligat
644 2317 713 2378 in
762 2315 1140 2378 conscientia
1185 2315 1266 2375 ad
1324 2315 1508 2376 talem
1556 2334 1805 2395 poenam

239 2411 471 2490 absque
498 2410 620 2471 alia
655 2409 1192 2483 condemnatione,
1223 2407 1469 2467 videtur
1495 2424 1573 2467 ex
1598 2408 1663 2467 vi
1710 2408 1805 2469 di·

239 2505 473 2565 rectiva
491 2502 736 2564 virtutis
754 2500 1027 2579 obligare
1045 2500 1124 2560 ad
1146 2516 1397 2579 poenam
1423 2498 1597 2559 illam
1613 2515 1634 2577 ;
1657 2501 1806 2579 quia

241 2596 537 2675 obligatio
577 2596 645 2656 in
672 2592 1042 2656 conscientia
1070 2592 1338 2671 pertinet
1380 2590 1461 2651 ad
1504 2591 1804 2654 virtutem

241 2690 642 2751 directivam:
672 2687 839 2748 unde
865 2685 1112 2746 videtur
1134 2701 1264 2745 esse
1294 2683 1511 2744 eadem
1537 2686 1697 2746 ratio
1725 2685 1804 2748 de

242 2783 619 2862 obligatione
646 2782 714 2842 in
744 2777 1118 2841 conscientia
1151 2775 1230 2837 ad
1257 2776 1420 2837 hanc
1440 2794 1715 2857 poenam,
1740 2783 1804 2839 et

239 2875 316 2936 ad
347 2875 614 2954 primam
654 2869 1110 2934 observantiam
1134 2868 1312 2948 legis.
1357 2871 1611 2950 Propter
1636 2871 1802 2950 quod

241 2968 535 3028 dixerunt
566 2964 756 3044 aliqui
796 2981 925 3023 non
953 2978 1300 3041 repugnare
1333 2961 1692 3042 simpliciter
1716 2963 1804 3025 le-

239 3059 596 3141 gislatorem
636 3056 815 3119 subdi
854 3055 1002 3135 legi,
1051 3054 1255 3134 quoad
1280 3054 1412 3115 vim
1436 3054 1802 3132 coactivam,

240 3153 349 3214 sed
382 3158 629 3214 tantum
657 3149 905 3229 quando
929 3166 1005 3210 ex
1031 3152 1207 3227 parte
1238 3165 1437 3227 poenae
1476 3152 1569 3209 881
1593 3147 1806 3227 aliqua

238 3245 678 3325 repugnantia,
709 3242 809 3304 vel
834 3239 1206 3316 indecentia,
1246 3245 1318 3301 ut
1341 3246 1497 3301 esset
1523 3240 1707 3320 plane
1735 3239 1803 3300 in

237 3338 438 3417 poenis
465 3334 919 3416 corporalibus3
949 3338 1086 3393 tum
1136 3332 1282 3412 quia
1323 3337 1480 3393 esset
1519 3332 1804 3394 indecens

238 3429 582 3509 principem
605 3434 715 3489 aut
739 3426 1153 3505 legislatorem
1170 3442 1354 3505 poena
1381 3424 1683 3505 corporali
1712 3424 1805 3485 af·

236 3520 338 3582 fici
354 3537 374 3598 ;
404 3527 542 3582 tum
585 3521 776 3581 etiam
806 3518 955 3599 quia
994 3518 1062 3578 in
1103 3517 1204 3577 bis
1229 3517 1426 3596 poenis
1468 3536 1654 3579 nemo
1696 3535 1803 3597 po-

240 3620 359 3677 test
384 3614 648 3694 obligari
686 3613 767 3674 ad
812 3611 1238 3690 exequendam
1286 3628 1535 3690 poenam
1587 3611 1655 3672 in
1709 3629 1802 3673 se-

237 3708 465 3787 ipsum,
497 3712 569 3768 ut
609 3706 773 3768 infra
817 3704 1073 3780 dicetur,
1118 3709 1181 3765 et
1225 3703 1305 3764 ab
1349 3703 1471 3764 alio
1502 3705 1640 3783 cogi
1672 3722 1801 3766 non

236 3806 436 3881 potest
463 3801 773 3881 princeps,
810 3802 883 3858 ut
918 3796 1245 3877 probatum
1271 3800 1386 3857 est.
1419 3797 1587 3858 Idem
1607 3797 1799 3859 etiam

239 3900 477 3955 certum
531 3897 626 3954 est
695 3891 772 3952 de
834 3889 1145 3969 aliquibus
1194 3888 1613 3968 spiritualibus
1671 3907 1801 3969 poe-

239 3985 381 4046 nis:
432 4003 648 4046 omnes
676 3984 846 4045 enim
888 3981 1162 4045 fatentur
1191 3999 1319 4042 non
1346 3998 1522 4060 posse
1559 3982 1802 4061 legisla-

239 4083 440 4139 torem
489 4078 806 4139 incurrere
856 4092 1178 4137 censuram
1222 4092 1262 4135 a
1301 4092 1366 4135 se
1419 4074 1797 4177 impositam,

240 4176 312 4232 ut
357 4176 448 4232 est
486 4168 834 4231 communis
876 4168 1206 4241 sententia,
1254 4166 1331 4227 de
1373 4183 1498 4244 qua
1545 4165 1614 4225 in
1661 4183 1801 4245 pro-

241 4264 376 4344 pria
416 4263 720 4340 materia3
774 4262 933 4322 ratio
983 4265 1194 4321 autem
1228 4276 1357 4320 non
1400 4258 1647 4319 videtur
1674 4257 1801 4319 suf-

240 4354 518 4417 ficienter
555 4356 716 4417 sumi
756 4372 835 4416 ex
886 4353 1273 4429 indecentia3
1334 4350 1481 4431 quia
1526 4368 1800 4412 censurae

240 4447 309 4507 in
331 4448 643 4527 Episcopis
668 4465 797 4508 non
820 4451 966 4507 sunt
982 4445 1333 4507 indecentes
1359 4461 1376 4505 :
1422 4461 1583 4523 soepe
1627 4444 1798 4505 enim

239 4539 614 4601 contrahunt
652 4540 814 4616 illas,
849 4544 914 4601 et
938 4539 1007 4599 in
1040 4536 1333 4600 Pontifice
1357 4536 1491 4616 ipso
1518 4536 1798 4598 volunta-

235 4632 330 4713 ria
355 4632 640 4712 quiedam
681 4631 1019 4712 suspensio,
1054 4636 1117 4692 et
1154 4630 1459 4709 separatio
1488 4648 1526 4691 a
1573 4628 1799 4692 divinis

237 4725 305 4786 in
336 4726 676 4787 vindictam
723 4725 816 4786 sui
871 4723 1147 4785 criminis
1200 4721 1428 4801 publici
1477 4740 1606 4783 non
1644 4728 1800 4784 esset

235 4836 468 4897 magna
508 4817 889 4878 indecentia:
924 4815 1147 4878 melius
1171 4832 1321 4894 ergo
1343 4814 1465 4876 dici
1494 4820 1693 4895 potest
1730 4815 1798 4876 in

234 4910 336 4971 his
383 4910 585 4992 poenis
623 4928 755 4971 esse
790 4909 1117 4990 specialem
1154 4908 1484 4982 rationem,
1528 4908 1677 4986 quia
1706 4924 1800 4969 88-

234 5003 579 5065 sentialiter
618 5003 946 5083 requirunt
976 5001 1449 5077 contumaciam,
1490 5005 1553 5061 et
1586 5000 1799 5061 inobe-

232 5096 536 5158 dientiam
562 5102 844 5176 respectu
870 5095 1112 5156 Praelati
1131 5093 1544 5168 ecclesiastici,
1569 5097 1633 5154 et
1657 5093 1799 5154 ideo

233 5205 363 5249 non
398 5194 656 5270 possunt
693 5187 975 5250 contrahi
1016 5188 1096 5249 ab
1140 5204 1215 5248 eo
1254 5186 1364 5265 qui
1408 5184 1545 5245 illas
1598 5184 1797 5264 impo-

233 5284 356 5357 nit,
367 5283 516 5362 quia
540 5300 670 5343 non
696 5287 896 5362 potest
924 5281 1045 5342 sibi
1087 5280 1204 5360 ipsi
1234 5296 1365 5340 esse
1412 5276 1791 5339 inobediens.

233 5378 320 5437 At
346 5394 493 5453 vero
528 5376 598 5436 in
627 5376 828 5455 poenis
851 5373 1248 5456 pecuniariis,
1281 5372 1381 5434 vel
1410 5390 1548 5452 quae
1570 5371 1801 5433 consis-

234 5475 381 5530 tunt
412 5470 481 5530 in
526 5469 817 5549 operibus
846 5469 1093 5550 pietatis
1130 5473 1195 5529 et
1232 5466 1499 5542 virtutis,
1535 5483 1664 5526 non
1707 5471 1800 5527 est

233 5562 588 5626 indecentia
613 5579 730 5624 nec
754 5562 1193 5646 repugnantia,
1231 5567 1294 5625 et
1324 5562 1464 5624 ideo
1490 5566 1798 5642 quantum

636 5680 707 5738 V·

3311 450 3425 512 321

1872 549 1951 611 ad
1969 548 2082 610 has
2101 569 2230 613 non
2259 550 2506 615 videtur
2525 554 2899 635 impossibile
2923 556 3128 637 legem
3154 556 3432 637 obligare

1876 645 2242 724 principem.

1958 738 2058 798 19.
2093 737 2303 802 Omnis
2336 758 2515 818 poena
2533 743 2791 820 pertinet
2812 746 2896 807 ad
2925 745 3050 808 vim
3085 745 3433 809 coactivam.

1875 831 2074 891 —Sed
2102 831 2508 895 nihilominus
2535 834 2612 896 de
2643 854 3031 918 quacumque
3051 857 3236 918 poena
3271 845 3333 900 et
3359 839 3437 901 de

1876 940 2267 1004 quocumque
2307 926 2494 987 modo
2533 927 2895 1007 imponendi
2926 931 3124 1007 illam,
3160 950 3307 994 vera
3347 936 3438 993 est

1877 1014 2041 1077 dicta
2079 1017 2394 1095 resolutio,
2424 1023 2486 1080 et
2529 1022 2897 1085 communis.
2941 1023 3120 1085 Ratio
3146 1041 3293 1086 vero
3332 1043 3439 1104 ge-

1878 1109 2108 1170 neralis
2150 1116 2263 1186 est,
2293 1112 2441 1191 quia
2468 1113 2669 1174 omnis
2706 1133 2915 1194 poena,
2958 1117 3442 1196 quomodocum-

1882 1219 2004 1281 que
2035 1202 2416 1283 imponatur,
2445 1205 2710 1283 pertinet
2732 1208 2811 1268 ad
2831 1208 2960 1269 vim
2990 1211 3352 1287 coactivam,
3369 1217 3443 1272 ut

1884 1296 2187 1375 superiori
2227 1297 2426 1376 capite
2465 1298 2839 1378 explicatum
2867 1307 2992 1380 est;
3019 1309 3082 1365 et
3108 1305 3340 1366 coactio
3363 1322 3443 1367 ex

1884 1405 1996 1449 suo
2020 1404 2245 1467 genere
2266 1395 2329 1450 et
2349 1390 2589 1452 ratione
2616 1383 2770 1471 petit
2798 1393 3255 1457 distinctionem
3280 1397 3443 1459 inter

1881 1498 2072 1560 agens
2100 1482 2374 1544 inferens
2395 1482 2799 1561 coa'ctionem,
2841 1492 2904 1548 et
2928 1489 3036 1568 qui
3065 1489 3245 1551 'illam
3289 1491 3446 1571 pati-

1878 1578 2027 1652 tur3
2070 1580 2134 1635 et
2167 1574 2507 1636 secundum
2538 1576 2701 1639 hanc
2740 1580 3096 1658 generalem
3135 1585 3445 1645 rationem

1873 1667 2284 1747 judicandum
2307 1675 2401 1731 est
2426 1670 2502 1731 de
2524 1671 2751 1733 virtute
2777 1672 2934 1752 legis
2946 1675 3109 1736 circa
3132 1675 3443 1754 legislato-

1879 1778 2038 1836 rem,
2067 1762 2310 1823 etiamsi
2329 1762 2396 1823 in
2409 1764 2761 1842 particulari
2784 1765 2851 1826 in
2880 1769 3239 1830 executione
3254 1769 3444 1846 alicu-

1874 1853 1982 1931 jus
2024 1871 2224 1933 poenae
2255 1853 2366 1914 illa
2396 1856 2556 1916 ratio
2585 1875 2818 1918 cessare
2870 1859 3174 1922 videatur.
3211 1861 3445 1932 Deinde

1881 1944 2029 2007 addi
2053 1951 2252 2026 potest
2268 1946 2392 2008 alia
2417 1948 2598 2024 ratio,
2628 1950 2776 2029 quia
2805 1950 2874 2011 in
2895 1950 3033 2028 lege
3053 1953 3290 2016 ferente
3311 1974 3445 2036 poe-

1879 2055 2032 2098 nam
2065 2037 2200 2118 ipso
2245 2038 2431 2115 facto,
2473 2040 2910 2121 distinguenda
2948 2051 3039 2106 est
3077 2046 3236 2107 ratio
3263 2048 3440 2127 legis,

1880 2136 1945 2192 et
1997 2131 2157 2192 ratio
2207 2132 2529 2192 sententiae
2546 2177 2567 2208 ,
2625 2152 2817 2213 quam
2868 2137 3098 2198 virtute
3152 2139 3439 2201 includit.

1880 2223 2039 2284 Nam
2065 2223 2145 2283 ad
2178 2229 2387 2284 actum
2407 2224 2636 2286 directe
2661 2234 3035 2307 praeceptum
3052 2230 3152 2291 vel
3169 2223 3447 2310 prohibi-

1881 2321 2019 2377 tum
2050 2316 2282 2395 obligat
2306 2322 2381 2378 ut
2409 2315 2533 2393 lex,
2568 2322 2632 2378 et
2655 2318 2744 2379 ita
2771 2320 3241 2401 comprehendit
3262 2323 3447 2403 legis-

1880 2408 2164 2482 latorem,
2181 2409 2260 2469 ad
2277 2427 2529 2489 poenam
2549 2428 2696 2472 vero
2719 2412 2885 2490 cogit
2897 2419 2970 2474 ut
2984 2416 3290 2476 sententia
3304 2435 3445 2496 quoe

1882 2500 2224 2561 formaliter
2267 2519 2306 2561 a
2344 2501 2555 2581 judice
2599 2502 2748 2564 ferri
2789 2504 2990 2577 debet,
3032 2513 3094 2568 et
3134 2508 3273 2569 ideo
3316 2527 3446 2570 non

1882 2591 2353 2672 comprehendit
2390 2594 2513 2655 nisi
2538 2612 2685 2655 eum
2733 2595 2844 2675 qui
2884 2598 3075 2676 possit
3100 2615 3229 2660 esse
3251 2599 3445 2677 jndex

1880 2683 1947 2744 in
1971 2684 2082 2744 tali
2108 2702 2312 2760 causa,
2344 2691 2417 2746 ut
2441 2684 2736 2748 indicavit
2765 2686 2974 2749 Glossa
3009 2689 3077 2750 in
3100 2709 3235 2771 cap.
3277 2687 3448 2757 Licet

1880 2794 2090 2852 canon,
2117 2776 2290 2838 verb.
2321 2778 2714 2855 Brennum,
2749 2778 2826 2841 de
2852 2780 3071 2858 Elect.,
3099 2782 3166 2843 in
3197 2784 3258 2844 6.
3290 2784 3447 2860 Nul-

1880 2869 1978 2931 lus
2001 2875 2213 2932 autem
2239 2888 2369 2932 esse
2399 2875 2599 2950 potest
2616 2871 2812 2950 judex
2837 2873 2906 2933 in
2930 2891 3044 2935 8118
3069 2892 3275 2952 causa,
3304 2895 3440 2957 cap.

1882 2963 2059 3024 Inter
2102 2964 2394 3044 querelas,
2429 2980 2574 3025 cum
2598 2963 2788 3026 Gloss.
2839 2964 2927 3025 ibi
2975 2967 3077 3043 23,
3123 2986 3187 3047 q.
3231 2970 3292 3042 4,
3329 2987 3446 3032 nec

1882 3053 2116 3133 ligatur
2137 3054 2361 3135 aliquis
2400 3055 2522 3116 nisi
2566 3073 2604 3117 a
2636 3057 2886 3137 proprio
2922 3057 3159 3137 judice,
3190 3078 3323 3142 cap.
3354 3060 3446 3127 Ac

1851 3177 1855 3180 >
1882 3146 1940 3208 si
1970 3145 2215 3224 Clerici,
2241 3147 2319 3207 de
2343 3146 2603 3209 Judiciis
2615 3164 2638 3225 3
2661 3155 2723 3210 et
2748 3148 2890 3211 ideo
2916 3150 3229 3230 legislator
3252 3154 3331 3214 ad
3352 3160 3446 3216 ta-

1883 3236 2010 3298 lem
2037 3255 2287 3318 poenam
2315 3257 2443 3301 non
2470 3239 2722 3318 ligatur.
2750 3241 3002 3303 Accedit
3025 3244 3277 3305 tandem
3300 3264 3448 3308 con-

1882 3332 2174 3409 gruentia
2198 3350 2384 3412 supra
2405 3337 2589 3409 tacta,
2612 3334 2757 3413 quia
2783 3352 2969 3415 poena
2992 3354 3118 3398 non
3141 3344 3231 3399 est
3247 3357 3359 3418 per
3379 3358 3446 3403 88

1880 3424 2144 3500 intenta,
2175 3442 2377 3505 neque
2411 3442 2525 3505 per
2567 3443 2632 3487 se
2680 3428 3026 3490 necessaria
3051 3429 3129 3490 ad
3159 3429 3447 3494 honesta·

1877 3522 2009 3579 tem
2036 3534 2306 3593 morum,
2327 3523 2390 3579 et
2420 3518 2559 3580 ideo
2572 3518 2870 3600 obligatio
2897 3521 2976 3582 ad
3003 3521 3199 3599 illam,
3222 3525 3445 3586 etiam-

1880 3611 1933 3671 si
1953 3611 2024 3671 in
2042 3611 2415 3672 conscientia
2433 3613 2669 3673 oriatur
2698 3619 2981 3695 respectu
3003 3616 3293 3694 aliorum,
3314 3637 3445 3680 non

1877 3709 1970 3765 est
1988 3709 2121 3765 tam
2143 3704 2529 3782 universalis,
2541 3705 2698 3767 sicut
2710 3705 3005 3786 obligatio
3025 3709 3104 3838 ad
3116 3712 3444 3774 materiam

1875 3815 1988 3877 per
2012 3815 2077 3859 se
2099 3797 2450 3859 intentam
2431 3817 2499 3859 111
2526 3797 2686 3878 lege.

1955 3891 2322 3954 20.1’0rtia
2349 3892 2613 3971 objectio,
2618 3893 2945 3970 —Tertio,
2968 3893 3187 3958 instari
3214 3904 3439 3979 potest,

1874 3982 2024 4063 quia
2050 3984 2145 4045 vis
2183 3983 2480 4044 directiva
2505 3983 2640 4045 sine
2683 3986 2959 4047 coactiva
2998 3994 3091 4048 est
3129 3990 3308 4053 valde
3345 3993 3443 4055 in·

1874 4074 2080 4151 firma,
2111 4080 2174 4137 et
2198 4074 2508 4151 inefficax,
2532 4081 2782 4155 propter
2800 4077 2965 4156 quod
2989 4081 3277 4143 nonnulli
3298 4102 3442 4147 cen-

1875 4174 2013 4229 sent
2043 4185 2171 4229 non
2192 4184 2368 4246 posse
2395 4168 2692 4246 separari,
2721 4168 2869 4247 quia
2894 4174 2986 4229 est
3020 4177 3233 4234 contra
3259 4183 3442 4238 natu-

1877 4278 2016 4320 ram
2037 4259 2233 4338 legis;
2264 4258 2371 4319 alii
2397 4276 2547 4319 vero
2569 4264 2842 4336 censent,
2867 4261 3118 4339 quando
3152 4283 3472 4345 separan-‘

1878 4358 2004 4429 tur,
2040 4351 2195 4413 adeo
2227 4370 2358 4413 esse
2390 4350 2705 4412 infirmam
2752 4370 2976 4432 puram
3018 4355 3313 4420 virtutem
3351 4361 3445 4422 di-

1874 4445 2195 4520 rectivam,
2220 4450 2291 4506 ut
2311 4462 2438 4507 non
2460 4443 2721 4505 sufficiat
2737 4443 2818 4505 ad
2840 4445 3281 4526 obligationem
3325 4453 3441 4516 sub

1876 4537 2128 4599 mortali
2156 4554 2178 4617 ;
2222 4538 2388 4600 unde
2416 4537 2637 4617 Gajet„
2665 4542 2715 4599 t.
2747 4538 2786 4597 2
2822 4538 3067 4618 Opusc„
3097 4546 3177 4602 tr.
3214 4544 3316 4618 23,
3373 4564 3438 4627 q.

1877 4632 1938 4707 2,
1965 4648 2155 4710 quem
2180 4631 2459 4711 sequitur
2485 4631 2687 4707 Sotus,
2714 4629 2760 4693 1.
2789 4633 2890 4708 10,
2911 4632 2987 4694 de
3008 4634 3278 4713 Justitia,
3295 4640 3438 4717 q.5,

1875 4742 1935 4785 a.
1965 4723 2081 4787 ult.
2088 4769 2111 4800 ,
2138 4724 2206 4785 in
2238 4723 2387 4799 fine,
2413 4723 2631 4784 dicunt
2647 4723 3003 4803 religiosum
3021 4725 3253 4789 factum
3268 4731 3442 4810 Epis-

1875 4835 2103 4896 copum
2129 4834 2258 4879 non
2286 4834 2538 4896 peccare
2566 4816 2912 4879 mortaliter
2933 4822 3442 4899 transgrediendo

1876 4915 2179 4990 praecepta
2196 4908 2513 4988 religionis
2543 4909 2833 4971 distincta
2859 4929 2899 4972 a
2933 4911 3130 4974 tribus
3152 4915 3333 4991 votis,
3370 4916 3445 4978 li-

1874 5010 1970 5065 cet
2017 5003 2166 5065 talia
2219 5004 2345 5064 sint
2385 5008 2458 5063 ut
2507 5008 2651 5063 ante
2699 5003 3119 5083 episcopatum
3164 5006 3446 5087 obligent

1875 5096 1992 5156 sub
2017 5096 2265 5157 mortali
2290 5112 2311 5173 3
2344 5101 2405 5157 et
2430 5095 2740 5155 rationem
2783 5096 3072 5173 reddunt,
3097 5098 3247 5177 quia
3272 5101 3445 5179 Epis-

1876 5206 2067 5269 copus
2095 5189 2226 5268 jam
2244 5206 2373 5249 non
2400 5186 2713 5266 obligatur
2733 5185 2856 5247 illis
2895 5190 3211 5268 proeceptis
3237 5194 3443 5270 quoad

1874 5282 2006 5343 vim
2036 5282 2394 5356 coactivam,
2418 5280 2525 5341 sed
2552 5283 2800 5339 tantum
2841 5281 3045 5357 quoad
3073 5281 3152 5343 ad
3190 5284 3442 5348 directi.

1875 5392 2059 5436 vam:
2106 5392 2256 5453 ergo
2284 5373 2450 5434 idem
2495 5371 2827 5432 dicendum
2852 5380 3008 5435 esset
3033 5374 3101 5436 in
3126 5380 3440 5456 praesenti,

1875 5466 2041 5549 quod
2069 5473 2227 5528 esset
2253 5464 2432 5526 valde
2450 5464 2810 5526 absurdum.

1958 5561 2059 5624 21.
2082 5559 2490 5641 Respondotur
2512 5557 3291 5644 objectioni.—Respondeo
3312 5564 3443 5630 vim
