3976 6219
508 408 630 471 382
1501 404 1624 459 ua.
1653 404 1739 457 ιν.
1773 402 1858 457 πε
1887 400 2051 455 anes
2078 398 2369 455 rosmu
2400 402 2725 459 memes.

505 513 772 587 nonica,
807 526 946 590 quoe
973 456 1176 587 magis
1201 504 1538 587 spiritualis
1561 509 1700 580 εει,
1744 502 2071 582 magisque

507 624 587 669 ex
609 603 873 667 internis
903 600 1142 663 actibus
1169 600 1422 681 pendet.

588 700 686 760 10.
732 696 1018 759 Primum
1043 692 1449 757 corollas-im.
1479 718 1564 741 ω·
1595 688 1956 757 Sco-mrim.
1985 715 2071 733 --

506 790 597 851 Ex
627 788 746 851 bac
781 786 1120 849 assertione
1153 783 1358 847 infero
1397 786 1600 867 primo
1629 800 1806 865 posse
1830 779 2074 860 peccari

504 882 775 961 graviter
791 882 1004 941 contra
1019 877 1224 956 legem
1241 877 1716 940 ecclesiasticam
1731 890 1808 936 ex
1827 870 2071 934 defectu

505 974 714 1053 aliquo
747 972 816 1034 in
843 976 986 1033 actu
1011 970 1258 1048 mantis,
1287 971 1530 1033 etiamsi
1555 970 1626 1031 in
1651 965 1942 1030 exteriori
1967 982 2071 1027 ac-

504 1066 674 1129 tione
717 1083 848 1128 non
879 1068 1174 1144 appareat
1212 1064 1510 1127 defectus.
1551 1061 1875 1135 Probatur,
1923 1057 2073 1137 quia

504 1158 771 1221 Ecclesia
808 1157 1091 1240 praecipit
1123 1156 1306 1219 illum
1341 1163 1552 1219 actum
1577 1160 1903 1217 externum
1941 1167 2073 1212 ιιοιι

502 1258 749 1315 tantum
769 1258 844 1314 ut
861 1251 1004 1314 talis
1031 1256 1124 1313 εει
1154 1251 1558 1317 materialiter
1573 1254 1640 1311 et
1661 1247 1936 1328 physice,
1961 1244 2071 1307 sed

503 1347 694 1408 etiam
733 1351 808 1407 ut
845 1350 938 1407 est
961 1343 1106 1406 talis
1135 1344 1478 1421 moraliter,
1507 1342 1574 1404 id
1605 1346 1718 1417 est,
1748 1344 1822 1400 ut
1859 1343 1952 1399 est
1975 1355 2072 1399 sa-

503 1443 916 1515 cramentum,
938 1442 1308 1514 contractura,
1329 1437 1430 1499 vel
1455 1434 1690 1516 aliquid
1707 1431 1942 1509 simile3
1963 1431 2071 1493 sed

503 1531 642 1595 fieri
667 1537 869 1612 potest
907 1536 1001 1608 ιιι,
1031 1536 1282 1610 propter
1321 1529 1520 1591 solum
1563 1527 1873 1590 defectum
1913 1524 2071 1586 inte-

502 1625 685 1687 rioris
725 1630 917 1700 actus,
949 1624 1220 1685 exterior
1264 1641 1394 1684 ιιοιι
1435 1624 1516 1683 ειι
1539 1621 1714 1699 talis3
1744 1636 1892 1698 ergo
1919 1624 2071 1679 tunc

501 1736 632 1779 non
663 1716 1020 1797 implebitur
1051 1721 1428 1797 praeceptum
1453 1714 1756 1788 Ecclesiae,
1783 1710 1891 1773 sed
1925 1728 2069 1791 pec·

505 1811 745 1873 cabitur
789 1810 1062 1889 graviter
1107 1812 1325 1871 contra
1365 1808 1545 1869 illud.
1590 1809 1720 1869 Hoc
1763 1804 2071 1867 constabit

503 1903 728 1965 clarius
759 1902 828 1963 in
871 1902 1248 1981 particulari.
1281 1900 1590 1977 Secundo,
1632 1900 1832 1960 infero
1866 1904 2071 1958 trans—

503 1996 677 2075 gredi
716 2000 1090 2075 praeceptum
1131 2011 1356 2055 annuas
1395 1991 1816 2067 confessionis,
1859 1990 1968 2069 qui
2000 1990 2071 2050 in

503 2089 984 2167 Quadragesima
1003 2088 1094 2148 ita
1115 2086 1440 2148 confitetur
1458 2085 1750 2161 exterius,
1771 2092 1843 2144 ut
1867 2100 2069 2145 sacra-

502 2188 788 2242 mentum
833 2180 1212 2259 poenitentioe
1262 2196 1389 2239 non
1438 2177 1737 2259 percipiat
1751 2221 1771 2251 ‚
1823 2174 2069 2236 etiamsi

501 2272 617 2334 hoc
638 2277 884 2333 tantum
907 2272 1228 2349 contingat
1243 2288 1318 2331 ex
1338 2269 1470 2330 solo
1487 2268 1732 2330 defectu
1759 2266 2063 2327 interiori.

503 2366 595 2426 Ita
632 2365 763 2425 dixi
792 2364 860 2423 in
903 2365 946 2423 4
973 2368 1154 2437 tom„
1187 2365 1226 2423 3
1263 2368 1454 2442 part„
1483 2362 1640 2441 disp.
1675 2360 1778 2435 36,
1819 2362 1966 2420 sect.
2002 2359 2065 2431 7,

501 2474 644 2518 cum
687 2456 903 2517 tutiori
947 2465 1010 2516 ει
1053 2454 1466 2515 communiori
1513 2452 1840 2526 sententia,
1875 2466 2067 2527 quam

501 2549 826 2610 certiorem
855 2547 1068 2609 censui
1095 2546 1342 2625 quando
1381 2545 1656 2606 defectus
1697 2547 1788 2603 est
1811 2542 1880 2601 ιιι
1905 2541 2070 2601 ιιιιε-

503 2639 750 2718 gritate.
781 2637 958 2700 Unde
985 2638 1141 2698 Vict.
1174 2637 1243 2697 in
1273 2654 1462 2711 sum„
1489 2637 1532 2695 A
1566 2654 1629 2714 q.
1661 2634 1739 2695 de
1768 2633 2065 2709 Confess„

501 2749 567 2792 n.
593 2732 734 2806 150,
760 2730 902 2791 licet
929 2730 1138 2791 credat
1155 2726 1438 2790 satisfieri
1463 2731 1767 2807 precepto
1786 2724 2069 2786 Ecclesiae

501 2840 614 2902 per
641 2822 1086 2883 confessionem
1111 2821 1246 2883 sine
1273 2819 1510 2895 dolore,
1547 2818 1806 2898 requirit
1831 2816 2067 2878 nihilo-

501 2914 713 2974 minus
741 2919 817 2973 ut
859 2913 939 2975 sit
977 2912 1254 2993 integr-223
1289 2913 1418 2973 imo
1457 2911 1648 2973 etiam
1689 2909 1958 2990 postulat
1996 2913 2069 2972 ut

502 3007 618 3069 iste
643 3006 997 3083 confiteatur
1033 3006 1142 3067 hoo
1171 3006 1396 3084 ipsum,
1433 3004 1590 3084 quod
1613 3020 1732 3064 non
1755 3003 1929 3065 habet
1955 3002 2066 3063 do-

502 3098 707 3176 lorem,
753 3115 896 3159 cum
923 3102 1134 3159 tamen
1175 3096 1448 3159 defectus
1487 3094 1718 3157 doloris
1755 3094 1960 3156 solum
1986 3094 2069 3156 sit

501 3191 790 3254 mentalis
815 3196 876 3252 et
901 3191 1204 3252 internus.
1233 3192 1312 3252 Et
1331 3190 1555 3252 eodem
1577 3188 1764 3250 modo
1791 3187 2069 3267 loquitur

503 3285 780 3347 Ledesm.
811 3284 882 3345 in
916 3286 982 3359 4,
1009 3302 1076 3364 q.
1101 3284 1208 3360 80,
1236 3287 1356 3345 art.
1385 3285 1458 3359 85
1477 3281 1626 3344 dub.
1671 3283 1768 3342 ⁴2.
1803 3281 1882 3341 Et
1904 3280 2067 3341 ratio

499 3375 888 3457 particularis
919 3375 996 3438 de
1021 3375 1272 3438 defectu
1291 3374 1667 3454 integritatis
1683 3391 1816 3435 esse
1841 3377 2064 3452 potest,

500 3469 669 3550 quia,
710 3469 858 3529 licet
885 3473 1212 3548 peccamm
1237 3467 1540 3528 omissum
1573 3465 1644 3526 ιιι
1684 3464 2069 3526 confessione

501 3562 584 3622 sit
617 3561 962 3636 internum,
1003 3565 1220 3621 tamen
1243 3558 1496 3620 onn'ssio
1529 3557 1663 3636 ipsa
1687 3561 1783 3620 est
1808 3557 1886 3618 de
1923 3562 2067 3618 actu

501 3659 796 3715 externo:
825 3657 920 3714 est
943 3651 1116 3713 enim
1146 3639 1396 3712 omissio
1433 3648 1716 3730 partialis
1737 3649 2068 3711 confessio-

499 3746 600 3806 nis
621 3743 972 3818 exterioris3
992 3747 1200 3822 potest
1215 3747 1433 3804 autem
1448 3741 1716 3804 Ecclesia
1733 3742 2067 3822 proecipere

499 3836 681 3898 illum
725 3841 938 3897 actum
965 3841 1318 3910 externum,
1359 3834 1602 3896 etiamsi
1645 3834 1908 3898 materia
1931 3835 2067 3914 eius

497 3933 740 3991 remota
765 3928 870 4004 sit,
891 3944 1004 3989 seu
1033 3927 1204 3989 eirca
1222 3943 1416 4005 quam
1441 3926 1524 3987 sit
1550 3931 1722 3988 aetus
1743 3927 2063 4005 internus3

497 4039 672 4098 m'
699 4021 848 4082 lioet
871 4020 1010 4081 Μ
1027 4019 1290 4082 σιω
1321 4023 1690 4100 pomum
1721 4019 2109 4140 humqam³
2141 4111 2322 4174 nobis
2358 4117 2622 4177 tractata
2657 4120 2805 4175 sunt
2829 4119 2981 4176 tom.
3010 4116 3050 4176 Ξ
3068 4114 3147 4176 de
3174 4114 3401 4195 Relig„
3428 4120 3613 4177 tract·
3641 4116 3719 4192 4,

497 4114 568 4175 in
591 4113 818 4176 ordine
839 4112 920 4173 ad
959 4111 1170 4174 forum
1194 4117 1550 4187 externum,
1578 4127 1707 4172 ιιοιι
1735 4116 1946 4174 tamen
1973 4117 2067 4174 est

497 4223 610 4268 our
624 4205 881 4268 excedat
893 4208 1262 4284 potestatem
1272 4201 1778 4266 eccl-sinticen
1757 4221 1832 4265 m
1841 4203 2067 4266 ordine

495 4297 578 4360 ad
603 4298 809 4360 fernim
829 4297 1172 4373 ιηιειτιιιιιι,
1187 4301 1256 4358 et
1281 4293 1546 4358 salutem
1569 4296 1819 4357 animoe.

577 4393 678 4453 11.
721 4390 804 4450 Et
833 4394 1034 4469 potest
1069 4389 1190 4450 hoo
1227 4388 1308 4450 ah
1333 4387 1798 4450 inconvenienti
1839 4386 2065 4450 conflr-

495 4483 680 4559 mari,
723 4481 874 4560 quia
911 4480 1066 4543 alias
1107 4480 1310 4544 fidelis
1347 4481 1588 4542 habas
1624 4479 2065 4543 conscientiam

493 4574 732 4656 peccati
764 4572 1046 4634 mortalis
1083 4579 1332 4636 tannim
1367 4573 1602 4635 interni
1639 4578 1704 4635 et
1745 4573 2061 4649 mentalis,

495 4684 626 4728 non
663 4670 978 4728 teneretur
1015 4682 1096 4727 ex
1123 4670 1430 4746 praeeepto
1455 4664 1739 4728 Ecclesia
1779 4665 2062 4728 confiteri

495 4757 686 4820 semel
703 4757 774 4818 ιιι
791 4773 960 4818 ιιιιιιο
971 4774 1050 4818 ex
1065 4757 1131 4818 vi
1147 4757 1437 4838 praecepti
1455 4756 1875 4838 confessionis,
1891 4758 2060 4838 quod

493 4851 742 4913 videtur
781 4848 1158 4926 absurdum·
1191 4865 1364 4929 argo.
1411 4849 1676 4930 sequela
1719 4855 1814 4914 est
1857 4852 2061 4913 mani-

490 4943 673 5019 festa,
701 4941 872 5022 quia,
891 4942 945 5002 si
965 4948 1344 5022 praeceptum
1368 4942 1648 5005 Ecolesiae
1669 4961 1797 5004 non
1824 4944 2061 5024 obligat

491 5035 572 5097 ad
622 5033 950 5115 partialem
1003 5034 1448 5097 confessionem
1491 5036 1726 5116 peccati
1774 5037 2057 5099 mortalis

490 5127 749 5203 interni,
765 5125 964 5188 multo
975 5127 1189 5190 minus
1199 5126 1589 5208 obligabitad
1609 5127 2057 5191 confessionem

490 5221 748 5283 totalem
781 5221 1177 5284 internorum
1217 5227 1634 5302 peccatorum,
1671 5222 1862 5283 etiam
1887 5240 2057 5284 mor-

489 5314 733 5376 talium.
763 5312 966 5375 Minor
990 5319 1200 5377 autem
1225 5318 1418 5394 patet,
1460 5319 1598 5375 tum
1633 5333 1712 5376 ex
1735 5316 2055 5396 universa-

489 5407 664 5470 litate
691 5406 978 5484 praecepti
997 5415 1060 5468 et
1077 5407 1396 5469 communi
1415 5407 1827 5486 intelligentia
1849 5407 2048 5486 illius3

489 5504 628 5562 tum
653 5497 926 5562 maxime
948 5499 1228 5577 quiaille
1250 5503 1499 5562 tenetur
1523 5517 1604 5562 ex
1627 5505 1932 5580 praecepto
1957 5501 2053 5562 di·

2146 502 2297 563 vino
2336 504 2649 566 confiteri·
2629 546 2649 581 ,
2692 502 2960 566 Ecclesia
2997 509 3209 565 autem
3246 502 3603 568 indistincte
3643 512 3700 568 ct

2145 594 2425 658 absolute
2468 596 2909 659 determinavit
2944 602 3223 677 tempus,
3264 614 3378 678 pro
3422 616 3547 679 qno
3584 600 3700 662 tale

2147 694 2527 769 praeceptum
2552 688 2815 769 obligat·
2796 735 2818 767 ,
2842 706 3015 769 ergo,
3044 688 3245 769 posito
3270 697 3575 771 praecepto
3599 693 3700 753 Ec-

2148 781 2345 845 clesiae
2354 828 2375 859 ,
2418 782 2730 862 obligatur
2770 781 2876 845 ille
2906 782 3097 845 bomo
3142 782 3225 844 ad
3264 784 3701 847 confessionem

2147 892 2261 955 pro
2298 873 2408 937 illo
2450 880 2769 955 tempore:
2799 879 2865 937 et
2904 874 3038 937 haec
3076 880 3171 937 est
3208 876 3371 938 ratio
3403 877 3702 957 generalis

2146 968 2335 1031 etiam
2360 986 2473 1048 pro
2499 967 2743 1029 defectu
2774 966 3025 1045 doloris,
3066 974 3139 1029 ut
3175 968 3343 1031 dicto
3368 969 3503 1031 loco
3544 969 3696 1046 dixi,

2144 1061 2293 1141 quia
2316 1060 2587 1123 Ecclesia
2608 1060 2891 1141 praecipit
2914 1066 3369 1123 sacramentum
3402 1062 3701 1142 poeniten-

2144 1154 2247 1215 tiae
2292 1154 2567 1233 recipere
2614 1152 2807 1215 semel
2852 1154 2923 1214 in
2972 1171 3175 1231 anno,
3220 1154 3385 1235 quod
3432 1154 3701 1217 Christus

2143 1246 2503 1326 simpliciter
2538 1246 2821 1327 praecipit
2863 1245 3199 1326 aliquando
3226 1247 3521 1328 recipere.
3554 1250 3703 1309 Item

2144 1339 2292 1419 quia
2332 1338 2603 1400 Ecclesia
2646 1338 2925 1419 proecipit
2960 1339 3051 1401 ita
3090 1338 3372 1401 confiteri
3412 1346 3485 1401 ιιι
3513 1341 3701 1420 possit

2145 1432 2285 1511 quis
2325 1430 2584 1506 absolvi,
2613 1436 2687 1493 ιιι
2712 1430 2949 1493 ibidem
2974 1431 3131 1509 dixi,
3159 1439 3223 1494 et
3264 1438 3431 1495 recte
3469 1433 3707 1494 notavit

2145 1524 2368 1585 Navar.
2398 1523 2469 1584 in
2494 1542 2629 1603 cap.
2672 1524 2948 1601 Placuit,
2984 1524 3127 1586 dist.
3166 1525 3229 1601 6,
3272 1543 3339 1586 n.
3388 1525 3529 1602 183,
3564 1544 3705 1587 cum

2145 1615 2403 1679 Adrian.
2447 1616 2516 1678 in
2554 1618 2597 1680 4
2639 1622 2791 1679 mat.
2822 1618 2901 1680 de
2930 1617 3201 1680 Confess.
3244 1636 3307 1698 q.
3357 1620 3418 1695 B,
3448 1618 3598 1681 dub.
3641 1623 3699 1680 4.

2106 1718 2109 1723 '
2143 1712 2265 1773 Nec
2300 1717 2393 1773 est
2422 1730 2534 1773 cur
2562 1711 2681 1773 hoc
2714 1712 2969 1773 excedat
2994 1718 3360 1793 potestatem
3398 1714 3701 1789 Ecclesiae,

2147 1822 2290 1867 cum
2320 1804 2422 1866 lex
2450 1806 2539 1865 sic
2558 1804 2894 1866 intellecta
2926 1805 3007 1867 sit
3044 1806 3123 1867 de
3166 1824 3287 1869 usu
3314 1810 3572 1867 externo
3608 1825 3707 1867 cu-

2138 1897 2389 1975 jusdam
2402 1898 2771 1959 sacramenti
2788 1916 2899 1977 pro
2916 1897 3024 1959 tali
3038 1902 3339 1978 tempore,
3358 1903 3422 1959 et
3437 1898 3707 1959 maxime

2145 1990 2551 2051 conveniente
2580 1992 2899 2051 communi
2930 1990 3097 2051 bono
3131 1991 3435 2053 Ecclesiae.
3466 1992 3543 2052 Et
3566 1992 3707 2053 ideo

2144 2100 2387 2161 semper
2412 2082 2791 2162 probabilius
2816 2083 3045 2145 credidi
3075 2084 3345 2163 potuisse
3374 2084 3709 2145 Ecclesiam

2142 2173 2260 2235 hoc
2302 2176 2654 2255 praecipere,
2698 2176 3011 2255 supposita
3054 2177 3184 2237 sola
3227 2177 3611 2239 institutione
3646 2184 3711 2239 ει

2144 2266 2409 2329 utilitate
2421 2268 2561 2328 talis
2570 2269 2963 2344 sacramenti,
2978 2269 3221 2331 etiamsi
3234 2268 3512 2331 Christus
3524 2288 3709 2331 usum

2145 2358 2280 2436 ejus
2300 2376 2429 2420 non
2454 2360 2863 2439 proecepisset,
2896 2366 2967 2421 ιιι
2991 2360 3177 2422 latius
3218 2364 3481 2424 tractavi
3511 2362 3579 2423 in
3604 2380 3713 2424 εο-

2146 2450 2289 2512 dem
2313 2454 2354 2511 4
2380 2457 2561 2527 tom„
2592 2452 2886 2531 disputat.
2918 2454 3021 2529 35,
3046 2458 3189 2516 sect.
3225 2456 3283 2514 1.

2228 2546 2325 2606 19.
2359 2544 2635 2607 Tertium
2652 2546 3070 2609 corollan'wm:
3088 2546 3425 2608 voluntarie
3449 2546 3713 2609 distrac-

2145 2640 2273 2698 tum
2293 2653 2411 2697 aon
2430 2636 2677 2714 implere
2691 2641 3053 2715 praeceptum
3072 2637 3709 2713 Ecclesia—Tertio,

2144 2726 2345 2789 infero
2364 2726 2801 2789 beneficiatum
2818 2728 3169 2791 voluntarie
3185 2729 3555 2791 recitantem
3576 2730 3713 2791 sine

2143 2820 2487 2881 attentione
2526 2837 2655 2880 non
2694 2820 2955 2900 implere
2992 2821 3371 2901 praeceptuni
3398 2822 3711 2898 Ecclesiae,

2144 2912 2388 2975 etiamsi
2426 2912 2671 2973 nullum
2720 2913 2972 2993 signum
3012 2919 3343 2975 externum
3380 2913 3544 2975 illius
3586 2914 3713 2974 dis-

2143 3005 2460 3066 tractionis
2502 3004 2816 3081 exhibeat,
2859 3022 2975 3067 nec
3018 3004 3207 3068 faciat
3250 3005 3554 3069 actionem
3600 3006 3717 3067 ali-

2145 3113 2335 3177 quam
2378 3101 2701 3159 externam
2739 3096 3141 3179 prohibitam,
3172 3117 3288 3161 nec
3311 3100 3557 3161 omittat
3589 3099 3715 3161 ali-

2144 3188 2297 3269 quid
2324 3194 2654 3252 externum
2673 3197 3048 3272 proeceptum
3073 3191 3143 3252 in
3165 3191 3383 3252 ordine
3405 3191 3487 3252 ad
3508 3197 3721 3254 atten-

2144 3281 2403 3359 tionem,
2449 3283 2557 3344 sed
2588 3284 2803 3344 omnia
2849 3284 3155 3345 exteriora
3196 3283 3381 3364 plene
3428 3283 3715 3363 impleat,

2143 3374 2469 3456 solumque
2486 3379 2696 3436 mente
2717 3375 3066 3438 voluntarie
3082 3375 3412 3437 distractum
3428 3376 3529 3436 sit.
3552 3377 3721 3437 Nam

2144 3465 2251 3528 ille
2276 3467 2411 3528 sine
2438 3465 2630 3528 dubio
2656 3473 2867 3547 peccat
2886 3466 3237 3530 mortaliter
3256 3467 3343 3529 sic
3370 3467 3691 3528 recitando
3692 3513 3717 3544 ,

2144 3558 2267 3618 nisi
2292 3559 2521 3620 iterum
2544 3559 2761 3621 recitet
2780 3559 2947 3622 intra
2970 3565 3216 3640 tempus
3236 3559 3469 3635 habile,
3493 3565 3560 3621 et
3580 3578 3717 3621 non

2143 3655 2357 3712 contm
2381 3651 2485 3730 jus
2515 3651 2822 3728 divinum,
2864 3651 3015 3732 quia
3055 3651 3307 3714 nullum
3347 3658 3440 3714 est
3479 3671 3719 3732 praece-

2142 3747 2323 3821 ptum
2346 3742 2631 3805 divinum
2651 3743 2730 3806 de
2765 3743 2881 3804 tali
2907 3743 3291 3820 recitatione,
3320 3761 3437 3806 nec
3463 3763 3579 3824 pro
3602 3745 3723 3806 tali

2140 3839 2445 3915 tempore,
2461 3853 2577 3898 nec
2598 3836 2959 3915 simpliciter
2970 3857 2991 3913 ;
3012 3853 3163 3915 ergo
3184 3835 3339 3897 illud
3358 3841 3719 3916 peccatum,

2142 3931 2449 4006 quatenus
2496 3933 2589 3989 est
2632 3929 2980 3990 omissionis
3018 3928 3321 4004 mortalis,
3362 3933 3459 3990 εει
3494 3935 3723 3992 contra

2140 4018 2617 4082 ecclesiasticum
2658 4027 3059 4102 proeceptum.
3106 4021 3225 4084 Sed
3266 4019 3401 4084 haec
3444 4021 3633 4083 latius
3678 4040 3723 4086 a

2138 4202 2183 4266 1.
2214 4206 2279 4282 4,
2310 4221 2447 4285 cap.
2474 4207 2557 4267 16
2580 4212 2645 4267 ει
2667 4212 2947 4286 sequent.

2220 4299 2322 4358 13.
2354 4297 2655 4371 Quartum
2676 4297 3103 4362 corollarium:
3118 4315 3290 4378 posse
3305 4299 3725 4363 ammineum—

2138 4406 2271 4453 rore
2296 4391 2938 4466 moram—Qum,
2964 4390 3190 4467 infero,
3210 4390 3370 4452 sicut
3391 4391 3462 4451 in
3488 4389 3591 4452 his
3612 4410 3730 4454 ca-

2138 4480 2309 4542 sibus
2356 4489 2645 4561 peccatur
2683 4488 2900 4544 contra
2936 4486 3245 4562 praecepta
3282 4482 3595 4559 Ecclesiae,
3622 4485 3729 4546 ita

2136 4589 2311 4656 posse
2346 4574 2585 4638 incurri
2622 4591 2933 4652 censuras,
2976 4575 3079 4638 vel
3122 4574 3276 4638 alias
3314 4592 3531 4656 poenas
3578 4577 3729 4656 ipso

2131 4667 2272 4747 jure
2297 4668 2617 4747 impositas
2635 4685 2765 4730 non
2784 4667 3173 4732 servantibus
3197 4667 3351 4730 talia
3370 4675 3723 4750 praecepta.

2136 4761 2317 4822 Ratio
2348 4761 2601 4841 propria
2642 4767 2761 4838 est,
2798 4761 2947 4841 quia
2988 4760 3097 4821 illa
3130 4762 3544 4840 transgressio
3582 4779 3729 4824 non

2134 4857 2229 4914 est
2257 4871 2413 4933 pure
2445 4853 2753 4930 mentalis,
2784 4853 2893 4916 sed
2920 4858 3201 4930 externa,
3228 4853 3379 4932 quia
3402 4859 3498 4914 est
3522 4855 3729 4915 omis-

2134 4946 2225 5006 sio
2272 4946 2571 5009 orationis
2612 4945 2842 5008 vocalis
2858 4989 2880 5022 ,
2921 4945 3024 5007 vel
3066 4944 3469 5024 susceptionis
3510 4963 3731 5007 sacra-

2133 5038 2331 5101 menti
2369 5039 2698 5115 sensibiIiS,
2726 5037 2872 5100 licet
2900 5054 3015 5117 per
3044 5037 3327 5099 accidens
3360 5037 3729 5099 occultetur

2128 5147 2241 5210 per
2270 5129 2589 5192 fictionem
2628 5129 2949 5206 orationis,
2982 5129 3085 5191 vel
3116 5129 3509 5192 sacramenti.
3554 5131 3729 5190 Item

2129 5223 2281 5304 quia
2317 5223 2621 5303 quidquid
2648 5228 2846 5303 potest
2883 5221 3154 5283 Ecclesia
3183 5221 3299 5282 sub
3326 5221 3727 5300 obligatione

2127 5317 2359 5395 peccati
2400 5315 2679 5376 mortalis
2723 5315 3087 5395 praecipere,
3138 5319 3340 5393 potest
3392 5313 3727 5392 condigna

2128 5425 2312 5487 poena
2332 5407 2430 5469 vel
2456 5425 2716 5469 censura
2732 5407 2959 5487 punire
2986 5423 3096 5485 per
3122 5407 3453 5486 ipsammet
3472 5406 3727 5486 legem,

2128 5501 2361 5582 absque
2390 5501 2517 5564 alia
2564 5503 2873 5565 sententia
2900 5499 3159 5566 ferenda
3201 5516 3315 5582 per
3350 5500 3729 5576 hominem,

2108 5773 2139 5810 Ι
