3976 6219
706 390 841 442 GAP.
871 389 999 443 XIV.
1034 387 1248 443 U'rnnu
1276 388 1476 442 Acrus
1506 385 1909 441 PRAETERffus
1940 385 2153 439 Possrr
2185 384 2336 439 ESSE
2367 385 2453 438 Ex
2485 385 2782 451 MATERIA,
2810 385 2945 439 E'rc.

221 493 359 556 lum
397 490 547 553 mali
568 497 749 568 sunt3
784 509 1163 570 consequens
1181 490 1501 568 autemjest
1518 489 1744 551 falsum
1772 509 1789 554 ι

222 588 371 669 quia
412 584 505 645 illi
538 591 711 645 actus
747 602 874 644 non
915 589 1061 644 sunt
1098 601 1206 662 per
1237 601 1301 644 se
1346 583 1607 644 connexi
1648 600 1790 643 cum

223 686 365 742 actu
384 677 698 753 exteriori,
728 695 843 738 nec
872 676 1218 756 impediunt
1237 695 1348 755 per
1379 694 1443 736 se
1482 675 1792 737 executio-

224 789 369 833 nem
420 769 733 849 praecepti.
779 768 1138 847 Respondeo
1169 789 1183 827 :
1211 767 1378 847 qnod
1430 770 1654 828 attinet
1710 766 1791 827 ad

225 863 600 926 desiderium
615 860 920 935 inefficax,
937 860 1093 921 illud
1112 878 1190 921 ex
1206 867 1380 940 parte
1398 861 1622 940 objecti
1632 878 1791 921 sem-

225 976 338 1039 per
357 955 621 1017 includit
649 953 1066 1015 conditionem
1101 952 1398 1033 aliquam,
1430 972 1568 1033 quae
1590 959 1792 1015 atten-

227 1052 433 1114 denda
459 1054 550 1111 est
572 1049 651 1111 ad
676 1048 1081 1129 judicandum
1095 1048 1173 1110 de
1190 1048 1511 1111 honestate
1536 1048 1636 1109 vel
1661 1054 1792 1108 tur-

228 1144 511 1226 pitudine
560 1143 699 1204 talis
734 1142 1043 1203 desiderii.
1110 1143 1174 1204 Si
1219 1160 1368 1222 ergo
1422 1141 1796 1204 desiderium

230 1239 409 1300 cadat
442 1238 509 1297 in
538 1235 662 1297 tale
702 1235 1010 1316 objectum
1047 1252 1176 1295 non
1214 1235 1495 1295 obstante
1522 1234 1797 1314 prohibi-

232 1330 424 1406 tione,
455 1334 518 1390 et
547 1328 814 1389 conditio
847 1325 1047 1387 solum
1076 1327 1179 1402 sit,
1214 1327 1265 1387 si
1292 1344 1534 1405 possem
1563 1325 1797 1387 occulte

230 1422 435 1484 facere
472 1420 570 1481 vel
605 1420 737 1481 sine
772 1419 1127 1480 discrimine
1163 1437 1385 1499 poenas,
1424 1424 1533 1480 aut
1564 1417 1686 1478 alia
1716 1418 1796 1478 si-

234 1513 424 1589 milis,
470 1511 611 1573 talis
661 1518 835 1572 actus
871 1511 1217 1590 prohibitus
1268 1517 1359 1572 est
1397 1527 1471 1570 ex
1513 1510 1577 1571 vi
1615 1509 1792 1588 legis,

236 1611 489 1686 propter
527 1604 830 1664 rationem
864 1603 1113 1678 factam,
1143 1604 1288 1682 quia
1323 1608 1606 1663 versatur
1634 1602 1797 1662 circa

238 1698 549 1778 objectum
594 1696 971 1777 prohibitum
1008 1702 1245 1757 retenta
1270 1694 1706 1775 prohibitione,
1733 1699 1796 1754 et

238 1790 579 1853 formaliter
609 1795 702 1851 est
740 1789 1114 1850 desiderium
1142 1788 1452 1868 quoddam
1491 1794 1798 1866 transgre-

241 1884 451 1945 diendi
482 1883 706 1962 legem,
733 1883 894 1961 quod
923 1881 1157 1942 malum
1188 1886 1280 1942 est
1305 1886 1367 1942 et
1388 1880 1793 1962 prohibitum.

240 1977 319 2038 At
349 1995 518 2051 vero,
550 1976 604 2035 si
631 1975 902 2036 conditio
930 1975 1009 2035 sit
1028 1974 1170 2035 talis
1211 1979 1282 2034 ut
1320 1977 1634 2035 removeat
1660 1989 1800 2050 pro-

238 2070 628 2144 hibitionem,
666 2086 790 2129 non
834 2068 953 2128 erit
980 2066 1359 2147 prohibitum
1395 2084 1509 2127 nec
1538 2064 1797 2139 malum,

239 2163 534 2242 quiajam
563 2179 688 2221 non
716 2166 995 2221 versatur
1023 2161 1184 2221 circa
1210 2160 1518 2238 obJ‘ectum
1541 2158 1799 2231 malum,

239 2261 329 2331 ut,
354 2254 526 2315 verbi
553 2252 774 2330 gratia,
822 2252 876 2311 si
915 2251 1053 2331 quis
1090 2251 1312 2313 habeat
1339 2251 1680 2331 simplicem
1713 2248 1803 2310 af-

240 2348 469 2408 fectum
499 2345 760 2405 faciendi
800 2344 918 2404 hoc
948 2344 1001 2404 si
1029 2363 1156 2403 non
1197 2348 1353 2404 esset
1395 2342 1800 2422 prohibitum,

242 2458 352 2520 per
399 2439 559 2498 hanc
604 2436 1019 2496 conditionem
1062 2430 1337 2495 removet
1383 2433 1686 2493 malitiam
1742 2437 1805 2491 et

242 2530 747 2612 prohibitionem,
798 2534 860 2587 et
901 2528 1133 2607 appetit
1160 2533 1364 2587 actum
1389 2525 1569 2585 illum
1592 2542 1805 2584 secun-

245 2624 395 2684 dum
432 2642 495 2684 se
526 2627 884 2702 spectatum,
929 2621 1035 2699 qui
1058 2627 1129 2679 ut
1158 2620 1244 2680 sic
1278 2619 1479 2679 malus
1510 2635 1636 2677 non
1664 2621 1799 2690 est3

245 2721 306 2778 et
353 2715 519 2776 idem
567 2714 900 2775 dicendum
949 2730 1091 2773 cum
1147 2711 1542 2791 proportione
1587 2716 1680 2771 est
1729 2707 1807 2768 (16

246 2807 509 2887 simplici
531 2805 996 2885 complacentia,
1019 2813 1128 2864 seu
1147 2803 1551 2864 delectatione
1569 2802 1635 2862 in
1663 2806 1809 2862 actu

245 2902 352 2962 illo
381 2900 683 2979 cogitato:
727 2915 877 2959 nam
913 2895 966 2956 si
985 2895 1126 2956 talis
1172 2895 1493 2955 delectatio
1529 2894 1811 2973 praescin-

243 2993 352 3055 dat
393 3012 432 3053 a
478 2989 917 3071 prohibitione,
957 2993 1028 3047 ut
1061 2987 1369 3047 ordinarie
1398 2984 1535 3046 fieri
1562 2986 1714 3047 solet
1740 2985 1809 3046 in

242 3086 484 3148 actibus
524 3083 633 3164 qui
675 3080 875 3143 solum
916 3084 1063 3141 sunt
1100 3078 1250 3139 mali
1292 3078 1440 3158 quia
1475 3077 1806 3157 prohibiti,

242 3198 323 3241 eo
344 3179 477 3259 ipso
505 3195 630 3239 non
660 3185 750 3236 est
776 3175 853 3234 (16
875 3173 1114 3252 objecto
1137 3171 1323 3248 malo,
1350 3177 1412 3233 et
1439 3188 1814 3250 consequen-

238 3280 343 3335 ter
388 3290 516 3334 non
556 3268 916 3350 prohibetur
952 3285 1030 3327 ex
1069 3266 1133 3326 vi
1172 3264 1312 3325 talis
1351 3264 1529 3344 legis,
1575 3282 1691 3324 nec
1724 3262 1817 3323 di-

242 3371 412 3428 recte
459 3382 573 3424 nec
619 3361 954 3434 indirecte,
995 3363 1067 3418 ut
1110 3375 1185 3418 ex
1225 3357 1404 3417 dictis
1447 3361 1702 3417 constat.
1748 3354 1813 3417 Si

244 3463 460 3521 autem
475 3455 613 3534 quis
626 3452 1032 3515 delectaretur
1057 3451 1133 3512 de
1157 3449 1265 3510 illo
1286 3455 1423 3510 actu
1443 3447 1812 3509 involvendo

244 3547 793 3629 transgressionem
832 3543 1120 3624 praecepti
1143 3586 1164 3618 ,
1206 3546 1278 3602 ut
1304 3545 1476 3620 puta,
1524 3539 1671 3620 quia
1710 3540 1815 3600 (16-

242 3645 512 3706 lectatur
532 3640 809 3719 cogitans
827 3655 891 3698 se
916 3635 981 3696 id
1001 3634 1201 3696 facere
1225 3652 1352 3695 non
1371 3632 1654 3694 obstante
1671 3650 1812 3712 pro·

244 3735 552 3797 bibitione
579 3731 734 3809 legis
757 3774 779 3805 ,
809 3729 896 3790 sic
937 3726 1379 3807 complacentia
1411 3730 1570 3786 esset
1596 3725 1759 3787 mala
1784 3740 1807 3803 3

243 3829 380 3890 imo
407 3829 564 3887 esset
581 3822 834 3902 quidam
862 3824 1248 3900 contemptus
1264 3817 1439 3896 legis,
1460 3815 1563 3878 vel
1583 3816 1813 3878 sorma-

243 3922 347 3996 lis,
398 3917 499 3979 vel
524 3915 741 3977 saltem
768 3912 1069 3989 virtualis,
1100 3917 1162 3975 et
1181 3911 1321 3972 ideo
1352 3909 1656 3972 indirecte
1676 3927 1815 3990 pro-

243 4012 503 4076 hibetur
527 4027 638 4090 per
661 4008 886 4087 legem.

328 4108 405 4167 11
419 4151 434 4167 .
478 4104 571 4163 Ex
593 4098 818 4181 quibus
844 4096 1109 4177 intelligi
1135 4101 1335 4175 potest
1356 4094 1598 4158 duobus
1617 4095 1816 4156 modis

245 4215 427 4280 posse
458 4196 660 4274 legem
708 4192 1049 4253 humanam
1099 4188 1425 4268 prohibere
1472 4187 1572 4250 vel
1605 4187 1816 4266 praeci-

248 4309 402 4373 pere
426 4287 719 4350 indirecte
741 4285 1060 4345 internum
1088 4287 1320 4355 actum,
1350 4278 1602 4355 scilicet,
1618 4279 1717 4340 vel
1739 4296 1816 4339 ex

249 4389 432 4465 parte
458 4386 652 4455 actus,
682 4372 1262 4456 comprehendendo
1299 4372 1478 4432 illum
1520 4377 1817 4452 tanquam

252 4493 508 4540 causam
534 4471 884 4545 formalem,
920 4485 1029 4529 seu
1060 4472 1301 4547 partem
1338 4471 1509 4526 actus
1555 4464 1818 4526 humani

254 4568 571 4650 completi,
606 4566 714 4645 qui
758 4569 851 4624 est
901 4561 1273 4640 compositus
1318 4577 1395 4620 ex
1425 4558 1706 4620 interiori
1757 4563 1820 4619 et

255 4661 553 4726 exteriori
579 4663 722 4721 actu
752 4671 768 4716 ε
800 4655 898 4717 vel
936 4673 1011 4715 ex
1041 4658 1215 4733 parte
1260 4650 1484 4732 objecti
1524 4658 1695 4712 actus
1721 4652 1819 4712 in·

253 4755 527 4831 terioris,
548 4748 861 4813 reddendo
888 4746 1040 4807 illud
1064 4762 1325 4825 pravum
1353 4749 1415 4805 et
1440 4745 1821 4806 contrarium

256 4855 443 4912 rectoe
465 4844 712 4908 rationi.
746 4841 1039 4919 Priorque
1056 4837 1275 4898 modus
1296 4837 1603 4917 praecipue
1622 4837 1818 4899 cerni·

258 4950 362 5003 tur
386 4942 459 5002 in
494 4937 734 5000 actibus
754 4932 1103 4997 efficacibus
1135 4935 1197 4992 et
1218 4929 1514 4991 absolutis
1531 4930 1640 5010 qui
1663 4930 1825 4991 ordi-

262 5041 494 5095 nantur
538 5030 617 5091 ad
663 5025 1090 5089 executionem
1134 5022 1336 5102 operis
1389 5024 1672 5102 praecepti
1717 5026 1827 5082 aut

264 5125 585 5208 prohibiti,
632 5124 898 5200 suntque
940 5134 1122 5178 causa
1147 5116 1321 5194 ejus:
1352 5115 1653 5195 posterior
1679 5133 1827 5177 vero

268 5218 488 5282 modus
523 5214 839 5278 invenitur
887 5210 957 5271 in
1011 5207 1250 5270 actibus
1298 5207 1712 5269 inefficacibus
1765 5214 1829 5270 et

269 5310 671 5393 simplicibus,
702 5305 835 5386 qui,
881 5303 1023 5363 licet
1065 5318 1191 5363 non
1234 5299 1358 5361 sint
1398 5317 1617 5376 causae,
1652 5319 1830 5362 suam

270 5409 481 5466 tamen
505 5402 809 5462 rationem
829 5399 1086 5456 sumunt
1107 5391 1186 5453 ab
1209 5392 1484 5471 objectis,
1507 5397 1571 5452 et
1592 5393 1831 5454 ratione

3307 382 3433 445 225

1867 488 2053 550 modo
2081 494 2252 549 actus
2295 489 2555 550 interior
2582 489 2787 569 aliquo
2814 492 2999 553 modo
3036 497 3129 552 est
3167 493 3429 553 materia

1867 581 2045 659 legiS,
2071 586 2286 660 estque
2320 582 2414 657 (ut
2443 581 2526 641 sic
2553 581 2777 659 dicam)
2807 590 3282 663 compraeceptus
3319 602 3429 663 per

1868 673 2097 753 legem,
2123 674 2268 753 quia
2294 692 2406 752 per
2431 691 2496 734 se
2533 676 2887 755 praecipitur
2916 683 3087 739 actus
3116 676 3428 738 humanus

1872 765 2214 843 sensibilis3
2241 765 2729 846 compraecipitur
2750 773 2960 829 autem
2981 787 3124 849 pars
3165 780 3228 831 et
3254 770 3429 849 quasi

1870 859 2074 920 forma
2100 860 2256 938 ejus,
2290 859 2533 921 etiamsi
2576 861 2946 923 insensibilis
2986 868 3049 924 et
3095 863 3431 944 spiritualis

1872 953 1973 1028 sit,
2025 952 2183 1013 sicut
2208 971 2319 1033 per
2355 970 2420 1013 se
2465 959 2799 1032 generatur
2841 954 3056 1032 hom0,
3112 963 3174 1018 et
3218 960 3431 1020 anima

1871 1051 2324 1124 congeneratur
2341 1063 2454 1107 suo
2476 1046 2660 1107 modo
2683 1053 2989 1126 quatenus
3010 1048 3213 1113 forma
3231 1053 3432 1114 homi-

1873 1139 1973 1199 nis
1997 1144 2113 1214 est,
2141 1138 2361 1200 saltem
2384 1139 2586 1219 quoad
2614 1140 2912 1202 unionem
2954 1161 3095 1204 cum
3138 1147 3428 1223 materia3

1875 1237 1937 1293 et
1980 1232 2120 1293 ideo
2155 1232 2495 1294 secundum
2535 1231 2702 1293 hunc
2745 1234 3005 1296 modum
3052 1244 3200 1298 non'
3231 1238 3431 1299 solum

1874 1328 2077 1403 potest
2099 1324 2350 1404 praecipi
2377 1330 2546 1385 actus
2573 1326 2850 1399 interior,
2886 1329 2994 1407 qui
3031 1336 3124 1391 est
3146 1330 3433 1393 voluntas

1875 1416 2195 1496 operandi,
2225 1418 2329 1479 sed
2373 1417 2561 1478 etiam
2605 1419 2806 1479 omnis
2843 1419 2948 1482 ille
2989 1428 3160 1484 actus
3209 1424 3437 1486 mentis

1874 1508 2008 1570 sine
2034 1527 2160 1587 quo
2181 1515 2353 1570 actus
2379 1510 2648 1571 exterior
2669 1520 3008 1592 praeceptus
3030 1533 3161 1577 esse
3179 1535 3306 1579 non
3326 1537 3435 1599 po-

1874 1606 2015 1678 test,
2050 1606 2142 1677 ut,
2191 1602 2243 1662 si
2272 1602 2446 1663 miles
2473 1604 2826 1683 praecipitur
2864 1608 3166 1671 custodire
3200 1628 3431 1688 arcem,

1877 1699 2321 1773 consequenter
2349 1695 2704 1774 praecipitur
2730 1697 2991 1776 vigilare
3009 1705 3071 1760 et
3092 1703 3431 1779 attendere,

1876 1793 1939 1847 et
1963 1787 2015 1846 si
2042 1787 2320 1866 superior
2351 1787 2626 1867 praecipit
2646 1789 2916 1865 studere,
2937 1794 3346 1856 attentionem
3374 1804 3438 1857 et

1877 1879 2352 1960 applicationem
2394 1880 2592 1941 animi
2635 1884 3073 1964 compraecipit,
3122 1893 3184 1948 et
3228 1888 3314 1947 sic
3360 1889 3438 1949 dc

1877 1972 2038 2047 aliis,
2067 1978 2138 2030 ut
2164 1977 2352 2032 novat
2393 1972 2655 2050 Sylvest.
2696 1975 2866 2036 verb.
2898 1978 3101 2053 Hora,
3146 1998 3209 2059 q.
3245 1984 3345 2056 11,
3373 1985 3436 2041 et

1881 2064 2158 2125 dicemus
2184 2063 2347 2124 infra
2373 2065 2556 2125 latius
2576 2068 2896 2128 tractando
2918 2068 2995 2131 de
3017 2060 3154 2149 lege
3185 2074 3439 2133 canoni-

1883 2175 1973 2218 ca.
2001 2157 2081 2216 At
2107 2174 2254 2217 vero
2304 2156 2371 2216 in
2395 2159 2721 2235 posteriori
2750 2160 2935 2220 modo
2984 2168 3157 2223 actus
3183 2164 3442 2225 interior

1883 2268 2011 2309 non
2045 2255 2136 2310 est
2176 2250 2437 2310 materia
2475 2249 2627 2326 legis
2666 2249 2977 2328 humanae,
3023 2255 3128 2315 sed
3160 2262 3445 2317 versatur

1885 2343 2048 2402 circa
2072 2343 2396 2402 materiam
2419 2341 2572 2421 legis
2603 2343 2893 2405 humanae
2907 2361 2927 2422 3
2954 2353 3018 2407 et
3047 2365 3124 2407 ex
3152 2350 3445 2410 mutatio-

1883 2453 1963 2495 ne
1993 2434 2234 2508 morali,
2266 2453 2403 2513 quae
2430 2454 2539 2513 per
2565 2435 2766 2514 legem
2799 2436 2870 2497 fit
2913 2439 3074 2501 circa
3099 2441 3271 2502 illam
3312 2461 3445 2503 ma-

1884 2527 2106 2587 teriam
2134 2525 2388 2586 resultat
2409 2527 2647 2587 malitia
2665 2529 2732 2589 in
2755 2529 3037 2592 interiori
3063 2540 3204 2594 actu
3225 2553 3446 2616 propo·

1883 2619 2009 2694 siti,
2039 2624 2149 2679 aut
2192 2618 2480 2679 desiderii
2523 2619 2601 2681 de
2645 2621 2756 2681 tali
2800 2624 3061 2684 materia
3111 2626 3443 2705 prohibita,

1886 2710 1965 2771 ad
1993 2729 2136 2771 eum
2161 2711 2417 2771 modum
2455 2729 2579 2790 quo
2607 2730 2806 2774 unum
2834 2714 3163 2777 relativum
3190 2719 3450 2781 resultat

1887 2802 2344 2865 ex·mutatione
2386 2802 2639 2865 alterius
2681 2807 2966 2883 extremi,
3014 2814 3078 2870 et
3122 2809 3261 2871 ideo
3306 2811 3450 2872 talis

1886 2895 2152 2957 mutatio
2197 2912 2328 2956 non
2377 2897 2617 2958 excedit
2659 2904 3026 2978 potestatem
3079 2902 3443 2967 humanam.

1888 2988 2103 3050 Solum
2124 2994 2365 3068 poterat
2385 2988 2486 3049 hic
2502 3008 2816 3069 superesse
2838 2993 3184 3072 difficultas,
3206 3015 3287 3057 an
3310 3013 3452 3076 pos2·

1892 3081 1971 3141 sit
1998 3081 2120 3142 alio
2146 3080 2332 3142 modo
2366 3081 2680 3161 prohiberi
2701 3100 2812 3162 per
2837 3084 3041 3165 legem
3080 3087 3448 3167 humanam,

1892 3173 1993 3235 vel
2021 3173 2271 3252 praecipi
2309 3179 2482 3234 actus
2506 3174 2765 3236 interior
2790 3195 2932 3237 cum
2961 3180 3275 3257 exteriori,
3308 3200 3454 3242 cum

1895 3284 2020 3345 quo
2047 3271 2268 3326 neutro
2294 3283 2373 3327 ex
2394 3266 2571 3327 dictis
2603 3267 2804 3328 modis
2828 3288 3142 3332 connexus
3184 3274 3283 3333 sit.
3333 3272 3456 3335 Sed

1891 3358 2023 3420 haec
2042 3358 2369 3420 difficultas
2391 3359 2669 3438 specialis
2697 3379 2825 3424 esse
2852 3364 3096 3426 videtur
3121 3365 3189 3427 in
3214 3366 3455 3445 legibus

1892 3449 2226 3525 canonicis,
2273 3457 2335 3513 et
2361 3451 2500 3513 ideo
2525 3451 2594 3513 in
2620 3451 2781 3516 libro
2807 3461 3027 3536 quarto
3068 3459 3454 3520 commodius

1889 3543 2279 3607 tractabitur.

2455 3731 2706 3796 CAPUT
2743 3735 2902 3800 XIV.

1891 3931 2095 3978 uranu
2140 3932 2324 3979 Acras
2370 3933 2745 3981 rursm-rus
2791 3937 2986 3983 rossrr
3022 3937 3167 3986 assa
3214 3939 3295 3988 xx
3336 3941 3454 3989 ΜΛ-

2316 4025 2499 4071 nau
2537 4026 2704 4073 mus
2743 4028 3033 4076 numa.
3445 4011 3452 4014 ’

1977 4193 2038 4251 1.
2083 4190 2268 4253 Ratio
2303 4192 2639 4256 dubitandi.
2671 4224 2753 4239 —
2787 4195 2914 4258 Lex
2956 4197 3088 4259 alia
3137 4199 3456 4264 declarati-

1896 4300 1995 4356 va,
2023 4283 2156 4344 alia
2197 4285 2605 4348 constitutiva.
2631 4320 2712 4331 —
2738 4287 2810 4347 In
2856 4286 3084 4367 triplici
3117 4295 3283 4350 statu
3316 4310 3457 4372 pos-

1896 4380 2043 4436 sunt
2068 4376 2442 4439 considerari
2481 4383 2653 4439 actus
2700 4378 2988 4456 humani,
3031 4381 3256 4459 futuri,
3294 4403 3459 4463 proe-

1897 4474 2100 4530 sentes
2131 4473 2193 4529 et
2220 4470 2356 4548 jam
2382 4469 2553 4532 facti.
2579 4472 2665 4533 De
2686 4471 2913 4533 suturis
2945 4474 3120 4535 nulla
3149 4480 3240 4534 est
3265 4494 3459 4555 quaes-

1897 4563 2008 4639 tio,
2035 4562 2182 4642 quia
2215 4570 2452 4625 certum
2474 4571 2567 4627 est
2600 4571 2662 4627 et
2702 4583 2816 4646 pro
2849 4567 2972 4628 illis
2999 4568 3269 4629 maxime
3309 4570 3461 4648 poni

1897 4654 2066 4734 leges
2093 4655 2422 4734 humanas,
2453 4676 2586 4738 cap.
2606 4660 2645 4719 2
2673 4664 2735 4720 et
2762 4678 2899 4739 cap.
2930 4660 3043 4722 ult.
3073 4661 3150 4722 de
3172 4661 3456 4738 Constit.,

1899 4754 1961 4810 et
1982 4749 2051 4809 in
2092 4748 2138 4809 l.
2169 4750 2353 4829 Leyes
2398 4758 2453 4813 et
2492 4753 2962 4828 constitutiones,
3006 4754 3072 4815 C.
3122 4753 3199 4814 de
3244 4754 3456 4832 Legib.

1899 4840 2081 4901 Ratio
2107 4846 2219 4915 est,
2251 4843 2398 4921 quia
2424 4842 2526 4903 lex
2546 4844 2802 4923 ponitur
2825 4850 2899 4905 ut
2918 4844 3135 4924 regula
3160 4847 3467 4924 operatio-

1904 4932 2036 5008 nis;
2094 4932 2311 5012 regula
2349 4940 2559 4996 autem
2592 4936 2855 5015 supponi
2895 4935 3079 4997 debet
3132 4938 3211 4998 ad
3258 4955 3411 5016 opus
3443 4955 3461 5000 ε

1906 5030 2000 5085 est
2022 5025 2191 5086 enim
2204 5044 2314 5087 suo
2342 5028 2526 5088 modo
2548 5027 2924 5107 principium
2947 5028 3225 5104 actionis,
3243 5039 3306 5090 et
3326 5030 3465 5091 ideo

1907 5117 2180 5178 maxime
2209 5118 2390 5180 datur
2415 5125 2666 5198 propter
2704 5119 2978 5180 futuram
3005 5120 3334 5183 actionem.
3381 5123 3468 5184 Dc

1904 5211 2310 5291 praesentibus
2334 5211 2678 5272 actionibus
2700 5211 2859 5271 nihil
2881 5212 3339 5291 distinguimus,
3361 5215 3470 5277 sed

1910 5320 2054 5363 cum
2074 5303 2396 5382 praeteritis
2424 5322 2527 5365 eas
2551 5321 2973 5380 numeramus,
3002 5306 3150 5384 quia
3169 5307 3302 5384 jam
3328 5327 3471 5387 sup-

1911 5403 2231 5476 ponuntur
2253 5398 2429 5458 factae
2447 5397 2678 5477 absque
2695 5397 2830 5477 lege
2846 5444 2867 5475 ,
2890 5399 3132 5460 etiamsi
3154 5403 3473 5480 contingat

275 5497 525 5559 illorum
550 5492 701 5557 boni
728 5489 829 5551 vel
862 5487 1013 5551 mali
1039 5484 1221 5547 fiunt.
1252 5485 1526 5567 Denique
1547 5485 1614 5545 in
1641 5486 1835 5567 priori
1913 5490 2100 5551 simul
2124 5497 2400 5573 tempore
2428 5492 2729 5570 existere3
2754 5493 2854 5556 vel
2876 5499 3037 5557 certe
3087 5495 3139 5556 si
3168 5513 3474 5574 ponamus

687 5609 752 5661 V·

3005 5600 3082 5659 15
