3976 6219
903 377 1037 431 cAP.
1073 380 1292 452 XXXW.
1330 379 1544 431 UTRUM
1575 377 1770 430 LEGES
1804 377 2043 430 clvlLEs
2074 379 2279 431 JUSTAE
2311 380 2634 444 OBLlGENT,
2668 381 2804 433 E'm.

3322 381 3440 443 307

237 476 520 539 Tertium
553 481 858 555 punctum
884 494 1072 556 supra
1099 478 1392 555 positum,
1428 483 1520 538 est
1550 494 1632 537 an
1673 475 1801 536 effi·
1882 480 1973 536 tes
2002 494 2041 537 a
2067 476 2226 553 1000,
2266 496 2392 539 11011
2417 479 2497 539 sit
2518 478 2785 553 subdita,
2816 485 2885 539 ut
2915 477 3100 540 latius
3127 480 3274 542 dicti
3301 501 3444 544 auc-

239 571 415 632 cacia
445 569 602 649 legis
628 568 833 630 dantis
860 569 1128 630 formam
1160 571 1433 648 judiciis,
1477 568 1803 631 contracti·
1882 574 2047 630 tores
2063 577 2541 650 prosequuntur.
2578 571 2691 632 Hic
2717 572 3077 634 occurrebat
3093 576 3350 652 quaestio
3367 576 3445 638 de

238 662 378 736 buS,
403 668 511 723 aut
538 662 675 723 aliis
701 662 1009 724 similibus
1035 663 1398 739 actionibus,
1422 668 1485 725 et
1504 661 1805 724 irritantis

241 754 645 831 alitersactas,
663 755 1204 818 extendaturintra
1217 755 1597 817 territorium
1616 756 1805 816 etiam

243 848 323 909 ad
347 866 474 908 non
497 847 793 909 subditos.
816 850 885 909 In
909 866 1030 927 quo
1049 849 1321 911 breviter
1337 849 1670 910 dicendum
1690 853 1804 924 est,

244 941 436 1002 etiam
460 939 664 1020 quoad
690 941 808 1002 hoc
834 942 1203 1003 servandam
1229 960 1356 1003 esse
1377 942 1580 1021 legem
1604 942 1671 1001 in
1696 958 1810 1016 suo

244 1033 582 1110 territorio,
617 1039 681 1095 et
707 1034 1044 1096 secundum
1077 1034 1248 1095 illam
1273 1053 1403 1096 esse
1426 1034 1504 1095 de
1530 1039 1674 1095 actu
1709 1035 1810 1113 ju·-

247 1126 604 1187 dicandum.
654 1128 745 1187 Ita
783 1127 1040 1203 Bartol.,
1074 1128 1283 1203 Jason,
1323 1132 1386 1188 et
1416 1127 1523 1187 alii
1551 1127 1619 1187 111
1647 1125 1814 1186 dicta

250 1217 294 1281 l.
330 1219 584 1283 C'tmctos
603 1221 880 1299 populos,
906 1220 1131 1297 Felin.,
1152 1239 1288 1301 cap.
1313 1224 1374 1297 1,
1402 1220 1479 1281 de
1500 1220 1809 1301 Sponsal.,

252 1332 319 1374 11.
356 1315 421 1388 2,
459 1318 524 1375 et
560 1332 625 1375 n.
664 1315 745 1375 23
773 1321 836 1376 et
861 1314 1258 1394 sequentibus
1272 1330 1293 1392 3
1331 1321 1395 1378 et
1434 1316 1666 1395 optime
1703 1315 1815 1376 Pa-

256 1406 508 1468 normit.
553 1408 593 1467 2
639 1413 797 1486 part.
843 1406 1056 1468 consil.
1101 1407 1168 1468 in
1215 1409 1294 1468 52
1309 1422 1330 1485 3
1387 1406 1696 1487 Tiraquel.
1738 1407 1815 1469 de

257 1497 717 1576 primogenitis,
749 1504 965 1578 quaest.
1002 1501 1084 1561 46
1114 1505 1180 1561 01
1209 1501 1312 1561 48.
1352 1501 1578 1562 Sensus
1603 1504 1815 1560 autem

254 1591 605 1652 assertionis
632 1596 725 1653 est
751 1591 1079 1668 advenam,
1114 1593 1221 1672 qui
1249 1592 1318 1653 in
1358 1592 1638 1653 hocloco
1667 1591 1816 1653 facit

252 1689 691 1746 testamentum
726 1691 837 1746 aut
871 1692 1276 1762 contractum,
1319 1686 1543 1747 debere
1579 1686 1647 1746 in
1688 1685 1812 1746 illis

256 1794 498 1840 servare
521 1778 785 1839 formam
830 1779 1248 1860 praescriptam
1285 1799 1394 1860 per
1423 1780 1591 1858 leges
1624 1779 1812 1857 hujus

254 1869 467 1947 regni:
518 1888 591 1931 ac
622 1872 880 1950 proinde
911 1872 986 1948 si,
1021 1872 1222 1945 forma
1253 1872 1361 1933 illa
1388 1889 1516 1933 non
1546 1878 1810 1946 servata,

255 1968 606 2024 contractus
624 1965 705 2026 sit
717 1965 928 2026 irritus
946 1984 1022 2026 ex
1043 1965 1108 2025 vi
1126 1965 1400 2045 ejusdem
1419 1965 1600 2043 legiS,
1626 1964 1816 2026 etiam

252 2053 456 2115 factus
482 2055 562 2116 ab
591 2062 883 2119 extraneo
914 2059 1033 2120 erit
1059 2057 1292 2134 irritus,
1323 2063 1386 2119 et
1412 2057 1499 2118 sic
1533 2056 1609 2117 de
1637 2055 1813 2117 aliis:

253 2147 412 2208 ratio
454 2154 567 2224 est,
622 2151 772 2229 quia
808 2150 916 2211 illa
962 2150 1064 2211 lex
1101 2156 1195 2211 est
1231 2151 1449 2228 regula
1477 2150 1616 2211 talis
1652 2155 1821 2210 actus

257 2241 458 2320 quoad
483 2242 611 2301 vim
643 2242 959 2321 obligandi
984 2244 1226 2305 ratione
1254 2244 1395 2319 loci,
1426 2249 1498 2303 ut
1524 2243 1693 2303 dixi:
1729 2260 1821 2302 er-

261 2350 339 2412 go
384 2334 573 2396 etiam
614 2335 703 2395 ibi
745 2335 978 2414 obligat
1026 2336 1108 2396 ad
1146 2336 1515 2397 servandam
1556 2335 1822 2396 formam

263 2427 557 2507 operandi
590 2445 778 2508 quam
806 2428 1166 2507 praescribit,
1210 2435 1272 2490 et
1303 2429 1464 2488 siout
1503 2427 1590 2487 ibi
1635 2428 1823 2488 habet

262 2521 391 2580 vim
414 2520 736 2600 puniendi,
782 2520 871 2580 ita
895 2519 1084 2580 etiam
1122 2521 1251 2581 vim
1291 2518 1598 2580 irritandi.
1650 2520 1825 2580 Patet

261 2615 694 2692 consequentia
719 2631 798 2673 ex
823 2612 1083 2692 paritate
1101 2611 1382 2686 rationis,
1407 2618 1468 2673 et
1488 2612 1635 2690 quia
1651 2617 1823 2672 actus

258 2703 362 2765 ille
389 2704 750 2784 simpliciter
781 2713 871 2767 est
902 2705 1213 2784 subJectus
1245 2704 1337 2765 illi
1362 2705 1523 2783 legi:
1552 2723 1700 2784 ergo
1730 2710 1826 2766 est

259 2796 541 2858 subditus
576 2798 783 2877 quoad
808 2803 1004 2858 totam
1036 2797 1371 2860 efficaciam
1390 2798 1544 2876 ejus,
1575 2799 1651 2859 Et
1677 2815 1824 2860 con·

260 2888 574 2965 firmatur,
602 2891 754 2969 quia
784 2890 852 2950 hi
879 2895 1053 2951 actus
1075 2890 1184 2969 qui
1212 2895 1444 2953 certam
1465 2890 1731 2951 {ormam
1764 2896 1827 2952 et

260 2983 719 3044 solemnitatem
745 2983 1093 3062 requirunt,
1133 3002 1262 3046 non
1292 2984 1527 3045 habent
1552 2982 1827 3043 valorem

262 3076 396 3137 sine
423 3075 802 3137 adminiculo
821 3076 1004 3155 juris,
1034 3075 1080 3137 1.
1117 3077 1443 3157 Layitima,
1478 3075 1542 3137 ff.
1572 3075 1648 3137 de
1675 3077 1829 3138 Pac-

264 3169 379 3247 tis3
404 3175 554 3231 tunc
580 3175 789 3230 autem
822 3170 929 3248 jus
955 3188 1083 3231 non
1115 3171 1447 3246 concurrit,
1490 3170 1598 3231 sed
1625 3169 1830 3249 potius

265 3262 528 3324 resistit:
566 3280 715 3342 ergo
739 3268 910 3324 actus
941 3281 1070 3324 non
1092 3262 1346 3324 habebit
1375 3262 1669 3324 valorem.
1714 3263 1830 3323 De-

264 3356 478 3434 nique,
510 3356 577 3415 in
604 3354 961 3433 hujusmodi
988 3354 1174 3418 rebus
1212 3361 1276 3417 et
1313 3353 1657 3417 actionibus
1685 3372 1830 3415 con-

265 3448 620 3511 suetudines
636 3447 911 3510 locorum
936 3449 1253 3510 servandae
1275 3454 1449 3510 sunt:
1475 3465 1626 3526 ergo
1643 3447 1830 3508 etiam

269 3541 458 3621 leges.
504 3543 577 3602 Et
618 3540 735 3602 1100
770 3541 906 3623 ipsa
946 3542 1134 3603 etiam
1166 3542 1308 3622 jura
1339 3541 1549 3602 civilia
1581 3540 1827 3617 docent,

267 3653 407 3715 quas
449 3634 574 3696 late
622 3634 902 3697 referunt
934 3633 1187 3714 allegati
1214 3640 1526 3710 0110101οε,
1570 3633 1649 3696 ad
1679 3652 1834 3713 quos

271 3727 517 3809 proprie
539 3727 871 3807 pertinent,
906 3733 969 3789 et
997 3727 1138 3789 ideo
1156 3746 1284 3789 non
1309 3729 1628 3789 immoror.

351 3823 448 3882 14.
480 3820 651 3892 Hinc
671 3819 963 3897 insertur,
982 3821 1099 3899 jus
1110 3821 1442 3900 positivum
1467 3819 1832 3898 impediendo

266 3913 529 3976 valorem
555 3917 749 3988 actus,
788 3919 1195 3993 consequenter
1218 3913 1468 3993 impedit
1514 3912 1832 3991 obliqatio-

267 4024 424 4069 mm.
449 4039 532 4049 —
560 4004 853 4078 Quomodo
892 4010 1162 4068 conemur
1203 4006 1430 4069 adom
1456 4006 1539 4067 ad
1575 4004 1825 4067 tributa.

269 4132 353 4146 —
379 4099 537 4160 Hinc
564 4104 774 4160 tamen
800 4097 979 4160 nobis
1005 4099 1234 4160 inferre
1259 4098 1406 4159 licet
1436 4097 1711 4159 valorem
1740 4101 1834 4158 ta-

270 4191 428 4253 lium
449 4196 724 4266 actuum,
741 4194 806 4253 et
820 4189 1264 4269 obligationem
1280 4190 1347 4251 in
1364 4190 1502 4251 foro
1522 4189 1834 4250 conscien-

270 4285 377 4346 tiae
408 4286 590 4364 juxta
635 4283 993 4362 hujusmodi
1041 4282 1209 4361 leges
1253 4282 1647 4362 spectandam
1676 4298 1830 4357 esse,

274 4377 426 4458 quia
444 4378 550 4457 jus
568 4376 907 4457 positivum
933 4376 1328 4457 impediendo
1345 4376 1618 4438 valorem
1634 4380 1833 4450 actus,

274 4475 722 4550 consequenter
780 4468 1103 4549 impedivit
1173 4467 1613 4548 obligationem
1674 4466 1829 4544 ejus.

272 4564 443 4625 Idem
467 4562 800 4623 dicendum
828 4566 919 4623 est
957 4562 1033 4622 de
1057 4562 1307 4639 judiciis
1341 4578 1354 4621 :
1398 4577 1549 4637 nam
1592 4558 1836 4638 agenda

274 4662 422 4719 sunt
467 4657 647 4736 juxta
694 4654 985 4731 sormam,
1028 4660 1091 4717 et
1128 4654 1384 4717 modum
1412 4652 1835 4735 praescriptum

272 4768 391 4831 per
421 4748 588 4827 leges
612 4746 730 4808 loci
773 4747 842 4807 in
876 4765 1002 4827 quo
1031 4746 1215 4823 fiunt,
1255 4746 1480 4827 quibus
1510 4749 1837 4826 propterea

278 4840 465 4903 debet
490 4839 749 4901 forensis
773 4840 1023 4919 litigans
1049 4838 1536 4925 accommodari:
1561 4837 1714 4899 alias
1742 4836 1836 4897 ni-

275 4935 371 4999 hil
390 4932 670 4996 validum
696 4932 921 4994 efficiet
946 4933 997 4994 si
1027 4951 1139 5015 per
1175 4933 1342 5012 leges
1366 4931 1487 4993 loci
1528 4929 1840 4991 irritatum

276 5028 399 5103 sit,
415 5032 479 5089 et
503 5026 591 5087 sic
620 5024 697 5087 de
718 5025 878 5086 aliis.
911 5027 1167 5108 Semper
1192 5031 1402 5090 autem
1434 5022 1842 5104 supponimus

280 5126 347 5182 et
391 5121 559 5202 leges
599 5138 729 5182 esse
747 5119 972 5198 justas,
996 5125 1061 5182 et
1083 5118 1383 5199 respicere
1421 5117 1588 5178 bona
1624 5117 1692 5176 in
1731 5113 1843 5176 tali

282 5213 417 5274 loco
453 5213 802 5289 existentia,
844 5230 955 5274 seu
998 5214 1269 5275 actiones
1311 5211 1400 5272 ibi
1433 5210 1644 5283 factas,
1696 5207 1845 5286 quia

281 5306 524 5367 ratione
569 5305 690 5367 1001
729 5305 959 5367 debent
1002 5305 1183 5368 subdi
1215 5295 1633 5384 jurisdictioni
1676 5300 1844 5361 illius

283 5399 603 5473 territorii,
655 5399 899 5460 etiamsi
941 5416 1202 5480 persona
1254 5396 1596 5459 secundum
1642 5412 1731 5470 se,
1782 5399 1845 5454 et

285 5491 494 5569 quoad
520 5490 901 5556 conditiones
929 5492 1304 5576 personales,
1345 5509 1455 5553 seu
1485 5488 1847 5551 abstrahen-

1885 661 2156 739 tributis,
2204 681 2288 725 an
2334 664 2700 744 peregrinus
2726 671 3010 727 teneatur
3048 684 3122 727 ea
3161 667 3397 729 solvere
3426 685 3442 730 :

1887 772 1964 816 ex
1980 756 2213 818 eisdem
2234 763 2446 819 tamen
2466 757 2782 838 principiis
2798 757 3148 821 definienda
3166 766 3278 823 est.
3291 763 3448 824 Nam

1888 849 1940 909 si
1967 848 2266 911 debeatur
2290 849 2597 911 tributum
2639 851 2878 913 ratione
2905 852 2998 913 rei
3040 853 3356 915 existentis
3381 856 3452 917 in

1888 942 2049 1017 loco,
2070 943 2171 1004 vel
2195 943 2453 1004 actionis
2473 961 2610 1023 quae
2635 944 2704 1004 in
2725 943 2838 1004 tali
2859 944 2993 1006 loco
3017 945 3110 1022 fit,
3127 947 3316 1008 etiam
3342 948 3451 1008 ad·

1890 1053 2053 1098 vena
2078 1036 2233 1096 illud
2257 1036 2491 1098 solvere
2522 1037 2854 1113 tenebitur,
2886 1056 2997 1117 per
3028 1058 3093 1101 se
3119 1039 3449 1120 loquendo,

1892 1134 1954 1191 et
1985 1130 2298 1209 supposita
2345 1130 2589 1208 justitia
2623 1130 2877 1208 tributi3
2935 1150 3064 1193 non
3109 1151 3256 1195 vero
3304 1133 3450 1210 alia,

1893 1241 2032 1302 quas
2078 1223 2428 1303 personalia
2457 1229 2621 1285 sunt.
2649 1225 2734 1285 De
2760 1242 2884 1305 qua
2923 1243 2992 1288 re
3019 1231 3151 1288 tota
3179 1226 3361 1308 plura
3386 1227 3456 1289 111

1893 1314 2003 1379 lib.
2038 1320 2076 1378 5
2104 1315 2399 1379 dicemus.

2397 1496 2648 1561 CAPUT
2687 1499 2954 1563 XXXIV.

1963 1698 2166 1745 unum
2204 1700 2390 1746 mults
2428 1701 2657 1749 clvmts
2698 1703 2888 1749 JUSTAE
2928 1704 3399 1752 nchRsus‘rmAs

2372 1794 2661 1841 PERsoNAS
2699 1795 3004 1843 OBLIGBNT.

1979 1962 2039 2020 1.
2084 1961 2269 2023 Ratio
2305 1962 2645 2026 dubitandi.
2667 1997 2749 2012 —
2770 1964 3205 2043 Confirmatwr.
3228 2001 3309 2012 —
3338 1969 3464 2032 Lex

1899 2071 2094 2116 secum
2129 2057 2320 2135 affert
2365 2057 2489 2118 vim
2525 2061 2789 2136 coqendi,
2838 2077 2909 2121 σω
2947 2060 3348 2140 philosophie.
3382 2096 3465 2109 —

1901 2147 2166 2220 Quaestio
2194 2146 2325 2208 haec
2351 2149 2618 2227 pertinet
2662 2151 2743 2211 ad
2776 2152 3100 2212 materiam
3128 2152 3205 2214 de
3235 2153 3464 2215 immu-

1901 2240 2098 2301 nitate
2117 2240 2663 2304 ecclesiasticarum
2682 2261 3110 2322 personarum,
3127 2264 3275 2306 nam
3294 2246 3468 2308 illam

1901 2334 2216 2412 supponit,
2247 2339 2310 2394 et
2334 2334 2401 2394 in
2430 2335 2560 2395 sola
2593 2335 2703 2395 illa
2732 2335 3031 2397 fundatur
3046 2352 3067 2415 ;
3103 2354 3231 2398 non
3267 2344 3469 2418 potest

1901 2432 2116 2488 tamen
2141 2426 2244 2487 hic
2273 2428 2527 2487 omnino
2555 2429 2967 2508 praetermitti,
2999 2429 3147 2509 quia
3197 2449 3470 2493 necessa-

1903 2520 1999 2579 ria
2026 2524 2116 2580 est
2156 2519 2234 2579 ad
2267 2520 2697 2598 explicandam
2738 2521 3202 2598 limitationem,
3238 2526 3339 2586 vel
3365 2544 3468 2587 ex—

1902 2613 2252 2674 tensionem
2291 2612 2504 2690 legum
2532 2613 2808 2675 civilium
2866 2620 2931 2676 et
2955 2614 3335 2678 efficacitatis
3367 2637 3470 2679 ea·-

1902 2723 2047 2765 rum
2078 2706 2240 2766 circa
2267 2722 2558 2784 personas
2590 2712 2914 2768 extraneas
2962 2725 3002 2768 a
3038 2709 3470 2786 jurisdictione

1903 2797 2094 2858 civili.
2146 2798 2326 2859 Ratio
2355 2815 2503 2876 ergo
2555 2798 2882 2860 dubitandi
2937 2805 3051 2875 est,
3103 2802 3251 2879 quia
3304 2801 3472 2882 leges

1904 2890 2113 2952 civiles
2156 2890 2497 2970 procedunt
2541 2909 2581 2952 a
2613 2892 3039 2969 jurisdictione
3093 2896 3469 2972 temporali:

1905 2981 2112 3043 clerici
2167 2987 2376 3042 autem
2432 2984 2702 3060 exempti
2750 2989 2896 3044 sunt
2954 3003 2992 3044 a
3037 2983 3465 3062 jurisdictione

1906 3073 2344 3154 temporalium
2388 3075 2739 3155 principum
2769 3097 2784 3135 ε
2820 3094 2966 3155 0130
3007 3082 3069 3138 01
3116 3078 3196 3138 ab
3250 3095 3454 3144 eorun:

1905 3166 2187 3245 legibus:
2220 3185 2367 3245 ergo
2395 3167 2517 3228 illis
2542 3185 2671 3228 non
2712 3168 3089 3246 obligantur,
3119 3171 3265 3249 quia
3303 3172 3471 3251 leges

1908 3260 2110 3321 solum
2147 3266 2403 3339 possunt
2443 3259 2717 3339 obligare
2753 3279 3044 3340 personas
3071 3262 3343 3326 subditas
3363 3283 3475 3345 po-

1908 3354 2116 3414 testati
2154 3352 2541 3430 legislatoris.
2593 3352 3010 3416 Confirmatur
3019 3400 3040 3431 ,
3085 3356 3231 3435 quia
3261 3357 3310 3418 si
3356 3358 3474 3420 cle·

1912 3445 2079 3507 ricus
2108 3444 2490 3523 obligaretur
2529 3446 2665 3526 lege
2704 3447 2901 3526 regia,
2930 3447 3292 3511 inobediens
3317 3458 3476 3514 esset

1913 3539 2047 3617 regi
2103 3538 2277 3599 illam
2323 3538 2866 3617 transgrediendo,
2912 3557 3059 3619 ergo
3101 3541 3182 3602 ab
3209 3541 3344 3622 ipso
3373 3544 3476 3606 vel

1911 3632 2105 3713 ipsius
2145 3630 2434 3693 ministro
2473 3649 2546 3693 ac
2589 3631 2798 3712 judice
2834 3633 3047 3713 puniri
3083 3640 3287 3714 posset
3332 3655 3474 3717 pro-

1911 3732 2049 3806 pter
2086 3724 2445 3804 huiusmodi
2469 3725 3045 3805 transgressionem,
3096 3727 3246 3806 quia
3283 3747 3475 3792 unus-

1912 3820 2171 3898 quisque
2196 3817 2480 3898 princeps
2500 3818 2731 3879 vindex
2757 3824 2852 3879 est
2877 3837 3129 3881 suarum
3147 3819 3384 3899 legum,
3410 3828 3474 3884 et

1909 3911 2052 3973 ideo
2092 3910 2296 3972 omnis
2338 3909 2440 3972 lex
2466 3926 2678 3970 secum
2703 3909 2885 3971 affert
2908 3912 3039 3972 vim
3086 3914 3372 3991 cogendi,
3401 3920 3474 3976 ut

1909 4004 2269 4067 Aristoteles
2309 4002 2489 4076 dixit,
2538 4002 2685 4081 quia
2710 4002 2941 4081 alioqui
2973 4004 3152 4068 valde
3188 4007 3474 4070 inefficax

1912 4106 2072 4160 esset
2097 4096 2176 4157 ad
2202 4094 2396 4157 finem
2416 4111 2601 4154 suum
2636 4096 3122 4173 assequendum3
3143 4103 3209 4160 at
3234 4105 3474 4160 constat

1913 4188 2161 4251 clericos
2195 4203 2324 4249 non
2350 4202 2523 4265 posse
2548 4185 2761 4265 puniri
2788 4203 2827 4246 a
2857 4186 3130 4265 regibus,
3164 4189 3267 4250 vel
3304 4209 3474 4252 secu-

1913 4280 2148 4343 laribus
2171 4277 2511 4360 judicibus,
2537 4278 2779 4341 etiamsi
2807 4278 2974 4359 leges
2999 4281 3188 4342 seculi
3208 4300 3337 4345 non
3364 4284 3474 4346 ob-

1914 4380 2163 4438 servent
2190 4392 2206 4432 ε
2236 4389 2386 4452 0130
2413 4370 2663 4453 signum
2691 4375 2786 4433 est
2816 4371 2939 4434 illis
2962 4390 3091 4435 non
3116 4373 3400 4455 obligari.

1993 4468 2053 4528 2.
2091 4466 2315 4530 Eoeimi
2333 4465 2758 4530 ecclesiasticos
2779 4483 2819 4529 a
2837 4471 3126 4546 potestate
3143 4468 3313 4531 civili
3335 4488 3477 4550 quo-

1914 4561 1996 4624 ad
2042 4559 2377 4623 marzalia
2430 4575 2774 4625 causarum.
2807 4592 2889 4607 —
2919 4560 3000 4621 Ut
3049 4559 3475 4624 difficultatem

1913 4652 2078 4716 hanc
2099 4652 2388 4733 expedire
2412 4652 2736 4731 pommus,
2766 4653 3239 4735 supponendum
3274 4657 3477 4734 primo

1915 4752 2033 4820 est,
2080 4762 2373 4826 personas
2416 4744 2851 4807 ecclesiasticas
2899 4752 3216 4827 exemptas
3265 4766 3395 4809 esse
3438 4768 3479 4811 a

1914 4836 2216 4918 potestate
2253 4836 2419 4899 011111
2450 4837 2656 4917 quoad
2691 4838 2934 4917 judicia
2979 4856 3088 4901 seu
3115 4916 3118 4921 y
3141 4839 3480 4903 tribunalia

1918 4948 2272 5008 causarum,
2302 4948 2432 4992 non
2457 4930 2681 5006 solum,
2714 4928 3257 4993 ecclesiasticarum
3291 4932 3477 5014 (quod

1919 5022 2344 5086 indubitanter
2388 5023 2657 5104 pertinet
2704 5023 2784 5085 ad
2827 5023 2934 5102 jus
2987 5023 3319 5102 divinum),
3370 5027 3481 5088 sed

1920 5117 2112 5180 etiam
2136 5115 2576 5196 temporalium
2604 5121 2736 5177 tam
2762 5115 3038 5175 civilium
3066 5132 3254 5193 quam
3275 5118 3481 5181 crimi.

1922 5210 2191 5286 nalium,
2226 5215 2412 5288 atque
2439 5209 2628 5270 etiam
2673 5225 2716 5269 a
2753 5205 3054 5269 solutione
3077 5207 3476 5288 tributorum,

1924 5303 2054 5364 sive
2075 5301 2206 5363 11ωο
2225 5301 2534 5381 exemptio
2556 5299 2635 5361 sit
2658 5299 2935 5361 absolute
2960 5300 3035 5361 de
3063 5301 3203 5380 jure
3242 5303 3477 5379 divino,

1925 5394 2054 5457 sive
2080 5394 2160 5455 ab
2188 5394 2295 5455 illo
2316 5394 2526 5455 trahat
2551 5393 2879 5472 originem,
2905 5400 2966 5456 et
2989 5413 3099 5475 per
3121 5396 3481 5457 Pontificem

1924 5494 2410 5551 consummetur.
2441 5489 2527 5564 De
2567 5504 2690 5567 quo
2716 5486 3123 5550 fundamento
3155 5489 3316 5549 inter
3341 5507 3486 5552 vere
