3976 6219
766 409 902 463 GAP.
931 411 1018 464 IX.
1053 411 1134 464 DE
1166 409 1634 467 onsmtvanouss
1666 412 1876 468 POENAE
1905 414 2278 483 vaA'm'AE,
2314 419 2457 483 QUAE
2487 422 2609 475 PER
2640 423 2844 487 IPSAM,
2875 424 3011 476 mc.

291 532 363 587 ut
407 526 487 587 sit
527 543 718 604 capax
752 525 1049 605 suffragii.
1106 526 1257 587 Aliae
1299 545 1445 589 vero
1486 528 1666 590 dictae
1706 535 1853 589 sunt

287 619 457 694 facti,
489 618 631 678 licet
658 618 845 679 etiam
873 637 984 698 per
997 620 1103 698 jus
1133 619 1500 682 introductae
1529 621 1674 697 sint,
1705 623 1851 701 quia

287 712 355 772 in
386 712 548 771 facto
592 711 937 771 fundantur
957 757 977 787 ,
1031 717 1093 773 et
1124 712 1204 772 ad
1247 711 1404 773 illud
1436 714 1851 776 cohibendum

287 804 500 883 positae
529 809 694 865 sunt.
723 806 800 865 Et
824 804 965 865 ideo
991 803 1068 865 de
1093 804 1190 864 his
1211 806 1652 884 posterioribus
1674 806 1852 867 inha-

287 898 633 959 bilitatibus
666 898 926 959 dicimus
959 916 1088 959 esse
1118 899 1390 977 poenales
1410 945 1431 976 ‚
1472 918 1544 961 ac
1565 900 1847 977 subinde,

285 992 431 1051 licet
458 990 858 1053 inhabilitent
897 1009 1223 1071 personam
1265 992 1397 1072 ipso
1442 994 1624 1067 fact0,
1677 1011 1852 1074 posse

285 1085 574 1145 sustineri
597 1083 904 1163 actum,!si
930 1085 1083 1145 alias
1106 1103 1369 1165 persona
1390 1085 1616 1147 habeat
1637 1103 1851 1149 omnes

285 1176 666 1237 conditiones
694 1195 807 1257 per
839 1195 903 1237 se
936 1180 999 1238 et
1030 1178 1172 1256 jure
1198 1178 1524 1258 requisitas
1547 1179 1627 1241 ad
1655 1184 1853 1259 potes-

287 1275 481 1330 tatem
509 1269 750 1331 ferendi
777 1269 1163 1348 suffragium.

367 1365 466 1423 40.
511 1363 609 1421 An
631 1380 779 1423 vero
806 1361 874 1422 in
892 1362 1010 1425 hac
1026 1363 1428 1425 universitate
1450 1365 1582 1425 istae
1603 1363 1849 1425 inhabi-

290 1455 517 1531 litates,
557 1474 696 1534 quae
744 1456 1033 1516 dicuntur
1069 1456 1238 1533 facti,
1280 1457 1694 1519 incurrantur
1717 1459 1850 1538 ipso

282 1547 447 1607 facto
462 1592 483 1623 ,
530 1547 619 1607 ita
654 1553 726 1607 ut
753 1547 1028 1626 obligent
1054 1566 1381 1627 personam
1424 1550 1503 1610 ad
1541 1548 1851 1610 abstinen-

285 1640 433 1700 dum
475 1658 514 1699 a
554 1639 845 1718 suffragio
885 1646 1030 1701 ante
1064 1658 1314 1702 omnem
1348 1642 1717 1702 sententiam
1744 1643 1849 1703 de-

285 1732 699 1809 claratoriam,
746 1732 936 1793 dubia
974 1751 1074 1794 res
1117 1738 1228 1795 est.
1275 1734 1431 1807 Quia
1470 1740 1709 1813 partem
1740 1752 1850 1795 ne-

290 1830 548 1904 gantem
579 1826 815 1897 suadet,
847 1826 1012 1906 quod
1043 1826 1109 1887 in
1142 1827 1385 1889 statutis
1416 1846 1543 1888 non
1584 1827 1850 1889 habetur

288 1918 593 1996 particula
626 1918 756 1997 ipso
787 1919 938 1998 jure
954 1963 973 1994 ‚
1006 1918 1104 1981 vel
1134 1920 1265 1999 ipso
1294 1922 1457 1997 sacto
1468 1943 1496 1991 ;
1535 1919 1848 1980 affirman-

284 2014 414 2069 tem
442 2028 588 2071 vero
626 2011 841 2071 suadet
863 2010 967 2072 ille
996 2012 1216 2072 modus
1242 2011 1533 2091 loquendi
1553 2058 1573 2088 ,
1606 2030 1681 2074 no
1708 2029 1850 2074 aean

280 2106 409 2162 voto
437 2150 451 2174 ,
501 2121 629 2163 non
675 2103 946 2164 habeant
988 2102 1351 2184 suffragium
1371 2149 1393 2180 ,
1444 2105 1553 2183 qui
1599 2104 1846 2164 videtur

280 2194 683 2272 aequivalenS‚
713 2201 774 2257 et
805 2196 1033 2257 habere
1055 2197 1186 2257 vim
1213 2197 1562 2275 negationis
1582 2196 1659 2257 de
1690 2214 1846 2275 prae·

278 2287 460 2361 senti,
493 2304 601 2347 seu
622 2287 870 2367 imperii
899 2289 1149 2367 practici
1173 2289 1536 2368 denegantis
1571 2308 1681 2351 seu
1715 2307 1844 2350 non

287 2379 677 2440 concedentis
702 2380 807 2457 jus
833 2380 1132 2458 suffragii.
1161 2382 1238 2441 Et
1263 2382 1517 2442 fortasse
1543 2382 1612 2442 in
1639 2382 1844 2460 rigore

284 2471 616 2532 verborum
641 2517 662 2547 ‚
712 2477 775 2532 et
800 2477 1040 2533 attenta
1069 2474 1229 2534 serie
1257 2475 1531 2553 capitum
1561 2474 1843 2535 omnium

280 2563 396 2624 sub
415 2563 520 2624 illo
544 2564 723 2625 titulo
752 2570 1210 2641 contentorum,
1237 2565 1353 2626 hoc
1378 2566 1681 2645 posterius
1706 2584 1844 2645 pro-

279 2654 544 2729 babilius
564 2661 655 2717 est
676 2678 690 2716 ε
715 2662 928 2719 tamen
959 2658 1010 2717 si
1028 2656 1197 2719 aliud
1215 2657 1403 2719 habet
1438 2659 1840 2735 consuetudO,

279 2749 569 2808 sustineri
600 2754 800 2828 potest
816 2794 836 2824 ,
884 2750 1031 2828 quia
1070 2755 1162 2811 est
1196 2749 1498 2829 interpres
1538 2755 1599 2811 et
1630 2751 1845 2811 mode·

277 2841 473 2902 ratrix
505 2841 739 2919 legum.
778 2843 855 2901 Et
882 2860 1025 2902 cum
1056 2842 1175 2903 hoc
1199 2849 1689 2923 temperamento
1713 2861 1844 2905 mo-

278 2952 398 2994 neo
432 2952 561 2994 esse
600 2933 1025 3013 accipiendam
1056 2936 1430 2996 sententiam
1471 2936 1635 2997 hanc
1658 2981 1678 3011 ,
1722 2954 1845 3015 qua

278 3028 566 3090 docemus
607 3028 1026 3089 inhabilitates
1081 3030 1193 3090 has
1237 3031 1446 3091 statim
1487 3030 1722 3090 incurri
1766 3048 1844 3091 ex

277 3124 342 3184 vi
368 3124 580 3202 legum
606 3123 996 3203 loquentium
1038 3142 1149 3203 per
1179 3124 1440 3185 verbum
1472 3125 1603 3203 ipso
1632 3127 1796 3200 facto
1816 3170 1837 3200 ,

276 3216 526 3293 scilicet,
550 3218 672 3278 nisi
689 3217 799 3278 ubi
821 3216 991 3292 aliud
1014 3217 1204 3279 fuerit
1221 3219 1289 3278 in
1313 3218 1521 3297 aliqua
1540 3218 1679 3296 lege
1699 3236 1843 3279 con-

276 3310 600 3371 suetudine
645 3314 984 3389 receptum.
1035 3311 1112 3371 Et
1141 3310 1261 3370 hoc
1297 3311 1482 3371 modo
1513 3310 1841 3372 limitanda

276 3407 420 3463 sunt
461 3421 599 3482 quae
629 3402 937 3482 loquendo
966 3403 1041 3464 de
1077 3403 1552 3482 particularibus
1576 3403 1744 3464 vitiis
1779 3408 1843 3465 et

274 3495 473 3575 poenis
499 3496 567 3555 in
593 3493 730 3556 aliis
759 3495 910 3556 locis
940 3495 1317 3575 scripsimus.

355 3591 425 3648 11
439 3633 455 3649 .
501 3589 593 3650 De
607 3587 970 3665 jurantibus
997 3590 1055 3651 si
1086 3588 1341 3664 fecerint
1368 3591 1574 3650 contra
1605 3592 1840 3652 statuta

274 3681 698 3743 maim-sitatis
733 3680 1220 3744 inhabilitantia.
1243 3715 1324 3725 —
1343 3681 1520 3743 Mens
1544 3681 1833 3743 auctoris.

273 3773 471 3834 —Sed
492 3779 644 3834 tunc
665 3773 933 3834 occurrit
955 3772 1126 3834 aliud
1144 3772 1426 3849 dubium,
1457 3772 1624 3852 quod
1647 3773 1835 3834 etiam

272 3865 418 3926 Soto
440 3870 502 3925 et
528 3866 804 3927 Ledesm.
842 3866 1184 3944 attingunt,
1213 3883 1294 3926 an
1321 3865 1636 3941 scholariS,
1662 3867 1837 3928 verbi

274 3957 496 4035 gratia,
526 3958 641 4018 sub
662 3958 1020 4036 juramento
1056 3976 1095 4019 a
1134 3958 1448 4037 superiore
1488 3958 1832 4036 interroga-

269 4055 391 4122 tuS,
424 4069 507 4111 an
532 4051 651 4112 hoc
674 4052 775 4112 vel
802 4050 955 4110 illud
996 4050 1210 4110 fecerit
1238 4054 1451 4110 contra
1478 4054 1707 4110 statuta
1738 4050 1832 4110 in-

268 4141 660 4204 habilitantia
679 4188 700 4219 ,
753 4148 1038 4203 teneatur
1058 4143 1384 4203 veritatem
1413 4141 1786 4220 respondere
1806 4187 1828 4218 ,

270 4235 510 4296 etiamsi
537 4234 770 4296 occulte
796 4234 1035 4309 fecerit,
1062 4234 1162 4295 vel
1186 4235 1376 4315 possit
1398 4234 1530 4296 sine
1560 4235 1832 4314 perjurio

267 4345 520 4405 negare,
568 4327 785 4387 saltem
831 4326 1080 4406 quando
1108 4344 1237 4386 non
1259 4325 1502 4387 laborat
1545 4326 1826 4404 infamia,

266 4437 382 4481 nec
410 4419 676 4480 habetur
701 4419 1042 4499 semiplena
1077 4419 1359 4499 probatio
1386 4425 1600 4480 contra
1625 4419 1827 4481 illum.

266 4513 411 4574 Soto
440 4513 611 4573 enim
647 4518 709 4572 et
736 4511 1016 4573 Ledesm.
1051 4530 1238 4591 supra
1264 4512 1542 4573 absolute
1578 4530 1829 4591 respon-

264 4605 415 4667 dent
437 4623 563 4666 non
585 4605 805 4681 teneri,
829 4604 1076 4684 quando
1097 4623 1210 4665 nec
1233 4604 1492 4666 infamia
1514 4606 1824 4685 praecedit,

264 4716 379 4758 nec
405 4698 743 4777 semiplena
771 4697 1076 4776 probatio,
1096 4698 1243 4777 quia
1264 4715 1392 4758 non
1413 4698 1829 4776 interrogatur

260 4790 544 4869 juridice,
575 4795 933 4870 supponunt
960 4791 1129 4852 enim
1147 4808 1277 4851 non
1304 4790 1630 4852 incurrisse
1650 4791 1827 4851 inha-

262 4883 568 4943 bilitatem
594 4883 727 4963 ipso
757 4883 917 4944 facto
933 4929 953 4959 ,
1000 4889 1062 4944 et
1092 4883 1179 4944 ita
1205 4900 1334 4944 non
1367 4902 1538 4962 posse
1560 4883 1702 4962 jure
1729 4901 1828 4945 re-

262 4975 411 5055 pelli
441 5022 454 5048 ,
488 4975 700 5052 gdonec
725 4975 1003 5055 legitime
1030 4976 1432 5037 convincatur
1451 5022 1472 5052 ,
1520 4980 1582 5037 et
1614 4994 1825 5038 conse-

261 5073 525 5147 quenter
549 5086 665 5129 nec
704 5087 880 5149 posse
907 5069 1278 5147 interrogari
1302 5068 1589 5148 juridice,
1630 5069 1825 5131 donec

259 5161 566 5240 praecedat
588 5160 874 5240 aliqualis
897 5160 1200 5241 probati0.
1236 5161 1316 5222 At
1344 5179 1490 5222 vero
1517 5161 1567 5222 si
1599 5173 1822 5241 suppo-

259 5270 482 5313 namus
514 5253 678 5314 hanc
719 5254 1175 5315 inhabilitatem
1205 5252 1337 5333 ipso
1363 5253 1528 5316 facto
1559 5253 1814 5329 incurri,

255 5347 603 5406 necessario
645 5346 977 5408 dicendum
1024 5351 1114 5408 est
1154 5346 1468 5407 subditum
1512 5365 1549 5408 a
1582 5352 1817 5409 rectore

255 5439 709 5516 interrogatum
732 5441 931 5501 teneri
959 5440 1282 5501 veritatem
1319 5440 1623 5517 confiteri,
1654 5445 1716 5502 et
1738 5440 1817 5501 ad

250 5537 528 5596 mentem
556 5532 995 5614 interrogantis
1016 5530 1386 5613 respondere
1413 5532 1529 5596 sub
1559 5533 1818 5617 perJ'urii

1930 536 2138 599 poena,
2164 520 2406 582 etiamsi
2432 521 2606 584 nulla
2629 524 2934 603 praecedat
2954 523 3257 604 probatio,
3281 528 3382 590 vel
3400 529 3497 590 in-

1930 613 2122 673 famia
2153 629 2170 673 :
2216 615 2376 676 ratio
2417 621 2530 692 est,
2562 617 2709 695 quia
2735 623 2885 677 tunc
2922 636 3050 678 non
3078 618 3497 699 interrogatur

1929 723 2040 786 per
2068 724 2131 767 se
2159 712 2222 767 et
2258 709 2562 789 praecipue
2591 709 2670 770 ad
2700 710 3113 789 punitionem,
3143 713 3249 774 sed
3278 714 3356 774 ad
3385 732 3495 776 ca-

1940 801 2204 861 vendum
2230 810 2568 880 peccatum,
2592 809 2654 863 et
2671 804 2967 881 injuriam
2986 805 3173 867 tertii.
3201 806 3307 868 Ille
3326 810 3495 870 enim

1931 893 2213 954 subditus
2222 940 2242 970 ,
2274 895 2590 975 supposita
2620 895 3010 958 inhabilitate
3047 902 3110 958 et
3148 899 3495 976 privatione

1931 985 2031 1047 vel
2052 987 2450 1066 suspensione
2469 1005 2658 1067 quam
2680 989 2964 1065 incurrit,
2991 995 3201 1069 peccat
3228 994 3497 1069 graviter

1930 1096 1995 1140 se
2023 1079 2425 1142 immiscendo
2457 1126 2477 1156 ,
2525 1087 2587 1141 et
2614 1080 2814 1142 tendit
2839 1080 2917 1142 ad
2944 1082 3288 1143 faciendam
3315 1084 3496 1145 alteri

1931 1170 2249 1249 injuriam,
2288 1174 2643 1252 usurpando
2672 1173 2977 1253 judicium
3005 1175 3105 1237 vel
3131 1167 3495 1237 electionem

1931 1263 2010 1325 ad
2043 1281 2107 1324 se
2139 1282 2267 1325 non
2295 1266 2710 1343 pertinentem
2747 1288 2764 1340 3
2813 1266 2893 1327 ad
2937 1265 3051 1329 hos
3090 1273 3298 1329 autem
3339 1268 3494 1331 fines

1928 1353 2118 1416 habet
2139 1357 2417 1436 superior
2435 1359 2536 1437 jus
2552 1358 2977 1438 interrogandi
2994 1361 3256 1437 occulta,
3278 1363 3494 1423 etiam·

1930 1448 1982 1508 si
2006 1448 2182 1509 nulla
2203 1451 2579 1528 praecesserit
2603 1451 2903 1530 infamia;
2935 1459 2996 1514 et
3023 1452 3302 1513 subditus
3323 1460 3493 1515 tene-

1929 1547 2036 1603 tur
2058 1543 2419 1622 simpliciter
2444 1545 2773 1625 veritatem
2801 1545 3007 1621 fateri,
3038 1552 3110 1607 ut
3138 1552 3229 1607 est
3257 1554 3493 1609 certum

1930 1634 1997 1694 in
2033 1635 2200 1712 jure,
2249 1637 2449 1716 capite
2476 1637 2591 1698 ult.
2628 1638 2706 1699 de
2735 1638 3106 1699 Clandestin.
3139 1639 3487 1720 desponsat.

1928 1745 2071 1788 cum
2102 1728 2407 1790 similibus
2423 1775 2444 1805 ,
2482 1736 2544 1791 et
2574 1736 2666 1791 est
2692 1732 3040 1792 communis
3065 1734 3369 1793 sententia
3395 1736 3489 1793 In-

1927 1838 2097 1896 noc.,
2132 1822 2421 1884 Panorm.
2457 1829 2519 1883 et
2545 1823 2810 1884 aliorum
2847 1824 2915 1884 in
2955 1842 3087 1904 cap.
3137 1826 3411 1899 Qualiter
3437 1832 3493 1888 ec

1928 1916 2185 1994 quando,
2214 1917 2251 1974 2
2272 1915 2348 1975 de
2367 1915 2647 1976 Accusat.
2654 1961 2676 1992 ,
2698 1915 2942 1995 Angeli,
2970 1917 3231 1997 Sylvest.
3260 1923 3323 1978 et
3342 1917 3495 1980 alio-

1928 2025 2072 2067 rum
2098 2007 2575 2068 Summistarum
2594 2008 2768 2069 verb.
2798 2011 3165 2090 Inquisitw,
3185 2015 3247 2071 et
3266 2007 3502 2079 Navar„

1929 2098 1998 2160 in
2017 2118 2153 2180 cap.
2175 2103 2351 2164 Inter
2368 2102 2567 2177 verba,
2593 2102 2788 2163 concl.
2813 2105 2875 2180 6,
2898 2123 2963 2164 n.
2987 2105 3107 2165 255
3130 2109 3191 2165 et
3208 2122 3488 2184 sequen„

1934 2198 1998 2253 et
2022 2199 2193 2254 tenet
2214 2194 2343 2273 ipse
2367 2196 2512 2255 Soto
2538 2194 2747 2257 relect.
2775 2196 2852 2257 de
2872 2197 3142 2272 Secreto,
3174 2198 3403 2259 memb.
3426 2201 3489 2274 2,

1929 2290 2145 2364 quaest.
2172 2288 2234 2362 6,
2263 2288 2525 2350 conclus.
2561 2289 2619 2349 3.
2653 2288 2827 2360 Quod
2855 2289 2908 2348 si
2934 2289 3053 2348 hoc
3085 2289 3274 2349 fuerit
3301 2307 3491 2367 grave

1925 2395 2105 2453 onuS,
2137 2379 2254 2439 sibi
2282 2380 2547 2459 imputet
2567 2381 2674 2459 qui
2698 2398 2762 2441 se
2780 2381 3117 2441 immiscuit
3127 2397 3148 2458 3
3177 2398 3324 2441 nam
3345 2388 3490 2445 ante

1925 2488 2179 2532 omnem
2207 2472 2757 2550 interrogationem
2793 2473 3124 2534 tenebatur
3155 2474 3483 2539 abstinere.

1925 2563 2001 2622 Et
2024 2562 2371 2625 declaratur
2390 2565 2458 2623 in
2476 2563 2614 2625 aliis
2632 2565 3123 2626 inhabilitatibus
3137 2567 3317 2645 juris,
3338 2586 3490 2647 quas

1925 2673 2054 2715 non
2080 2657 2353 2734 poenales
2356 2701 2377 2731 ,
2402 2655 2509 2717 sed
2536 2656 2968 2718 substantiales
2992 2658 3436 2738 appellavimus
3467 2682 3482 2721 ε

1924 2747 2001 2807 de
2052 2747 2176 2808 illis
2225 2749 2396 2809 enim
2446 2749 2809 2826 interrogati
2861 2749 3153 2812 electores
3200 2756 3490 2813 tenentur

1924 2840 2284 2920 simpliciter
2308 2841 2635 2902 veritatem
2667 2841 2847 2903 fateri
2875 2891 2888 2913 ‚
2932 2848 3070 2903 tum
3107 2843 3254 2922 quia
3281 2845 3491 2923 agitur

1923 2934 2001 2996 de
2029 2935 2384 3013 cognitione
2405 2937 2753 2998 necessaria
2771 2936 2848 2997 ad
2871 2937 3216 3016 legitimam
3244 2938 3488 3000 electio-

1923 3044 2092 3099 nem,
2141 3031 2279 3086 tum
2322 3027 2511 3087 etiam
2548 3028 2695 3106 quia
2743 3028 3071 3089 intercedit
3110 3029 3197 3090 ibi
3237 3036 3487 3108 pactum

1919 3120 2203 3194 tacitum,
2249 3125 2323 3179 ut
2354 3119 2581 3180 habeat
2605 3120 2974 3199 suffragium
3017 3123 3125 3200 qui
3154 3123 3310 3184 tales
3342 3142 3486 3184 con-

1921 3211 2188 3272 ditiones
2226 3211 2516 3272 habuerit
2530 3256 2551 3287 ,
2583 3217 2644 3273 et
2680 3231 2808 3273 non
2851 3213 3043 3291 alias3
3091 3232 3240 3293 ergo
3273 3221 3486 3278 omnes

1922 3302 1999 3364 de
2044 3303 2143 3363 his
2175 3303 2632 3365 conditionibus
2670 3305 2951 3384 legitime
2991 3306 3480 3386 interrogantur,

1920 3413 2001 3456 ne
2030 3396 2243 3475 inique
2265 3414 2329 3457 se
2352 3397 2641 3475 ingerant
2669 3398 2776 3477 qui
2812 3399 2891 3459 ad
2913 3397 3070 3459 illud
3098 3418 3328 3461 munus
3354 3420 3482 3463 non

1920 3493 2068 3549 sunt
2107 3489 2380 3565 admissi,
2411 3507 2525 3551 nec
2546 3491 2649 3569 jus
2673 3490 2905 3552 habent
2930 3492 3222 3571 eligendi,
3254 3499 3316 3554 et
3343 3494 3482 3556 ideo
3570 3537 3571 3540 κ

1917 3580 1987 3641 in
2013 3581 2112 3642 his
2133 3600 2261 3643 non
2284 3589 2378 3644 est
2416 3601 2663 3645 necesse
2684 3589 2755 3644 ut
2781 3585 3087 3663 praecedat
3112 3584 3320 3664 aliqua
3341 3604 3482 3666 pro-

1918 3673 2112 3750 batio,
2142 3675 2241 3736 vel
2272 3674 2551 3748 infamia,
2586 3677 2733 3755 quia
2754 3694 2881 3737 non
2902 3677 3111 3754 agitur
3131 3676 3208 3738 de
3229 3676 3480 3738 illorum

1917 3767 2265 3845 punitione,
2320 3767 2428 3829 sed
2477 3767 2554 3830 de
2602 3769 2875 3830 cavenda
2918 3769 3222 3847 injustitia
3263 3790 3278 3829 ε
3334 3788 3481 3848 ergo

1915 3859 2083 3920 idem
2113 3865 2207 3921 est
2242 3861 2575 3923 dicendum
2603 3861 2672 3921 in
2698 3862 2933 3922 caeteris
2961 3861 3477 3939 inhahnitatibus,

1916 3952 1968 4012 si
1996 3970 2215 4013 verum
2243 3958 2334 4014 est
2364 3954 2453 4014 ita
2489 3972 2619 4016 esse
2646 3959 2987 4015 contractas
3025 3955 3158 4033 ipso
3184 3954 3369 4031 fact0,
3409 3961 3479 4016 ut

1913 4045 2186 4123 graviter
2228 4052 2480 4125 peccent
2521 4047 2628 4125 qui
2668 4047 2793 4108 tale
2830 4046 3137 4126 judicium
3180 4064 3290 4107 seu
3352 4048 3479 4109 suf-

1910 4137 2180 4216 fragium
2204 4143 2524 4217 usurpant.

1994 4233 2095 4292 12.
2144 4231 2388 4306 Quando
2430 4236 2624 4311 potest
2668 4233 2806 4311 quis
2850 4231 3195 4310 respondere
3239 4234 3474 4313 amphi-

1913 4324 2356 4404 boloqice.—At
2376 4342 2523 4385 vero
2552 4324 2663 4384 ubi
2689 4323 3047 4385 inhabilitas
3072 4342 3200 4384 non
3223 4331 3316 4385 est
3331 4342 3474 4386 con-

1908 4422 2109 4479 tracta
2139 4418 2273 4497 ipso
2295 4417 2462 4496 jure,
2501 4417 2697 4479 donec
2730 4436 2842 4497 per
2873 4418 3243 4478 sententiam
3270 4419 3472 4479 decla-

1907 4515 2102 4586 retur,
2155 4509 2488 4590 probabilis
2533 4515 2625 4571 est
2671 4510 2884 4590 opinio
2937 4511 3091 4586 Soti,
3143 4511 3467 4589 nimirum,

1909 4602 2227 4663 subditum
2251 4603 2338 4663 sic
2362 4605 2815 4681 interrogatum
2838 4601 2915 4664 de
2944 4615 3084 4663 actu
3122 4603 3360 4664 occulto
3392 4602 3470 4665 de

1908 4712 2032 4774 quo
2083 4694 2259 4757 nulla
2319 4695 2578 4755 infamia
2639 4694 2739 4757 vel
2794 4695 3136 4775 semiplena
3189 4695 3469 4774 probatio

1907 4788 2237 4866 praecessit,
2252 4806 2380 4848 non
2392 4788 2591 4849 teneri
2607 4787 2927 4849 veritatem
2943 4789 3205 4868 aperire,
3223 4788 3466 4849 etiamsi

1900 4881 2074 4960 juret
2092 4926 2113 4956 ‚
2157 4882 2263 4943 sed
2316 4881 2409 4942 uti
2459 4898 2636 4961 posse
2680 4881 3161 4960 amphibologia,
3212 4898 3465 4961 respon-

1904 4972 2109 5035 dendo
2141 4975 2220 5035 ad
2248 4979 2521 5035 mentem
2555 4993 2757 5050 suam,
2787 4993 2914 5035 non
2936 4975 3012 5035 ad
3040 4980 3315 5036 mentem
3355 4993 3464 5034 su-

1902 5067 2162 5146 perioris
2194 5068 2652 5147 interrogantis,
2683 5068 2831 5147 quia
2857 5074 3008 5127 tunc
3036 5067 3144 5146 qui
3178 5067 3299 5127 fert
3338 5066 3463 5127 suf-

1899 5160 2172 5239 fragium
2200 5167 2344 5222 ante
2381 5162 2773 5236 sententiam,
2809 5178 2937 5221 non
2971 5165 3207 5239 peccat,
3250 5178 3362 5239 per
3395 5178 3460 5221 se

1899 5252 2229 5333 loquendo,
2265 5255 2411 5333 quia
2438 5271 2621 5315 suum
2642 5254 2744 5333 jus
2765 5254 3014 5328 retinet,
3040 5252 3192 5312 dum
3213 5271 3340 5312 non
3356 5253 3458 5331 Ju-

1899 5348 2141 5410 dicatur
2166 5349 2482 5424 inhabilis,
2506 5354 2567 5409 et
2584 5349 2671 5410 ita
2687 5349 2829 5428 jure
2858 5367 2967 5409 suo
2990 5348 3186 5408 utitur
3202 5347 3456 5409 ferendo

1897 5441 2263 5521 suffragium
2277 5459 2297 5520 3
2346 5459 2494 5521 ergo
2535 5461 2661 5502 non
2707 5447 2933 5522 peccat.
2981 5443 3103 5503 Nec
3130 5441 3331 5502 obstat
3357 5440 3455 5502 di-

1898 5551 2036 5597 cere
2063 5534 2229 5617 quod
2260 5553 2371 5618 per
2405 5535 2609 5616 legem
2652 5534 2843 5598 fuerit
2884 5533 3256 5616 prohibitus,
3307 5535 3454 5616 quia
