3976 6219
1012 397 1146 451 cAP.
1184 401 1264 453 111.
1301 397 1364 452 IN
1395 398 1518 463 Quo
1551 398 1715 453 ACTU
1750 398 2018 457 EXISTAT
2050 403 2174 457 LEX
2207 404 2491 471 dmum,
2527 407 2661 460 mc.

812 586 1062 650 CAPUT
1101 591 1198 653 111.

229 780 311 825 AN
343 780 456 825 LEX
497 781 752 827 AETERNA
794 785 884 829 SIT
925 786 1107 833 AG'rth
1146 789 1366 836 DIVINAE
1405 793 1645 855 MENTIS,
1677 797 1786 843 RA-

306 872 480 917 'riom-2
509 874 587 919 AB
626 874 780 920 ALIIS
807 877 1152 940 DIFFBRENS,
1183 882 1260 928 ΕΤ
1287 883 1368 929 AN
1403 886 1526 933 UNA
1552 888 1643 934 SIT
1670 891 1786 935 vm.

307 964 546 1011 PLURES.

306 1144 333 1200 1
351 1185 366 1202 .
411 1142 501 1202 Ex
533 1143 712 1204 dictis
751 1144 1047 1208 hactenus
1092 1156 1328 1212 constat
1364 1152 1566 1232 legem
1607 1161 1787 1216 aeter-

225 1249 374 1293 nam
407 1234 475 1294 in
516 1235 728 1298 divina
769 1243 974 1300 mente
1020 1257 1173 1318 esse,
1208 1245 1357 1323 quia
1397 1251 1573 1308 extra
1614 1248 1788 1310 illam

225 1324 384 1386 nihil
419 1332 511 1387 est
537 1334 857 1392 aeternum.
898 1333 1053 1393 Item
1089 1341 1324 1397 constat
1352 1356 1482 1400 esse
1509 1358 1619 1419 per
1645 1360 1783 1403 mo-

226 1415 376 1478 dum
411 1426 582 1480 actus
623 1422 878 1483 secundi
909 1430 972 1485 et
1005 1425 1243 1504 ultimi3
1275 1447 1423 1490 nam
1461 1430 1563 1492 lex
1601 1439 1786 1511 prout

226 1515 317 1570 est
342 1509 410 1570 in
437 1510 809 1590 legislatore,
839 1515 907 1576 in
933 1516 1288 1595 hujusmodi
1314 1528 1454 1582 actu
1484 1525 1779 1603 consistit,

225 1619 351 1663 non
393 1605 460 1664 in
490 1604 729 1683 habitu,
772 1609 870 1669 vel
909 1617 1050 1672 actu
1090 1613 1308 1692 primo,
1340 1621 1403 1678 et
1440 1620 1783 1697 praesertim

225 1693 293 1755 in
321 1696 468 1772 De0,
499 1698 606 1776 qui
635 1704 725 1759 est
749 1701 1111 1779 purissimus
1143 1711 1336 1767 actus.
1366 1710 1601 1788 Inquiri
1634 1730 1783 1790 ergo

221 1792 443 1865 potest,
475 1807 558 1850 an
595 1790 673 1850 sit
701 1792 767 1852 in
810 1793 1150 1872 intellectu,
1180 1798 1278 1859 vel
1317 1799 1385 1860 in
1420 1801 1777 1867 voluntate:

220 1897 369 1941 nam
393 1883 795 1960 quaestionem
810 1886 970 1950 hanc
989 1890 1322 1953 indecisam
1341 1899 1404 1954 et
1425 1896 1783 1975 ambiguam

216 1971 535 2051 reliquisse
549 1975 797 2037 videtur
812 1978 1214 2059 Augustinus,
1225 1985 1305 2045 22
1319 1992 1532 2047 contra
1544 1988 1748 2049 Faust.
1757 2037 1777 2066 ,

217 2079 348 2141 cap.
394 2065 498 2139 27,
539 2065 789 2130 dicens:
819 2072 945 2134 Lea>
984 2080 1209 2138 oeterna
1239 2083 1326 2140 est
1369 2080 1532 2141 racio
1575 2081 1783 2144 divina

215 2155 306 2217 vol
329 2156 604 2221 voluntas
629 2161 771 2233 Dei,
789 2163 1058 2229 ordinem
1083 2170 1423 2232 naturalem
1443 2174 1783 2236 conservari

214 2246 440 2322 o‘ubm,
474 2255 530 2311 et
554 2255 908 2330 perturbari
940 2263 1168 2321 vetans.

293 2339 354 2399 2.
397 2339 501 2403 An
526 2342 621 2406 lex
646 2350 871 2409 oeterna
899 2349 985 2412 sit
1016 2355 1189 2414 actus
1213 2351 1367 2416 liber
1393 2354 1529 2429 Dei,
1563 2355 1656 2418 vel
1680 2375 1777 2419 ne·

214 2433 530 2496 cassarius.
560 2467 642 2482 —
671 2435 888 2528 Opiagio
916 2441 1256 2521 aliquorum
1287 2448 1776 2522 confundentimn

213 2521 381 2586 ideas
406 2541 539 2587 oum
565 2527 688 2607 layo
715 2535 1222 2595 ceterum—Prius
1243 2541 1453 2598 autem
1479 2556 1664 2617 quam
1695 2541 1773 2601 ad

216 2613 332 2675 hoc
352 2619 852 2698 respondeamus,
875 2625 1132 2687 ulterius
1153 2627 1526 2708 inquirimus
1555 2649 1637 2691 an
1671 2631 1774 2694 lex

215 2712 444 2770 aeterna
469 2710 633 2774 dicat
658 2720 865 2777 actum
892 2716 1160 2779 liberum
1188 2721 1255 2782 in
1279 2722 1424 2797 Deo,
1446 2723 1547 2785 vel
1574 2743 1778 2787 neces-

214 2800 466 2863 sarium.
507 2803 713 2884 Aliqui
758 2809 928 2869 enim
960 2810 1196 2889 dicunt,
1233 2813 1438 2894 legem
1479 2822 1776 2880 aeternam

214 2911 340 2954 non
372 2914 523 2974 esse,
559 2901 678 2960 nisi
716 2902 884 2964 ideas
931 2906 1194 2980 divinas,
1235 2927 1347 2988 per
1374 2928 1526 2989 quas
1557 2930 1653 2972 res
1697 2913 1775 2974 ad

215 2991 390 3048 extra
415 2990 861 3070 producuntur,
894 2997 1040 3074 quia
1070 3016 1198 3059 non
1239 3007 1461 3080 putant
1487 3002 1650 3065 hanc
1688 3004 1776 3067 le-

213 3096 358 3160 gem
398 3098 527 3144 esse
567 3084 645 3145 ad
673 3086 1181 3168 praecipiendum,
1212 3092 1318 3154 sed
1359 3093 1560 3155 solum
1587 3100 1659 3156 ut
1699 3096 1778 3157 sit

212 3174 448 3253 regula,
479 3176 558 3236 ad
589 3179 763 3258 cujus
798 3181 991 3243 instar
1022 3186 1233 3247 omnia
1261 3205 1298 3247 a
1328 3188 1450 3249 Deo
1478 3189 1659 3249 fiunt.
1687 3192 1776 3251 Ex

212 3285 338 3345 qua
361 3271 668 3331 sententia
705 3273 949 3334 videtur
976 3275 1212 3353 inferri,
1244 3279 1409 3359 quod
1435 3280 1594 3342 sicut
1620 3282 1774 3344 ideae

213 3361 578 3423 naturaliter
626 3370 689 3425 et
746 3383 874 3426 non
919 3365 1111 3431 libere
1154 3377 1301 3432 sunt
1342 3372 1412 3434 in
1457 3373 1772 3438 intellectu

212 3450 448 3528 divino,
478 3453 569 3514 ita
594 3461 657 3515 et
683 3455 785 3517 lex
813 3464 1063 3521 oeterna.

293 3546 351 3605 3.
397 3547 933 3613 &solatia—Lem
958 3558 1183 3617 oeterna
1215 3561 1301 3618 est
1327 3556 1396 3619 in
1425 3564 1562 3623 actu
1589 3558 1770 3624 libero

210 3637 353 3699 Dei.
394 3671 478 3682 —
518 3640 892 3720 Differ-entia
924 3644 1083 3707 inter
1122 3646 1317 3710 ideam
1360 3654 1416 3712 ec
1443 3653 1767 3732 exemplar.

210 3762 291 3772 —
329 3728 665 3813 Dicendum
713 3751 859 3795 vero
907 3741 1001 3795 est
1043 3736 1247 3815 legem
1299 3747 1596 3804 oeternam
1644 3763 1771 3807 non

211 3820 410 3882 dicere
429 3827 639 3884 actum
658 3828 1070 3889 necessarium
1087 3831 1154 3889 in
1178 3832 1323 3908 Deo,
1350 3835 1454 3895 sed
1477 3835 1767 3899 liberum.

211 3913 302 3973 Ita
339 3915 613 3975 sentiunt
648 3917 718 3976 D.
754 3917 1041 3996 Thomas,
1081 3922 1321 3985 Alensis
1362 3931 1424 3986 et
1459 3929 1591 4004 alii,
1624 3928 1773 3992 locis

211 4003 508 4084 allegatis.
532 4008 607 4067 Et
624 4010 892 4070 sumitur
911 4029 986 4072 ex
997 4014 1201 4075 verbis
1217 4017 1548 4095 Augustini
1568 4021 1773 4099 proxi-

208 4114 312 4158 me
337 4098 564 4177 citatis;
593 4119 741 4162 nam
767 4100 870 4163 lex
896 4108 1128 4166 oeterna
1157 4106 1346 4168 habet
1372 4127 1485 4188 pro
1514 4113 1774 4173 materia

208 4208 395 4270 opera
416 4192 525 4252 Dei
548 4194 625 4253 ad
647 4200 854 4256 extra:
877 4215 1025 4258 nam
1040 4199 1218 4277 jubet
1237 4202 1470 4261 servari
1493 4203 1772 4264 ordinem

206 4283 579 4360 naturalem,
616 4292 677 4346 et
711 4288 997 4366 prohibet
1023 4290 1204 4352 illum
1247 4292 1592 4355 invertere:
1624 4296 1774 4357 ordo

207 4378 419 4434 autem
449 4377 748 4439 naturalis
774 4398 903 4441 non
925 4388 1038 4460 est,
1070 4384 1191 4445 nisi
1218 4384 1287 4445 in
1308 4386 1491 4447 rebus
1518 4388 1768 4465 creatis;

205 4483 359 4543 ergo
404 4467 561 4531 sicut
602 4470 734 4533 haec
774 4491 961 4554 opera
1003 4475 1200 4539 libera
1243 4485 1414 4555 sunt,
1447 4480 1536 4542 ita
1566 4487 1629 4543 et
1670 4481 1773 4544 lex

204 4564 440 4621 aeterna
465 4561 725 4624 involvit
750 4574 1095 4645 respectum
1121 4570 1409 4633 liberum.
1439 4572 1773 4635 Confirma-

206 4658 343 4729 tur;
373 4654 520 4733 quia
555 4674 683 4716 non
711 4663 909 4735 potest
934 4661 1034 4722 lex
1066 4679 1194 4724 esse
1225 4664 1357 4727 sine
1386 4673 1665 4746 respectu
1692 4669 1770 4729 ad
1799 4702 1802 4705 ·

206 4762 284 4804 ea
332 4764 470 4824 quae
499 4765 627 4827 per
661 4749 831 4811 illam
873 4752 1277 4831 gubernanda
1311 4766 1483 4833 sunt3
1518 4761 1624 4820 sed
1671 4760 1770 4821 lex

203 4841 443 4898 aeterna
472 4857 599 4899 non
630 4841 969 4922 imponitur
995 4846 1141 4923 Deo,
1173 4848 1272 4909 vel
1311 4851 1589 4929 personis
1616 4852 1770 4914 divi-

203 4927 333 5003 nis,
353 4935 425 4991 ut
450 4930 684 4993 dictum
714 4942 836 5013 est3
861 4954 1007 5015 ergo
1035 4945 1126 5000 est
1151 4949 1402 5020 propter
1427 4949 1767 5006 creaturas:

203 5038 361 5101 ergo
400 5023 549 5085 dicit
589 5034 935 5108 respectum
967 5031 1233 5093 liberum
1274 5035 1353 5094 ad
1393 5034 1549 5097 illas.
1596 5037 1771 5097 Unde

202 5115 280 5175 D.
309 5115 597 5192 Thomas,
621 5127 836 5199 quaest.
861 5126 964 5198 91,
985 5125 1162 5186 artic.
1189 5129 1248 5202 1,
1275 5126 1353 5187 ad
1380 5130 1407 5186 1
1431 5149 1445 5187 z
1469 5128 1774 5192 AEternus

205 5208 461 5287 (inquit)
484 5212 707 5276 divinoe
732 5217 949 5279 mentis
967 5225 1270 5298 conceptus
1288 5221 1458 5283 habet
1480 5222 1774 5285 rationem

200 5300 365 5380 leyis
393 5308 651 5381 cetea-me,
683 5308 997 5371 secundum
1029 5313 1187 5390 quod
1211 5312 1528 5374 ordinatur
1556 5314 1638 5376 ad
1664 5330 1775 5393 yu-

201 5391 610 5458 bmationem
631 5415 830 5462 rerum
845 5402 1058 5481 abipso
1070 5405 1599 5483 proecoynitarum.
1615 5406 1775 5479 Quo-

201 5484 376 5547 circa
409 5486 488 5549 ad
516 5488 670 5551 illud
697 5491 773 5554 de
804 5493 943 5556 idea
982 5494 1184 5574 primo
1211 5496 1429 5577 negari
1462 5503 1658 5579 potest
1687 5498 1774 5561 le·

3350 405 3429 463 93

1871 522 2013 583 gem
2063 513 2380 581 aeternam,
2435 512 2506 566 ut
2556 506 2657 565 lex
2704 511 2818 581 est,
2874 505 3073 567 dicere
3120 508 3427 570 rationem

1867 596 2047 672 ideae,
2089 598 2236 676 quia
2274 598 2413 658 idea
2442 598 2641 675 magis
2670 598 3064 659 constituitur
3103 605 3173 661 ut
3199 601 3427 680 princi-

1867 689 2042 769 pium
2082 690 2379 769 operandi
2406 709 2483 751 ex
2509 696 2683 769 parte
2714 691 2904 769 ipsius
2936 689 3207 767 artificis,
3238 712 3425 772 quam

1867 799 1980 861 per
2025 783 2280 842 modum
2317 783 2630 862 praecepti,
2673 781 2773 842 vel
2808 782 3110 860 impulsus
3149 794 3425 865 respectu

1863 874 1956 934 rei
1982 893 2094 954 per
2120 875 2324 935 ideam
2355 875 2799 954 producendae3
2833 880 2895 935 et
2922 876 3011 935 ita
3037 876 3425 938 verisimilius

1864 973 1958 1028 est
1981 967 2186 1047 legem
2219 974 2281 1029 et
2306 968 2512 1029 ideam
2540 970 2780 1030 ratione
2811 968 3083 1044 differre,
3122 976 3192 1029 ut
3232 989 3306 1030 ex
3334 970 3425 1030 di·

1864 1061 2074 1122 cendis
2118 1062 2384 1141 amplius
2425 1061 2745 1124 constabit.
2786 1062 3018 1122 Deinde
3057 1079 3206 1122 vero
3238 1064 3420 1137 addc,

1868 1153 2057 1214 etiam
2099 1154 2278 1233 juxta
2325 1153 2498 1214 illam
2544 1153 2914 1215 sententiam
2961 1154 3425 1216 convenientius

1865 1246 2014 1321 dici,
2039 1263 2167 1306 non
2187 1246 2393 1307 ideam
2420 1246 2760 1307 secundum
2779 1265 2865 1320 se,
2891 1246 2996 1306 sed
3018 1251 3090 1306 ut
3110 1253 3202 1307 est
3219 1266 3424 1309 exem-

1863 1338 2024 1419 plar,
2066 1338 2295 1400 habere
2341 1339 2647 1400 rationem
2694 1339 2849 1417 legis
2890 1344 3156 1401 aeternae.
3209 1341 3424 1403 Differt

1865 1433 2033 1493 enim
2060 1432 2200 1494 idea
2235 1432 2314 1494 ab
2354 1431 2710 1511 exemplari,
2751 1432 2915 1510 quod
2956 1432 3095 1493 idea
3136 1440 3225 1494 est
3252 1452 3421 1496 mere

1865 1525 2166 1585 naturalis
2209 1525 2278 1585 in
2324 1526 2480 1600 Deo,
2533 1523 2698 1584 unde
2743 1529 2836 1584 est
2883 1524 3073 1586 etiam
3120 1525 3196 1586 de
3241 1527 3421 1587 rebus

1862 1617 2292 1696 possibilibus:
2325 1617 2642 1697 exemplar
2666 1622 2874 1678 autem
2900 1616 3162 1678 involvit
3186 1635 3421 1697 respec-

1862 1714 1998 1769 tum
2032 1710 2321 1788 liberum,
2350 1710 2496 1790 quia
2524 1709 2837 1789 exemplar
2871 1708 3134 1770 involvit
3163 1711 3422 1770 causali-

1860 1808 2053 1864 tatem
2099 1804 2308 1882 aliquo
2351 1804 2537 1864 modo
2578 1801 2912 1879 actualem;
2943 1802 3032 1862 ita
3070 1807 3142 1862 ιιι
3185 1801 3420 1882 aliquid

1861 1896 1938 1957 ad
1970 1895 2138 1956 illius
2165 1896 2575 1958 imitationem
2606 1895 2738 1972 fiat,
2761 1894 2860 1955 vel
2881 1893 3163 1955 futurum
3198 1895 3297 1955 sit.
3329 1898 3420 1958 Ita

1861 2006 2009 2066 ergo
2049 1987 2150 2048 lex
2180 1989 2382 2049 dicere
2415 1994 2617 2067 posset
2655 1987 2884 2062 ideam,
2925 1992 2995 2047 ut
3024 1992 3117 2047 est
3155 1987 3270 2047 sub
3310 1988 3417 2049 illo

1862 2087 2162 2160 respectu,
2195 2088 2258 2140 et
2288 2097 2415 2140 non
2450 2085 2521 2140 ut
2548 2079 2904 2159 simpliciter
2934 2079 3274 2140 necessaria
3301 2087 3413 2143 εει.

1941 2174 2003 2232 4.
2048 2174 2173 2236 Lem
2217 2180 2439 2235 oetema
2474 2171 2730 2234 includit
2770 2189 2872 2233 seu
2909 2171 3179 2249 postulat
3222 2178 3420 2235 actum

1861 2265 2085 2327 divinoe
2111 2264 2459 2327 voluntatis.
2502 2298 2583 2308 —
2622 2264 2823 2342 Atque
2849 2262 2998 2323 hinc
3023 2264 3228 2342 quoad
3250 2267 3421 2344 prius

1862 2357 2142 2430 dubium,
2177 2356 2566 2417 concluditur
2592 2356 2797 2434 legem
2824 2360 3119 2416 aeternam
3147 2373 3420 2417 necessa-

1855 2449 1951 2509 rio
1978 2449 2316 2524 includere,
2355 2467 2464 2510 seu
2490 2448 2801 2528 postulare
2828 2454 3034 2509 actum
3061 2448 3290 2509 divinae
3315 2468 3420 2510 vo-

1853 2540 2130 2615 luntatis,
2161 2542 2310 2620 quia
2336 2541 2585 2602 libertas
2611 2541 2798 2602 etiam
2821 2540 2931 2602 Dei
2958 2547 3050 2601 est
3078 2539 3420 2603 formaliter

1854 2632 1922 2693 in
1947 2632 2267 2694 voluntate
2293 2633 2535 2694 divina:
2558 2632 2663 2694 sed
2690 2633 2791 2693 lex
2817 2638 3049 2693 aeterna
3070 2638 3161 2694 est
3181 2631 3414 2712 aliquid

1855 2724 2120 2786 liberum
2153 2727 2220 2786 in
2249 2727 2406 2786 Deo:
2444 2743 2592 2804 ergo
2621 2724 2880 2785 includit
2909 2723 3314 2784 voluntatem.
3341 2726 3416 2785 Et

1855 2816 1972 2878 hac
2009 2817 2250 2879 ratione
2277 2817 2465 2880 etiam
2502 2817 2569 2877 in
2607 2817 2745 2895 lege
2771 2822 3003 2878 aeterna
3042 2834 3259 2877 verum
3302 2823 3412 2893 εει,

1858 2911 2017 2990 quod
2043 2929 2228 2991 supra
2251 2911 2544 2986 diximus,
2568 2910 2807 2971 nullam
2822 2908 3048 2988 legem,
3064 2915 3137 2970 ιιι
3157 2909 3264 2985 sic,
3289 2928 3416 2971 esse

1856 3003 2215 3083 simpliciter
2264 3004 2673 3066 necessariam
2688 3048 2709 3080 ,
2759 3003 2906 3082 quia
2949 3003 3137 3064 etiam
3186 3008 3418 3065 aeterna

1856 3094 1979 3172 lex,
2024 3103 2324 3176 quatenus
2368 3097 2564 3158 libera
2604 3101 2719 3173 est,
2761 3114 2890 3157 non
2930 3099 3023 3157 εει
3060 3094 3418 3175 simpliciter

1857 3190 2219 3251 necessaria.
2238 3192 2445 3269 Neque
2459 3189 2576 3250 hoc
2594 3193 2901 3267 repugnat
2914 3189 3050 3266 ejus
3061 3189 3413 3263 aeternitati,

1857 3281 2008 3361 quia
2034 3282 2223 3342 etiam
2251 3281 2478 3360 aliquid
2498 3280 2767 3341 liberum
2795 3280 2958 3340 intra
2980 3280 3197 3351 Deum,
3218 3286 3419 3358 potest

1855 3393 1986 3437 esse
2013 3382 2335 3437 aeternum.
2363 3376 2571 3454 Neque
2597 3375 2786 3436 etiam
2821 3378 3124 3452 repugnat
3145 3374 3279 3451 ejus
3301 3374 3417 3433 im-

1854 3467 2283 3542 mutabilitati,
2319 3467 2467 3547 quia
2510 3467 2755 3529 decreta
2799 3466 2996 3527 libera
3038 3465 3228 3527 etiam
3272 3473 3418 3528 sunt

1852 3558 2285 3620 immutabilia.

1932 3654 1992 3712 5.
2042 3651 2319 3732 objectio.
2338 3685 2421 3698 —
2440 3652 2703 3717 Salutio,
2725 3684 2807 3699 —
2824 3651 3001 3715 Unde
3030 3651 3295 3713 infertur
3320 3652 3415 3712 ul-

1851 3744 2064 3820 teriuS,
2090 3744 2294 3823 legem
2321 3751 2616 3807 aeternam
2649 3764 2775 3806 non
2804 3763 2936 3807 esse
2957 3745 3025 3806 in
3057 3746 3295 3806 actibus
3321 3743 3414 3804 di-

1849 3836 1981 3897 vini
2009 3837 2378 3913 intellectus,
2409 3844 2595 3918 prout
2632 3838 3008 3899 antecedunt
3033 3838 3271 3898 ratione
3309 3837 3413 3898 de-

1851 3934 2021 3989 creta
2040 3929 2236 3991 libera
2263 3931 2389 3992 Dei.
2421 3930 2743 4004 Probatur,
2769 3930 2916 4007 quia
2945 3929 3011 3989 '¹11
3038 3928 3179 4005 illis,
3208 3934 3279 3988 ut
3302 3929 3409 4004 sic,

1851 4037 1980 4080 non
2008 4027 2100 4081 est
2126 4020 2417 4082 libertas:
2450 4038 2600 4099 ergo
2633 4038 2749 4081 nec
2787 4021 2912 4080 lex.
2943 4021 3095 4081 Item
3135 4020 3214 4080 ob
3254 4020 3412 4081 hanc

1850 4111 2160 4172 rationem
2197 4131 2310 4173 nec
2358 4112 2769 4191 providentia,
2808 4128 2922 4170 nec
2961 4110 3414 4189 praedestinatio

1853 4202 2287 4282 intelliguntur
2327 4203 2396 4262 in
2435 4200 2753 4262 intellectu
2788 4201 2999 4260 divino
3040 4208 3183 4263 ante
3230 4221 3414 4265 omne

1854 4294 2172 4355 decretum
2202 4294 2470 4356 liberum
2504 4291 2859 4369 voluntatis,
2885 4292 3030 4372 quia
3056 4299 3186 4354 tam
3214 4298 3414 4374 provi·

1854 4387 2065 4450 dentia
2090 4407 2279 4469 quam
2308 4386 2768 4469 praedestinatio
2793 4387 3009 4448 dicunt
3033 4393 3241 4448 actum
3262 4388 3413 4451 libe-

1852 4499 2035 4542 rum:
2066 4500 2214 4560 ergo
2255 4501 2370 4543 nec
2409 4482 2511 4543 lex
2539 4486 2769 4542 aeterna
2809 4486 3009 4561 potest
3048 4480 3315 4560 intelligi
3346 4483 3414 4544 in

1850 4573 2063 4636 divino
2089 4574 2405 4637 intellectu
2435 4580 2506 4635 ut
2539 4574 2625 4635 sic
2658 4579 2948 4653 spectato.
2979 4574 3187 4635 Dices:
3221 4574 3288 4634 in
3319 4576 3414 4635 in-

1850 4666 2097 4729 tellectu
2114 4668 2347 4742 divino,
2379 4675 2449 4728 ut
2468 4668 2554 4728 sic
2580 4672 2895 4748 concepto,
2917 4673 3061 4729 sunt
3077 4666 3415 4729 dictamina

1850 4758 2006 4839 legis
2046 4761 2368 4837 naturalis,
2408 4766 2499 4836 ut,
2531 4761 2677 4825 Non
2706 4766 2792 4824 est
2836 4762 3255 4836 mentiendum,
3293 4778 3414 4823 ser—

1851 4855 2110 4916 vandum
2133 4860 2219 4917 est
2233 4855 2624 4934 promissum,
2639 4853 2946 4932 punienda
2968 4859 3111 4917 sunt
3137 4853 3325 4928 mala,
3353 4860 3415 4914 et

1851 4943 2078 5005 similia
2089 4967 2108 5019 ;
2140 4963 2287 5024 ergo
2315 4945 2533 5006 saltem
2574 4944 2776 5024 quoad
2809 4945 2940 5005 haec
2970 4943 3287 5005 invenitur
3312 4943 3413 5005 lex

1852 5041 2085 5098 aeterna
2128 5037 2198 5097 in
2243 5037 2455 5098 divino
2500 5036 2818 5097 intellectu
2862 5040 3008 5097 ante
3057 5052 3307 5096 omnem
3338 5037 3413 5097 li-

1852 5129 2076 5191 berum
2116 5129 2452 5191 voluntatis
2499 5133 2729 5189 actum.
2772 5128 2947 5189 Unde
2987 5128 3076 5188 ita
3125 5128 3413 5191 videntur

1855 5221 1930 5282 de
1969 5221 2107 5299 lege
2139 5227 2370 5282 aeterna
2398 5221 2655 5282 sensisse
2695 5221 2901 5280 Cicero
2927 5219 3085 5281 libro
3111 5223 3151 5281 *Ξ
3182 5222 3258 5283 de
3295 5224 3412 5283 Le-

1854 5313 2071 5391 gibus,
2116 5319 2179 5375 et
2224 5313 2330 5373 alii
2380 5312 2734 5393 Philosophi
2778 5313 2855 5373 de
2900 5313 3005 5374 illa
3056 5319 3407 5375 tractantes

1853 5405 2269 5466 Nihilominus
2295 5406 2655 5485 respondeo,
2687 5406 2740 5466 si
2773 5405 2881 5466 illa
2907 5405 3243 5467 dictamina
3269 5423 3415 5465 con-

1854 5498 2201 5562 siderentur
2224 5498 2293 5562 in
2324 5499 2539 5562 ordine
2569 5500 2650 5562 ad
2673 5500 2873 5581 ipsam
2894 5500 3281 5564 voluntatem
3313 5497 3413 5558 di-
