3976 6219
586 393 704 453 516

583 500 727 577 quia
747 496 873 573 ipse
894 498 1094 552 metus
1114 489 1315 549 irritat
1335 494 1741 564 contractum,
1759 494 1820 549 et
1837 488 1976 548 ideo
2001 506 2142 566 ope-

581 590 708 652 rari
739 606 865 647 non
897 589 1097 663 potest
1119 582 1193 642 ad
1226 582 1377 641 alias
1403 581 1776 641 irritationes
1804 581 2142 659 impedien-

584 685 712 744 daS.
746 676 1107 758 Respondeo
1135 676 1336 753 primo
1365 673 1534 734 illam
1570 673 1982 734 irritationem
2013 691 2142 734 esse

583 771 1059 838 accidentariam
1080 768 1154 828 ad
1177 766 1240 826 id
1264 766 1339 827 de
1363 785 1486 845 quo
1509 766 1749 844 agimus
1758 782 1779 843 ;
1805 784 1976 841 nam,
1998 765 2143 827 licet

581 872 869 931 daremus
897 868 1133 922 metum
1174 878 1302 920 non
1343 859 1585 919 irritare
1629 859 2139 937 matrimonium,

577 958 984 1025 nihilominus
999 952 1464 1014 matrimonium
1481 951 1644 1011 inter
1657 952 2143 1030 consanguineos

581 1067 753 1116 metu
790 1051 1023 1110 factum
1057 1050 1214 1106 esset
1245 1045 1511 1104 irritum.
1544 1045 1620 1103 Et
1642 1044 1733 1105 ita
1759 1043 1848 1104 ibi
1876 1046 2142 1105 interve-

576 1148 762 1209 niunt
774 1145 897 1204 duo
909 1139 1378 1221 impedimenta,
1392 1142 1462 1196 ut
1476 1142 1639 1197 recte
1656 1138 1894 1197 notavit
1905 1136 2086 1198 Sanci
2095 1182 2108 1197 .
2116 1182 2137 1213 ,

579 1241 721 1301 libr.
755 1241 790 1298 7
833 1236 910 1297 de
929 1231 1345 1304 Matrimonio,
1388 1229 1542 1307 disp.
1573 1231 1632 1304 5,
1656 1249 1720 1291 n.
1747 1232 1809 1289 4.
1835 1231 1913 1289 Et
1942 1229 2141 1290 decla-

578 1333 702 1395 rari
742 1334 943 1410 potest
975 1344 1050 1386 ex
1094 1323 1385 1403 opinione
1432 1322 1770 1382 dicentium
1819 1323 2140 1382 matrimo-

577 1430 759 1488 nium
809 1426 1192 1482 contractum
1235 1434 1307 1476 ex
1361 1420 1534 1474 metu
1584 1415 1758 1492 gravi
1792 1414 1963 1475 illato
2011 1432 2139 1473 non

577 1519 777 1580 solum
825 1514 903 1574 ad
952 1507 1446 1572 contrahendum
1492 1506 1598 1567 sed
1640 1507 1828 1567 etiam
1880 1507 1956 1567 ad
1996 1524 2140 1567 con-

578 1607 1043 1678 summandum,
1071 1621 1198 1662 non
1241 1600 1484 1661 irritare
1527 1599 2020 1674 matrimonium,
2061 1618 2141 1660 ne

574 1709 852 1766 vertatur
901 1700 966 1758 in
995 1698 1296 1757 damnum
1319 1693 1483 1772 quod
1513 1711 1623 1772 pro
1650 1693 1860 1753 favore
1892 1711 2143 1754 conces-

575 1815 713 1859 sum
729 1800 820 1856 est
829 1810 851 1870 ;
872 1810 1019 1852 nam
1039 1790 1152 1863 illi,
1174 1793 1244 1847 ut
1266 1787 1572 1861 existimo,
1594 1804 1721 1846 non
1739 1785 2143 1846 concederent

573 1885 1041 1952 matrimonium
1076 1884 1238 1942 inter
1278 1880 1766 1957 consanguineos
1809 1879 1941 1939 fore
1988 1879 2139 1939 vali-

574 1984 749 2057 dum,
778 1980 924 2040 licet
948 1976 1058 2037 fiat
1080 1993 1155 2036 ex
1178 1980 1349 2034 metu
1381 1973 1557 2051 gravi
1582 1972 1753 2032 illato
1788 1971 1866 2031 ad
1897 1977 2137 2032 contra-

570 2074 846 2137 hendum
885 2076 946 2131 et
980 2065 1560 2129 consummandum.
1586 2065 1796 2142 Neque
1826 2070 1962 2142 post
1983 2064 2137 2124 Con-

570 2169 780 2230 cilium
814 2161 1246 2224 Tridentinum
1282 2157 1404 2218 dici
1442 2162 1642 2236 potest
1686 2156 1963 2217 validum
2005 2156 2136 2217 fore

570 2257 1041 2324 matrimonium
1063 2254 1297 2313 factum
1322 2251 1455 2311 sine
1487 2249 1755 2330 parocho
1794 2255 1854 2310 et
1874 2249 2136 2310 testibus

570 2375 647 2416 ex
681 2353 904 2413 timore
951 2345 1164 2421 simili,
1203 2349 1276 2404 ut
1324 2343 1483 2403 bene
1511 2342 1699 2404 etiam
1722 2342 1900 2402 docet
1922 2342 2127 2403 Sanci.

568 2460 790 2526 supra3
833 2459 982 2519 ergo
1009 2444 1139 2500 tota
1175 2437 1333 2498 ratio
1371 2441 1483 2508 est,
1518 2436 1666 2514 quia
1693 2441 1896 2495 metus
1924 2435 2132 2512 gravis

564 2557 694 2600 non
712 2535 936 2597 sufficit
949 2531 1246 2612 impedire
1267 2529 1603 2592 efficaciam
1629 2528 1783 2607 legis
1806 2528 2126 2588 irritantis

648 2633 748 2692 10.
791 2631 993 2691 Metus
1038 2626 1261 2686 minuit
1312 2625 1679 2698 libertatem,
1720 2622 2133 2684 irritationem

564 2745 698 2789 vero
736 2741 855 2784 non
899 2720 1167 2798 impedit.
1191 2750 1274 2762 —
1303 2716 1590 2778 Diluitur
1625 2716 1831 2794 prima
1862 2715 2127 2793 objectio,

565 2853 647 2866 —
664 2816 938 2891 Denique
967 2811 1204 2871 ratione
1240 2809 1326 2868 sic
1349 2807 1698 2868 declaratur
1720 2806 2132 2884 retorquendo

567 2908 973 2989 objectionem
996 2903 1245 2977 factam,
1275 2901 1422 2979 quia
1460 2904 1660 2960 metus
1696 2899 1773 2959 de
1814 2914 1877 2958 se
1928 2898 2129 2959 solum

565 3001 795 3063 minuit
824 2996 1206 3058 voluntatem
1240 2998 1301 3053 et
1342 2991 1690 3052 libertatem
1708 3006 1729 3067 ;
1771 2996 1836 3050 at
1863 2990 1979 3050 hoc
2014 2990 2130 3049 im-

562 3094 879 3175 pertinens
933 3094 1026 3151 est
1077 3088 1155 3148 ad
1209 3084 1668 3166 impediendam
1717 3083 2129 3145 irritationem

567 3194 737 3248 actus
766 3201 901 3264 quae
921 3200 1032 3263 per
1061 3180 1265 3258 legem
1292 3180 1385 3257 fit,
1414 3180 1566 3259 quin
1599 3179 1802 3260 potius
1838 3177 1914 3240 de
1946 3195 2010 3239 se
2031 3178 2128 3257 ju-

563 3285 669 3341 vat
713 3283 784 3338 ut
819 3276 1018 3353 magis
1060 3274 1282 3348 irritet,
1330 3273 1479 3352 quia
1503 3273 1604 3334 lex
1660 3291 1786 3333 non
1819 3272 1987 3333 favet
2030 3270 2128 3331 his

564 3371 898 3445 violentiiS,
938 3368 1042 3458 sed
1071 3367 1276 3447 potius
1304 3366 1531 3426 resistit
1558 3365 1698 3427 illis.
1744 3367 1899 3425 Item
1928 3364 2128 3441 magis

564 3464 825 3544 impedit
843 3459 1262 3521 voluntarium
1285 3458 1639 3535 ignorantia
1678 3475 1864 3536 quam
1898 3462 2123 3532 metuS,

565 3564 628 3619 et
658 3553 1063 3617 nihilominus
1092 3550 1444 3629 ignorantia
1471 3568 1597 3609 non
1635 3549 1895 3629 impedit
1923 3549 2127 3609 irrita-

562 3651 796 3711 tionem
812 3663 833 3725 3
860 3664 1009 3723 ergo
1041 3662 1156 3704 nec
1183 3647 1384 3703 metus
1410 3642 1726 3720 impediet.
1763 3642 1934 3701 Dices
1962 3647 2127 3703 recte

562 3740 811 3821 probari
843 3744 1078 3798 metum
1100 3752 1210 3814 per
1237 3753 1301 3794 se
1333 3739 1396 3794 et
1420 3751 1496 3794 ex
1518 3733 1581 3793 vi
1604 3733 1926 3795 intrinseci
1950 3733 2127 3794 effec-

561 3841 664 3894 tus
711 3850 840 3893 non
884 3827 1183 3908 impedire
1233 3826 1666 3902 irritationem,
1719 3826 2128 3888 nihilominus

560 3932 774 3987 tamen
819 3926 1069 4004 propter
1097 3919 1425 3981 vitandum
1463 3918 1900 3997 gravissimum
1952 3918 2129 3978 dam-

537 4011 713 4081 num
742 4016 959 4078 mortis
985 4031 1159 4093 posse
1186 4012 1511 4091 impedire,
1552 4011 1699 4090 quia
1728 4010 1831 4071 lex
1852 4011 2129 4071 humana

535 4105 689 4173 ‘non
735 4108 968 4186 obligat
997 4124 1139 4167 cum
1184 4110 1360 4165 tanto
1403 4104 1635 4181 rigore,
1670 4115 1734 4164 et
1772 4104 1936 4179 ideo,
1982 4103 2128 4165 licet

559 4202 880 4284 prohibeat
906 4204 968 4260 et
1003 4199 1202 4258 irritet
1242 4202 1473 4271 actum,
1510 4196 1562 4255 si
1600 4196 1890 4256 imminet
1917 4196 2125 4274 gravis

533 4289 776 4358 ⁸mortis
829 4298 1031 4353 metus
1069 4290 1192 4350 nisi
1241 4288 1351 4350 fiat
1402 4294 1597 4365 actus,
1645 4307 1774 4349 non
1823 4286 2124 4366 obligabit

558 4390 836 4449 humana
883 4384 1007 4460 lex,
1050 4401 1165 4443 nec
1209 4379 1507 4460 impediet
1554 4381 1887 4460 quominus
1920 4380 2121 4442 valide

557 4482 688 4543 fiat.
732 4477 1092 4556 Respondeo
1120 4473 1289 4535 aliud
1327 4491 1457 4534 esse
1494 4473 1878 4534 considerare
1916 4473 2119 4551 legem

557 4571 761 4654 quoad
790 4569 1269 4650 prohibitionem
1296 4571 1489 4641 actuS,
1538 4564 1705 4625 aliud
1736 4565 1940 4644 quoad
1976 4566 2116 4626 itri-

554 4669 876 4728 tationem.
916 4663 1073 4723 Nam
1101 4659 1306 4739 quoad
1342 4658 1615 4738 primum
1642 4657 1776 4719 fieri
1817 4664 2017 4737 potest
2048 4664 2117 4718 ut

554 4765 756 4821 metus
783 4760 1031 4818 excuset
1071 4772 1108 4814 a
1151 4751 1333 4830 culpa
1361 4751 1631 4812 faciendi
1657 4756 1863 4811 actum
1904 4757 2118 4812 contra

552 4851 778 4930 legem,
816 4848 1033 4908 saltem
1057 4863 1133 4905 ex
1156 4862 1230 4905 ea
1259 4850 1433 4922 parte
1461 4862 1585 4922 qua
1617 4853 1708 4904 est
1753 4852 1966 4903 contra
2002 4844 2117 4904 hu-

552 4961 806 5004 manam
831 4941 1056 5017 legem,
1091 4942 1162 4996 ut
1189 4941 1357 5014 patet
1386 4935 1438 4996 si
1461 4936 1599 5014 quis
1621 4954 1698 4996 ex
1723 4935 1947 4996 timore
1978 4954 2118 5014 pro-

551 5036 800 5096 fiteatur
856 5037 998 5093 ante
1050 5029 1377 5106 impletum
1423 5045 1661 5087 annum
1711 5027 2115 5106 probationiS,

551 5129 650 5189 vel
677 5128 727 5187 si
765 5122 1084 5186 contrahat
1108 5121 1374 5181 exterius
1398 5138 1537 5180 cum
1582 5120 1768 5180 affine
1796 5119 1874 5179 ad
1914 5119 2114 5179 vitan-

550 5223 694 5282 dam
736 5225 998 5280 mortem
1016 5232 1035 5293 ;
1073 5221 1222 5275 tunc
1268 5213 1438 5275 enim
1489 5213 1807 5291 probabile
1853 5222 1943 5274 est
1985 5232 2112 5274 non

1484 391 1599 443 LIB.
1636 392 1696 442 V.
1732 392 1813 444 DE
1845 390 2202 442 VAmE‘rA‘rE
2232 388 2442 441 LEGUM
2475 388 2883 443 mmmmm.

2220 488 2408 549 aliam
2437 508 2582 550 vero
2610 495 2849 567 partem
2886 489 3261 567 irritantem,
3296 510 3427 552 non
3464 496 3578 552 est
3614 506 3839 550 neces-

2221 599 2286 641 se
2314 587 2384 641 ut
2423 582 2579 660 Iegis
2602 581 2871 642 efficacia
2900 582 3298 662 impediatur,
3328 585 3485 664 quia
3531 582 3672 642 illa
3708 600 3835 641 non

2220 675 2449 753 pendet
2473 692 2550 734 ex
2578 674 2759 753 culpa
2791 692 2928 754 quae
2961 674 3050 734 ibi
3082 676 3536 751 committatur,
3586 680 3678 734 ut
3711 673 3837 734 dic-

2220 773 2356 828 tum
2389 773 2481 827 est
2507 783 2524 827 2
2556 785 2759 845 neque
2787 772 2877 828 est
2918 768 3260 829 necessaria
3299 768 3617 830 validitas
3651 773 3835 827 actus

2222 861 2299 922 ad
2347 860 2661 922 vitandam
2704 867 2991 935 mortem,
3023 861 3169 940 quia
3198 880 3311 941 per
3353 861 3833 922 comminatio-

2218 971 2366 1014 nem
2394 953 2612 1013 mortis
2637 971 2765 1013 non
2793 954 3035 1031 cogitur
3077 954 3300 1033 aliquis
3326 954 3448 1014 nisi
3484 960 3568 1014 ut
3625 953 3830 1014 faeiat

2222 1048 2389 1126 quod
2412 1046 2478 1107 in
2506 1046 2640 1126 ipso
2660 1051 2786 1122 est3
2809 1065 2938 1107 non
2961 1046 3129 1108 enim
3153 1048 3284 1127 ipse
3311 1048 3523 1108 irritat
3560 1052 3826 1122 aetum,

2219 1140 2325 1201 sed
2369 1138 2468 1200 lex
2504 1157 2520 1200 ε
2551 1157 2701 1218 ergo
2733 1139 2907 1201 nulla
2938 1149 3030 1202 est
3067 1140 3225 1201 ratio
3261 1159 3375 1201 cur
3404 1146 3569 1201 tune
3621 1149 3827 1201 cesset

2221 1232 2491 1294 efficacia
2525 1232 2700 1310 legis.

2304 1329 2400 1386 11.
2452 1325 2745 1388 obviatur
2787 1326 2967 1388 alteri
3009 1326 3339 1407 objectioni.
3374 1360 3460 1374 —
3501 1327 3820 1406 Urgebis,

2222 1419 2370 1498 quia
2394 1418 2707 1479 interdum
2729 1424 2928 1498 potest
2965 1436 3094 1479 esse
3128 1420 3472 1481 necessaria
3504 1419 3821 1478 validitas

2222 1517 2393 1572 actus
2421 1511 2497 1571 ad
2530 1510 2850 1571 vitandam
2901 1517 3169 1572 mortem
3196 1512 3692 1585 comminatam,
3752 1520 3820 1571 ut

2221 1604 2273 1665 si
2301 1605 2438 1684 quis
2474 1609 2646 1664 metu
2673 1609 2929 1682 cogatur
2971 1605 3193 1666 ducere
3233 1606 3813 1683 consanguineam,

2223 1704 2286 1760 et
2311 1699 2518 1758 statim
2561 1716 3014 1775 consummare,
3056 1705 3207 1760 tunc
3233 1698 3409 1760 valor
3435 1706 3814 1760 contractus

2221 1792 2602 1853 necessarius
2645 1798 2734 1853 est
2782 1797 2853 1852 ut
2902 1792 3096 1871 possit
3140 1792 3629 1853 matrimonium
3664 1810 3814 1853 con·

2220 1885 2520 1945 summari
2546 1886 2677 1946 sine
2701 1891 2949 1964 peccato
2972 1885 3241 1946 mortali.
3265 1886 3646 1965 Respondeo
3678 1904 3807 1946 me·

2217 1984 2351 2039 tum
2383 1980 2600 2040 mortis
2627 1997 2803 2059 posse
2823 1997 3114 2041 excusare
3134 1980 3213 2040 ab
3234 1979 3623 2058 obligatione
3649 1979 3807 2058 legis

2217 2072 2529 2148 humanae,
2561 2091 2701 2151 quae
2726 2072 2805 2132 ab
2836 2072 2945 2132 illa
2973 2074 3269 2149 nascitur,
3294 2079 3672 2133 nontamen
3700 2091 3806 2133 ex-

2216 2183 2429 2226 cusare
2454 2166 2531 2225 ab
2555 2165 2932 2244 obligatione
2952 2165 3107 2244 legis
3132 2166 3450 2241 naturalis,
3484 2185 3636 2244 quae
3658 2184 3805 2227 nas-

2215 2258 2397 2333 citur,
2435 2258 2875 2337 praesupposito
2901 2258 3110 2337 aliquo
3140 2258 3358 2320 effectu
3382 2258 3539 2337 legis
3564 2258 3802 2319 huma-

2214 2369 2333 2425 nae,
2351 2369 2537 2429 quem
2561 2350 2847 2412 effectum
2867 2367 2994 2410 non
3014 2350 3217 2430 potuit
3234 2357 3437 2411 metus
3456 2351 3797 2430 impedire,

2212 2443 2361 2522 quia
2392 2460 2519 2502 non
2564 2443 2793 2523 pendet
2843 2461 2922 2503 ex
2956 2443 3226 2504 hominis
3278 2443 3633 2505 voluntate.
3691 2444 3797 2518 Ut,

2211 2535 2385 2597 verbi
2413 2535 2633 2614 gratia,
2659 2536 2710 2596 si
2734 2535 2871 2614 quis
2895 2536 3225 2596 simoniam
3251 2537 3602 2597 committat
3628 2536 3799 2596 circa

2212 2646 2346 2689 rem
2375 2633 2793 2689 consecratam
2812 2646 2889 2688 ex
2913 2628 3295 2689 institutione
3316 2628 3633 2704 Ecclesiae,
3662 2647 3795 2689 non

2214 2720 2609 2781 excusabitur
2642 2726 2894 2799 propter
2939 2727 3194 2795 metum,
3229 2738 3427 2799 neque
3478 2721 3692 2781 etiam
3740 2721 3791 2781 si

2211 2811 2583 2890 injustitiam
2638 2813 3005 2886 committat,
3056 2811 3376 2873 vendendo
3429 2830 3568 2872 rem
3610 2813 3791 2874 ultra

2211 2908 2421 2964 taxam
2448 2904 2623 2981 legis.
2653 2905 2752 2965 Sic
2779 2923 2925 2982 ergo
2947 2906 3012 2964 in
3047 2905 3336 2984 praesenti
3363 2922 3489 2964 non
3523 2923 3786 2966 excusa-

2210 3001 2315 3055 tur
2339 2996 2478 3075 quis
2504 2998 2572 3055 in
2594 3015 2667 3057 eo
2691 3016 2835 3057 casu
2862 2997 3100 3057 ratione
3130 3003 3358 3073 metus,
3392 2997 3532 3076 quia
3547 3015 3783 3058 revera

2209 3105 2323 3168 per
2354 3088 2530 3149 illum
2569 3107 2697 3150 non
2736 3089 3053 3150 inducitur
3078 3089 3157 3150 ad
3194 3089 3502 3168 agendum
3549 3095 3781 3150 contra

2207 3180 2413 3259 legem
2440 3181 2740 3257 Ecclesiae,
2770 3182 2876 3243 sed
2912 3182 2992 3242 ad
3037 3183 3547 3243 committendam
3574 3182 3773 3242 forni-

2208 3275 2536 3335 cationem.
2560 3276 2678 3335 Per
2698 3274 2901 3352 legem
2925 3275 3093 3335 enim
3117 3274 3398 3335 Ecclesiae
3414 3274 3771 3334 immediate

2206 3366 2280 3427 fit
2331 3372 2403 3427 ut
2455 3366 2554 3427 hae
2601 3384 2879 3446 personas
2931 3367 3054 3426 sint
3100 3365 3430 3440 inhabileS‚
3485 3371 3558 3426 ut
3603 3365 3767 3426 idem

2207 3458 2544 3519 Concilium
2574 3459 2684 3534 ait,
2710 3477 2849 3538 quae
2884 3457 3242 3519 inhabilitas
3269 3476 3396 3518 non
3425 3464 3516 3519 est
3557 3459 3624 3518 in
3663 3476 3767 3537 po-

2206 3555 2424 3611 testate
2446 3551 2717 3611 hominis
2742 3557 2814 3611 ut
2840 3569 2951 3630 per
2973 3557 3211 3612 metum
3232 3551 3591 3612 auferatur:
3622 3550 3765 3610 hinc

2209 3663 2354 3705 vero
2378 3650 2822 3724 consequenter
2850 3643 2924 3704 fit
2949 3650 3022 3705 ut
3047 3644 3265 3724 copula
3294 3644 3461 3704 inter
3481 3661 3766 3722 personas

2207 3737 2293 3796 sic
2316 3736 2587 3797 exterius
2606 3736 3037 3798 contrahentes
3055 3754 3294 3816 semper
3312 3737 3391 3796 sit
3408 3735 3758 3811 fornicaria,

2209 3833 2269 3888 et
2295 3828 2433 3888 ideo
2457 3846 2601 3888 cum
2629 3830 2765 3908 quis
2788 3829 2866 3890 ad
2892 3829 3067 3890 illam
3095 3830 3359 3906 cogitur,
3381 3846 3508 3888 non
3528 3828 3760 3888 induci-

2207 3925 2311 3980 tur
2337 3921 2415 3981 ad
2441 3920 2753 3999 agendum
2784 3927 2993 3982 contra
3026 3921 3232 4000 legem
3266 3920 3629 3996 humanam,
3658 3919 3761 3981 sed

2208 4001 2422 4073 contra
2444 4012 2816 4089 naturalem,
2851 4019 2913 4074 et
2943 4013 3084 4075 ideo
3110 4019 3314 4074 metus
3339 4012 3472 4072 talis
3503 4030 3634 4071 non
3654 4030 3759 4072 ex·

2207 4110 2399 4166 cusat.
2454 4106 2629 4178 Quod
2677 4106 2730 4166 si
2762 4106 3038 4186 inquiras
3081 4106 3248 4166 unde
3290 4111 3518 4166 constet
3556 4104 3758 4166 Eccle-

2205 4199 2360 4260 siam
2389 4203 2518 4258 tam
2546 4198 2819 4259 absolute
2848 4198 3211 4278 imposuisse
3253 4198 3429 4259 illam
3471 4197 3756 4258 inhabili-

2204 4296 2394 4352 tatem
2421 4297 2639 4351 utnon
2667 4296 2858 4351 cesset
2891 4292 3078 4352 etiam
3101 4291 3169 4350 in
3190 4296 3367 4351 tanto
3389 4291 3751 4367 discrimine,

2203 4388 2267 4443 et
2293 4401 2429 4462 quae
2450 4384 2609 4443 ratio
2626 4383 2812 4462 hujus
2838 4383 3062 4460 rigoris
3084 4382 3257 4442 reddi
3282 4383 3496 4461 possit,
3519 4401 3757 4462 respon·

2199 4475 2315 4536 deo
2347 4475 2411 4536 id
2439 4481 2717 4536 constare
2758 4494 2837 4537 ex
2882 4492 3065 4535 sensu
3093 4481 3156 4535 et
3193 4492 3310 4534 usu
3335 4475 3524 4535 totius
3566 4475 3757 4535 Eccle-

2197 4568 2327 4642 siae,
2354 4573 2415 4628 et
2433 4569 2748 4628 communi
2763 4585 3064 4627 consensu
3081 4567 3402 4628 doctorum
3405 4583 3426 4644 ;
3444 4567 3605 4628 ratio
3620 4585 3758 4628 vero

2197 4665 2309 4734 est,
2327 4661 2474 4738 quia
2495 4674 2651 4721 esset
2678 4666 2893 4721 contra
2919 4659 3253 4722 efficaciam
3272 4664 3336 4720 et
3353 4658 3544 4720 finem
3573 4660 3761 4739 ipsius

2196 4751 2351 4830 legis
2378 4752 2736 4831 hujusmodi
2767 4753 3192 4832 exceptionem
3245 4754 3314 4812 in
3359 4751 3494 4831 ipsa
3532 4770 3762 4831 ponere

2196 4843 2297 4904 vel
2323 4844 2648 4906 admittere
2660 4859 2681 4923 3
2722 4845 2993 4905 maxime
3030 4863 3172 4905 cum
3215 4843 3370 4904 illud
3417 4844 3764 4923 periculum

2198 4937 2278 4996 sit
2305 4936 2483 4998 valde
2523 4943 2852 5013 remotum,
2905 4938 3071 5018 quod
3114 4955 3150 4996 a
3197 4937 3335 5016 lege
3376 4955 3503 4996 non
3549 4937 3765 4998 debuit

2197 5029 2603 5107 considerari3
2642 5048 2790 5090 nam
2827 5029 2974 5090 inde
3002 5035 3318 5089 sumerent
3348 5028 3632 5093 homines
3660 5048 3762 5090 oc-

2196 5121 2504 5182 casionem
2537 5121 2882 5183 incutiendi
2912 5121 3269 5200 hujusmodi
3318 5128 3561 5183 metum
3599 5123 3761 5184 ciroe

2194 5232 2377 5275 usum
2404 5216 2512 5294 qui
2539 5216 2671 5276 sine
2695 5217 3177 5294 transgressione
3200 5217 3421 5295 prioris
3443 5217 3599 5295 legis
3620 5218 3760 5278 irri-

548 5331 798 5394 peccare
829 5315 1044 5371 contra
1085 5306 1561 5387 prohibitionem
1598 5306 1901 5383 Ecclesiae,
1933 5307 2112 5385 quid-
2191 5309 2379 5369 tantis
2407 5308 2572 5369 licite
2599 5309 2738 5371 fieri
2769 5328 2897 5371 non
2922 5314 3149 5390 potest,
3183 5309 3262 5369 ad
3311 5309 3516 5388 legem
3559 5311 3756 5389 ipsam

549 5406 700 5486 quid
741 5404 841 5480 sit,
892 5421 972 5463 an
1018 5407 1226 5480 peccet
1268 5406 1483 5460 contra
1530 5400 1900 5460 sacramenti
1937 5418 2110 5460 reve·
2190 5399 2586 5462 eludendam.

547 5501 839 5574 rentiam,
870 5494 1035 5574 quod
1069 5493 1147 5554 ad
1186 5511 1452 5572 praesens
1479 5512 1608 5555 non
1647 5493 1859 5556 refert.
1896 5492 2109 5566 Quoad

2273 5496 2371 5557 12.
2411 5494 2629 5560 Tertia
2661 5493 3138 5575 offatim—Sed
3164 5493 3445 5571 instabis,
3488 5511 3637 5559 nam
3660 5494 3753 5558 in-
