3976 6219
734 364 870 418 cAP.
905 366 1056 417 xXV.

326 464 436 523 11.
494 460 678 522 Aliud
718 467 927 523 autem
975 464 1327 524 membrum
1385 482 1512 526 non
1570 464 1816 526 videtur

215 572 429 633 posse
456 554 885 615 universaliter
907 554 1178 632 defendi,
1211 563 1280 617 ut
1313 564 1481 636 patet
1507 559 1709 637 primo
1749 558 1817 618 in

215 647 670 726 prohibitlone
711 649 1118 724 matrimonii,
1159 669 1296 729 quse
1325 649 1396 710 fit
1427 657 1675 730 propter
1700 651 1817 710 im-

218 740 679 817 pedimentum
729 741 859 801 voti
897 741 1193 820 simplicis
1218 742 1512 804 castitatis
1539 748 1647 803 aut
1673 743 1816 804 reli-

223 832 493 908 gionis;
521 849 668 891 nam
713 832 801 892 ibi
837 833 1196 912 prohibetur
1230 835 1570 895 substantia
1605 835 1818 895 matri-

225 924 452 983 monii
480 929 542 984 et
567 929 740 985 actus
762 925 895 1003 ipse
917 928 985 986 ιιι
1010 944 1098 1002 se,
1119 934 1182 987 et
1209 928 1449 989 ratione
1474 928 1596 1003 sui,
1638 933 1700 989 et
1724 933 1817 988 ta-

224 1033 400 1075 men
434 1034 561 1076 non
589 1016 867 1078 irritatur
893 1036 971 1078 ex
987 1018 1049 1078 vi
1076 1017 1213 1079 talis
1240 1019 1694 1099 prohibitionis,
1722 1018 1818 1080 Ad

225 1105 371 1166 hoc
418 1114 861 1184 argumentum
915 1108 1290 1172 eludendum
1340 1110 1578 1172 addunt
1626 1111 1821 1190 aliqui

228 1198 442 1259 aliam
501 1200 869 1278 particulam
912 1220 1020 1263 seu
1060 1202 1518 1278 limitationem,
1563 1204 1816 1278 scilicet,

232 1309 382 1350 non
411 1292 558 1351 satis
588 1310 717 1353 esse
744 1295 907 1372 quod
933 1296 1334 1375 prohibeatur
1365 1296 1706 1357 substantia
1723 1314 1822 1357 ac-

233 1388 376 1455 tus,
403 1384 523 1444 nisi
567 1386 755 1445 etiam
792 1386 1190 1464 prohibeatur
1214 1389 1466 1463 directe,
1498 1389 1662 1468 quod
1692 1406 1820 1448 non

237 1473 340 1534 ita
368 1474 440 1535 fit
472 1494 583 1555 per
618 1484 871 1552 votum3
920 1497 1071 1540 nam
1093 1479 1180 1540 ibi
1208 1480 1439 1543 directe
1468 1481 1822 1559 praecipitur

245 1566 525 1629 reddere
567 1570 691 1630 Deo
734 1572 1128 1649 promissum,
1172 1578 1233 1634 et
1276 1572 1422 1633 inde
1463 1590 1575 1652 per
1605 1590 1821 1651 quam·

240 1659 400 1720 dam
439 1661 632 1721 veluti
659 1663 1085 1724 resultantiam
1112 1665 1471 1743 prohibetur
1503 1663 1821 1724 matrimo-

242 1753 459 1828 nium,
501 1754 667 1832 quod
708 1761 801 1816 est
838 1756 1153 1836 prohiberi
1194 1757 1512 1819 indirecte.
1555 1756 1675 1818 Sed
1701 1756 1820 1817 hoc

243 1843 539 1923 displicet
563 1846 868 1927 imprimis
897 1849 1045 1928 quia
1074 1849 1207 1911 sine
1234 1850 1473 1912 ratione
1501 1855 1564 1912 et
1598 1850 1819 1930 proba·

243 1937 426 1998 tione
470 1939 783 2002 adduntur
809 1940 941 2003 istae
980 1942 1382 2004 limitationes
1407 1947 1470 2003 et
1504 1942 1819 2022 particulae

244 2029 334 2088 ad
359 2031 721 2109 fugiendam
745 2033 1195 2096 difficultatem.
1223 2035 1398 2096 Unde
1430 2035 1618 2096 etiam
1646 2034 1719 2096 fit
1748 2041 1821 2097 ut

245 2121 322 2183 in
353 2141 744 2230 quocumque
771 2127 1052 2207 exemplo
1081 2128 1268 2208 possit
1293 2127 1418 2189 alia
1438 2127 1658 2188 similis
1680 2145 1820 2188 eva-

250 2216 350 2275 sio
372 2216 665 2290 inveniri,
697 2223 761 2280 et
787 2219 876 2280 ita
900 2238 997 2281 res
1021 2220 1387 2300 gravissima
1413 2219 1669 2281 confusa
1693 2237 1825 2282 ma-

247 2314 443 2384 neat,
484 2315 547 2371 et
584 2310 717 2372 sine
761 2317 928 2374 certa
964 2314 1181 2392 regula
1224 2314 1305 2376 ad
1353 2312 1826 2376 discernendum

249 2401 506 2481 quando
527 2402 862 2482 prohibitio
888 2405 1110 2466 irritet.
1136 2406 1370 2467 Deinde
1391 2424 1587 2485 urgeo
1621 2424 1829 2468 exem-

250 2493 433 2572 plum
466 2493 825 2572 adductum,
854 2496 1023 2575 quia,
1045 2497 1189 2559 licet
1232 2498 1568 2577 prohibitio
1612 2498 1826 2563 matri-

255 2585 459 2645 monii
480 2594 835 2666 comparata
851 2588 930 2650 ad
949 2587 1155 2669 legem
1166 2589 1515 2652 naturalem
1537 2589 1827 2652 servandi

250 2684 424 2754 vota,
474 2679 777 2743 indirecta
818 2682 917 2744 vel
965 2682 1171 2763 potius
1217 2689 1457 2747 remota
1496 2684 1818 2760 videatur,

258 2772 410 2848 quia
434 2771 537 2834 lex
563 2772 671 2835 illa
698 2774 1003 2835 abstrahit
1028 2776 1107 2836 ab
1131 2776 1250 2837 hac
1272 2777 1374 2838 vel
1399 2777 1509 2840 illa
1534 2776 1818 2854 materia,

258 2870 325 2923 et
352 2882 390 2923 a
417 2870 721 2943 praecepto
747 2868 1037 2945 negativo
1068 2875 1132 2928 et
1156 2867 1550 2943 affirmativo,
1580 2875 1652 2929 ut
1671 2868 1825 2930 alibi

260 2954 415 3031 dixi,
454 2955 860 3018 nihilominus
885 2958 987 3018 lex
1015 2958 1296 3038 obligans
1322 2958 1403 3020 ad
1430 2977 1558 3019 non
1595 2960 1825 3020 facien-

260 3050 412 3112 dum
439 3058 650 3113 actum
668 3053 845 3133 cujus
866 3054 1140 3116 carentia
1160 3072 1269 3117 seu
1295 3053 1560 3134 privatio
1586 3056 1711 3116 Deo
1733 3057 1827 3116 est

262 3144 588 3222 promissa,
614 3144 761 3206 satis
787 3145 1017 3207 directe
1056 3146 1341 3225 prohibet
1370 3145 1558 3207 talem
1589 3152 1822 3221 actum,

263 3240 326 3295 et
355 3235 688 3315 prohibitio
714 3238 1100 3299 matrimonii
1130 3247 1221 3300 est
1255 3243 1548 3300 contenta
1576 3237 1693 3299 sub
1719 3237 1827 3299 illa

264 3327 400 3405 lege
429 3335 728 3409 tanquam
753 3331 981 3410 species
1021 3330 1137 3392 sub
1174 3348 1423 3410 genere,
1466 3329 1634 3410 quod
1675 3330 1823 3391 satis

264 3424 353 3479 est
374 3421 452 3480 ad
481 3421 966 3500 prohibitionem
986 3421 1064 3485 de
1094 3442 1218 3503 qua
1243 3423 1517 3503 loquitur
1548 3423 1651 3485 lex
1676 3424 1751 3490 N
1749 3441 1825 3485 on

264 3512 528 3589 dubium,
556 3520 627 3575 ut
658 3532 736 3575 ex
768 3515 936 3576 illius
960 3521 1176 3578 tenore
1220 3521 1457 3577 constat
1486 3532 1503 3576 :
1533 3533 1681 3595 ergo
1705 3514 1827 3577 erit

266 3601 373 3663 illa
410 3605 742 3683 prohibitio
774 3606 1028 3669 directa.
1065 3609 1142 3669 Et
1191 3614 1511 3688 praeterea,
1535 3608 1680 3670 licet
1718 3607 1824 3669 de-

237 3753 243 3757 .
266 3711 404 3755 mus
426 3714 503 3756 ex
528 3698 657 3758 solo
683 3698 826 3777 jure
853 3705 1089 3762 naturas
1113 3700 1304 3762 talem
1342 3699 1825 3780 prohibitionem

266 3804 393 3848 esse
426 3788 818 3866 indirectam,
853 3791 1258 3854 nihilominus
1288 3793 1392 3854 lex
1419 3792 1826 3854 ecclesiastica

266 3879 492 3942 directe
531 3883 813 3961 prohibet
854 3884 966 3945 tali
1005 3904 1282 3965 personae
1325 3884 1819 3946 matrimonium.

268 3973 430 4033 Nihil
477 3979 685 4037 autem
730 3978 920 4039 refert
958 3977 1126 4055 quod
1164 3976 1489 4057 prohibeat
1528 3974 1609 4037 ob
1648 3975 1825 4036 illam

268 4067 679 4130 conditionem
705 4070 832 4130 voti
860 4087 877 4130 ε
903 4086 1053 4130 nam
1074 4070 1263 4130 etiam
1297 4068 1584 4148 prohibet
1609 4067 1824 4130 matri·

269 4161 545 4220 monium
589 4179 733 4221 cum
778 4161 1239 4240 consanguinea
1273 4161 1354 4222 ob
1385 4161 1574 4223 talem
1614 4161 1824 4223 condi-

269 4253 519 4327 tionem,
551 4253 678 4312 imo
703 4253 806 4314 hic
833 4270 963 4314 non
992 4253 1279 4332 prohibet
1304 4253 1660 4334 simpliciter
1691 4271 1824 4315 ma-

274 4342 629 4404 trimonium
649 4344 761 4405 tali
782 4362 1081 4424 personoe,
1127 4346 1233 4406 sed
1254 4363 1398 4406 cum
1422 4345 1566 4422 tali3
1600 4345 1689 4405 ibi
1714 4363 1825 4406 au-

273 4440 392 4495 tem
438 4441 646 4497 autem
687 4437 973 4517 prohibet
1011 4437 1393 4518 simpliciter,
1422 4438 1570 4517 quia
1589 4436 1825 4498 habens

272 4532 477 4587 votum
500 4534 778 4607 respectu
802 4530 1086 4590 omnium
1112 4530 1459 4610 prohibitus
1483 4535 1593 4593 est.
1621 4529 1820 4605 Unde,

276 4620 468 4699 quoad
497 4620 976 4699 prohibitionem
999 4622 1263 4704 aequalia
1274 4630 1419 4686 sunt
1440 4627 1659 4685 votum
1677 4623 1825 4684 sim-

276 4712 409 4792 plex
426 4719 488 4775 et
507 4714 803 4790 solemne,
819 4722 890 4777 ut
918 4716 1143 4777 dicitur
1176 4717 1246 4777 in
1266 4717 1428 4777 dicto
1463 4734 1515 4778 c.
1557 4717 1821 4792 Rursus,

278 4812 335 4866 et
351 4806 750 4868 nihilominus
778 4808 1074 4870 difierunt
1092 4809 1161 4869 in
1186 4808 1534 4874 irritatione
1560 4827 1698 4889 quse
1715 4824 1825 4887 per

276 4898 596 4961 Ecclesiam
642 4902 885 4963 reddita
926 4907 1022 4963 est
1062 4907 1206 4963 voto
1249 4902 1511 4963 solemni
1534 4947 1557 4979 ,
1591 4908 1655 4963 et
1693 4918 1823 4962 non

224 5051 230 5057 .
278 4992 564 5071 simplici:
608 5011 758 5073 ergo
797 4996 1048 5074 signum
1083 4999 1176 5056 est
1218 4995 1722 5075 prohibitionem,
1751 4998 1824 5055 ut

278 5085 376 5158 sic,
419 5089 816 5164 quantumvis
854 5090 1150 5150 directam
1186 5094 1250 5149 et
1289 5088 1660 5168 specificam,
1693 5107 1823 5150 non

278 5177 530 5240 irritare.
556 5179 832 5260 Denique
857 5181 913 5242 si
928 5181 1196 5243 rationes
1207 5181 1555 5242 communis
1576 5187 1824 5243 senten·

279 5270 373 5331 tioe
416 5272 482 5333 in
526 5273 828 5356 principio
853 5275 1134 5340 adductae
1173 5282 1377 5340 essent
1414 5275 1657 5350 validae,
1695 5291 1824 5335 non

283 5364 534 5426 multum
562 5368 819 5431 referret
852 5371 1332 5449 prohibitionem
1361 5386 1491 5432 esse
1527 5368 1823 5429 directam

281 5457 369 5519 vel
388 5458 777 5539 indirectam,
802 5464 947 5544 quia
964 5470 1229 5546 utroque
1256 5463 1444 5525 modo
1467 5461 1694 5526 resistit
1715 5478 1824 5524 vo·

1105 364 1317 436 UTRUH
1349 366 1537 421 olims
1567 368 1691 420 LEX
1722 367 2066 421 montanus
2095 368 2260 421 PURE
2292 369 2374 421 AC
2406 368 2808 431 smrLlcl'rER,
2845 367 2981 429 ETC,

3344 363 3464 424 527

1892 466 2099 528 luntas
2127 467 2439 546 principis,
2483 474 2545 530 et
2589 473 2761 529 actus
2796 472 2886 527 est
2930 465 3225 527 deficiens
3264 468 3469 545 gravi-

1898 565 1993 619 ter
2025 576 2042 620 :
2094 577 2242 636 ergo
2289 559 2387 619 vel
2440 566 2699 640 uterque
2760 559 2978 620 modus
3033 557 3466 638 prohibitionis

1898 651 2149 727 sufficit,
2174 652 2272 712 vel
2301 659 2543 714 neuter.

1981 747 2080 805 12.
2110 746 2336 804 Praeter
2354 744 2516 804 hanc
2536 763 2681 805 vero
2699 750 2845 804 sunt
2864 743 3000 803 alioe
3024 742 3467 822 prohibitiones

1896 837 2178 898 Ecclesiae
2206 837 2282 898 de
2311 838 2706 898 matrimonio
2735 836 3160 897 contrahendo
3189 837 3336 897 satis
3365 837 3466 896 di-

1894 936 2095 1004 rectae,
2138 947 2275 1009 quae
2311 948 2438 990 non
2482 930 2753 1005 irritant,
2800 935 2870 989 ut
2913 936 3058 989 sunt
3091 947 3305 990 omnes
3331 947 3468 1007 quae

1897 1023 2279 1083 constituunt
2322 1022 2766 1102 impedimenta
2809 1021 3202 1101 prohibentia
3246 1028 3309 1084 et
3339 1040 3468 1084 non

1899 1115 2233 1190 irritantia,
2280 1121 2344 1175 et
2395 1116 2691 1193 signatim
2734 1115 2802 1174 ιιι
2830 1133 2965 1193 cap.
3010 1117 3041 1175 1
3075 1120 3137 1175 et
3173 1134 3309 1199 capt
3356 1117 3468 1178 Εω

1900 1210 2149 1283 litteris,
2185 1211 2269 1269 De
2295 1227 2369 1270 eo
2397 1209 2504 1288 qui
2532 1207 2821 1286 coguovit
2847 1224 3140 1287 consang.
3148 1253 3168 1284 ,
3201 1215 3315 1269 etc.
3358 1209 3468 1269 Di-

1899 1306 2063 1361 recte
2081 1301 2445 1379 prohibetur
2462 1300 2822 1362 incestuosis
2841 1301 3305 1362 matrimonium
3322 1319 3468 1362 con-

1899 1393 2180 1470 trahere3
2211 1411 2346 1471 quae
2376 1393 2714 1472 prohibitio
2743 1399 3063 1472 perpetua,
3100 1399 3162 1454 et
3190 1394 3466 1471 absolute

1899 1503 1972 1545 ac
1994 1484 2219 1546 directe
2247 1485 2341 1560 fit,
2362 1492 2423 1546 et
2448 1492 2658 1548 tamen
2682 1503 2810 1546 non
2838 1486 3042 1548 irritat
3049 1502 3069 1563 3
3093 1504 3241 1564 ergo
3263 1487 3466 1547 solum

1899 1577 2158 1638 verbum
2185 1577 2555 1657 prohibendi
2581 1596 2709 1638 non
2737 1579 2884 1638 satis
2922 1579 3154 1639 indicat
3181 1579 3467 1641 volunta-

1897 1675 2026 1729 tem
2069 1669 2436 1747 legislatoris
2483 1671 2866 1731 resistentem
2899 1670 3095 1730 valeri
3130 1678 3302 1732 actus
3330 1717 3350 1746 ,
3382 1689 3456 1732 ac

1896 1762 2161 1823 subinde
2186 1763 2597 1824 necessarium
2620 1770 2712 1824 est
2738 1762 2976 1841 aliquid
2989 1762 3160 1824 aliud
3173 1783 3297 1842 quo
3323 1763 3467 1826 talis

1898 1854 2186 1915 voluntas
2198 1855 2576 1930 ostendatur,
2591 1872 2735 1917 cum
2749 1871 2880 1916 esse
2907 1855 3096 1934 possit
3132 1855 3467 1935 prohibens

1897 1953 1960 2010 et
1986 1965 2113 2009 non
2143 1948 2411 2011 irritans.
2454 1950 2642 2011 Extra
2666 1948 2996 2010 materiam
3029 1949 3217 2009 etiam
3249 1950 3465 2010 matri-

1900 2040 2100 2104 monii
2143 2042 2548 2103 inveniuntur
2588 2040 2905 2122 exempla:
2952 2059 3103 2102 nam
3127 2040 3225 2102 lex
3258 2041 3467 2121 prohi-

1899 2133 2055 2195 bens
2072 2134 2292 2195 ludum
2311 2133 2589 2196 alearum
2610 2135 2757 2196 satis
2770 2134 3000 2195 directe
3024 2139 3086 2196 et
3106 2134 3469 2214 simpliciter

1902 2226 2191 2307 prohibet
2216 2226 2420 2302 illum,
2450 2245 2578 2289 non
2604 2227 2808 2307 quoad
2835 2226 3328 2288 circumstantias
3346 2224 3468 2288 loci

1905 2326 2016 2381 aut
2042 2321 2361 2400 temporis,
2391 2320 2499 2382 sed
2526 2320 2730 2401 quoad
2762 2319 3168 2382 substantiam
3188 2325 3383 2395 actus,
3404 2325 3468 2381 et

1905 2412 2314 2474 nihilominus
2358 2430 2487 2474 non
2527 2413 2733 2474 irritat
2777 2411 2959 2473 illum
3001 2417 3245 2473 actum.
3293 2429 3460 2490 ergo.

1904 2505 2102 2584 Major
2145 2504 2530 2585 supponitur.
2575 2505 2779 2568 Minor
2812 2522 2960 2566 vero
3010 2509 3276 2581 constat,
3319 2504 3470 2584 quia

1903 2596 2143 2660 lucrata
2156 2616 2270 2678 per
2284 2597 2473 2659 talem
2491 2597 2712 2659 ludum
2728 2615 2858 2659 non
2882 2602 3030 2657 sunt
3050 2595 3319 2658 obnoxia
3339 2614 3468 2659 res-

1901 2690 2215 2752 titutioni
2200 2708 2270 2765 ιιι
2296 2690 2690 2751 conscientia.
2713 2689 2881 2752 Licet
2907 2689 3078 2751 enim
3100 2688 3282 2749 detur
3303 2688 3465 2748 actio
3542 2686 3545 2689 ’

1902 2782 1963 2845 ei
1984 2784 2095 2863 qui
2120 2783 2325 2863 perdit
2349 2782 2430 2842 ad
2460 2783 2798 2861 petendum
2843 2781 2953 2843 illa
2992 2798 3202 2842 coram
3233 2780 3461 2860 judice,

1901 2875 2310 2938 nihilominus
2331 2881 2477 2937 ante
2504 2876 2696 2937 latam
2719 2874 3091 2936 sententiam
3112 2871 3268 2933 alter
3294 2873 3469 2934 resti-

1903 2973 2079 3029 tuere
2106 2985 2233 3028 non
2260 2973 2546 3044 tenetur3
2585 2967 2836 3045 signum
2877 2984 3027 3045 ergo
3064 2971 3156 3026 est
3201 2965 3467 3043 acquisi-

1904 3060 2063 3122 visse
2085 3058 2460 3137 dominium,
2488 3076 2562 3121 ac
2586 3058 2845 3139 proinde
2872 3063 3080 3120 actum
3099 3056 3286 3120 fuisse
3312 3056 3468 3119 vali-

1905 3152 2080 3228 dum,
2100 3152 2247 3213 licet
2268 3158 2482 3232 postea
2502 3151 2779 3213 revocari
2799 3150 3010 3230 possit,
3036 3167 3173 3228 quse
3193 3155 3285 3211 est
3302 3167 3467 3210 com·-

1905 3245 2114 3305 munis
2137 3245 2443 3305 sententia
2464 3243 2896 3322 theologorum
2922 3243 2992 3301 in
3017 3244 3079 3316 Δ,
3105 3242 3246 3303 dist.
3281 3244 3379 3317 15,
3402 3246 3467 3306 et

1902 3335 2583 3412 Summistarum,verb.
2606 3336 2835 3410 Budas,
2857 3335 3078 3395 Navar.
3098 3332 3167 3394 in
3193 3335 3457 3410 Summ.,

1904 3446 2037 3508 cap.
2067 3430 2170 3505 20,
2200 3448 2266 3489 ιι.
2295 3432 2413 3506 193
2445 3429 2616 3504 Soto,
2643 3427 2687 3490 l.
2717 3427 2851 3488 tide
2881 3426 3117 3502 Justit„
3148 3431 3366 3505 quaest.
3398 3429 3461 3503 5,

1905 3532 2025 3582 art.
2053 3523 2113 3596 2;
2136 3527 2200 3582 et
2224 3522 2431 3583 Covar.
2459 3521 2527 3582 in
2553 3519 2771 3599 regula
2790 3520 3131 3592 Peccatum,
3158 3519 3219 3578 2.
3250 3520 3309 3592 1,
3333 3517 3370 3597 ἓ
3397 3519 3462 3594 4,

1903 3612 2017 3690 qui
2040 3612 2192 3673 alios
2216 3612 2426 3683 refert,
2465 3618 2677 3692 estque
2710 3610 3019 3673 sententia
3053 3609 3468 3672 communiter

1904 3709 2149 3784 recepta
2173 3705 2241 3765 ιιι
2273 3704 2539 3766 materia
2563 3704 2642 3766 de
2670 3701 3199 3765 Restitutionibus.
3226 3701 3371 3775 Quae
3395 3702 3466 3763 in

1902 3796 2022 3856 hoc
2064 3796 2454 3876 potissimum
2500 3796 2819 3873 fundatur,
2863 3795 3028 3876 quod
3069 3794 3214 3873 jura
3256 3793 3466 3873 prohi-

1904 3886 2118 3948 bentia
2144 3887 2388 3964 ludum,
2418 3888 2783 3968 simpliciter
2822 3886 3175 3967 prohibent,
3203 3891 3266 3947 et
3294 3885 3465 3950 clau-

1903 3978 2103 4039 sulam
2126 3979 2476 4041 irritantem
2497 3996 2626 4041 non
2653 3979 2915 4055 addunt,
2946 3983 3019 4038 ut
3043 3983 3214 4057 patet
3234 3995 3306 4038 ex
3335 3984 3467 4040 toto

1901 4070 2086 4132 titulo
2113 4070 2182 4131 ff.
2207 4071 2284 4131 de
2312 4072 2540 4148 Aleat.,
2563 4076 2626 4132 et
2645 4072 2714 4132 ιιι
2732 4090 2785 4132 c.
2809 4071 3158 4149 Episcopis,
3192 4072 3270 4132 35
3292 4071 3460 4147 dist„

1903 4163 2012 4224 sed
2031 4162 2112 4223 ad
2128 4181 2443 4225 summum
2461 4164 2611 4225 dant
2633 4164 2939 4225 actionem
2960 4162 3040 4223 ad
3061 4163 3467 4242 repetendum

1903 4262 1974 4316 ut
2020 4260 2192 4335 patet
2233 4274 2311 4317 ex
2351 4256 2396 4317 l.
2441 4255 2765 4332 Aharnam,
2815 4274 2866 4317 c.
2914 4256 2991 4317 de
3036 4256 3360 4334 Religiosis
3403 4261 3474 4321 et

1903 4354 2131 4427 sumpt.
2174 4347 2406 4424 funer„
2437 4355 2499 4409 et
2526 4366 2605 4409 ex
2635 4349 2679 4410 1.
2711 4351 2751 4410 2
2779 4353 2841 4410 et
2876 4347 2990 4409 ult.
3002 4393 3025 4424 ,
3057 4347 3155 4408 tit.
3184 4350 3244 4424 7,
3276 4348 3384 4413 lib.
3423 4349 3465 4411 8

1901 4456 2079 4501 novae
2113 4439 2590 4519 recopilationis.

1985 4533 2083 4594 13.
2129 4533 2406 4612 Denique
2437 4538 2531 4594 est
2561 4532 2866 4612 optimum
2893 4533 3269 4613 exemplum,
3299 4532 3467 4613 quod

1902 4625 2169 4687 sumitur
2198 4643 2277 4687 ex
2306 4623 2353 4685 1.
2392 4628 2454 4702 1,
2482 4624 2520 4705 ξ
2550 4626 2844 4700 Biduum,
2879 4624 2949 4685 ff.
2979 4625 3235 4699 Quando
3257 4624 3467 4706 appel·

1903 4718 2033 4781 lan.
2081 4719 2185 4795 sit,
2226 4722 2289 4779 et
2320 4717 2585 4779 habetur
2615 4718 2683 4778 ιιι
2718 4735 2851 4796 cap.
2882 4717 3178 4793 Bidumn,
3208 4720 3270 4795 2,
3301 4735 3363 4796 q.
3400 4718 3463 4794 6,

1903 4812 2015 4873 ubi
2042 4813 2130 4873 sic
2164 4811 2424 4874 dicitur:
2478 4812 2648 4876 Sane
2677 4811 2912 4892 quidem
2936 4828 3054 4873 uon
3081 4816 3168 4874 est
3191 4813 3300 4874 sub
3332 4829 3467 4874 oon-

1902 4906 2129 4969 ditiono
2168 4907 2418 4984 serenda
2452 4905 2747 4969 contentia
2760 4927 2789 4976 ,·
2828 4905 2931 4967 sod
2957 4905 3015 4967 si
3054 4906 3251 4982 suerit
3278 4905 3463 4981 diota,

1902 4999 2053 5077 quid
2082 4998 2231 5075 fiet?
2264 4999 2361 5061 Et
2406 5003 2493 5062 ost
2527 4998 2680 5060 utils
2709 4995 2920 5060 statim
2953 5002 3217 5075 tempora
3243 4997 3326 5058 ad
3348 5013 3465 5075 ap-

1896 5091 2243 5169 pellandum
2284 5091 2621 5171 computari
2661 5089 2886 5165 dobm,
2941 5088 3050 5150 ubi
3090 5093 3348 5163 constat,
3394 5091 3467 5148 ut

1900 5182 2095 5243 Gloss.
2123 5182 2193 5243 ιιι
2214 5183 2386 5245 verb.
2418 5185 2566 5249 Non
2592 5186 2678 5245 ost
2699 5186 2896 5256 notat,
2925 5178 3304 5261 prohibitam
3335 5195 3465 5240 esse

1900 5274 2094 5334 talem
2144 5276 2538 5350 sententiam,
2589 5274 2818 5335 factam
2861 5279 3072 5334 tamen
3109 5278 3343 5334 tenere.
3387 5272 3465 5332 Et

1901 5371 2114 5427 tamen
2140 5365 2250 5427 illa
2276 5366 2611 5446 prohibitio
2637 5371 2730 5427 est
2766 5366 2914 5427 satis
2940 5366 3173 5427 directa
3197 5369 3260 5426 et
3284 5364 3465 5426 abso-

1902 5458 2058 5537 luta,
2088 5477 2161 5522 ac
2186 5459 2265 5523 de
2283 5459 2562 5523 sehabet
2586 5477 2834 5524 causam
2857 5463 3220 5541 perpetuam
3239 5456 3462 5522 funda-
