3976 6219
518 415 638 476 426

520 526 612 584 est
638 517 946 597 eligenda,
970 534 1115 579 cum
1140 534 1241 580 res
1262 516 1344 578 sit
1375 515 1587 594 dubia,
1617 521 1681 579 et
1701 516 1801 577 lex
1828 534 1956 577 non
1986 533 2081 576 sa-

518 616 598 676 tis
618 612 879 692 explicet
904 611 1199 690 rigorem.
1227 611 1586 674 censebitur
1605 616 1810 671 autem
1829 609 1931 669 lex
1953 626 2083 669 non

521 707 667 767 satis
690 704 994 784 explicare
1013 705 1282 784 priorem
1302 704 1742 783 obligationem
1766 703 2083 764 conscien-

518 799 645 874 tiae,
693 797 941 876 quando
987 815 1101 858 nec
1142 797 1269 860 lata
1304 797 1493 859 fuerit
1536 815 1646 877 per
1684 795 1944 857 verbum
1977 812 2083 854 ex-

521 909 725 972 presse
750 891 1216 970 praeceptivum,
1260 890 1428 970 quod
1465 891 1533 951 in
1570 896 1778 951 actum
1805 887 2083 968 prohibi-

521 990 679 1057 tum,
703 984 801 1045 vel
824 984 1199 1063 imperatum
1228 984 1429 1060 cadat,
1455 1002 1568 1046 nec
1586 1001 1662 1044 ex
1684 982 2084 1043 circumstan-

522 1078 647 1155 tiis,
700 1082 809 1138 aut
850 1077 1133 1152 materia,
1185 1076 1285 1139 vel
1331 1096 1515 1157 poena
1560 1076 1715 1155 legis
1762 1074 2087 1152 colligatur

521 1170 785 1233 virtuale
842 1176 1245 1250 praeceptum,
1296 1187 1405 1231 seu
1461 1168 1726 1231 intentio
1774 1166 2083 1228 sufficiens

521 1263 955 1345 praecipientis,
983 1264 1052 1324 In
1084 1263 1276 1342 priori
1303 1268 1477 1343 parte
1515 1263 1703 1341 hujus
1728 1258 2085 1321 documenti

522 1357 767 1419 videtur
791 1356 1052 1418 fundata
1084 1356 1323 1435 regula,
1363 1374 1552 1435 quam
1581 1353 1952 1433 generaliter
1977 1351 2084 1413 ad-

522 1450 716 1511 mittit
743 1449 974 1524 Gastro,
1014 1451 1252 1528 quoties
1290 1449 1392 1510 lex
1423 1467 1552 1509 non
1578 1447 1777 1509 fertur
1802 1465 1913 1526 per
1949 1464 2086 1506 ver-

522 1542 675 1603 bum
704 1542 1077 1621 imperandi,
1099 1547 1209 1602 aut
1231 1540 1622 1621 prohibendi,
1638 1540 1744 1600 sed
1762 1558 1874 1618 per
1894 1538 2085 1600 verba

522 1635 941 1696 conditionem
969 1640 1213 1695 tantum
1244 1633 1681 1712 significantia,
1718 1632 1924 1709 legem
1954 1649 2084 1693 esse

524 1746 680 1808 pure
706 1725 1038 1806 poenalem.
1086 1727 1167 1787 Ut
1210 1744 1355 1787 cum
1399 1726 1503 1787 lex
1541 1725 1712 1801 dicit,
1743 1724 1796 1785 si
1823 1725 1960 1805 quis
1986 1726 2084 1784 in-

522 1820 812 1881 veniatur
843 1818 1173 1880 extrahens
1199 1819 1475 1880 triticum
1506 1836 1579 1879 ex
1609 1836 1829 1897 regno,
1868 1818 2087 1896 perdat

522 1911 700 1984 illud,
731 1911 830 1973 vel
857 1910 1118 1991 duplum
1133 1927 1154 1988 3
1191 1911 1290 1971 vel
1319 1928 1464 1971 cum
1498 1910 1666 1985 dicit,
1710 1909 2084 1988 quicumque

521 2003 939 2083 deprehensus
965 2003 1155 2064 fuerit
1184 2021 1417 2065 venans
1449 2003 1518 2063 in
1549 2002 1661 2063 tali
1688 2002 1845 2077 loc0,
1888 2001 2088 2063 solvat

521 2097 646 2158 tale
674 2096 846 2176 quid.
886 2096 1131 2157 Similes
1160 2097 1329 2158 enim
1355 2094 1524 2175 leges
1559 2113 1636 2156 ex
1663 2095 1727 2155 vi
1754 2094 2084 2156 verborum

519 2209 649 2252 non
667 2188 975 2249 inducunt
988 2187 1430 2267 obligationem
1448 2188 1527 2249 ad
1545 2192 1773 2262 actum,
1786 2187 2086 2249 110101015-

520 2285 781 2358 sionem,
810 2283 957 2363 quia
975 2283 1043 2343 in
1071 2284 1273 2363 rigore
1295 2302 1422 2345 non
1452 2282 1841 2363 praecipiunt.

603 2379 700 2437 10.
746 2376 1085 2439 Ποππαίαν
1118 2378 1332 2456 requla
1363 2375 1593 2440 Casiri.
1612 2376 1853 2436 —Haec
1873 2381 2084 2436 autem

520 2470 740 2550 regula
766 2469 1006 2548 indiget
1040 2469 1410 2531 limitatione
1443 2469 1756 2530 insinuata
1782 2469 1850 2529 in
1886 2474 2087 2548 poste-

518 2565 670 2625 riori
698 2569 872 2642 parte
899 2562 1093 2624 nostri
1114 2562 1493 2623 documenti.
1520 2563 1676 2622 Nam
1703 2561 1756 2620 si
1776 2579 1961 2640 poena
1988 2560 2084 2622 le-

521 2657 616 2735 gis
662 2656 996 2716 intrinsece
1035 2660 1342 2734 supponat
1384 2655 1654 2733 culpam,
1684 2654 1786 2715 lex
1827 2672 1953 2714 non
1993 2660 2085 2715 est

521 2748 828 2810 censenda
877 2766 1032 2827 pure
1065 2747 1349 2827 poenalis,
1379 2748 1622 2809 etiamsi
1672 2747 1787 2807 sub
1824 2746 1931 2806 illa
1957 2746 2081 2807 for-

522 2859 628 2902 ma
652 2840 912 2915 feratur,
944 2840 1094 2919 quia
1115 2839 1387 2900 conditio
1411 2857 1608 2919 poenae
1635 2839 1781 2900 satis
1812 2839 2084 2899 declarat

520 2937 795 2994 mentem
813 2931 1201 3010 legislatoriS,
1226 2936 1298 2991 ut
1317 2932 1564 3010 quando
1588 2932 2085 2993 excommunica·

520 3026 611 3087 tio
638 3026 834 3087 fertur
873 3024 987 3085 sub
1015 3024 1132 3085 hac
1159 3025 1361 3085 forma
1387 3041 1403 3085 ε
1432 3026 1497 3087 81
1528 3025 1669 3104 quis
1703 3025 1820 3086 hoc
1841 3025 2080 3100 fecerit,

521 3120 602 3181 sit
645 3120 1248 3194 excommunicatus3
1292 3119 1389 3180 vel
1445 3134 1462 3179 ε
1511 3120 1627 3193 Qui
1669 3121 1786 3181 hoc
1831 3119 2079 3195 dixerit,

521 3213 857 3276 anathema
870 3213 969 3274 sit.
988 3214 1169 3288 Nam,
1193 3212 1574 3274 licetNavar.
1601 3214 1767 3274 dicat
1787 3213 1900 3273 has
1917 3212 2084 3292 leges

520 3326 651 3370 esse
689 3326 842 3387 pure
885 3307 1179 3386 poenaIeS,
1212 3324 1557 3386 supponere
1585 3312 1793 3367 tamen
1837 3306 2084 3385 culpam

521 3419 598 3462 ex
626 3400 933 3480 prioribus
959 3398 1201 3477 legibus
1227 3398 1455 3460 divinis
1500 3405 1610 3460 aut
1644 3399 1959 3474 humanis,
1985 3399 2083 3458 ni-

519 3493 857 3554 hilominus
879 3508 1103 3553 verum
1125 3509 1255 3551 non
1286 3498 1377 3553 est
1389 3514 1406 3567 ;
1433 3498 1570 3552 tum
1597 3492 1746 3571 quia
1772 3509 1932 3570 soepe
1954 3510 2083 3553 non

520 3585 889 3664 supponitur
909 3583 1050 3644 talis
1072 3582 1365 3663 obligatio
1406 3584 1597 3663 prior,
1633 3589 1706 3644 ut
1736 3585 1984 3663 quando
2008 3585 2085 3647 de

521 3696 685 3739 novo
717 3681 948 3737 statuto
973 3675 1200 3736 dicitur
1230 3697 1245 3735 ε
1276 3676 1341 3736 Si
1380 3676 1519 3755 quis
1558 3677 1871 3754 ingressus
1896 3677 2086 3739 fuerit

520 3771 710 3832 talem
741 3769 967 3839 locum,
992 3775 1243 3829 maneat
1266 3769 1835 3830 excommunicatus
1854 3792 1871 3845 ;
1893 3770 2086 3831 idem·

523 3882 642 3943 que
656 3880 797 3923 cum
812 3861 1206 3942 proportione
1230 3869 1342 3938 est,
1366 3862 1613 3942 quando
1631 3863 1856 3924 veritas
1877 3863 2087 3943 aliqua

524 3957 600 4018 de
634 3973 796 4016 novo
825 3954 1120 4016 definitur
1153 3955 1267 4017 sub
1304 3955 1411 4017 illa
1432 3956 1631 4017 forma
1663 3973 1681 4017 ε
1710 3957 1778 4017 Si
1805 3958 1943 4036 quis
1961 3957 2085 4020 tale

522 4049 622 4110 vel
646 4048 769 4110 tale
788 4048 1037 4123 dixerit,
1055 4048 1389 4111 anathema
1406 4048 1520 4126 sit3
1539 4055 1673 4110 tum
1697 4050 1886 4110 etiam
1909 4050 2083 4129 quia,

522 4142 666 4204 licet
688 4142 959 4203 conditio
992 4142 1270 4221 apposita
1295 4142 1377 4202 sit
1412 4141 1490 4203 de
1517 4160 1583 4203 re
1606 4148 1819 4203 contra
1848 4142 1950 4222 jus
1975 4161 2088 4204 na-

521 4236 745 4311 turale,
781 4235 882 4297 vel
906 4234 1213 4310 divinum,
1243 4241 1316 4295 ut
1356 4234 1410 4295 si
1440 4235 1578 4315 quis
1610 4236 2003 4316 percusserit,
2034 4236 2087 4297 si

523 4330 661 4409 quis
709 4328 950 4390 furatus
988 4328 1201 4402 fuerit,
1238 4333 1382 4403 etc„
1424 4328 1828 4389 nihilominus
1872 4328 1953 4389 ad
1979 4347 2087 4390 ex-

523 4421 1148 4483 communicationem
1170 4420 1584 4483 necessarium
1607 4426 2083 4501 estpraeceptum

522 4514 1026 4590 ecclesiasticum,
1057 4521 1121 4575 et
1150 4512 1540 4575 contumacia
1570 4518 1788 4574 contra
1805 4513 1985 4589 illud,
2016 4520 2089 4576 ut

522 4608 664 4669 talis
688 4625 874 4687 poena
912 4607 1288 4668 incurratur.
1320 4607 1568 4681 Quoties
1594 4623 1744 4684 ergo
1778 4606 1943 4686 leges
1969 4607 2086 4668 im-

522 4708 767 4782 ponunt
791 4701 1151 4782 hujusmodi
1183 4718 1418 4780 poenas,
1444 4719 1573 4762 non
1602 4706 1750 4763 sunt
1775 4719 1928 4780 pure
1957 4721 2086 4781 1100-

524 4796 717 4869 nales,
755 4795 998 4856 etiamsi
1029 4794 1210 4855 dictis
1237 4794 1443 4856 verbis
1469 4800 1746 4856 utantur.
1791 4795 2086 4875 Idemque

524 4905 766 4963 cense0,
812 4887 1062 4966 quando
1112 4904 1297 4967 poena
1337 4892 1430 4948 est
1470 4887 1855 4966 gravissima,
1898 4889 2087 4949 etiam

524 4979 877 5060 corporalis,
912 4970 983 5040 ut
1009 4980 1062 5041 si
1101 4980 1461 5060 imponatur
1493 4976 1688 5059 fpoena
1719 4981 1957 5055 mortis,
1987 4981 2087 5043 vel

524 5075 960 5151 mutilationis,
987 5079 1095 5135 aut
1123 5074 1247 5135 alia
1275 5073 1700 5154 aequipollenS,
1732 5074 1916 5152 idque
1958 5093 2087 5135 non

524 5167 724 5230 solum
744 5168 982 5229 ratione
997 5167 1255 5248 periculi
1273 5169 1365 5244 (ut
1377 5166 1632 5246 quidam
1654 5166 1920 5244 volunt),
1938 5186 2087 5228 nam

524 5262 681 5323 illud
709 5280 867 5341 saepe
906 5261 1091 5323 vitari
1132 5266 1367 5340 posset3
1403 5260 1509 5322 sed
1539 5278 1616 5321 ex
1656 5259 1875 5320 morali
1927 5261 2089 5321 sesti·

527 5357 800 5418 matione
843 5355 980 5416 talis
1027 5374 1244 5435 poenae.
1293 5356 1449 5416 Nam
1497 5354 1598 5415 lex
1649 5354 1955 5416 censenda
1999 5360 2088 5414 est

526 5449 798 5529 prudens
835 5455 897 5509 et
921 5449 1087 5526 justa
1103 5465 1124 5525 3
1141 5456 1312 5510 essct
1338 5455 1545 5510 autem
1573 5447 2004 5522 intolerabiliS,
2035 5449 2087 5508 si

528 5549 777 5625 propter
802 5560 940 5607 rem
967 5560 1105 5624 quas
1150 5542 1332 5625 culpa
1358 5546 1548 5616 caret,
1577 5557 1828 5621 poenam
1866 5541 2087 5605 mortis

1421 416 1537 469 ΠΒ.
1575 417 1635 467 V.
1670 415 1750 467 DE
1783 412 2139 466 VAROETATE
2171 413 2381 467 metm
2414 412 2822 467 antummum,

2162 514 2261 577 vel
2304 514 2713 575 mutilationis
2749 514 3116 593 imponeret.
3153 513 3230 573 Et
3271 511 3412 574 ideo
3457 510 3756 572 diximus

2163 607 2230 667 in
2263 607 2681 686 superioribus
2713 624 2789 667 ex
2827 606 3108 666 doctrina
3133 604 3492 682 Augustini,
3521 605 3755 664 omnia

2162 705 2467 780 praecepta
2513 699 2668 778 legis
2719 698 2976 773 veteriS,
3027 716 3165 776 quae
3203 715 3452 776 poenam
3510 696 3754 756 mortis

2162 793 2494 872 corporalis
2506 791 2934 872 imponebant,
2951 790 3264 852 induxisse
3287 790 3754 867 obligationem

2164 886 2277 947 sub
2291 887 2560 948 mortali.
2578 886 2777 962 Unde,
2790 885 2936 946 licet
2949 884 3138 946 verba
3155 901 3285 943 non
3303 883 3426 943 sint
3443 900 3754 962 expresse

2164 980 2535 1060 praeceptiva
2561 979 2661 1041 vel
2691 977 3090 1058 prohibitiva,
3117 977 3266 1037 satis
3290 982 3384 1037 est
3413 976 3583 1055 quod
3617 976 3755 1035 vir-

2163 1079 2297 1135 tute
2328 1073 2498 1134 illam
2526 1073 2904 1147 contineant,
2922 1077 2986 1133 et
3002 1090 3082 1133 ex
3103 1070 3202 1148 adj
3209 1075 3397 1131 uncta
3418 1086 3613 1148 poena
3634 1067 3755 1129 de·-

2163 1166 2427 1228 claretur
2454 1165 2653 1245 qualis
2679 1165 2760 1225 sit
2786 1163 3153 1243 legislatoris
3175 1162 3462 1223 intentio.

2247 1261 2344 1319 11.
2394 1258 2902 1322 Considerandum
2932 1258 3201 1320 maceria
3232 1255 3611 1335 manitatem
3665 1255 3758 1316 ad

2165 1354 2618 1434 cognoscendam
2667 1351 2821 1431 lepis
2882 1351 3299 1430 obliaaticmem
3354 1350 3554 1428 quoad
3607 1366 3754 1410 oon-

2165 1446 2501 1521 scientiam,
2548 1445 2639 1507 vel
2687 1449 2925 1506 tantum
2953 1444 3035 1505 ad
3054 1459 3313 1521 poenam.
3335 1440 3750 1519 —Objiciae,

2165 1540 2313 1619 quia
2353 1539 2499 1600 satis
2547 1538 2751 1618 gravis
2796 1555 2983 1617 poena
3034 1546 3128 1597 est
3158 1535 3601 1613 flagellationis
3629 1553 3753 1613 pu-

2163 1633 2362 1708 blicae,
2394 1650 2531 1712 quae
2567 1631 2910 1711 imponitur
2929 1629 3244 1708 frangenti
3290 1645 3638 1702 carcerem,
3688 1632 3751 1688 et

2163 1725 2571 1785 nihilominus
2599 1723 2703 1784 ille
2740 1741 2867 1784 non
2896 1722 3210 1799 obligatur
3249 1721 3318 1780 in
3358 1719 3749 1781 conscientia

2164 1836 2409 1879 servare
2449 1816 2623 1879 illam
2669 1815 3176 1896 prohibitionem,
3227 1831 3342 1874 nec
3372 1818 3590 1891 peccat
3647 1810 3745 1871 fu-

2166 1910 2412 1989 giendo.
2438 1909 2824 1989 Respondeo,
2851 1908 2950 1969 vel
2973 1907 3146 1968 illam
3177 1923 3426 1985 poenam
3449 1910 3742 1983 respectu

2164 2002 2306 2063 talis
2348 2020 2621 2082 personae
2674 2019 2805 2063 non
2857 2000 3090 2062 censeri
3141 1999 3412 2059 nimium
3448 2015 3738 2075 gravem,

2165 2094 2266 2157 vel
2287 2114 2324 2157 a
2343 2095 2656 2175 republica
2680 2095 3021 2174 judicatam
3040 2110 3169 2154 esse
3196 2091 3741 2171 proportionatam

2166 2190 2247 2250 ad
2296 2190 2673 2250 coactionem
2716 2191 3124 2250 necessariam
3169 2205 3283 2266 pro
3309 2186 3421 2246 tali
3452 2183 3741 2264 1110111111·

2164 2284 2360 2358 tione,
2387 2288 2450 2343 et
2473 2283 2650 2362 quasi
2671 2283 2748 2344 ad
2769 2282 3190 2343 defensionem
3217 2280 3314 2340 sui
3332 2279 3516 2359 juriS,
3540 2284 3601 2338 et
3624 2296 3740 2356 pu·

2165 2377 2341 2438 11110εο
2371 2377 2649 2455 justitiae,
2702 2382 2766 2437 et
2804 2376 2944 2437 ideo
2986 2375 3195 2435 omnia
3221 2391 3352 2435 esse
3395 2371 3741 2452 prudenter

2165 2469 2627 2533 consideranda.

2248 2566 2344 2623 12.
2390 2564 2689 2642 Denique,
2735 2562 3022 2642 quamvis
3051 2561 3242 2623 verba
3267 2578 3377 2640 per
3402 2579 3465 2621 se
3493 2565 3738 2637 specta-

2163 2662 2251 2731 ta,
2303 2656 2402 2716 vel
2452 2657 2720 2734 gravitas
2769 2673 2970 2735 1100οω
2980 2700 3001 2731 ,
3049 2672 3176 2715 000
3223 2655 3359 2714 satis
3391 2651 3739 2712 ostendant

2162 2748 2605 2827 obligationem
2659 2749 2727 2809 in
2776 2748 3154 2809 conscientia
3181 2747 3259 2807 ad
3284 2746 3481 2823 legem
3509 2743 3740 2804 obser-

2161 2842 2454 2916 vandam,
2485 2841 2925 2902 consideranda
2958 2847 3052 2901 est
3073 2839 3333 2901 materia
3353 2838 3546 2916 legis;
3577 2855 3735 2897 nam

2163 2934 2214 2996 si
2242 2934 2350 2995 illa
2376 2935 2564 2995 fuerit
2591 2935 2864 3009 moraIiS,
2893 2935 2959 2996 id
2996 2938 3112 3009 est,
3142 2932 3453 3012 pertinens
3498 2931 3734 2990 directe

2164 3027 2241 3088 ad
2265 3027 2458 3088 bonos
2494 3045 2695 3089 mores
2730 3027 3104 3107 reipublicae.
3155 3031 3220 3086 et
3257 3023 3339 3085 ad
3382 3022 3735 3083 cohibenda

2162 3123 2333 3197 vitia,
2367 3128 2430 3182 et
2456 3122 2534 3181 ad
2568 3140 2672 3182 eos
2698 3121 2855 3182 fines
2882 3125 3203 3183 censeatur
3233 3117 3603 3191 necessaria,
3633 3116 3733 3178 vel

2164 3216 2243 3276 ad
2266 3233 2480 3295 pacem
2509 3216 2666 3294 ejus,
2696 3214 2797 3275 vel
2823 3214 2904 3275 ad
2928 3213 3257 3274 vitandum
3293 3228 3601 3289 magnum
3630 3210 3735 3270 in·

2164 3310 2559 3370 commodum
2604 3309 2764 3388 erS,
2789 3324 3019 3385 magna
3058 3304 3455 3385 prfflmptio
3488 3309 3608 3378 est,
3647 3304 3735 3364 10-

2162 3420 2305 3482 gem
2354 3402 2504 3481 poni
2557 3400 2672 3461 sub
2708 3400 3051 3461 intentione
3096 3396 3412 3476 obligandi
3467 3397 3541 3457 in
3581 3413 3733 3456 con·

2163 3495 2443 3570 scientia,
2496 3494 2739 3556 etiamsi
2770 3494 2992 3554 modus
3031 3489 3427 3571 praecipiendi
3470 3507 3603 3550 non
3653 3489 3735 3549 sit

2164 3588 2318 3649 adeo
2350 3605 2668 3667 expressus
2689 3593 2751 3647 et
2776 3585 3077 3662 formalis,
3106 3601 3223 3645 000
3249 3600 3435 3663 110000
3454 3583 3732 3643 nimium

2165 3680 2393 3758 gravis.
2415 3681 2505 3740 Ita
2528 3678 2795 3740 sumitur
2812 3697 2889 3740 ex
2910 3678 3140 3739 Victor.
3164 3681 3228 3738 et
3254 3677 3466 3737 Covar.
3490 3692 3726 3754 supra:

2165 3778 2228 3836 et
2245 3774 2404 3834 ratio
2436 3779 2551 3849 est,
2585 3773 2735 3852 quia
2763 3764 3143 3834 credendum
3169 3776 3283 3846 001,
3311 3768 3734 3849 legislatorem

2164 3867 2232 3927 in
2251 3866 2348 3928 his
2375 3866 2614 3927 casibus
2636 3866 2795 3928 velle
2822 3865 3099 3944 obligare
3125 3864 3312 3925 modo
3354 3863 3557 3942 magis
3583 3881 3734 3924 oon·

2165 3960 2453 4022 veniente
2478 3964 2540 4021 et
2572 3959 2910 4021 necessario
2950 3957 3344 4037 reipublicae3
3382 3957 3451 4017 in
3481 3955 3595 4016 tali
3623 3975 3733 4017 au-

2162 4056 2292 4113 tem
2337 4052 2598 4114 materia
2663 4057 2724 4113 et
2769 4051 3084 4113 occasione
3103 4096 3125 4127 ,
3172 4052 3440 4113 maxime
3480 4050 3733 4129 expedit

2165 4163 2383 4224 cogere
2410 4144 2741 4223 obligando
2761 4145 2831 4205 in
2848 4144 3257 4219 conscientia3
3280 4161 3449 4222 ergo,
3472 4142 3733 4215 Quando

2165 4255 2313 4299 vero
2340 4238 2500 4298 nihil
2537 4237 2764 4299 horum
2792 4238 3151 4315 intervenit,
3192 4238 3300 4299 sed
3326 4236 3591 4299 materia
3640 4243 3733 4297 est

2166 4330 2438 4411 politica,
2462 4330 2560 4391 vel
2587 4350 2714 4392 non
2756 4332 2973 4411 magni
2993 4330 3297 4393 momenti
3329 4336 3439 4392 aut
3471 4330 3733 4391 necessi-

2166 4426 2310 4486 tatis
2328 4425 2408 4486 ad
2431 4425 2625 4486 bonos
2651 4444 2877 4502 mores,
2912 4431 2976 4489 et
2995 4425 3196 4487 forma
3220 4423 3620 4506 praecipiendi
3641 4429 3734 4485 est

2165 4523 2412 4579 tantum
2459 4517 2904 4595 conditionata,
2951 4524 3014 4580 et
3052 4537 3238 4598 poena
3280 4535 3407 4579 non
3457 4516 3731 4576 nimium

2167 4612 2397 4690 gravis,
2427 4612 2676 4691 signum
2720 4613 3026 4675 sufficiens
3051 4620 3144 4675 est
3168 4612 3359 4674 talem
3375 4610 3582 4690 legem
3603 4628 3734 4671 000

2166 4705 2440 4784 011113010
2456 4706 2524 4766 10
2553 4706 2947 4767 conscientia.

2250 4802 2347 4861 13.
2376 4800 2468 4861 Ad
2499 4800 2766 4880 primam
2797 4800 3105 4862 rationem
3133 4799 3456 4861 contrariae
3484 4806 3733 4862 senten—

2166 4892 2289 4967 tiae,
2320 4893 2450 4972 jam
2478 4910 2842 4973 responsum
2870 4899 2963 4955 est
2986 4892 3191 4972 legem
3212 4892 3524 4972 poenalem
3546 4892 3734 4954 resol-

2167 4985 2229 5046 vi
2245 4985 2311 5045 in
2326 4984 2601 5065 aliquam
2623 4986 3010 5047 conscientiae
3023 4986 3467 5065 obligationem
3488 4985 3732 5047 solven-

2168 5077 2255 5153 di,
2295 5077 2395 5138 vel
2422 5078 2767 5139 sustinendi
2795 5095 3068 5158 poenam,
3096 5084 3158 5140 et
3178 5078 3299 5140 hoc
3325 5079 3468 5139 satis
3497 5095 3632 5139 0000
3664 5083 3735 5137 ut

2168 5170 2248 5230 sit
2276 5188 2423 5231 vera
2448 5171 2572 5247 lex,
2611 5172 2855 5233 etiamsi
2881 5172 2961 5232 ad
2987 5172 3429 5247 conditionem,
3466 5170 3585 5231 sub
3609 5188 3735 5249 qua

2168 5282 2415 5343 poenam
2446 5265 2880 5338 comminatur,
2912 5266 2980 5325 in
3020 5265 3393 5326 conscientia
3417 5282 3549 5325 non
3575 5263 3733 5323 obli·

2170 5363 2296 5434 get,
2313 5363 2590 5435 respectu
2607 5359 2702 5436 cuj
2711 5377 2781 5418 us
2801 5358 3167 5419 conditionis
3184 5357 3409 5418 dicitur
3421 5375 3581 5437 pure
3603 5375 3732 5435 poe·

2168 5449 2350 5524 nalis,
2366 5448 2510 5509 licet
2527 5456 2803 5528 respectu
2828 5451 3018 5530 ipsius
3035 5469 3234 5531 poenae
3256 5450 3601 5512 efficaciam
3621 5450 3729 5509 110·

2167 5541 2311 5606 beat
2342 5542 2659 5623 obligandi
2702 5544 2890 5606 modo
2914 5544 3227 5627 praedicto.
3271 5544 3367 5606 Ad
3392 5543 3734 5606 secundam
