3976 6219
474 386 595 448 202

1482 389 1598 441 Lm.
1635 388 1721 441 111.
1757 388 1838 441 DE
1871 387 2032 440 LEGE
2064 386 2323 440 HUMANA
2355 388 2436 439 ΕΤ
2468 387 2671 439 clvlLl.

475 487 651 568 cipiis
677 484 890 565 positis
918 484 987 545 in
1014 503 1147 565 cap.
1176 486 1214 545 2
1238 489 1301 545 et
1329 486 1390 561 3,
1417 486 1562 566 quia
1589 485 1722 545 haec
1742 489 2032 563 potestaS,
2115 488 2213 562 tit,
2246 494 2310 547 et
2337 486 2511 547 nulla
2538 486 2736 565 major
2763 485 2996 565 requiri
3024 490 3222 565 potest
3252 502 3439 565 quam
3466 503 3684 564 supre-

475 585 660 662 prout
684 585 773 639 est
799 579 964 638 intra
986 578 1319 639 Ecclesiam
1338 624 1358 654 ,
1394 578 1625 638 eisdem
1651 577 1849 637 modis
1871 583 1932 637 et
1957 577 2038 637 ti-

476 674 620 734 tulis
659 671 975 732 obtinetur
1022 671 1248 749 quibus
1294 689 1371 731 ex
1417 678 1642 732 natura
1682 670 1774 731 rei
1821 670 2038 731 haberi

476 771 676 846 potest
718 782 734 825 :
778 763 936 824 nihil
980 764 1147 823 enim
1184 765 1251 823 in
1297 764 1414 825 hoc
1456 763 1721 842 legimus
1767 763 1956 824 fuisse
2003 782 2042 825 a

478 860 718 921 Christo
746 858 1007 918 Domino
1036 857 1266 919 directe
1295 863 1358 919 et
1384 877 1494 938 per
1522 876 1586 918 se
1614 859 2040 934 immutatum,

476 951 621 1013 licet
643 951 940 1012 indirecte
961 957 1022 1011 et
1048 970 1159 1031 per
1183 951 1517 1030 quamdam
1547 950 2042 1012 consecutionem

477 1044 715 1125 aliquid
769 1044 1029 1123 speciale
1090 1044 1408 1105 interdum
1464 1046 1532 1104 in
1586 1043 1857 1104 Ecclesia
1907 1043 2045 1104 fieri

476 1138 687 1218 possit,
710 1143 780 1197 ut
805 1155 881 1197 ex
903 1138 1078 1198 dictis
1096 1138 1163 1199 in
1182 1138 1420 1198 duobus
1440 1137 1738 1218 capitibus
1757 1138 2039 1217 proxime

480 1231 969 1313 praecedentibus
1000 1231 1181 1293 facile
1209 1231 1475 1311 intelligi
1508 1236 1727 1312 petest.

559 1327 621 1387 Ξ.
664 1325 889 1387 Prima
911 1312 1225 1388 conclusio.
1254 1358 1336 1371 —
1368 1327 1731 1389 Potescatem
1760 1325 2041 1388 condendi

481 1419 636 1497 leyss
671 1418 876 1480 civiles
902 1436 1024 1480 essc
1063 1421 1130 1480 iu
1162 1419 1432 1481 omuibus
1465 1419 1707 1497 regibus
1746 1418 2044 1497 supremis

482 1530 613 1575 cum
622 1512 951 1590 partitione
959 1513 1325 1574 accommoda
1333 1512 1640 1573 .—Primo
1650 1529 1798 1589 ergo
1809 1515 2044 1572 constat

484 1623 561 1665 ex
591 1604 787 1678 dictis,
818 1604 975 1665 hanc
1002 1609 1366 1684 potestatem
1390 1622 1520 1665 esse
1545 1605 1612 1664 in
1639 1603 1926 1665 omnibus
1949 1622 2044 1663 re·

484 1697 668 1777 gibus
693 1698 995 1777 supremis
1014 1715 1154 1758 cum
1184 1699 1513 1778 partitione
1537 1697 1952 1771 accommoda,
1979 1695 2043 1756 id

487 1797 602 1866 est,
634 1792 701 1852 in
726 1809 1097 1870 unoquoque
1127 1810 1240 1871 pro
1266 1810 1377 1852 suo
1404 1809 1621 1868 regno.
1666 1793 1756 1851 Ita
1784 1792 1854 1850 D.
1882 1789 2044 1849 Tho-

487 1902 623 1944 mas
650 1888 707 1949 1.
738 1888 809 1960 2,
848 1904 910 1964 q.
942 1887 1058 1960 90,
1089 1891 1206 1946 art.
1237 1888 1314 1963 33
1362 1888 1422 1947 2.
1465 1888 1538 1962 2,
1571 1904 1633 1963 q.
1667 1887 1788 1959 51,
1821 1889 1939 1944 art.
1969 1884 2031 1958 23

489 1979 830 2043 Canonistae
884 1980 951 2039 in
1007 1998 1140 2060 cap.
1191 1980 1502 2053 Ecclesia,
1561 1980 1637 2040 de
1691 1979 2042 2052 constitut„

488 2072 717 2141 Bartol.
748 2079 809 2135 et
837 2073 943 2133 alii
968 2074 1036 2134 in
1057 2074 1101 2134 1.
1129 2072 1240 2133 ult.
1270 2073 1333 2133 C.
1362 2072 1437 2132 de
1456 2071 1753 2150 Legibus;
1780 2069 1953 2131 Bald.
1978 2070 2047 2129 in

488 2183 622 2244 cap.
650 2170 678 2226 1
710 2165 785 2231 de
808 2166 1091 2241 constit„
1118 2167 1338 2227 Navar.
1370 2165 1436 2224 in
1461 2182 1594 2243 cap.
1627 2166 1863 2238 Novit,
1913 2167 2043 2221 not.

490 2260 551 2333 2,
583 2277 648 2319 n.
683 2262 818 2321 110.
875 2260 1047 2321 Unde
1076 2261 1148 2319 D.
1185 2259 1453 2319 Thomas
1480 2260 1541 2319 2.
1565 2260 1627 2332 2,
1659 2276 1721 2337 q.
1759 2258 1860 2331 50,
1890 2256 2050 2315 dixit

490 2351 892 2431 principalem
939 2357 1146 2412 actum
1186 2352 1351 2428 regis
1390 2370 1519 2412 esse
1553 2349 1721 2428 leges
1758 2349 2045 2422 condere,

492 2450 554 2505 et
583 2444 721 2506 ideo
753 2449 844 2521 (ut
870 2446 1136 2507 advertit
1170 2446 1238 2506 in
1270 2445 1550 2506 discursu
1585 2444 1751 2504 illius
1784 2442 2050 2519 articuli)

492 2539 775 2600 eamdem
804 2540 1199 2619 prudentiam
1226 2557 1416 2619 quam
1439 2537 1790 2599 Aristoteles
1817 2538 1856 2596 6
1884 2535 2055 2595 Ε1111-

495 2648 731 2708 corum,
754 2651 888 2711 cap.
913 2635 974 2708 8,
996 2632 1404 2711 legislativam
1430 2629 1784 2711 appellavit,
1808 2646 2055 2689 vocasse

493 2727 805 2804 propriam
834 2726 1230 2805 prudentiam
1259 2726 1575 2805 principis,
1613 2724 1675 2784 id
1698 2728 1810 2796 est,
1838 2740 2055 2799 regna-

493 2819 712 2892 tivam,
738 2819 846 2881 lib.
872 2824 909 2882 3
934 2820 1140 2894 Polit.‚
1173 2839 1227 2880 c.
1256 2822 1556 2880 Praeterea
1577 2817 1693 2877 1106
1717 2817 1906 2877 560511
1929 2816 2056 2875 Au·

495 2912 782 2990 gustinus
799 2958 819 2988 ,
860 2917 1042 2975 tract.
1082 2915 1121 2975 6
1157 2912 1224 2972 in
1252 2912 1430 2972 Joan.
1463 2927 1603 2971 cum
1636 2909 1794 2969 dixit
1824 2926 1840 2969 :
1875 2908 2056 2969 Divi·

492 3023 635 3065 num
644 3008 760 3083 jus
786 3006 854 3066 iu
883 3005 1220 3084 Scriptura
1248 3005 1557 3080 habemus,
1602 3003 1925 3063 humanum
1940 3002 2056 3079 -jus

492 3098 561 3160 in
584 3098 814 3177 lcqibus
834 3118 1060 3178 rovum.
1095 3100 1171 3162 Et
1197 3097 1364 3159 infra
1387 3115 1404 3159 t
1436 3096 1590 3170 Quia
1613 3096 1745 3175 ipsa
1767 3096 1913 3173 jura
1939 3095 2056 3155 hu-

493 3209 681 3251 mana
702 3210 814 3271 per
835 3193 1238 3271 imperatores
1259 3195 1322 3252 et
1344 3207 1510 3269 reyes
1533 3189 1716 3252 seculi
1740 3189 1905 3250 Deus
1931 3190 2052 3250 dis-

494 3285 714 3346 tribuit
755 3287 960 3365 ycucri
1001 3286 1257 3347 humano
1277 3308 1304 3354 ‚·
1330 3289 1392 3342 et
1429 3283 1693 3343 refertur
1723 3281 1789 3341 in
1816 3299 1950 3360 cap.
1995 3283 2054 3356 1,

494 3377 637 3437 dist.
677 3379 735 3440 8.
782 3378 1060 3456 Denique
1094 3376 1407 3454 colligitur
1442 3375 1573 3435 haec
1606 3374 1831 3436 veritas
1869 3374 2053 3433 etiam

495 3489 572 3531 ex
596 3470 782 3531 modo
803 3470 1102 3549 loquendi
1120 3470 1474 3547 Scripturas,
1500 3469 1566 3528 in
1589 3485 1713 3545 qua
1734 3484 1893 3545 saepe
1914 3483 2057 3525 cum

493 3563 666 3640 regia
683 3561 984 3641 dignitate
1000 3560 1617 3641 potestaslegislativa
1634 3559 2055 3637 conjungitur,

496 3655 785 3717 Proverb.
814 3656 872 3717 8.
899 3660 962 3715 et
983 3655 1122 3714 lsai.
1148 3656 1248 3727 33,
1271 3660 1333 3715 et
1355 3653 1624 3714 sumitur
1647 3670 1722 3713 ex
1745 3654 1773 3711 1
1800 3652 1965 3712 Petri
1984 3653 2054 3711 2:

497 3747 625 3808 sive
676 3749 808 3824 νοω·
843 3753 1129 3826 tanquam
1166 3746 1547 3825 praecellenti.
1585 3744 1762 3806 Ratio
1799 3763 1836 3803 a
1871 3744 2060 3822 priori

497 3844 628 3914 est,
677 3839 823 3918 quia
857 3844 1121 3920 potestas
1146 3838 1319 3916 regia
1346 3842 1408 3898 et
1435 3855 1722 3915 suprema
1765 3837 2062 3898 translata

498 3937 592 3994 est
617 3951 656 3993 a
689 3938 820 3992 tota
852 3932 1294 3992 communitate
1330 3929 1602 4009 perfecta
1630 3930 1698 3990 10
1734 3948 2060 4009 personam

497 4025 684 4103 regiS,
716 4025 804 4085 ita
830 4031 902 4085 ut
927 4031 1056 4086 tota
1084 4029 1350 4104 potestas
1370 4023 1623 4102 regendi
1651 4023 2062 4085 communita-

496 4123 648 4193 tem,
693 4135 832 4196 quae
867 4118 936 4177 in
986 4118 1120 4198 ipsa
1156 4121 1311 4192 erat,
1350 4116 1416 4176 in
1453 4133 1665 4191 regem
1709 4116 2080 4208 transmissq

497 4210 724 4287 fuerit3
754 4211 859 4272 sed
887 4216 1154 4290 potestas
1177 4209 1525 4288 legislativa
1550 4227 1660 4288 per
1689 4227 1752 4270 se
1775 4209 1976 4288 primo
2002 4211 2064 4268 et

498 4320 574 4363 ex
613 4309 837 4365 natura
869 4304 961 4365 rei
999 4310 1130 4365 erat
1162 4303 1229 4364 in
1256 4302 1697 4364 communitate
1719 4346 1740 4376 ,
1777 4310 1848 4362 ut
1878 4318 2065 4381 supra

498 4402 812 4459 ostensum
847 4401 941 4459 est
973 4419 992 4473 3
1037 4415 1185 4477 ergo
1219 4402 1488 4475 potestas
1523 4396 1696 4474 regia
1722 4394 2066 4473 legislativa

499 4496 611 4551 est.
641 4493 717 4551 Et
733 4489 1159 4566 confirmatur,
1191 4491 1339 4570 quia
1353 4489 1420 4549 in
1439 4488 1751 4567 republica
1772 4505 1910 4569 quse
1935 4505 2067 4548 mo-

500 4584 784 4646 narcbice
825 4585 1064 4663 regitur
1096 4583 1438 4644 necessaria
1463 4587 1555 4642 est
1581 4581 1716 4642 haec
1744 4588 2016 4662 potestas
2040 4596 2061 4659 3

2118 598 2243 640 ma.
2274 580 2358 640 De
2378 580 2757 659 principibus
2779 585 2988 640 autem
3019 579 3375 658 imperatori
3394 578 3680 657 subditis,

2118 674 2250 753 jam
2280 673 2552 733 diximus
2575 674 2775 753 capite
2804 673 3173 753 proecedenti
3190 718 3211 748 ,
3255 672 3482 733 habere
3508 689 3684 752 posse

2122 767 2284 828 hanc
2316 772 2682 846 potestatem
2707 812 2728 843 ,
2783 768 2835 826 si
2870 766 3216 846 ,iurisdictio
3256 766 3325 825 in
3363 784 3436 826 eo
3483 765 3686 843 gradu

2122 860 2514 940 perfectionis
2540 859 2663 920 illis
2690 860 2833 921 data
2860 860 2963 936 sit,
2989 865 3051 921 et
3079 858 3543 933 consuetudine,
3575 865 3686 919 aut

2124 954 2245 1015 alio
2269 953 2595 1014 sufficienti
2629 953 2812 1014 modo
2840 953 2904 1013 id
2932 958 3187 1015 constet.
3221 952 3512 1030 Idemque
3541 970 3686 1011 cum

2123 1047 2520 1128 proportione
2561 1047 2859 1127 applicari
2897 1051 3098 1126 potest
3138 1046 3218 1107 ad
3260 1045 3568 1126 principes
3611 1044 3686 1120 (si

2120 1142 2228 1222 qui
2254 1144 2419 1218 sunt)
2449 1140 2747 1202 habentes
2773 1139 2982 1219 aliquo
3002 1138 3184 1200 modo
3207 1155 3557 1217 supremam
3577 1154 3688 1217 po·

2122 1242 2406 1298 testatem
2444 1236 2511 1295 in
2548 1233 2856 1312 aliquibus
2895 1232 3115 1305 rebus,
3160 1237 3231 1291 ut
3276 1237 3422 1291 sunt
3451 1230 3687 1308 judicia

2121 1330 2283 1391 ferre
2319 1348 2390 1390 ac
2430 1329 2765 1390 terminare
2807 1327 2941 1387 sine
2974 1325 3102 1386 ulla
3141 1324 3554 1404 appellatione
3585 1323 3687 1385 vel

2122 1423 2564 1502 supplicatione
2589 1419 2666 1481 ad
2700 1419 2980 1498 superius
3011 1417 3283 1478 tribunal
3316 1415 3681 1495 temporale,

2123 1521 2438 1577 monetam
2466 1514 2715 1588 cudere,
2751 1519 2897 1587 etc„
2933 1512 3176 1573 etiamsi
3205 1512 3272 1571 in
3305 1510 3445 1572 aliis
3471 1528 3687 1589 regem

2123 1610 2392 1688 aliquem
2414 1610 2859 1683 recognoscunt
2885 1611 2956 1665 ut
2982 1605 3361 1683 superiorem
3387 1620 3460 1663 ac
3488 1602 3687 1662 domi-

2123 1721 2277 1764 num
2304 1748 2324 1778 ,
2366 1702 2512 1780 quia
2539 1700 2617 1760 ab
2646 1698 2753 1759 illo
2786 1698 3043 1759 fortasse
3072 1696 3185 1757 sub
3227 1715 3301 1757 ea
3330 1694 3684 1757 conditione

2124 1796 2536 1876 principatum
2566 1792 2944 1854 habuerunt.
2978 1792 3133 1852 Nam
3162 1789 3229 1849 111
3255 1790 3470 1862 etiam,
3502 1789 3688 1867 juxta

2127 1888 2381 1949 modum
2409 1892 2471 1948 et
2492 1886 2908 1947 conditionem
2932 1882 3249 1962 potestatis
3270 1888 3553 1961 acceptas,
3585 1880 3688 1941 vel

2124 1985 2416 2060 poterunt
2453 1979 2619 2057 leges
2664 1979 2824 2038 ferre
2843 2022 2864 2053 ,
2915 1976 3014 2038 vel
3062 1976 3131 2035 in
3175 1974 3292 2035 1106
3335 1973 3605 2053 pendere
3649 1990 3688 2032 a

2127 2073 2430 2154 superiori
2456 2090 2624 2151 rege.

2208 2170 2269 2228 4.
2299 2167 2578 2231 Secunda
2600 2163 2913 2227 conclusio.
2936 2194 3018 2207 —-
3039 2162 3402 2223 Potestatem
3424 2158 3689 2237 proedic-

2131 2268 2257 2324 tam
2270 2280 2330 2323 co
2347 2261 2535 2333 moda,
2553 2259 2660 2321 sub
2676 2276 2787 2338 quo
2813 2254 3115 2318 translata
3136 2258 3223 2315 cst
3241 2271 3350 2332 per
3376 2251 3697 2314 commuui-

2133 2359 2314 2416 tatcm
2344 2372 2464 2415 esse
2479 2353 2544 2412 iu
2555 2347 3137 2429 principa—Atque
3156 2345 3301 2406 hinc
3315 2345 3588 2422 sequitur
3607 2361 3699 2404 se-

2135 2446 2363 2519 cundo,
2409 2444 2596 2505 etiam
2628 2443 2696 2502 in
2737 2441 3010 2521 principe
3053 2456 3341 2518 supremo
3369 2455 3497 2498 esse
3537 2436 3701 2497 hanc

2135 2545 2496 2619 potestatem
2514 2555 2587 2597 eo
2603 2535 2787 2595 modo
2804 2540 2867 2595 et
2880 2533 2995 2593 sub
3006 2550 3079 2593 ea
3093 2531 3442 2593 conditione
3456 2529 3705 2608 subqua

2136 2633 2281 2693 data
2304 2636 2395 2691 est
2426 2636 2486 2690 et
2509 2628 2808 2690 translata
2831 2645 2940 2707 per
2968 2625 3509 2686 communitatem:
3538 2622 3699 2683 ratio

2136 2731 2226 2786 est
2250 2723 2417 2785 clara
2437 2741 2514 2784 ex
2534 2720 2814 2801 superius
2833 2719 3012 2779 dictis
3033 2740 3046 2778 ε
3075 2717 3222 2798 quia
3245 2717 3377 2777 hoec
3397 2722 3487 2777 est
3505 2714 3701 2776 veluti

2136 2817 2463 2879 conventio
2511 2814 2794 2894 quaedam
2855 2813 3018 2873 inter
3072 2810 3585 2873 communitatem
3635 2813 3698 2870 et

2136 2911 2504 2991 principem,
2524 2915 2587 2969 et
2603 2907 2743 2968 ideo
2756 2911 3023 2985 potestas
3050 2910 3296 2983 recepta
3314 2921 3440 2963 non
3458 2901 3700 2963 excedit

2139 3004 2394 3064 modum
2442 2999 2792 3063 donationis
2820 3044 2840 3073 ,
2892 2997 2991 3059 vel
3045 2996 3488 3059 conventionis.
3551 2995 3698 3067 Quis

2136 3103 2344 3159 autem
2367 3095 2469 3156 1116
2491 3094 2709 3155 modus
2736 3091 2948 3165 fuerit,
2961 3092 3011 3152 si
3029 3091 3322 3171 scriptum
3346 3106 3473 3150 non
3491 3088 3596 3164 sit,
3619 3105 3697 3148 ex

2137 3189 2581 3254 consuetudine
2611 3187 2880 3248 maxime
2907 3183 3319 3262 colligendum
3352 3189 3445 3244 est
3488 3201 3504 3244 ε
3549 3199 3700 3242 nam

2139 3287 2399 3365 ipsamet
2447 3281 2823 3344 consuetudo
2878 3279 3033 3340 solet
3080 3295 3212 3340 esse
3266 3278 3571 3339 sufficiens
3618 3275 3699 3337 ad

2135 3378 2403 3439 dandam
2455 3375 2942 3455 jurisdictionem
2981 3388 3002 3450 ;
3051 3389 3200 3450 ergo
3251 3372 3448 3432 multo
3495 3369 3698 3448 magis

2139 3470 2401 3531 sufficiet
2446 3469 2524 3529 ad
2568 3468 2824 3528 modum
2880 3465 3048 3526 illius
3100 3463 3565 3525 declarandum.
3625 3464 3702 3523 Et

2134 3566 2314 3643 juxta
2331 3563 2449 3624 1106
2470 3562 2657 3623 etiam
2681 3558 3103 3622 definiendum
3131 3566 3222 3619 est
3250 3576 3330 3619 an
3349 3558 3699 3636 requiratur

2138 3675 2468 3717 consensus
2495 3655 2706 3735 populi
2729 3653 2808 3716 ad
2826 3652 3111 3714 ferendas
3133 3651 3488 3729 hujusmodi
3508 3650 3699 3728 legeS,

2141 3750 2417 3829 quand0‚
2454 3748 2718 3823 scilicet,
2762 3747 3026 3826 populus
3052 3762 3162 3825 per
3188 3763 3364 3822 reges
3393 3742 3704 3822 guberna-

2141 3847 2263 3902 tur.
2308 3843 2463 3903 Nam
2492 3859 2602 3921 per
2633 3859 2697 3901 se
2721 3839 3071 3918 loquendo,
3115 3844 3179 3899 et
3206 3839 3346 3918 jure
3383 3834 3702 3897 communi

2140 3941 2406 4017 potestas
2427 3934 2771 4012 legislativa
2794 3932 3038 4012 proprie
3061 3937 3152 3992 est
3174 3931 3239 3990 in
3263 3930 3392 3990 solo
3414 3945 3703 4007 supremo

2141 4029 2443 4108 principe,
2474 4032 2546 4087 ut
2585 4031 2823 4087 constat
2862 4043 2941 4086 ex
2977 4025 3220 4104 juribus
3260 4031 3322 4083 et
3357 4020 3704 4083 rationibus

2142 4121 2423 4183 adductis
2456 4142 2469 4180 ε
2502 4122 2681 4199 juxta
2702 4120 3209 4181 consuetudinem
3233 4122 3439 4178 autem
3467 4113 3705 4194 requiri

2143 4215 2369 4295 poterit
2405 4232 2736 4275 consensus
2762 4213 2975 4292 populi
3016 4213 3231 4272 saltem
3262 4209 3463 4290 quoad
3490 4225 3706 4287 accep·

2143 4309 2469 4383 tationem,
2503 4307 2579 4367 de
2608 4325 2730 4385 quo
2759 4305 2923 4367 infra
2949 4304 3315 4367 videbimus.

2226 4403 2283 4462 5.
2336 4400 2549 4462 Tertia
2593 4399 2909 4462 conclusio.
2952 4432 3032 4443 —-
3085 4398 3248 4471 Quid
3286 4395 3594 4458 dicendum
3642 4395 3711 4457 ds

2139 4493 2525 4575 principibus
2545 4511 2662 4553 uon
2684 4492 3007 4570 supremis,
3041 4495 3094 4554 ct
3118 4508 3218 4552 ma
3223 4489 3614 4569 qistratibus.
3631 4521 3713 4534 —

2146 4587 2377 4661 TertiO,
2402 4603 2477 4646 ex
2505 4584 2601 4646 his
2636 4584 2903 4663 intelligi
2942 4589 3164 4664 potest,
3201 4582 3352 4662 quid
3379 4581 3711 4642 dicendum

501 4695 650 4756 ergo
688 4677 960 4739 maxime
993 4694 1121 4738 esse
1149 4676 1333 4737 debet
1360 4675 1427 4734 in
1462 4692 1751 4753 supremo
1785 4674 2068 4753 principe
2149 4680 2231 4741 sit
2257 4680 2334 4741 de
2370 4678 2751 4758 principibus
2792 4696 2919 4738 non
2962 4677 3265 4757 supremis
3292 4685 3355 4736 et
3390 4675 3715 4753 magistra·

502 4777 564 4835 et
591 4771 814 4850 capite,
844 4775 915 4830 ut
943 4774 1416 4850 argumentatur
1438 4767 1471 4828 J
1478 4768 1822 4828 ustinianus
1841 4767 1909 4828 in
1931 4767 1993 4828 d.
2017 4766 2061 4830 l.
2148 4774 2336 4849 tibus,
2367 4791 2474 4834 seu
2504 4771 3020 4850 gubernatoribus
3036 4816 3057 4846 ,
3093 4771 3199 4849 qui
3228 4788 3267 4830 a
3292 4768 3543 4847 regibus
3570 4786 3715 4828 con-

503 4866 646 4940 ult.‚
679 4867 744 4927 C.
775 4863 852 4926 de
884 4863 1094 4943 Legib.
2149 4868 2513 4927 stituuntur.
2548 4864 2842 4938 Quamvis
2860 4865 3029 4925 enim
3055 4880 3130 4923 ex
3155 4863 3294 4940 jure
3315 4861 3486 4922 civili
3512 4859 3717 4939 colligi

594 4962 655 5020 3.
701 4958 876 5019 Unde
916 4956 989 5016 fit
1025 4956 1189 5017 hanc
1223 4952 1675 5015 conclusionem
1710 4970 1837 5014 non
1877 4952 2079 5014 solum
2160 4958 2444 5019 videatur
2484 4974 2724 5031 001065,
2767 4957 2875 5036 qui
2916 4963 3063 5017 sunt
3093 4953 3464 5035 principales
3495 4953 3722 5031 magis-

514 5052 743 5114 habere
771 5051 975 5112 locum
998 5049 1067 5110 in
1089 5049 1211 5109 illis
1237 5047 1620 5128 principibus
1649 5048 1948 5127 supremis
1970 5046 2081 5126 qui
2160 5055 2357 5112 tratus
2393 5049 2689 5110 habentes
2725 5050 3007 5127 regimen
3035 5047 3522 5128 provinciarum,
3547 5062 3723 5125 posse

515 5164 698 5225 reges
725 5145 1166 5212 nominantur,
1212 5141 1319 5203 sed
1345 5141 1529 5203 etiam
1559 5141 1627 5201 in
1655 5140 1941 5202 omnibus
1972 5140 2080 5219 qui
2160 5145 2351 5205 etiam
2382 5142 2644 5203 condere
2667 5141 2835 5221 leges
2862 5141 3095 5217 civileS,
3121 5158 3260 5220 quae
3288 5139 3588 5220 praetorias
3617 5155 3727 5198 seu

519 5257 648 5300 non
676 5243 1122 5317 recognoscunt
1150 5237 1528 5317 superiorem
1567 5234 1769 5315 quoad
1798 5234 2080 5295 subordi-
2157 5235 2258 5313 jus
2286 5233 2640 5313 proetorium
2669 5230 2968 5311 appellari
2997 5230 3226 5305 solent,
3257 5230 3335 5290 de
3359 5247 3483 5309 quo
3516 5232 3727 5289 extant

516 5332 835 5393 nationem
859 5331 1214 5410 temporalis
1226 5330 1697 5409 jurisdictionis,
1722 5329 1849 5389 sive
1868 5329 2078 5402 duceS,
2162 5328 2370 5408 plures
2416 5325 2584 5386 tituli
2625 5326 2693 5385 in
2735 5326 2873 5405 jure
2918 5324 3083 5386 civili
3117 5370 3136 5401 ,
3198 5322 3606 5384 nihilominus
3649 5320 3726 5381 de

521 5425 650 5485 sive
680 5424 959 5499 comites,
991 5430 1101 5484 aut
1128 5421 1405 5503 quolibet
1433 5422 1554 5483 alio
1583 5423 1835 5483 nomine
1860 5439 2083 5484 110660-
2161 5421 2324 5483 facto
2346 5437 2474 5482 non
2504 5437 2830 5499 possumus
2859 5418 3047 5479 aliam
3081 5417 3365 5496 regulam
3387 5416 3723 5493 assignare,

514 5523 642 5594 tur,
673 5517 824 5598 quia
848 5516 981 5578 haec
1011 5521 1278 5597 potestas
1305 5515 1372 5575 in
1401 5515 1829 5597 jurisdictione
1856 5514 2087 5577 consis-
2165 5513 2287 5574 nisi
2313 5513 2770 5576 concessionem
2809 5511 2910 5574 vel
2936 5510 3404 5594 permissionem
3431 5506 3729 5591 principis
