3976 6219
503 401 622 460 452

501 504 659 565 illat.
692 503 749 562 3.
777 498 1118 575 Fundatur,
1148 497 1293 577 quia
1319 499 1510 560 etiam
1537 503 1675 578 post
1699 495 2070 557 sententiam

505 592 1095 665 condemnatoriam,
1120 591 1370 671 quando
1399 591 1566 669 leges
1588 589 1861 669 poenales
1894 588 2069 648 illam

501 687 829 766 requirunt
842 730 863 760 ,
918 701 1045 743 non
1098 687 1348 744 tenetur
1395 683 1463 743 in
1520 681 1895 744 conscientia
1928 698 2072 741 reus

504 777 946 838 condemnatus
1001 776 1246 855 privare
1286 794 1349 836 se
1383 776 1509 836 suis
1550 776 1752 850 1161115,
1805 779 1913 835 6111
1964 772 2073 833 1116

502 870 758 931 reddere
786 868 954 943 fisco,
984 869 1089 929 sed
1114 868 1313 946 judex
1339 868 1521 930 debet
1552 867 1775 948 exequi
1797 884 2071 945 poenam,

502 963 604 1023 cui
628 980 769 1022 reus
797 980 927 1022 non
961 966 1163 1040 potest
1189 961 1470 1022 resistere
1508 976 1524 1020 :
1550 978 1698 1039 ergo
1737 959 1936 1020 multo
1959 957 2077 1017 mi-

501 1072 620 1114 nus
648 1054 956 1132 obligatur
969 1053 1036 1112 in
1052 1053 1425 1114 conscientia
1443 1053 1583 1133 quis
1608 1056 1858 1132 propter
1880 1050 2075 1110 solam

502 1145 730 1224 163661,
761 1145 1004 1206 61161651
1031 1146 1304 1216 maxime
1332 1145 1497 1205 dicat
1519 1151 1662 1205 ante
1691 1160 1941 1204 omnem
1968 1141 2072 1201 de-

503 1238 929 1315 clarationem3
947 1238 1052 1298 sed
1079 1237 1158 1297 ad
1185 1254 1502 1298 summum
1525 1236 1593 1297 in
1620 1237 1756 1297 foro
1782 1233 2072 1296 exteriori

501 1330 728 1410 poterit
744 1330 972 1409 puniri,
995 1330 1142 1408 quia
1163 1329 1336 1389 illam
1359 1348 1485 1389 non
1512 1333 1734 1390 servat.
1758 1328 1885 1388 Hoc
1902 1325 2072 1387 enim

501 1424 795 1484 ultimum
822 1424 1011 1484 etiam
1052 1423 1328 1483 insinuat
1372 1423 1588 1483 Covar.
1638 1418 2068 1500 respondendo

501 1515 582 1576 ad
612 1516 1017 1595 Sylvestrum,
1040 1514 1183 1575 licet
1200 1533 1330 1575 non
1354 1514 1500 1574 satis
1513 1519 1722 1593 aperte
1735 1513 2062 1591 loquatur:

500 1607 669 1668 unde
708 1609 898 1669 etiam
943 1607 1196 1683 indicat,
1251 1608 1302 1668 si
1356 1606 1592 1685 aliquid
1642 1609 1934 1686 operatur
1961 1602 2071 1662 issa

501 1701 825 1779 particula,
856 1705 993 1761 ante
1025 1718 1248 1761 omnem
1293 1698 1775 1773 declarationem,
1825 1713 1955 1757 esse
2001 1696 2069 1755 in

499 1794 718 1855 ordine
741 1793 819 1854 ad
838 1793 1042 1854 forum
1070 1799 1416 1867 externum,
1444 1810 1572 1852 non
1605 1790 1806 1870 quoad
1835 1788 2068 1869 obliga-

498 1886 736 1946 tionem
790 1884 1198 1946 conscientiae.
1252 1886 1453 1963 Atque
1500 1884 1664 1944 hanc
1708 1883 2067 1962 opinionem

499 1980 970 2058 sequiturVasq.
1007 1982 1064 2040 ⁴.
1092 1982 1154 2055 Ξ,
1185 1979 1414 2058 disput.
1444 1980 1584 2053 168,
1612 1996 1747 2057 cap.
1779 1978 1843 2053 4,
1866 1994 1932 2036 n.
1954 1979 2031 2036 15
2041 1991 2062 2052 3

498 2071 700 2131 solum
724 2072 872 2151 quia
897 2072 1106 2151 plures
1127 2070 1294 2148 leges
1316 2070 1548 2131 habent
1570 2070 1743 2130 illam
1768 2066 2065 2147 loquendi

498 2162 789 2240 formam,
827 2170 1102 2242 essetque
1132 2164 1319 2223 nimis
1349 2181 1636 2242 asperum
1667 2179 1882 2222 omnes
1927 2160 2064 2221 11165

497 2257 590 2317 116
639 2256 1051 2335 1616111161611.
1099 2255 1246 2329 Quis
1284 2273 1432 2316 vero
1473 2255 1551 2315 sit
1599 2254 1848 2315 effectus
1899 2253 2065 2313 illius

494 2348 836 2428 particulae,
863 2367 944 2410 ne
971 2349 1244 2410 inaniter
1274 2349 1342 2409 in
1362 2349 1500 2427 lege
1531 2349 1731 2427 posita
1755 2346 2060 2422 videatur,

496 2442 587 2502 ibi
614 2460 742 2503 non
770 2441 1056 2521 explicat,
1106 2441 1211 2503 sed
1250 2441 1703 2521 explicaturum
1730 2439 2060 2519 promittit,

497 2553 627 2596 non
666 2540 878 2595 tamen
922 2535 1172 2595 invenio
1220 2533 1299 2593 ab
1329 2535 1461 2613 ipso
1492 2533 1896 2607 declaratum,
1944 2532 2065 2592 nisi

496 2627 752 2687 fortasse
779 2627 844 2686 id
876 2627 1159 2687 intendat
1184 2627 1252 2685 in
1279 2626 1414 2686 loco
1438 2627 1604 2686 infra
1624 2625 1897 2688 citando.

579 2722 679 2780 19.
730 2718 1077 2781 Communis
1104 2719 1397 2779 sententia
1434 2717 2065 2797 opposita—Contra-

497 2811 594 2872 ria
624 2810 930 2870 sententia
960 2810 1308 2870 communis
1360 2814 1450 2870 est
1487 2826 1503 2868 2
1534 2826 1683 2869 nam
1734 2827 1772 2869 a
1823 2807 2065 2868 fortiori

496 2904 673 2964 illam
721 2908 891 2963 tenet
949 2902 1296 2962 communis
1341 2902 1552 2982 opinio
1603 2901 2063 2961 canonistarum

499 3014 686 3075 supra
708 2996 917 3070 citata,
946 3000 1007 3055 et
1029 2995 1282 3067 Navar.,
1304 3000 1367 3054 et
1390 2994 1683 3070 Cordub.,
1708 2999 1769 3054 et
1793 2994 2065 3054 maxime

498 3089 747 3166 Castr03
781 3088 907 3148 imo
929 3088 1118 3149 etiam
1137 3088 1306 3163 Soto,
1339 3087 1503 3148 dicto
1529 3087 1664 3148 loco
1687 3086 1871 3147 citato
1891 3085 1969 3147 ad
1999 3087 2061 3163 8,

497 3182 726 3243 fatetur
765 3181 927 3242 hanc
981 3199 1111 3242 esse
1154 3181 1283 3239 vim
1323 3180 1490 3241 illius
1536 3179 1875 3259 particulae,
1930 3185 2068 3242 ante

498 3278 976 3351 declarationem,
1017 3274 1296 3352 confugit
1322 3281 1535 3336 tamen
1574 3275 1652 3335 ad
1681 3292 1894 3354 poenas
1922 3292 2068 3334 con-

493 3368 899 3444 ventionaleS,
930 3374 992 3428 et
1018 3367 1273 3427 tandem
1302 3368 1547 3427 dubitat
1564 3367 1640 3428 de
1653 3385 1793 3442 usu,
1813 3371 2065 3446 propter

495 3461 767 3539 rigorem
806 3460 1027 3519 talium
1081 3458 1314 3536 legum.
1349 3460 1709 3539 Expressius
1756 3476 1899 3519 vero
1934 3476 2065 3518 ma-

494 3553 711 3631 gisque
736 3553 802 3611 in
851 3550 1210 3629 particulari
1250 3551 1411 3612 hanc
1459 3551 1819 3630 opinionem
1855 3550 2067 3612 docuit

493 3643 1367 3724 Sylvest.,verb.Assassinu3,
1389 3644 1456 3702 in
1479 3643 1626 3718 fine,
1649 3648 1712 3703 et
1731 3642 2065 3705 verb.Em-

492 3738 830 3815 phyleasis.
872 3735 1052 3795 Ratio
1080 3752 1226 3795 vero
1260 3739 1371 3810 est,
1403 3735 1550 3813 quia
1597 3735 1707 3795 illa
1741 3735 1955 3811 verba,
1985 3754 2064 3797 ex

494 3830 558 3888 vi
589 3827 907 3907 particulae
948 3829 1079 3905 ipso
1109 3829 1294 3903 facta,
1338 3829 1656 3888 continent
1689 3828 2062 3889 sententiam

495 3919 1088 3996 condemnatoriam,
1111 3924 1173 3979 et
1192 3920 1472 3980 addendo
1495 3921 1776 3998 alteram,
1803 3921 2056 3997 scilicet,

494 4016 710 4094 absque
746 4014 878 4075 alia
925 4013 1341 4088 declaratione,
1396 4032 1678 4094 expresse
1723 4014 2061 4075 excludunt

490 4105 918 4166 necessitatem
950 4105 1271 4165 sententiae
1298 4105 1739 4183 declaratoriae,
1765 4115 1828 4168 et
1854 4107 1941 4167 ita
1961 4124 2059 4167 16-

490 4197 796 4276 linquitur
831 4196 1267 4257 condemnatio
1308 4197 1613 4275 absoluta,
1645 4206 1708 4261 et
1754 4201 1889 4260 sine
1930 4199 2059 4259 ulla

491 4290 843 4351 conditione
868 4289 968 4350 vel
1001 4306 1220 4350 mora:
1258 4309 1405 4370 ergo
1439 4293 1650 4353 statim
1677 4298 1968 4372 operatur
1996 4298 2058 4354 et

489 4400 606 4462 per
642 4400 706 4442 se
736 4382 1061 4460 exequitur
1106 4381 1246 4443 talis
1290 4383 1392 4444 lex
1429 4402 1682 4463 poenam
1709 4403 1902 4465 quam
1939 4385 2057 4445 im-

489 4475 690 4554 ponit.
715 4473 1018 4533 Probatur
1049 4477 1512 4554 consequentia,
1545 4478 1693 4556 quia
1735 4496 1852 4539 nec
1886 4477 2058 4540 deest

487 4571 756 4646 potestas
786 4568 856 4625 in
873 4565 1245 4644 legislatore,
1278 4572 1348 4626 ut
1368 4586 1556 4648 supra
1582 4569 1912 4648 probatum
1935 4577 2049 4646 est,

485 4677 603 4720 nec
629 4659 933 4733 voluntas,
965 4676 1107 4719 cum
1139 4676 1251 4737 per
1288 4659 1399 4721 1116
1443 4662 1634 4723 verba
1677 4663 1825 4724 satis
1857 4664 2051 4744 expli-

486 4758 679 4828 cetur,
703 4759 773 4812 ut
805 4758 1119 4812 ostensum
1140 4758 1251 4813 651.

565 4847 665 4907 20.
712 4846 788 4905 Et
816 4844 1164 4906 declaratur
1199 4847 1490 4926 amplius,
1516 4867 1589 4909 ac
1622 4849 2046 4927 confirmatur,

484 4939 633 5018 quia
663 4937 815 4998 alias
847 4938 1036 4997 verba
1068 4938 1176 4998 illa
1203 4946 1407 5000 essent
1432 4941 1669 5018 inania,
1694 4960 1896 5021 neque
1924 4943 2052 5002 effi-

483 5036 697 5092 cerent
721 5031 883 5109 quod
909 5031 1300 5108 significant:
1326 5033 1454 5092 1616
1484 5051 1600 5094 666
1624 5033 1911 5094 effectum
1939 5033 2054 5093 ali-

485 5140 671 5201 quem
701 5123 998 5183 moralem
1026 5123 1252 5184 habere
1276 5132 1543 5204 possent.
1571 5128 1725 5187 Nam
1750 5126 1913 5204 quod
1941 5126 2053 5186 Co-

480 5233 616 5276 1761.
646 5217 1015 5294 respondere
1042 5217 1306 5293 videtur,
1333 5219 1631 5279 nimirum
1649 5221 1719 5280 in
1740 5220 1876 5280 foro
1903 5238 2050 5280 con-

478 5308 750 5369 scientiae
779 5326 906 5367 666
948 5308 1174 5369 habere
1216 5310 1524 5387 effectum,
1568 5313 1797 5375 habere
1839 5320 2049 5373 tamen

479 5420 659 5482 posse
701 5401 767 5459 in
801 5400 1017 5461 ordine
1056 5403 1133 5462 ad
1170 5403 1376 5464 forum
1404 5411 1753 5483 externum,
1781 5406 1902 5467 1166
1931 5407 2049 5482 (in-

1414 400 1530 452 LIB.
1565 397 1626 452 V.
1662 397 1743 450 DE
1773 392 2133 448 VARIETATE
2163 393 2374 450 LEGUM
2406 395 2823 450 HUMANARUM.

2151 496 2298 574 quia
2316 496 2516 558 multo
2535 495 2745 556 minus
2762 498 2961 573 potest
2976 493 3115 573 (11115
3127 494 3444 558 1661111616
3468 513 3731 576 poenam

2150 589 2218 648 in
2245 589 2379 649 1616
2407 588 2698 650 exteriori
2728 594 2871 648 ante
2899 585 3397 665 declarationem,
3425 608 3631 669 (1116111
3660 591 3727 650 16

2150 681 2453 755 1111611611,
2481 681 2627 761 quia
2645 698 2769 740 non
2791 684 2992 759 potest
3004 680 3200 758 judex
3219 683 3440 760 exequi
3468 701 3731 761 poenam

2150 774 2220 834 in
2246 774 2519 853 aliquem
2547 774 2911 852 priusquam
2939 772 3211 833 declaret
3245 773 3423 834 illum
3459 775 3732 835 commi-

2154 866 2304 927 sisse
2323 866 2643 941 delictum,
2664 870 2727 926 et
2744 865 2835 925 ita
2860 882 2989 925 non
3008 865 3206 925 solum
3224 865 3301 925 ad
3321 866 3379 925 id
3406 885 3538 927 non
3571 866 3731 926 obli·

2154 965 2361 1038 gatur,
2388 976 2608 1019 verum
2636 959 2824 1018 etiam
2852 975 2966 1018 1166
2989 958 3153 1035 juste
3182 964 3381 1037 potest
3400 960 3468 1019 id
3489 960 3724 1020 facere.

2155 1053 2316 1112 Reus
2334 1056 2544 1111 autem
2563 1068 2642 1112 ex
2668 1068 2732 1111 se
2755 1055 2959 1130 potest
2974 1049 3160 1125 licite,
3187 1056 3249 1112 et
3276 1069 3386 1131 per
3411 1050 3623 1129 legem
3650 1051 3727 1111 il·

2150 1144 2278 1205 lam
2302 1145 2547 1206 videtur
2572 1143 2865 1221 obligari:
2889 1161 3018 1203 non
3038 1149 3194 1204 esset
3214 1161 3362 1221 ergo
3379 1144 3575 1204 ullius
3593 1163 3728 1205 mo-

2151 1237 2347 1299 menti
2379 1237 2710 1315 obligatio,
2737 1236 2858 1296 nisi
2882 1242 3037 1296 esset
3060 1235 3130 1296 in
3153 1239 3553 1298 conscientia.

2230 1332 2331 1391 21.
2383 1330 2687 1393 Covarras
2711 1332 3045 1407 refutatur.
3077 1363 3160 1376 —
3189 1330 3427 1391 Diceret
3456 1329 3729 1391 16116556

2153 1424 2367 1484 Covar.
2408 1422 2776 1502 particulam
2818 1422 2991 1482 illam
3019 1422 3262 1501 operari
3292 1422 3361 1482 in
3388 1423 3614 1483 ordine
3645 1423 3727 1483 ad

2147 1516 2351 1577 forum
2371 1521 2718 1591 externum,
2745 1532 2873 1574 non
2893 1514 3041 1594 quia
3063 1513 3167 1575 det
3183 1514 3499 1575 licentiam
3518 1516 3728 1593 judici

2148 1609 2494 1688 exequendi
2522 1625 2771 1688 poenam
2797 1612 2942 1667 61116
2967 1606 3451 1668 declarationem
3479 1605 3726 1683 delicti,

2149 1707 2220 1762 ut
2247 1701 2405 1763 bene
2446 1700 2663 1780 probat
2705 1700 2866 1761 ratio
2897 1701 3060 1761 16616
3073 1722 3092 1777 3
3121 1701 3229 1762 sed
3257 1701 3405 1780 quia
3443 1701 3626 1776 facit,
3656 1708 3749 1761 111,

2148 1801 2292 1855 6616
2341 1812 2591 1855 omnem
2636 1793 3115 1854 declarationem
3164 1793 3533 1872 delinquens
3581 1813 3727 1855 cen-

2147 1894 2357 1949 seatur
2402 1888 2722 1949 incurrere
2766 1904 3040 1967 poenam,
3089 1903 3217 1946 non
3260 1886 3511 1965 quidem
3566 1894 3721 1948 11166

2147 1979 2571 2059 exequendam
2588 2027 2607 2054 ,
2654 1978 2762 2040 sed
2805 1983 3017 2058 postea
3066 1977 3393 2039 subsecuta
3444 1978 3724 2040 declara-

2145 2074 2334 2134 tione.
2380 2074 2462 2133 At
2500 2072 2619 2133 hoc
2664 2071 2902 2133 duobus
2940 2069 3140 2130 modis
3177 2076 3380 2149 potest
3422 2071 3717 2150 intelligi.

2146 2166 2374 2240 Primo,
2402 2171 2471 2224 ut
2510 2183 2590 2226 ex
2632 2164 2697 2224 vi
2722 2163 2865 2224 talis
2904 2162 3060 2240 legis
3098 2161 3465 2241 delinquens
3504 2170 3723 2242 postea

2144 2257 2353 2337 puniri
2377 2257 2568 2337 possit
2600 2255 2853 2336 speciali
2885 2272 3093 2334 poena,
3118 2272 3192 2315 eo
3217 2255 3384 2333 quod
3409 2256 3625 2315 statim
3648 2275 3722 2316 66

2145 2349 2407 2429 deliquit
2442 2368 2568 2410 non
2608 2348 2792 2409 solvit
2820 2365 3094 2427 poenam,
3120 2347 3214 2408 vel
3240 2366 3369 2407 non
3398 2351 3724 2408 renuntia-

2143 2443 2234 2502 vit
2274 2441 2643 2503 beneficium
2684 2439 2859 2501 nulla
2903 2444 3221 2519 expectata
3264 2439 3717 2502 declaratione.

2143 2535 2220 2594 Et
2243 2535 2346 2595 hic
2374 2534 2595 2594 modus
2618 2531 2949 2613 probabilis
2975 2549 3104 2591 non
3130 2536 3249 2607 est,
3271 2548 3386 2592 nec
3407 2531 3530 2591 sibi
3567 2551 3721 2593 con-

2142 2633 2347 2687 stans:
2371 2632 2509 2687 tum
2534 2626 2683 2705 quia
2710 2625 2762 2685 si
2793 2624 2897 2685 1116
2924 2642 3066 2685 16115
3093 2642 3225 2684 666
3251 2623 3570 2701 obligatur
3600 2631 3721 2685 sta-

2143 2719 2260 2779 tim
2300 2719 2380 2779 ad
2408 2717 2836 2798 exequendam
2863 2734 3116 2796 poenam
3154 2734 3229 2777 ex
3263 2716 3325 2775 vi
3353 2716 3496 2775 talis
3532 2716 3722 2794 legis,

2144 2812 2439 2891 nullaque
2471 2817 2791 2890 expectata
2825 2810 3132 2871 sententia
3156 2808 3583 2884 declaratoria,
3613 2828 3725 2870 6111·

2143 2906 2327 2966 debet
2353 2911 2564 2985 postea
2591 2904 2825 3010 puniri,
2851 2905 3000 2982 quia
3041 2903 3104 2964 id
3131 2921 3260 2963 non
3299 2902 3444 2963 fecit
3462 2907 3489 2963 ⁶?
3513 2904 3629 2964 Vel
3669 2905 3721 2963 si

2143 2998 2471 3059 tenebatur
2501 3016 2577 3059 ex
2601 2999 2665 3057 vi
2700 2996 2876 3075 legis,
2903 3002 2966 3057 et
2991 2996 3131 3058 ideo
3167 3001 3381 3074 postea
3401 2996 3560 3073 juste
3600 3016 3721 3075 pu-

2144 3091 2317 3152 nitur
2344 3097 2641 3171 tanquam
2674 3089 2904 3150 1166161
2939 3087 3115 3168 16315,
3148 3105 3260 3149 6111
3286 3087 3395 3149 1116
3420 3087 3721 3196 obligatio

2145 3203 2272 3245 non
2302 3186 2421 3245 erit
2445 3186 2512 3244 in
2541 3182 2939 3257 conscientia,
2966 3199 3111 3242 cum
3136 3199 3248 3260 per
3272 3180 3481 3259 legem
3508 3184 3721 3261 111-6161-

2146 3278 2420 3381 pientem
2453 3276 2854 3355 imponatur?
2883 3273 3112 3334 Deinde
3152 3274 3345 3352 (quod
3383 3280 3570 3353 caput
3604 3278 3717 3351 aet)

2144 3369 2212 3428 in
2253 3367 2377 3428 11115
2403 3367 2645 3446 legibus
2671 3384 2802 3427 non
2842 3367 3053 3444 agitur
3089 3365 3165 3426 de
3207 3365 3541 3445 punitione
3577 3366 3719 3426 talis

2144 3477 2334 3520 morae
2361 3460 2429 3519 in
2455 3460 2814 3538 exequenda
2840 3476 3049 3539 poena,
3084 3457 3191 3518 sed
3217 3463 3469 3518 tantum
3497 3457 3575 3518 de
3605 3458 3720 3517 im-

2143 3552 2432 3630 ponenda
2453 3551 2563 3611 tali
2587 3551 2772 3612 modo
2796 3569 2982 3631 poena
3005 3569 3116 3630 pro
3138 3550 3261 3610 6116
3280 3551 3543 3611 delicto:
3568 3569 3717 3629 ergo

2144 3643 2292 3704 ficta
2319 3649 2411 3704 est
2443 3649 2505 3704 et
2529 3643 2882 3704 voluntaria
2906 3643 3050 3705 talis
3078 3643 3530 3721 interpretatio.
3558 3643 3717 3715 Quo-

2144 3736 2329 3812 circa,
2360 3737 2504 3797 licet
2535 3739 2603 3797 in
2634 3737 2943 3798 similibus
2974 3735 3215 3797 casibus
3242 3737 3433 3817 possit
3458 3736 3719 3798 fortasse

2139 3831 2325 3909 judex
2374 3829 2815 3890 ecclesiasticus
2863 3834 3076 3908 postea
3118 3830 3341 3908 punire
3381 3828 3720 3889 beneficia-

2143 3927 2301 3998 tum,
2340 3923 2448 4002 qui
2475 3927 2613 4002 post
2650 3922 2777 3983 tale
2818 3922 3113 3983 delictum
3154 3921 3532 3982 beneficium
3560 3923 3718 3982 reti-

2139 4016 2301 4091 nuit,
2329 4020 2391 4075 et
2422 4016 2485 4074 in
2514 4015 2623 4075 illo
2651 4015 3051 4090 ministravit,
3094 4014 3213 4075 1166
3251 4014 3455 4075 solum
3484 4017 3609 4076 erit
3642 4033 3719 4076 ex

2140 4108 2341 4168 officio
2367 4125 2502 4184 suo,
2529 4115 2592 4168 et
2618 4106 2743 4168 alia
2768 4125 2951 4186 poena
2985 4107 3243 4168 fortasse
3272 4107 3630 4184 arbitraria,
3656 4114 3720 4168 et

2138 4201 2217 4261 ad
2246 4200 2365 4261 1166
2391 4201 2596 4279 ipsum
2623 4219 2869 4261 necesse
2892 4206 2985 4262 est
3011 4218 3357 4280 supponere
3383 4200 3715 4279 obligatio-

2136 4311 2284 4355 nem
2319 4294 2713 4374 relinquendi
2747 4293 3120 4354 beneficium
3161 4311 3238 4355 ex
3262 4294 3327 4353 vi
3372 4293 3518 4354 talis
3555 4293 3715 4374 legis

2137 4388 2420 4467 poenalia,
2445 4388 2612 4466 quod
2640 4406 2809 4448 nunc
2836 4388 3099 4465 agimus,

2216 4482 2316 4541 22.
2361 4479 2500 4540 Alio
2549 4497 2698 4558 ergo
2752 4480 2938 4540 modo
2988 4483 3192 4559 potest
3237 4478 3469 4558 exponi
3527 4477 3713 4538 illum

2134 4573 2368 4651 privari
2406 4577 2550 4633 ante
2596 4572 3102 4647 declarationem,
3145 4572 3293 4650 quia
3331 4576 3574 4650 postea,
3607 4570 3713 4632 de·

2134 4664 2467 4726 claratione
2515 4672 2756 4742 secuta,
2806 4683 2992 4745 poena
3034 4664 3472 4726 retrotrahitur
3518 4682 3557 4724 a
3610 4664 3713 4724 die

2132 4758 2441 4818 commissi
2463 4758 2762 4834 611611615,
2781 4776 2852 4818 66
2878 4759 2931 4818 51
2952 4764 3104 4818 11166
3122 4757 3335 4817 11115561
3351 4757 3714 4817 executioni

2131 4850 2451 4927 mandata,
2485 4856 2672 4930 atque
2699 4850 2869 4910 1111116
2908 4850 3110 4910 5611116
3150 4848 3442 4910 effectum
3487 4848 3713 4908 tribuit

2135 4942 2257 5001 illis
2300 4943 2502 5003 verbis
2543 4945 2729 5022 Vasq.
2771 4943 2998 5022 disput.
3041 4944 3181 5018 173,
3222 4960 3356 5020 cap.
3395 4943 3462 5016 2,
3502 4958 3712 5019 neque

2133 5035 2328 5095 alium
2363 5035 2529 5115 apud
2563 5035 2769 5113 ipsum
2812 5035 3075 5113 reperio.
3125 5034 3278 5095 Mihi
3316 5039 3531 5094 autem
3580 5052 3714 5094 non

2132 5127 2429 5187 satisfacit
2455 5148 2469 5186 :
2498 5145 2646 5187 nam
2675 5128 2843 5187 hunc
2878 5125 3204 5188 efleectum
3236 5126 3425 5187 habet
3461 5127 3568 5186 lex
3601 5145 3713 5205 po-

2133 5238 2286 5280 nens
2318 5220 2585 5281 similem
2619 5237 2870 5299 poenam
2891 5220 3024 5298 ipso
3050 5219 3234 5295 facto,
3258 5218 3359 5279 vel
3379 5219 3518 5297 ipso
3532 5219 3708 5295 jure,

2132 5313 2372 5373 etiamsi
2394 5312 2750 5373 ulteriorem
2770 5313 3136 5391 particulam
3154 5330 3283 5372 non
3306 5311 3526 5372 addat:
3556 5330 3711 5389 ergo

2129 5423 2241 5485 per
2279 5405 2445 5465 hunc
2473 5405 2760 5466 effectum
2787 5423 2915 5464 non
2943 5404 3289 5484 explicatur
3312 5403 3467 5482 quid
3494 5404 3709 5464 denuo

480 5497 701 5572 quam)
729 5509 857 5553 non
886 5493 1064 5553 video
1103 5497 1413 5573 quomodo
1454 5497 1781 5562 subsistere
1820 5500 2012 5578 possit
2022 5515 2044 5577 3
2126 5500 2315 5563 faciat
2334 5500 2442 5562 illa
2459 5500 2755 5577 conditio,
2771 5500 2988 5579 absque
2999 5500 3130 5563 alia
3140 5500 3565 5576 declaratione,
3579 5498 3708 5576 vel,
