3976 6219
547 345 588 402 4
1550 349 1666 402 LIB.
1701 350 1738 402 1.
1774 350 1854 400 DE
1885 351 2140 403 NATURA
2172 350 2347 403 LEGIS
2378 351 2442 403 IN
2475 349 2767 402 comum.

548 468 619 508 ra
659 448 812 507 mihi
860 448 1103 507 videtur
1156 454 1218 507 et
1264 448 1592 525 singularis
1636 450 1766 510 haec
1800 451 2105 510 deductio.

549 542 852 615 Secunda,
893 546 954 601 et
990 541 1221 599 Latinis
1259 540 1456 617 magis
1488 547 1735 619 recepta
1776 548 1887 616 est,
1916 549 1984 600 ut
2007 543 2112 619 jus

549 634 789 692 dicatur
819 651 856 691 a
906 631 1175 709 jubendo
1210 653 1222 690 :
1257 650 1403 690 nam
1423 634 1666 708 jussum
1714 634 2112 711 participium

548 732 637 785 est
674 724 845 783 verbi
886 724 1106 796 Jubeo,
1142 729 1202 782 et
1247 723 1299 780 si
1326 742 1362 780 a
1406 725 1726 802 participio
1742 727 1987 799 jussum
2017 743 2109 783 se-

547 816 812 875 cundam
845 814 1147 891 syllabam
1190 814 1534 884 demamus,
1560 816 1660 891 jus
1686 816 2104 892 relinquitur,

545 907 644 966 vel
685 911 869 978 certe,
907 907 957 963 si
987 905 1122 964 illas
1165 905 1317 963 duas
1363 906 1628 982 syllabas
1660 907 1921 979 dividas,
1975 927 2111 966 ora-

544 988 775 1057 tionem
804 998 1158 1068 constitueS,
1189 1014 1311 1072 qua
1339 996 1539 1073 ipsum
1566 999 1809 1073 jussum
1849 1016 1957 1057 seu
1988 999 2110 1057 im-

547 1090 785 1166 perium
809 1088 994 1160 dicat,
1028 1105 1090 1145 se
1121 1106 1248 1146 csse
1272 1088 1375 1164 jus
1392 1104 1410 1162 3
1438 1107 1543 1146 seu
1564 1090 1667 1164 jus
1695 1108 1850 1148 sum.

625 1183 687 1238 ἓ.
743 1180 1297 1239 Tertia—Tertia
1334 1179 1631 1237 derivatio
1670 1186 1781 1253 est,
1824 1188 1893 1237 ut
1925 1181 2030 1255 jus
2074 1200 2112 1239 a

548 1272 793 1348 justitia
824 1270 1102 1344 dicatur3
1135 1270 1221 1328 sio
1252 1270 1417 1327 euim
1445 1271 1601 1329 dixit
1630 1271 1949 1348 UlpianuS,
1974 1273 2017 1330 1.
2050 1277 2108 1346 1,

554 1365 619 1423 ff.
658 1364 733 1422 de
758 1364 961 1421 Justit.
998 1369 1060 1420 et
1075 1362 1203 1438 jur.
1242 1380 1256 1421 ε
1295 1364 1416 1422 Est
1442 1370 1637 1422 autem
1652 1366 1766 1441 jas
1800 1384 1836 1423 α
1851 1366 2113 1440 justitia

557 1456 943 1532 appellatum.
980 1454 1173 1525 Quam
1213 1454 1650 1531 etymologiam
1680 1456 1870 1532 aliqui
1907 1456 2113 1533 impu—

549 1553 766 1623 gnant,
817 1547 963 1623 quia
1007 1546 1247 1621 justitia
1300 1548 1503 1623 potius
1541 1566 1576 1605 a
1625 1548 1761 1623 jure
1801 1548 2115 1606 derivatur

551 1656 737 1715 quam
765 1656 797 1695 e
828 1655 1122 1695 converso
1152 1653 1167 1693 z
1196 1637 1433 1713 justum
1473 1640 1639 1697 enim
1686 1639 1911 1698 dicitur
1950 1640 2115 1717 quod

550 1735 643 1787 est
674 1729 1012 1787 secundum
1062 1729 1183 1803 jus,
1218 1729 1331 1786 Sed
1364 1729 1494 1787 haec
1540 1731 1698 1788 ratio
1740 1749 1866 1789 nou
1899 1732 2065 1806 cogit
2095 1747 2112 1790 2

552 1837 696 1877 uam
727 1818 893 1877 aliud
916 1823 1008 1876 est
1040 1818 1207 1894 loqui
1237 1819 1310 1876 de
1335 1819 1574 1892 ordine,
1606 1839 1711 1878 seu
1736 1821 2115 1879 derivatione

549 1914 750 1989 quoad
793 1910 1246 1985 causalitatem,
1285 1912 1454 1970 aliud
1503 1915 1702 1990 quoad
1755 1915 2115 1974 denomina-

549 2003 806 2076 tionem,
838 2021 944 2061 scu
976 2002 1245 2060 nominis
1274 2003 1729 2079 impositionem
1748 2021 1765 2078 3
1786 2024 1931 2063 nam
1952 2006 2117 2082 prio-

545 2096 599 2155 ri
625 2096 807 2154 modo
847 2113 1064 2154 verum
1099 2100 1209 2168 est,
1248 2096 1553 2171 justitiam
1584 2098 1847 2157 derivari
1894 2117 1931 2156 a
1969 2100 2113 2174 jure

549 2188 635 2262 (id
670 2192 781 2259 est,
815 2186 891 2244 ab
946 2204 1017 2244 eo
1047 2186 1209 2262 quod
1262 2187 1328 2243 in
1359 2205 1424 2245 re
1447 2188 1711 2262 justum,
1766 2195 1826 2248 et
1866 2208 2115 2267 aequum

547 2281 658 2353 est)
701 2279 766 2335 in
810 2278 1050 2336 ratione
1092 2277 1336 2353 objecti,
1388 2297 1458 2337 ac
1492 2280 1751 2339 subinde
1790 2281 1857 2339 in
1887 2299 2113 2356 genere

545 2389 740 2430 causae
772 2368 977 2428 finalis
1022 2369 1120 2428 vel
1151 2369 1425 2429 formalis
1456 2374 1817 2432 extrinsece.
1869 2375 1943 2431 Et
1996 2374 2113 2433 hoc

547 2462 730 2521 modo
765 2461 999 2537 justitia
1021 2479 1130 2537 per
1148 2461 1250 2537 jus
1280 2460 1596 2535 definitur,
1628 2464 1774 2541 quia
1796 2466 1847 2525 J
1850 2484 1921 2524 us
1940 2484 2115 2525 snum

547 2557 872 2634 uniquique
920 2556 1161 2628 tribuit,
1209 2556 1317 2615 lib.
1357 2557 1409 2618 J
1413 2560 1652 2632 ustitia,
1687 2559 1749 2619 ff.
1798 2559 1873 2618 de
1902 2561 2108 2621 Justit.

550 2656 612 2709 et
633 2650 762 2725 jur.
815 2647 1223 2707 Nihilominus
1254 2656 1460 2708 tamen
1502 2651 1703 2727 quoad
1745 2651 2108 2711 denomina-

546 2743 804 2813 tionem,
828 2746 888 2799 et
911 2740 1383 2817 appellationem
1409 2743 1565 2818 juris
1590 2743 1664 2802 de
1694 2762 1814 2820 qua
1836 2743 2109 2821 loquitur

539 2832 1024 2910 jureconsultuS,
1074 2833 1274 2909 potuit
1307 2833 1409 2909 jus
1460 2853 1495 2893 a
1516 2835 1754 2911 justitia
1784 2837 2104 2913 appellari,

545 2925 701 2984 sicut
728 2924 896 2983 visus
947 2924 1086 2982 talis
1120 2930 1231 2997 est,
1272 2924 1420 3002 quia
1447 2927 1643 2986 tendit
1688 2928 1753 2986 in
1800 2928 2106 3004 objectum

544 3017 811 3090 visibile,
835 3023 897 3075 et
919 3016 1322 3075 nihilominus
1339 3018 1646 3093 objectum
1672 3020 2108 3079 denominatur

542 3109 779 3170 visibile
816 3108 895 3168 ab
942 3108 1074 3187 ipso
1121 3108 1278 3168 visu.
1321 3108 1419 3169 sic
1446 3129 1593 3186 ergo
1628 3113 1871 3189 justitia
1913 3119 1973 3172 et
2014 3121 2107 3172 est

541 3202 704 3275 talis,
736 3202 883 3279 quia
915 3201 1114 3261 tendit
1153 3202 1230 3261 ad
1259 3204 1750 3263 constituendam
1791 3206 2106 3282 aequalita—

543 3300 694 3368 tem,
727 3311 916 3372 quam
951 3293 1211 3352 dicimus
1239 3310 1366 3352 esse
1400 3294 1603 3372 ipsum
1648 3296 1925 3355 medium
1974 3298 2109 3373 jus-

540 3393 702 3461 tum,
748 3393 810 3445 et
844 3385 961 3445 hoc
998 3386 1273 3444 medium
1320 3392 1483 3446 recte
1539 3387 1741 3464 potuit
1785 3406 1822 3447 a
1867 3389 2109 3464 justitia

542 3477 929 3537 denominari
953 3475 1192 3552 justum
1231 3495 1246 3537 :
1279 3495 1426 3536 nam
1473 3477 1577 3536 illa
1622 3479 1939 3556 aequalitas
1963 3486 2107 3559 apta

542 3576 634 3630 est-
668 3588 779 3648 per
822 3568 1125 3647 justitiam
1158 3568 1316 3644 fieri,
1349 3575 1409 3628 et
1439 3571 1583 3629 inde
1619 3581 1873 3630 vocatur
1916 3572 2100 3650 justa.

544 3662 691 3721 Inde
733 3679 878 3721 vero
927 3661 1128 3739 potuit
1158 3660 1333 3720 facile
1379 3661 1640 3721 derivari
1691 3663 1814 3739 jus„
1857 3664 2105 3742 dempta

541 3752 765 3813 ultima
794 3763 968 3831 parte
1019 3752 1181 3812 vocis
1212 3754 1477 3831 justum,
1522 3753 1678 3813 sicut
1731 3755 1808 3814 de
1853 3757 2105 3817 nomine

532 3847 776 3925 jussum
805 3844 1181 3904 dicebamus.
1227 3846 1304 3905 Et
1348 3846 1436 3904 ita
1487 3846 1670 3906 etiam
1719 3848 1875 3908 dixit
1919 3851 2104 3911 Isido-

542 3954 670 4011 ruS,
717 3939 754 3997 5
788 3936 1084 4014 Etymol.,
1112 3955 1244 4014 cap.
1279 3940 1316 3997 3
1345 3954 1361 3996 ε
1392 3939 1445 3998 J
1446 3957 1519 3998 us
1543 3957 1663 4001 esse
1689 3941 1934 4015 dictum,
1958 3945 2106 4021 quia

531 4030 771 4107 justum
800 4035 885 4091 est
920 4049 931 4090 :
962 4030 1365 4107 AugustinuS,
1394 4030 1580 4090 etiam
1609 4031 1673 4090 in
1703 4032 1924 4094 Psalm.
1962 4038 2100 4109 145,

541 4122 703 4181 circa
727 4122 915 4181 finem
950 4142 964 4179 :
992 4122 1045 4183 J
1045 4140 1119 4182 us
1151 4122 1397 4201 (inquit)
1428 4128 1481 4183 et
1515 4123 1757 4201 injuria
1793 4129 2104 4189 contraria

539 4220 681 4276 sunt
703 4239 725 4274 .·
741 4214 855 4292 jus
883 4215 1037 4275 enim
1066 4219 1152 4275 est
1183 4217 1338 4292 quod
1349 4216 1588 4293 just-um
1617 4221 1721 4277 est.
1761 4218 1929 4278 Sicut
1952 4238 2101 4298 ergo

534 4306 776 4383 justum
809 4324 846 4364 a
873 4305 1107 4383 justitia
1157 4305 1318 4366 clarc
1365 4308 1824 4381 denominatur,
1873 4311 1962 4370 ita
2000 4313 2103 4389 ,ius

541 4399 745 4474 potuit
772 4415 810 4456 a
837 4398 1028 4474 just0,
1080 4402 1143 4455 et
1180 4397 1423 4474 justitia
1468 4398 1855 4459 denominari
1898 4403 2102 4479 quoad

542 4490 985 4569 etymologiam
1015 4490 1199 4548 vociS.

623 4585 680 4642 3.
728 4581 902 4640 Unde
930 4581 1096 4640 idem
1124 4579 1528 4657 AugustinuS,
1559 4581 1668 4641 lib.
1708 4586 1782 4644 19
1826 4585 1901 4644 (16
1943 4585 2101 4645 Civi-

539 4678 690 4747 tate,
717 4690 851 4749 cap.
874 4674 977 4745 21,
994 4676 1293 4749 tanquam
1314 4674 1684 4752 principium
1712 4676 2103 4754 philosopho-

539 4782 677 4826 rum
714 4764 941 4824 sumit:
979 4763 1145 4835 Quod
1171 4764 1327 4825 illud
1355 4767 1469 4842 jus
1515 4786 1634 4827 esse
1679 4769 1904 4842 dicant,
1950 4773 2108 4848 quod

541 4858 895 4935 dejustitioe
923 4859 1089 4932 fonte
1129 4860 1421 4919 manavit.
1467 4860 1754 4931 Quamvis
1799 4863 1966 4920 enim
2001 4864 2102 4940 jus

540 4967 651 5027 per
667 4949 921 5007 modum
945 4947 1165 5025 objecti
1185 4949 1263 5008 sit
1282 4968 1393 5009 cau
1403 4969 1466 5010 sa
1479 4952 1756 5028 justitiae,
1794 4954 1858 5011 in
1878 4972 2102 5029 genere

539 5045 751 5100 tamen
781 5059 980 5099 causae
1016 5041 1360 5116 efficientiS,
1393 5049 1482 5103 est
1517 5042 1765 5103 effectus
1806 5046 2096 5122 justitiae:

541 5151 689 5193 nam
704 5132 942 5209 justitia
960 5133 1127 5202 facit,
1145 5140 1206 5194 et
1227 5136 1541 5195 constituit
1562 5137 1864 5214 objectum
1891 5157 2069 5199 suum
2075 5186 2095 5215 ,

509 5225 702 5284 'sicut
739 5222 875 5282 aliae
901 5223 1161 5285 virtutes
1195 5227 1477 5287 morales,
1523 5228 1678 5287 Illud
1708 5247 1857 5306 ergo
1899 5230 2098 5307 objec-

539 5322 677 5376 tum
715 5315 767 5375 si
795 5314 864 5373 in
892 5316 1168 5392 potentia
1204 5319 1643 5395 consideretur,
1673 5327 1875 5399 posset
1911 5323 2099 5382 deno·

539 5406 768 5469 minari
806 5425 844 5468 a
887 5406 1126 5485 justitia
1161 5409 1551 5487 justificabile
1576 5414 1668 5487 (ut
1710 5414 1797 5474 sic
1844 5413 2092 5491 dicam),

2192 450 2349 509 sicut
2370 451 2444 509 de
2474 450 2606 508 visu
2632 454 2693 508 et
2725 445 2951 507 visibili
2981 445 3368 504 dicebamus:
3402 450 3612 506 tamen
3640 445 3752 507 illa

2192 542 2611 602 denominatio
2639 559 2761 599 non
2789 544 2879 598 est
2907 539 2972 596 in
3003 557 3137 608 usu,
3173 545 3233 596 et
3261 537 3523 598 barbara
3552 551 3661 611 est,
3689 545 3753 597 et

2191 635 2327 694 loco
2363 635 2526 693 illins
2569 633 2810 691 videtur
2846 630 3267 689 introductum
3310 648 3536 690 nomen
3562 632 3750 706 juris,

2193 734 2261 784 ut
2291 734 2380 785 cst
2420 727 2727 803 objectum
2752 723 3044 801 justitiae:
3083 723 3132 780 si
3166 728 3376 781 autem
3406 723 3756 782 considere—

2188 826 2292 877 tur
2321 818 2474 876 illud
2499 818 2804 895 objectum
2839 816 2901 873 in
2929 821 3092 888 actu,
3120 814 3205 872 sic
3232 815 3460 872 dicitur
3480 821 3749 890 justum,

2191 917 2252 970 et
2275 911 2394 968 dici
2417 916 2614 986 potest
2643 910 2764 985 jus„
2802 909 2900 967 Sic
2933 908 3100 965 enim
3129 907 3373 983 proprie
3407 907 3608 965 locum
3642 906 3752 965 ha-

2191 1002 2295 1061 bet
2313 1002 2477 1079 quod
2500 1002 2654 1059 dixit
2675 999 3078 1075 Augustinus,
3094 997 3193 1074 jus
3217 1004 3277 1056 et
3302 998 3597 1074 iujuriam
3621 1017 3753 1060 esse

2191 1096 2527 1153 contraria:
2581 1111 2728 1151 nam
2771 1091 3002 1167 injuria
3040 1090 3196 1147 nihil
3238 1090 3407 1149 aliud
3442 1098 3534 1149 est
3561 1110 3752 1169 quam

2191 1190 2360 1243 actus
2402 1185 2697 1260 injustus:
2736 1183 2914 1241 etita
2958 1183 3146 1240 etiam
3177 1181 3333 1239 dixit
3373 1183 3439 1241 in
3483 1184 3752 1242 secundo

2194 1274 2324 1333 loco
2352 1275 2647 1350 allegato:
2682 1275 2848 1346 Quod
2865 1275 3012 1350 y'ure
3042 1276 3140 1347 fit,
3165 1277 3431 1349 profecto
3449 1276 3618 1351 juste
3647 1278 3747 1353 fit.

2194 1366 2366 1425 Unde
2410 1366 2852 1438 Ba1tolomeuS,
2888 1366 2953 1423 in
2996 1365 3057 1423 d.
3102 1364 3206 1424 lib.
3256 1368 3313 1439 1,
3354 1366 3511 1424 dixit
3545 1368 3647 1444 jus
3683 1370 3752 1428 in

2195 1462 2332 1520 actu
2353 1476 2478 1517 esse
2504 1460 2953 1529 executionem,
2981 1462 3041 1515 et
3070 1457 3145 1515 de
3170 1456 3285 1516 1106
3313 1458 3751 1535 interpretatur

2195 1549 2365 1608 illam
2391 1550 2622 1626 legem:
2647 1554 3071 1608 verumtamen
3094 1549 3283 1608 etiam
3303 1556 3499 1627 potest
3521 1553 3751 1629 optime

2198 1640 2457 1716 intelligi
2498 1642 2572 1699 de
2614 1643 2755 1717 jure
2794 1641 2859 1697 111
2907 1641 3203 1717 potentia,
3249 1659 3356 1700 seu
3396 1642 3463 1700 in
3509 1642 3747 1719 habitu,

2197 1731 2343 1808 quia
2389 1737 2479 1803 (ut
2513 1732 2663 1805 dixi)
2708 1749 2835 1790 non
2876 1738 2967 1790 est
3010 1750 3211 1790 sermo
3248 1733 3322 1791 de
3362 1736 3752 1797 emanatione

2198 1823 2449 1895 causali,
2487 1823 2590 1881 sed
2620 1823 2694 1881 de
2733 1823 2860 1881 sola
2900 1823 3423 1896 denominatione,
3455 1826 3611 1885 sicut
3639 1829 3750 1887 sci-

2197 1913 2316 1972 bile
2347 1914 2783 1973 denominatur
2822 1933 2860 1972 a
2907 1916 3164 1973 scicntia
3193 1916 3376 1974 etiam
3406 1917 3473 1974 in
3511 1917 3741 1978 habita.

2197 2006 2359 2063 Nihil
2393 2024 2540 2082 ergo
2582 2012 2671 2064 est
2707 2007 3086 2065 incommodi
3112 2008 3178 2065 in
3210 2007 3325 2066 hac
3355 2010 3741 2087 etymologia,

2195 2102 2256 2154 et
2295 2100 2576 2174 quamvis
2604 2097 2906 2156 incertum
2938 2099 3017 2156 sit
3043 2117 3179 2175 quae
3207 2099 3466 2158 istarum
3490 2102 3750 2162 duarum

2194 2188 2634 2247 deductionum
2668 2189 2744 2247 sit
2786 2190 3008 2258 verior,
3054 2197 3312 2268 utraque
3344 2195 3630 2270 praesenti
3659 2195 3750 2253 in-

2197 2282 2409 2339 stituto
2438 2282 2742 2340 deservire
2775 2287 2993 2358 potest.

2273 2375 2333 2431 4.
2379 2373 2670 2435 Nominis
2709 2374 2820 2431 Jus
2857 2374 3250 2451 siqnificatio.
3302 2411 3381 2419 —
3422 2378 3609 2436 Juxta
3642 2378 3750 2438 has

2195 2481 2342 2540 ergo
2367 2465 2518 2523 duas
2544 2465 2708 2523 vocis
2737 2464 3167 2539 derivationes,
3195 2485 3423 2527 nomen
3450 2471 3502 2530 J
3505 2489 3577 2530 us
3599 2472 3749 2530 duas

2194 2555 2532 2632 praecipuas
2546 2556 2732 2615 habet
2755 2556 2802 2614 si
2808 2557 3253 2634 gnificationeS,
3266 2577 3416 2636 quas
3433 2562 3750 2622 adnotavit

2188 2649 2429 2723 Driedo,
2461 2649 2570 2707 lib.
2616 2654 2640 2708 1
2691 2649 2765 2708 (16
2807 2650 3036 2709 Libert.
3070 2652 3423 2727 Christian„
3463 2673 3597 2734 cap.
3646 2660 3737 2717 10.

2188 2742 2368 2813 Nam,
2408 2741 2588 2819 juxta
2616 2742 2897 2801 ultimam
2937 2745 3399 2821 etymologiam,
3436 2748 3535 2824 jus
3582 2749 3746 2808 idem

2189 2833 2494 2910 significat
2542 2835 2702 2912 quod
2746 2835 2980 2911 justum
3031 2842 3093 2895 et
3133 2856 3404 2914 aequum,
3451 2841 3618 2917 quod
3659 2848 3747 2901 est

2189 2925 2496 3001 objectum
2519 2926 2794 3002 justitiae.
2841 2928 3364 2989 Considerandum
3407 2938 3498 2990 est
3537 2939 3746 2992 autem

2180 3018 2435 3094 justitiae
2467 3037 2694 3078 nomen
2745 3018 3070 3097 dupliciter
3101 3022 3314 3100 accipi.
3364 3025 3593 3099 Prim0,
3638 3044 3747 3103 pro

2188 3112 2359 3170 omui
2387 3112 2640 3185 virtute,
2669 3113 2815 3189 quia
2839 3116 3038 3174 omnis
3063 3115 3260 3174 virtus
3288 3118 3538 3195 respicit
3567 3124 3628 3178 et
3655 3119 3743 3178 fa-

2188 3203 2269 3261 cit
2298 3204 2505 3282 aliquo
2534 3204 2719 3265 modo
2746 3207 3099 3283 aequitatem
3120 3226 3135 3268 :
3159 3211 3450 3285 secundo,
3477 3230 3587 3288 pro
3610 3231 3744 3291 spc-

2189 3296 2329 3355 ciali
2369 3298 2595 3357 virt-ute
2635 3298 2944 3359 tribuente
2989 3301 3168 3361 alteri
3202 3304 3365 3380 quod
3410 3323 3591 3364 suum
3629 3312 3740 3366 est.

2191 3387 2445 3466 Utrique
2488 3408 2636 3466 ergo
2681 3391 3115 3469 significationi
3156 3395 3258 3471 jus
3308 3413 3449 3455 cum
3495 3416 3744 3476 propor-

2187 3480 2353 3540 tione
2397 3483 2763 3561 respondet:
2813 3503 2957 3544 nam
3003 3488 3205 3564 primo
3248 3488 3353 3565 jus
3395 3490 3743 3567 significare
3811 3542 3820 3550 .

2186 3580 2384 3649 potest
2408 3578 2704 3654 quidquid
2734 3584 2823 3637 est
2860 3597 3130 3657 aequum,
3159 3588 3220 3640 et
3262 3590 3744 3644 consentaneum

2184 3666 2433 3741 rationi,
2456 3669 2617 3745 quod
2643 3676 2733 3729 est
2760 3671 2949 3730 veluti
2975 3675 3262 3749 generale
3289 3676 3597 3754 objectum
3621 3678 3743 3737 vir-

2185 3759 2334 3817 tutis
2366 3759 2431 3818 in
2458 3779 2703 3837 genere.
2722 3761 3024 3838 Secund0,
3052 3772 3248 3843 potest
3274 3770 3377 3845 jus
3400 3769 3743 3847 significare

2186 3851 2563 3927 aequitatem,
2586 3872 2722 3930 quae
2751 3856 3081 3934 unicuique
3104 3876 3179 3917 ex
3199 3860 3440 3936 justitia
3459 3861 3738 3937 debetur,

2185 3948 2246 4002 et
2275 3942 2405 4004 haec
2429 3948 2724 4023 posterior
2748 3948 3117 4025 significatio
3141 3954 3340 4030 magis
3367 3961 3458 4013 est
3485 3956 3549 4014 in
3583 3975 3696 4015 usu
3722 3973 3739 4015 :

2184 4054 2329 4094 nam
2354 4036 2458 4113 jus
2498 4039 2583 4096 sic
2623 4047 2940 4119 acceptum
2982 4043 3059 4101 ad
3090 4046 3404 4122 propriam
3434 4049 3742 4125 justitiam

2184 4129 2397 4189 referri
2436 4132 2703 4198 maxime
2738 4133 2913 4193 solet.
2958 4135 3131 4195 Unde
3174 4139 3241 4197 D.
3289 4140 3554 4212 Thomas
3582 4145 3640 4200 2.
3674 4146 3738 4217 ᾖ,

2182 4227 2395 4298 quaest.
2430 4225 2529 4297 57,
2561 4231 2676 4284 art.
2713 4235 2772 4299 1,
2801 4227 2961 4286 hanc
2986 4228 3142 4287 dixit
3179 4249 3306 4290 esse
3342 4235 3608 4310 primam
3644 4254 3743 4295 ra-

2181 4313 2412 4372 tionem
2434 4321 2495 4375 et
2517 4316 3027 4394 significationem
3047 4321 3234 4398 juris:
3254 4329 3315 4383 et
3342 4325 3485 4384 inde
3513 4327 3742 4403 optime

2182 4405 2488 4465 concludit
2507 4409 2572 4466 in
2597 4408 2899 4470 solutione
2923 4412 2999 4470 ad
3018 4415 3078 4487 2,
3095 4414 3195 4491 jus
3223 4434 3348 4475 non
3368 4436 3493 4477 esse
3513 4418 3739 4495 legem,

2182 4498 2286 4556 sed
2317 4499 2521 4576 potius
2550 4518 2679 4561 esse
2709 4501 2771 4560 id
2803 4506 2957 4581 quod
2991 4506 3114 4583 Zepe
3142 4511 3586 4585 praescribitur,
3631 4531 3740 4572 seu

2181 4597 2593 4652 mensuratur.
2616 4595 2790 4666 Quod
2815 4613 2928 4673 ego
2948 4615 3165 4658 censeo
3188 4619 3326 4659 cum
3347 4605 3741 4680 proportione

2182 4701 2309 4742 esse
2344 4684 2851 4762 intelligendum:
2887 4707 3032 4748 nam
3063 4691 3226 4769 leges
3255 4695 3629 4771 pertinentes
3661 4699 3743 4758 ad

2183 4775 2506 4851 specialem
2544 4779 2845 4854 justitiam
2876 4775 3212 4860 respiciunt
3233 4787 3333 4862 jus
3356 4789 3641 4865 speciale,
3673 4791 3744 4849 in

2183 4866 2345 4925 dicta
2373 4871 2745 4946 proprietate
2776 4880 3090 4950 sumptum
3121 4896 3133 4931 :
3169 4876 3264 4935 lex
3296 4886 3502 4939 autem
3541 4882 3606 4939 in
3635 4900 3744 4959 ge-

2182 4975 2349 5032 nere,
2381 4966 2563 5035 prout
2598 4962 2662 5020 in
2696 4964 2984 5023 omnibus
3023 4966 3351 5028 virtutibus
3387 4972 3591 5031 locum
3623 4975 3743 5034 ha-

2182 5049 2325 5108 bere
2349 5057 2567 5127 potest,
2614 5057 2890 5132 respiciet
2919 5058 3022 5133 jus
3056 5061 3445 5137 generaliter,
3481 5071 3541 5124 et
3568 5066 3744 5143 large

2181 5149 2519 5219 sumptum,
2538 5146 2692 5204 sicut
2715 5147 2869 5207 dixit
2893 5149 3122 5226 CicerO,
3150 5153 3258 5211 lib.
3284 5155 3320 5211 2
3350 5156 3425 5215 de
3449 5157 3741 5236 Legibus,

2179 5232 2244 5290 in
2286 5232 2417 5309 ipso
2445 5237 2697 5295 nomine
2728 5238 2880 5314 legis
2904 5242 3099 5302 inesse
3129 5246 3256 5304 vim
3295 5248 3445 5324 justi
3482 5256 3542 5308 et
3576 5251 3747 5327 juris

2178 5322 2443 5398 colendi,
2474 5327 2620 5403 quia
2647 5346 2790 5388 vera
2817 5330 2912 5390 lex
2944 5351 3192 5412 aequum
3235 5345 3296 5398 et
3320 5340 3552 5416 justum
3584 5361 3746 5420 prae·

2178 5414 2378 5493 cipere
2401 5417 2602 5495 dehet,
2629 5427 2698 5480 ut
2716 5422 2868 5483 dixi.
