3976 6219
1154 406 1287 458 CAP.
1325 405 1405 458 IV.
1443 404 1829 457 COROLLARIA
1861 406 1940 457 Ex
1979 405 2303 459 SUPERIORI
2336 405 2662 460 DOCTRINA.

196 568 203 573 .
308 528 406 571 res
438 525 725 590 personas
751 505 1082 569 successive
1100 507 1394 583 varietur,
1426 524 1667 592 semper
1689 506 1867 566 estin

307 603 593 663 omnibus
626 601 985 661 immediate
1032 619 1068 660 a
1100 601 1243 661 Deo,

384 699 445 758 9.
482 696 734 773 Oportet
777 699 984 753 autem
1030 693 1129 752 hic
1161 691 1538 769 distinguere
1560 692 1711 751 duos
1735 709 1866 750 mo-

306 790 414 851 dos
439 789 663 868 quibus
686 787 900 848 haberi
921 786 1074 846 solet
1086 791 1349 865 potestas
1363 784 1591 864 aliqua,
1609 784 1860 859 scilicet,

305 883 402 943 vcl
431 887 501 941 ut
529 881 868 954 ordinaria,
915 880 1012 940 vel
1056 885 1126 939 ut
1162 879 1485 956 delegata:
1538 896 1685 937 nam
1726 895 1864 957 quae

308 975 467 1036 dicta
501 980 666 1049 sunt,
705 975 781 1035 de
810 973 1125 1035 ordinaria
1158 977 1453 1051 potestate
1485 973 1862 1051 procedunt:

306 1067 392 1129 ita
420 1068 586 1128 enim
615 1072 708 1128 est
738 1066 870 1127 haec
916 1071 1179 1145 potestas
1206 1065 1561 1125 immediate
1584 1083 1622 1125 a
1644 1066 1768 1124 Deo
1799 1063 1867 1123 in

306 1160 771 1235 communitate,
809 1164 870 1219 et
896 1159 1110 1220 eodem
1139 1158 1322 1219 modo
1346 1158 1424 1217 ab
1449 1156 1555 1217 illa
1578 1157 1869 1218 transfer-

307 1257 410 1312 tur
428 1252 497 1311 in
525 1252 865 1331 principem
909 1256 979 1312 ut
1010 1256 1308 1330 tanquam
1343 1249 1629 1330 proprius
1672 1249 1868 1309 domi·

306 1363 424 1404 nus
449 1344 555 1405 illa
578 1351 813 1418 utatur,
857 1350 920 1406 et
946 1350 1017 1403 ut
1053 1343 1285 1404 habens
1312 1342 1484 1403 illam
1518 1360 1595 1403 ex
1635 1342 1698 1401 vi
1727 1360 1868 1421 pro-

306 1438 424 1516 prii
452 1437 750 1497 muneris.
784 1439 866 1497 De
898 1437 1020 1497 alio
1057 1454 1201 1497 vero
1238 1436 1422 1496 modo
1449 1435 1638 1514 quaeri
1669 1440 1868 1514 potest

305 1547 388 1589 an
414 1529 546 1589 haec
574 1534 841 1607 potestas
864 1528 1221 1606 delegabilis
1249 1529 1326 1588 sit
1355 1550 1372 1602 ;
1414 1527 1575 1607 quod
1605 1525 1866 1585 dubium

307 1627 514 1682 movet
536 1623 702 1682 Bart.
746 1624 810 1681 in
842 1622 884 1681 l.
936 1622 1145 1683 Omnes
1163 1622 1394 1700 populi,
1427 1619 1490 1681 fl.
1520 1621 1595 1681 de
1618 1620 1650 1680 J
1660 1620 1867 1679 ustitia

308 1722 368 1775 et
390 1715 552 1792 jure,
579 1734 641 1793 q.
677 1717 738 1790 2,
762 1715 1023 1794 princip.
1056 1715 1415 1793 quaestiunc.
1463 1715 1523 1787 5,
1556 1732 1620 1772 11.
1656 1714 1770 1787 203
1804 1718 1867 1773 et

309 1807 643 1867 Panormit.
669 1807 737 1867 in
762 1825 892 1886 cap.
928 1807 1182 1873 Gravem
1211 1806 1285 1866 de
1312 1807 1586 1867 Sentent.
1625 1823 1869 1867 excom-

308 1917 484 1959 mun.
528 1902 846 1979 Potestque
877 1900 1130 1960 tractari
1152 1899 1228 1960 de
1255 1899 1426 1960 omni
1454 1903 1752 1978 potestate
1779 1897 1866 1958 18-

304 1990 592 2068 gislativa
644 1992 943 2068 humana,
1001 1999 1129 2052 tam
1167 1992 1620 2072 supernaturali
1676 2008 1866 2070 quam

303 2084 595 2159 naturali,
620 2088 682 2145 ‘et
708 2086 775 2144 in
804 2104 1191 2164 quocumque
1224 2091 1411 2160 statu,
1432 2091 1495 2146 et
1511 2086 1600 2145 ita
1622 2084 1868 2145 videtur

300 2177 554 2236 tractari
583 2194 620 2235 a
652 2177 827 2236 dictis
852 2179 1229 2253 auctoribus,
1253 2180 1360 2257 qui
1384 2178 1744 2258 simpliciter
1761 2178 1867 2237 do-

300 2274 441 2329 cent
465 2274 829 2348 potestatem
858 2270 1020 2330 hanc
1049 2270 1452 2349 delegabilem
1488 2289 1619 2331 esse
1634 2286 1654 2347 ;
1700 2270 1866 2349 quod

300 2362 718 2422 Panormitan.
756 2362 990 2441 colligit
1027 2382 1105 2424 ex
1146 2363 1309 2424 dicto
1336 2382 1388 2427 c.
1422 2364 1698 2438 G-ravem,
1733 2362 1859 2423 ibi:

304 2454 562 2528 Quidam
604 2456 755 2517 cives
800 2456 1024 2517 Pisani
1073 2457 1341 2534 deputati
1375 2474 1413 2517 a
1447 2460 1764 2534 potestate,
1810 2461 1866 2516 et

290 2549 514 2627 populo
544 2550 625 2608 ad
648 2553 879 2609 statuta
920 2549 1190 2610 civitatis
1216 2550 1456 2621 edenda,
1496 2553 1614 2607 etc.
1648 2547 1863 2625 Colltgi

303 2642 489 2701 etiam
515 2640 667 2701 solet
693 2652 769 2701 ex
789 2641 989 2719 prima
1011 2641 1147 2719 lege
1176 2640 1429 2714 CodiciS‚
1464 2639 1501 2719 ξ
1529 2640 1777 2712 Quibus,

387 2735 483 2795 10.
534 2734 677 2807 Quoe
715 2740 979 2812 potestas
1020 2734 1387 2813 deleqabilis.
1410 2733 1623 2793 -Sed
1649 2731 1863 2793 adver-

304 2827 560 2886 tendum
581 2832 670 2887 est
695 2826 934 2887 duobus
962 2827 1162 2886 modis
1186 2826 1320 2886 fieri
1341 2844 1512 2905 posse
1526 2826 1686 2885 hanc
1698 2843 1863 2885 com·

306 2920 661 2980 missionem
690 2938 798 2980 seu
841 2918 1333 2997 delegationem:
1378 2937 1505 2978 uno
1548 2917 1754 2994 mode,
1794 2924 1864 2978 ut

305 3011 608 3090 delegatio
628 3013 708 3071 sit
730 3013 806 3073 ad
824 3013 1210 3072 condendam
1232 3011 1458 3088 legem,
1480 3011 1864 3072 decernendo

304 3123 385 3165 an
415 3106 491 3165 sit
512 3106 680 3184 justa
706 3112 768 3166 et
794 3106 986 3181 utilis,
1013 3105 1109 3167 vel
1137 3105 1500 3181 necessaria,
1546 3111 1608 3165 et
1641 3104 1864 3183 quibus

303 3199 507 3259 verbis
533 3199 789 3261 ferenda
814 3200 917 3275 sit,
956 3218 1082 3259 non
1114 3205 1322 3260 tamen
1361 3199 1730 3260 extendatur
1756 3216 1862 3276 po-

305 3299 487 3353 testas
520 3294 786 3371 delegati
809 3293 889 3354 ad
912 3293 1179 3353 dandam
1202 3292 1326 3370 legi
1354 3293 1481 3352 vim
1519 3290 1858 3369 obligandi,

303 3391 365 3446 et
399 3393 839 3465 consequenter
878 3402 991 3447 nec
1032 3386 1111 3446 ad
1147 3385 1659 3465 promulgandam
1687 3384 1859 3443 illam

300 3483 597 3557 tanquam
625 3479 864 3557 legem3
897 3485 959 3539 et
988 3479 1107 3539 hoc
1141 3478 1325 3538 modo
1355 3477 1750 3537 manifestum
1770 3480 1861 3535 est

300 3577 661 3649 potestatem
690 3572 850 3633 hanc
875 3590 1004 3634 esse
1033 3571 1437 3650 delegabilem
1464 3587 1483 3648 3
1520 3577 1726 3631 tamen
1753 3570 1860 3630 illa

298 3684 365 3726 re
401 3684 547 3726 vera
578 3684 705 3726 non
754 3671 846 3727 est
891 3665 1196 3745 delegatio
1235 3666 1704 3744 jurisdictioniS,
1751 3664 1858 3725 sed

299 3759 498 3820 solum
545 3759 863 3838 cujusdam
909 3759 1235 3819 ministerii
1265 3758 1632 3838 requirentis
1655 3758 1858 3818 scien·-

298 3855 449 3915 tiam
471 3861 532 3915 et
554 3854 837 3934 peritiam
862 3876 876 3914 ε
914 3854 1081 3914 unde
1109 3854 1310 3933 potius
1336 3854 1578 3914 videtur
1600 3871 1730 3914 esse
1749 3870 1860 3932 per

301 3949 558 4008 modum
592 3949 912 4028 cujusdam
937 3948 1398 4009 consultationis
1408 3963 1428 4024 3
1451 3953 1511 4007 et
1538 3947 1654 4007 hoc
1675 3946 1860 4007 modo

302 4047 394 4103 est
413 4042 773 4121 quotidiana
797 4041 930 4102 haec
953 4042 1290 4120 delegati03
1321 4041 1448 4101 imo
1475 4041 1581 4100 vix
1608 4045 1864 4118 possunt

300 4134 468 4212 leges
495 4135 673 4195 aliter
697 4135 849 4195 ferri
871 4153 910 4195 a
931 4135 1339 4214 principibus,
1370 4134 1478 4212 qui
1512 4151 1622 4211 per
1646 4151 1710 4193 se
1734 4150 1862 4192 non

298 4233 553 4307 possunt
567 4227 777 4289 omnia
799 4227 1139 4288 necessaria
1156 4227 1233 4286 ad
1250 4227 1453 4303 legem
1480 4224 1861 4285 condendam

301 4321 579 4397 efficere3
629 4327 693 4381 et
733 4320 785 4381 si
832 4321 968 4400 quis
995 4325 1159 4379 recte
1214 4319 1560 4379 consideret
1598 4317 1863 4395 allegata

291 4414 457 4493 jura,
489 4413 688 4474 solum
716 4411 832 4473 hoc
868 4411 1154 4491 probant.
1182 4411 1376 4473 Aliter
1408 4429 1554 4490 ergo
1583 4411 1700 4471 erit
1724 4429 1862 4489 pro-

298 4507 434 4586 pria
459 4506 784 4583 delegatio,
814 4507 1061 4585 quando
1098 4507 1186 4566 ita
1230 4506 1415 4566 alicui
1452 4504 1862 4565 committitur

296 4598 451 4677 legis
485 4599 694 4674 editio,
726 4604 795 4658 ut
823 4599 1013 4678 possit
1036 4601 1224 4660 etiam
1247 4618 1356 4678 per
1376 4617 1552 4659 suam
1579 4600 1858 4661 volunta·

298 4698 424 4753 tem
476 4692 567 4751 illi
609 4692 755 4752 dare
794 4693 1224 4754 auctoritatem
1258 4697 1320 4752 et
1361 4692 1552 4752 robur
1577 4694 1710 4754 sine
1738 4693 1860 4753 alia

298 4784 766 4846 confirmatione
789 4784 888 4847 vel
915 4785 1355 4864 approbatione
1395 4784 1756 4863 delegantiS,
1799 4790 1861 4846 et

298 4877 401 4938 hic
412 4877 632 4938 modus
655 4897 782 4940 non
796 4884 887 4939 est
896 4884 1026 4938 tam
1043 4878 1331 4956 frequens
1346 4879 1444 4939 vel
1455 4879 1671 4938 facilis:
1694 4878 1859 4938 unde

298 4970 577 5030 Bartolus
593 4988 780 5049 supra
816 4971 1142 5049 distinguit
1164 4972 1327 5031 inter
1351 4972 1858 5032 communitatem

297 5070 360 5124 et
386 5064 750 5143 principem,
773 5068 834 5124 et
855 5064 1003 5124 dicit
1024 5065 1535 5125 communitatem
1554 5083 1729 5144 posse
1754 5065 1857 5126 de-

295 5154 501 5234 legare
530 5156 692 5216 hanc
719 5161 1114 5235 potestatem,
1165 5158 1411 5235 quando
1443 5158 1857 5218 communitas

293 5247 482 5308 habet
517 5247 677 5308 hanc
721 5253 1084 5327 potestatem
1096 5255 1189 5336 ,ut
1215 5249 1616 5324 ordinariam,
1653 5256 1716 5310 et
1743 5268 1855 5310 suo

294 5340 550 5401 arbitrio
572 5347 771 5420 potest
797 5341 906 5402 illa
937 5342 1028 5402 uti
1056 5348 1127 5401 ut
1145 5340 1427 5403 voluerit.
1457 5342 1537 5402 At
1550 5342 1881 5421 principes·

294 5440 404 5494 aut
426 5435 663 5513 judices
698 5436 923 5515 quibus
961 5438 1334 5498 demandata
1375 5445 1465 5499 est
1512 5440 1642 5500 haec
1670 5440 1856 5518 juris-

294 5528 506 5603 dictio,
553 5529 702 5590 dicit
744 5548 873 5591 non
908 5548 1084 5611 posse
1132 5531 1306 5594 illam
1348 5532 1677 5612 delegare3
1718 5539 1857 5594 tum

3390 397 3505 458 187

1949 506 2098 585 quia
2126 504 2374 566 illorum
2399 505 2706 566 industria
2732 503 3077 584 postulatur
3107 503 3357 581 quando
3385 502 3507 564 illis

1948 599 2377 674 committitur,
2410 604 2470 659 et
2488 599 2625 660 ideo
2653 617 2779 659 non
2806 603 3061 677 possunt
3079 597 3146 656 in
3160 597 3352 657 alium
3368 615 3506 657 eam

1946 713 2157 754 curam
2200 694 2551 770 transferre,
2604 699 2971 772 argumento
3013 691 3058 752 ].
3111 695 3138 751 1
3182 691 3256 752 (18
3298 691 3507 752 Officio

1946 788 2081 865 ejus
2129 788 2224 846 cui
2276 786 2568 846 mandata
2611 794 2703 846 est
2722 786 3068 865 jurisdictio
3090 801 3111 861 3
3151 789 3284 843 tum
3321 784 3507 842 etiam

1947 879 2094 958 quia
2125 878 2371 940 vIdetur
2398 880 2463 937 in
2501 879 2589 938 eis
2617 897 2743 940 esse
2771 878 2903 938 haec
2952 882 3217 956 potestas
3263 881 3508 936 tantum

1946 972 2248 1049 delegata,
2298 976 2360 1031 et
2405 970 2542 1031 ideo
2589 988 2714 1031 non
2760 975 3018 1049 possunt
3054 986 3191 1031 eam
3231 968 3510 1032 subdele-

1949 1082 2121 1143 gare.

2030 1162 2127 1220 11.
2174 1159 2406 1219 Omisso
2449 1177 2594 1220 vero
2635 1158 2824 1237 priori
2867 1156 3144 1219 membro
3168 1202 3189 1233 ,
3226 1157 3392 1236 quod
3421 1163 3511 1218 est

1949 1253 2205 1327 clarum,
2239 1254 2537 1333 posterius
2582 1252 2819 1331 indiget
2859 1251 3318 1313 declaratione:
3364 1267 3510 1311 nam

1947 1346 2002 1406 si
2028 1346 2411 1424 intelligatur
2450 1346 2527 1406 de
2574 1346 2967 1425 imperatore,
2998 1343 3248 1422 regibus
3284 1350 3348 1403 et
3374 1343 3511 1404 aliis

1946 1440 2326 1519 principibus
2378 1440 2456 1501 ad
2495 1459 2648 1519 quos
2688 1439 2820 1500 haec
2855 1443 3121 1518 potestas
3158 1437 3510 1517 reipublicae

1945 1533 2304 1612 simpliciter
2330 1534 2628 1593 translata
2664 1538 2780 1607 est,
2820 1532 3037 1593 falsam
3067 1531 3340 1592 continet
3373 1530 3511 1591 doc-

1944 1626 2200 1700 trinam,
2240 1626 2385 1704 quia
2429 1627 2492 1685 in
2547 1626 2642 1686 his
2669 1624 3051 1705 principibus
3095 1642 3222 1683 non
3251 1629 3342 1683 est
3379 1622 3509 1683 haec

1945 1725 2212 1798 potestas
2244 1718 2548 1797 delegata,
2575 1718 2680 1780 sed
2703 1718 3047 1778 ordinaria:
3069 1722 3158 1776 est
3176 1716 3342 1777 enim
3372 1733 3510 1795 per-

1945 1823 2133 1889 petua
2158 1856 2176 1886 ,
2229 1816 2291 1872 et
2343 1831 2419 1872 ex
2467 1813 2532 1871 vi
2579 1811 2857 1872 muneris
2905 1811 2999 1871 sui
3055 1809 3144 1869 eis
3193 1809 3502 1870 convenit.

1946 1907 2100 1966 Item
2119 1906 2187 1966 hi
2212 1907 2518 1985 principes
2535 1911 2788 1986 possunt
2804 1904 3114 1984 aliquibus
3135 1901 3504 1976 civitatibus,

1945 1999 2046 2059 vel
2075 1999 2350 2078 dynastis
2377 1999 2768 2060 inferioribus
2804 1998 3134 2059 concedere
3173 1996 3367 2070 illam,
3407 1993 3507 2055 vel

1947 2092 2326 2152 ordinariam
2355 2114 2367 2151 ε
2418 2111 2528 2152 cur
2572 2110 2718 2170 ergo
2747 2110 2874 2151 non
2910 2094 3203 2170 poterunt
3229 2088 3510 2149 commit-

1945 2190 2075 2246 tere
2102 2185 2292 2245 etiam
2306 2184 2472 2244 illius
2495 2185 2987 2262 delegationem?
3012 2181 3507 2260 quandoquidem

1946 2294 2025 2337 ex
2052 2283 2228 2361 parte
2256 2277 2447 2356 ipsius
2469 2276 2785 2356 potestatis
2809 2275 2969 2335 nihil
2996 2274 3196 2334 obstat
3224 2272 3375 2351 quin
3403 2272 3508 2332 de·

1944 2368 2225 2446 legabilis
2274 2370 2375 2445 sit,
2421 2376 2489 2430 ut
2519 2370 2649 2447 ipse
2672 2368 2952 2429 Bartolus
2986 2366 3298 2445 supponit,
3327 2371 3389 2424 et
3417 2369 3510 2425 est

1944 2460 2207 2535 clarum,
2236 2461 2384 2539 quia
2419 2462 2621 2521 omnis
2643 2466 2906 2539 potestas
2925 2460 3113 2520 solius
3130 2456 3509 2537 jurisdictio-

1941 2553 2039 2612 nis
2063 2552 2418 2631 delegabilis
2440 2557 2568 2614 est:
2615 2552 2756 2614 talis
2791 2558 3000 2613 autem
3036 2557 3127 2612 est
3150 2552 3283 2611 haec
3310 2556 3509 2629 potes-

1940 2650 2062 2705 tas:
2113 2647 2397 2724 quocirca
2449 2645 2768 2706 translatio
2798 2646 2984 2723 huJus
3012 2643 3323 2723 potestatis
3347 2661 3384 2702 a
3411 2660 3510 2703 re-

1944 2737 2193 2816 publica
2225 2739 2291 2797 in
2337 2738 2678 2818 principem
2729 2756 2856 2797 non
2901 2743 2993 2798 est
3033 2736 3360 2813 delegatio,
3400 2735 3507 2796 sed

1942 2832 2117 2909 quasi
2146 2830 2460 2905 alienatiO,
2491 2849 2600 2892 seu
2624 2832 2894 2910 perlecta
2922 2829 3168 2908 largitio
3194 2829 3381 2888 totius
3399 2846 3505 2906 po-

1942 2926 2175 2986 testatis
2203 2944 2340 3003 quoe
2369 2930 2500 2985 erat
2523 2926 2588 2986 in
2618 2925 3102 3000 communitate3
3133 2927 3506 3002 quapropter

1944 3018 2102 3077 sicut
2130 3019 2541 3079 communitas
2581 3024 2822 3097 poterat
2865 3017 3034 3078 illam
3077 3015 3382 3094 delegare,
3422 3015 3506 3074 ita

1945 3118 2006 3171 et
2028 3113 2341 3190 princeps;
2367 3131 2567 3192 neque
2594 3114 2681 3173 ita
2707 3113 2799 3172 illi
2827 3111 3236 3171 committitur
3272 3114 3343 3168 ut
3371 3127 3508 3187 per-

1943 3204 2169 3265 sonalis
2206 3207 2338 3282 ejus
2380 3206 2683 3266 industria
2711 3205 3056 3283 requiratur
3083 3202 3280 3279 magis
3321 3219 3506 3280 quam

1944 3298 2011 3359 in
2052 3299 2497 3359 communitate
2530 3300 2969 3378 requireretur,
3017 3297 3123 3358 sed
3150 3294 3506 3374 simpliciter

1939 3392 2032 3452 illi
2059 3394 2410 3453 conceditur
2444 3401 2515 3453 ut
2554 3412 2665 3472 per
2695 3411 2769 3454 ⁴se
2791 3392 2891 3453 vel
2914 3411 3022 3471 per
3048 3391 3202 3451 alios
3234 3390 3343 3450 illa
3369 3395 3506 3450 uta-

1939 3491 2067 3561 tur,
2100 3504 2172 3547 eo
2200 3488 2383 3547 modo
2420 3505 2544 3566 quo
2590 3486 2681 3547 illi
2729 3487 2925 3564 magis
2970 3484 3281 3546 videbitur
3325 3501 3507 3561 expe-

1939 3579 2114 3654 dire3
2147 3584 2208 3639 et
2243 3579 2359 3640 hac
2405 3581 2644 3640 ratione
2673 3580 2861 3641 etiam
2895 3596 3173 3638 summus
3198 3577 3502 3650 Pontifex,

1939 3678 2003 3733 et
2046 3691 2174 3732 non
2202 3672 2365 3734 solus
2404 3673 2531 3748 ille,
2569 3674 2677 3734 sed
2704 3674 2892 3734 etiam
2929 3672 3212 3751 Episcopi
3249 3674 3507 3749 possunt

1938 3783 2115 3826 suam
2129 3765 2535 3844 legislativam
2549 3773 2912 3847 potestatem
2926 3766 3231 3844 delegare,
3257 3763 3504 3844 quando

1940 3864 2085 3919 sunt
2122 3860 2419 3921 ordinarii
2465 3861 2845 3940 legislatores
2853 3907 2875 3937 ,
2925 3865 2988 3921 et
3018 3859 3291 3939 procedit
3317 3859 3386 3918 in
3416 3857 3505 3919 eis

1940 3952 2157 4013 eadem
2184 3953 2363 4014 ratio.

2023 4047 2122 4105 12.
2172 4045 2352 4119 Quem
2369 4051 2634 4122 potestas
2657 4045 3091 4124 indeleqabilis.
3121 4078 3204 4093 -
3226 4045 3335 4106 Illa
3357 4063 3504 4124 ergo

1942 4138 2249 4198 sententia
2291 4137 2521 4198 Bartoli
2568 4138 2766 4198 solum
2820 4135 3008 4198 habet
3044 4138 3249 4199 locum
3291 4139 3358 4199 in
3404 4137 3504 4199 his

1943 4224 2408 4309 magistratibus
2440 4235 2502 4290 et
2529 4229 2861 4309 judicibus,
2893 4230 3119 4309 quibus
3146 4231 3277 4291 haec
3304 4237 3504 4310 potes-

1942 4328 2038 4382 tas
2067 4341 2105 4382 a
2130 4323 2387 4382 summis
2429 4322 2831 4402 potestatibus
2858 4322 3140 4400 delegata
3169 4328 3259 4384 est
3301 4341 3317 4385 :
3353 4342 3502 4385 nam

1940 4416 2010 4476 in
2030 4415 2152 4476 illis
2171 4420 2417 4475 tantum
2435 4415 2775 4495 procedunt
2797 4417 3067 4478 rationes
3081 4416 3334 4492 Bartoli3
3357 4417 3505 4496 quia

1939 4527 2088 4571 vero
2116 4509 2221 4570 ille
2247 4509 2322 4570 de
2351 4510 2897 4570 communitatibus
2930 4509 3275 4589 specialiter
3304 4508 3504 4588 loqui·

1938 4608 2062 4674 tur,
2095 4607 2298 4682 posset
2320 4603 2553 4664 dictum
2582 4603 2715 4682 ejus
2736 4602 3044 4665 verificari
3070 4604 3138 4663 in
3164 4602 3262 4664 his
3289 4602 3503 4664 rebus-

1938 4695 2200 4774 publicis
2228 4714 2367 4775 quoe
2396 4696 2473 4757 de
2500 4696 2661 4757 facto
2688 4696 2897 4758 liberae
2925 4701 3091 4772 sunt,
3122 4714 3503 4776 supremam·

1939 4807 2060 4867 que
2088 4795 2458 4868 potestatem
2488 4790 2555 4849 in
2584 4808 2648 4851 se
2675 4792 2968 4867 retinent,
3004 4797 3068 4852 et
3093 4791 3502 4852 nihilominus

1937 4881 2448 4960 legumlationem
2478 4885 2875 4945 committunt
2896 4929 2919 4960 ,
2967 4886 3069 4947 vel
3101 4886 3367 4960 senatui,
3403 4886 3502 4947 vel

1939 4975 2104 5051 duci,
2135 4982 2244 5037 aut
2270 4976 2407 5053 soli,
2447 4982 2557 5037 aut
2586 4996 2725 5038 cum
2754 4985 2973 5039 senatu
3021 5000 3036 5040 ε
3087 4979 3340 5057 1111111111
3377 4979 3503 5040 for-

1938 5073 2095 5130 tasse
2123 5074 2365 5130 tantum
2395 5075 2539 5130 sunt
2574 5070 2840 5148 delegati
2859 5119 2878 5142 ,
2922 5078 2984 5132 et
3010 5072 3151 5133 ideo
3179 5091 3306 5133 non
3328 5078 3502 5152 pote·-

1936 5168 2088 5222 runt
2110 5181 2285 5222 suam
2305 5164 2668 5241 potestatem
2687 5163 2996 5241 delegare,
3022 5165 3142 5225 nisi
3159 5165 3500 5247 hocipsum

1935 5254 2002 5314 in
2032 5256 2163 5332 ipsa
2193 5254 2579 5332 delegatione
2606 5257 2982 5317 declaratum
3004 5258 3108 5335 sit,
3140 5260 3238 5320 vel
3257 5278 3334 5322 ex
3357 5279 3499 5322 con-

1935 5347 2260 5407 suetudine
2305 5353 2543 5408 constet
2570 5348 2637 5409 in
2673 5349 2790 5411 hoe
2829 5369 3011 5411 sensu
3051 5352 3141 5413 eis
3171 5371 3298 5415 esse
3332 5373 3499 5415 com-

1936 5439 2189 5498 missam
2217 5438 2405 5500 talem
2432 5446 2797 5519 potestatem
2821 5490 2840 5518 ,
2883 5445 3048 5523 quod
3083 5447 3286 5526 potius
3313 5449 3499 5525 perti-

1937 5538 2044 5594 net
2068 5533 2149 5595 ad
2171 5533 2404 5596 factum
2434 5553 2623 5615 quam
2650 5536 2731 5597 ad
2756 5538 2878 5617 juS,
2924 5545 2988 5602 et
3012 5541 3152 5603 ideo
3178 5541 3338 5606 nihil
3367 5560 3498 5605 cer-
