3976 6219
516 335 595 395 32

513 435 767 497 modum
814 433 1091 513 proxime
1145 432 1465 494 ordinatur
1519 456 1533 494 ε
1589 436 1812 494 dicitur
1861 440 2072 494 autem

516 530 701 590 etiam
727 545 1079 601 commune,
1102 526 1201 586 vel
1225 526 1370 605 quia
1396 527 1744 604 respublica
1762 526 1949 585 habet
1972 527 2074 603 jus

515 618 822 697 quoddam
850 618 1035 677 altius
1083 618 1149 677 in
1194 618 1358 677 bona
1407 620 1656 697 propria
1685 616 2074 694 singularum

514 727 943 789 personarum,
978 715 1047 769 ut
1074 711 1161 770 eis
1187 710 1279 770 011
1304 711 1513 787 possit,
1544 710 1791 787 quando
1828 708 2074 768 1111100-

513 804 640 863 rint
678 803 1044 877 necessaria,
1095 803 1193 863 vel
1239 804 1428 863 etiam
1456 803 1603 880 quia
1629 821 1702 862 00
1748 802 1879 880 ipso
1909 800 2074 878 quod

513 912 897 973 unaquaeque
946 913 1209 974 persona
1257 900 1353 955 est
1399 914 1539 973 pars
1567 894 2027 954 communitatis
2049 938 2070 967 ,

513 985 747 1046 bonum
775 986 1258 1063 uniuscujusque
1291 987 1454 1064 quod
1494 987 1562 1045 in
1603 986 1901 1045 damnum
1927 984 2075 1044 alio-

513 1097 655 1138 rum
677 1097 803 1139 non
826 1080 1153 1152 redundat,
1180 1085 1272 1139 est
1294 1079 1687 1140 commodum
1704 1079 1893 1137 totius
1911 1094 2076 1136 com-

514 1171 854 1243 munitatis,
890 1172 988 1231 Sic
1024 1171 1239 1231 dicunt
1254 1173 1400 1249 jura
1422 1171 1709 1249 expedire
1729 1168 2077 1247 reipublicae

515 1269 586 1322 ut
613 1264 776 1323 cives
801 1264 923 1322 sint
958 1262 1315 1347 locupleteS,
1360 1270 1421 1323 et
1449 1271 1518 1322 ut
1561 1280 1745 1322 nemo
1775 1262 1935 1320 male
1965 1278 2077 1319 sua

515 1373 583 1414 re
612 1360 843 1429 utatur,
870 1354 907 1433 ἓ
937 1354 1063 1416 Sed
1089 1356 1308 1433 major,
1358 1356 1501 1414 Inst.
1546 1354 1622 1413 de
1651 1354 1760 1414 His
1794 1353 1901 1431 qui
1933 1357 2079 1411 sunt

517 1447 613 1506 sui
637 1447 736 1505 vel
769 1446 956 1506 alieni
987 1447 1158 1523 juris,
1180 1447 1477 1507 Authent.
1524 1448 1603 1508 Ut
1618 1447 1879 1523 judices,
1930 1451 2071 1518 etc„

517 1537 554 1616 ἓ
587 1538 1115 1612 Considerandum,
1140 1538 1343 1598 collat.
1371 1541 1433 1614 2,
1463 1557 1604 1598 cum
1629 1537 1952 1597 similibus,

598 1630 655 1689 8.
684 1629 925 1706 Duplese
942 1631 1202 1690 materia
1222 1630 1355 1689 boni
1375 1632 1699 1691 eommunis
1719 1630 1879 1691 eirca
1898 1647 2078 1708 quam

517 1721 752 1781 versari
780 1725 972 1796 polest
1001 1721 1114 1780 lese.
1157 1754 1235 1764 --
1279 1720 1416 1780 Alia
1451 1721 1762 1780 distinctio
1791 1727 1904 1795 est,
1940 1738 2080 1799 quae

519 1808 596 1869 de
637 1809 872 1869 actibus
908 1810 1198 1870 humanis
1236 1813 1582 1890 generatim
1619 1812 1755 1871 dari
1794 1812 1967 1886 solet,
2014 1813 2080 1871 in

520 1902 747 1979 quibus
792 1902 1196 1981 distinguitur
1248 1906 1509 1965 materia
1555 1906 1868 1983 proxima,
1919 1905 2081 1964 circa

521 2012 709 2070 quam
750 2000 1100 2069 versantur,
1140 2002 1201 2056 et
1229 1997 1555 2069 motivum,
1605 2015 1713 2056 seu
1748 1997 1905 2055 ratio
1938 2014 2079 2073 pro-

523 2091 661 2163 pter
697 2102 883 2163 quam
915 2102 930 2144 ε
964 2105 1104 2146 cum
1146 2088 1312 2147 enim
1349 2087 1448 2147 lex
1479 2093 1651 2146 actus
1693 2087 1941 2146 moralis
1974 2088 2076 2161 sit,

518 2175 625 2235 illa
654 2177 838 2235 etiam
857 2177 982 2235 duo
1001 2178 1066 2236 in
1087 2196 1159 2238 ea
1181 2185 1326 2237 sunt
1343 2180 1799 2251 distinguenda.
1828 2180 2083 2240 Materia

521 2285 669 2343 ergo
696 2267 854 2327 circa
876 2286 1064 2346 quam
1093 2276 1369 2329 versatur
1390 2271 1490 2330 lex
1514 2271 1827 2330 interdum
1857 2279 1947 2330 est
1974 2270 2083 2329 bo-

518 2377 676 2418 num
705 2376 1033 2420 commune
1063 2380 1172 2438 per
1204 2381 1268 2422 se
1310 2363 1511 2440 primo
1536 2378 1551 2420 ε
1583 2362 1915 2439 aliquando
1939 2380 2084 2446 vero

523 2471 636 2532 per
662 2470 726 2511 50
754 2453 956 2530 primo
984 2461 1073 2512 est
1100 2452 1333 2513 bonum
1367 2456 1677 2532 privatum
1706 2476 1720 2513 :
1756 2473 2085 2514 commune

524 2549 735 2602 autem
783 2562 896 2620 per
940 2544 1442 2603 redundantiam.
1495 2545 1689 2621 Igitur
1733 2545 1851 2605 hoc
1897 2547 2086 2605 etiam

521 2634 707 2694 modo
726 2635 869 2694 data
891 2635 1010 2695 fuit
1028 2637 1342 2695 distinctio
1364 2637 1577 2713 legum
1597 2637 1663 2695 in
1683 2637 1803 2695 illis
1817 2637 2080 2714 JuribuS,

520 2733 592 2786 ut
637 2728 823 2786 etiam
865 2727 1051 2787 latius
1091 2728 1378 2805 explicui,
1430 2734 1604 2788 tract.
1656 2730 1717 2802 5,
1758 2727 1834 2789 de
1876 2729 2080 2805 relig„

522 2836 632 2877 seu
659 2818 734 2877 110
759 2818 948 2896 jura„
975 2819 1017 2879 l.
1051 2822 1112 2878 Ξ.
1137 2820 1291 2879 Nam
1313 2819 1596 2896 quaedam
1618 2819 1785 2895 leges
1805 2821 2086 2896 proxime

521 2915 848 2968 versantur
894 2909 1054 2969 circa
1106 2911 1429 2971 materiam
1467 2927 1862 2970 communem
1883 2956 1903 2985 ,
1947 2910 2085 2970 aliae

523 3000 683 3060 circa
719 3001 884 3061 bona
925 3001 1312 3080 singulorum
1355 3018 1371 3061 ε
1408 3020 1649 3080 semper
1689 3008 1896 3061 tamen
1924 3002 2085 3061 ratio

522 3098 772 3170 propter
824 3112 1012 3172 quam
1062 3093 1164 3154 lex
1215 3099 1493 3155 versatur
1541 3094 1702 3154 circa
1753 3100 2084 3172 utramque

522 3186 847 3246 materiam
867 3192 1296 3248 estcommune
1307 3187 1563 3261 bonum,
1580 3187 1745 3265 quod
1763 3192 2090 3265 propterea

523 3294 765 3355 semper
793 3278 974 3339 debet
999 3297 1128 3339 esse
1156 3281 1453 3357 primario
1481 3279 1813 3339 intentum.

603 3370 665 3428 9.
715 3369 993 3447 ObjeeliO.
1019 3401 1101 3419 --
1120 3369 1393 3433 Materia
1420 3371 1572 3448 leqis
1597 3388 1666 3431 ea·
1696 3388 1758 3430 ee
1785 3369 1945 3431 debet
1966 3387 2088 3431 esse

523 3460 702 3520 utilia
725 3465 780 3521 et
815 3463 1113 3523 commoda
1136 3463 1428 3523 communi
1458 3463 1626 3536 bono,
1650 3478 1769 3522 non
1797 3478 1865 3521 ece
1894 3462 2086 3521 inten-

525 3552 685 3612 tione
714 3553 1104 3629 leyislatoris.
1126 3585 1207 3599 —
1234 3553 1436 3624 Quaeri
1464 3559 1673 3612 autem
1699 3557 1900 3631 potest
1925 3552 2088 3611 circa

523 3640 688 3701 hanc
720 3648 982 3720 partem,
1018 3662 1096 3702 an
1128 3649 1408 3722 oporteat
1438 3643 1556 3703 hoc
1579 3643 1814 3703 bonum
1837 3661 1968 3703 esse
1993 3645 2089 3703 in-

524 3738 770 3793 tentum
811 3735 1156 3795 intentione
1197 3736 1507 3814 operantis
1521 3780 1542 3809 ,
1597 3735 1696 3796 vel
1743 3737 2087 3795 intentione

526 3824 717 3902 ipsius
745 3827 982 3904 operis,
1016 3828 1196 3905 juxta
1222 3827 1478 3887 modum
1505 3826 1796 3904 loquendi
1823 3827 1892 3885 D.
1926 3826 2087 3885 Tho-

526 3933 647 3976 mae
677 3920 736 3978 2.
774 3919 836 3992 2,
872 3937 933 3997 q.
970 3921 1108 3992 141,
1148 3924 1263 3979 art.
1308 3921 1378 3992 6,
1417 3920 1493 3979 ad
1533 3922 1590 3979 1.
1634 3921 1787 3978 Nam
1824 3919 2088 3978 intentio

527 4009 838 4088 operantis
864 4010 1112 4069 videtur
1138 4028 1267 4070 esse
1296 4011 1664 4083 extrinseca,
1708 4015 1769 4070 et
1796 4028 1908 4088 per
1932 4010 2089 4070 acci-

525 4100 678 4160 dens
706 4101 932 4160 variari
958 4119 1134 4179 posse
1150 4147 1171 4176 ,
1206 4108 1269 4162 et
1296 4121 1423 4161 non
1452 4102 1718 4180 pendere
1750 4100 1829 4160 ab
1856 4101 1964 4162 illa
1991 4119 2088 4160 ra-

524 4192 760 4253 tionem
779 4192 961 4270 legis:
991 4211 1140 4272 opus
1163 4199 1370 4253 autem
1386 4194 1589 4272 ipsum
1613 4212 1690 4254 ex
1704 4211 1767 4253 se
1782 4212 1908 4253 non
1930 4212 2091 4254 5010-

528 4301 639 4361 per
671 4284 866 4343 101101
894 4283 971 4342 011
1003 4284 1238 4345 bonum
1282 4303 1610 4345 commune
1635 4329 1656 4360 ,
1704 4286 1822 4345 nisi
1859 4285 1937 4345 ab
1965 4287 2089 4347 alio

527 4376 850 4451 reseratur,
876 4382 939 4436 et
961 4377 1097 4437 ideo
1122 4396 1320 4455 neque
1343 4379 1604 4437 intentio
1626 4380 1827 4455 operis
1844 4378 2091 4438 videtur

529 4468 893 4543 necessaria,
915 4485 1029 4527 nec
1052 4468 1381 4528 sufficiens.
1413 4469 1774 4547 Respondeo
1794 4468 2085 4544 breviter,

528 4559 607 4618 ad
645 4559 917 4619 valorem
959 4563 1021 4618 et
1067 4560 1477 4619 substantiam
1522 4560 1676 4636 legis
1716 4560 1913 4620 solum
1958 4578 2090 4620 esse

527 4649 940 4708 necessarium
966 4655 1036 4707 ut
1062 4668 1160 4710 res
1188 4651 1317 4726 illa,
1348 4651 1424 4710 de
1449 4670 1571 4730 qua
1598 4651 1796 4710 fertur
1824 4651 1947 4725 lex,
1972 4651 2091 4712 1100

526 4744 828 4818 tempore,
864 4739 982 4799 1100
1012 4740 1170 4815 1000,
1202 4741 1268 4800 10
1303 4741 1422 4803 1100
1448 4748 1633 4820 30010
1661 4749 1722 4802 01
1745 4743 2091 4803 communi-

526 4837 654 4891 tate
686 4831 764 4891 sit
803 4830 997 4903 utilis,
1043 4838 1104 4892 et
1141 4834 1513 4894 conveniens
1543 4835 1621 4893 ad
1663 4833 1895 4894 bonum
1924 4852 2091 4894 com-

528 4939 718 4983 mune
737 4923 906 4982 illius
939 4941 954 4984 ε
987 4923 1118 4984 haec
1144 4925 1313 4984 00110
1337 4925 1570 4984 01111105
1601 4933 1662 4986 01
1688 4927 2090 4986 commoditas

529 5031 657 5073 non
676 5015 860 5074 datur
877 5034 915 5073 a
936 5015 1306 5094 legislatore,
1334 5017 1440 5076 sed
1458 5017 1845 5095 supponitur,
1868 5022 1927 5076 et
1948 5018 2088 5076 ideo

530 5111 835 5181 quantum
883 5105 962 5163 ad
1007 5125 1186 5166 5011111
1234 5125 1361 5167 0550
1379 5151 1400 5180 ,
1445 5113 1516 5167 111
1556 5108 1643 5166 510
1690 5107 1914 5181 dicam,
1961 5125 2089 5166 000

528 5196 756 5272 pendet
779 5214 855 5254 ex
875 5197 1217 5257 intentione
1236 5198 1623 5275 legislatoris.
1649 5201 1739 5259 Ex
1760 5217 1881 5277 quo
1901 5200 2090 5259 etiam

528 5285 601 5345 fit
635 5295 703 5345 ut
739 5286 879 5345 talis
922 5304 1019 5345 res
1056 5307 1130 5347 ex
1160 5308 1224 5349 se
1258 5289 1480 5349 debeat
1507 5308 1639 5350 esse
1665 5291 1994 5350 referibilis
2023 5292 2090 5349 in

529 5396 861 5440 commune
901 5378 1135 5439 bonum
1166 5401 1180 5440 :
1219 5400 1367 5443 nam
1410 5400 1593 5444 omne
1631 5383 1869 5444 bonum
1908 5383 2085 5459 utile,

1510 338 1626 391 Lm.
1663 341 1700 391 1.
1737 339 1817 391 DE
1849 338 2103 389 NATURA
2134 336 2312 389 LEGIS
2343 338 2406 389 IN
2437 337 2729 390 comtum.

2154 440 2459 512 quatenus
2487 435 2606 495 tale
2644 440 2757 507 est,
2801 437 3016 512 aptum
3044 437 3134 493 051
3165 431 3441 493 ordinari
3468 432 3536 492 in
3564 450 3704 494 eum
3781 454 3786 459 ·

2155 525 2343 585 finem
2372 527 2447 586 ad
2477 544 2663 604 quem
2693 531 2784 585 est
2825 525 2978 584 utile
2999 569 3019 599 ,
3065 530 3128 583 et
3153 524 3222 583 in
3249 524 3365 583 1100
3393 542 3572 583 50050
3602 543 3707 585 00-

2155 618 2414 677 00550110
2460 624 2552 677 051
2580 619 2645 677 10
2675 617 2963 696 praesenti
2996 616 3259 676 intentio
3300 616 3502 694 operis
3523 662 3543 690 ,
3584 635 3707 675 non

2156 710 2496 787 operantis:
2528 710 2686 769 ratio
2714 709 2879 770 clara
2906 715 3020 782 est,
3065 709 3213 785 quia
3240 709 3427 767 etiam
3455 709 3508 767 si
3531 707 3708 785 legis-

2154 801 2312 861 lator
2339 820 2415 861 ex
2438 802 2579 861 odio
2602 846 2621 876 ,
2653 802 2827 862 verbi
2854 800 3078 878 gratia,
3111 806 3218 859 aut
3246 818 3322 859 ex
3363 799 3485 859 alio
3524 818 3709 878 pravo

2153 892 2277 953 fine
2296 894 2497 970 legem
2515 893 2697 966 ferat,
2729 893 2780 952 si
2806 893 2907 952 lex
2925 893 3060 970 ipsa
3080 892 3488 951 nihilominus
3517 892 3583 951 in
3604 891 3711 950 bo·

2155 996 2307 1044 num
2336 1003 2660 1045 commune
2685 984 2864 1058 cedit,
2895 985 2960 1043 id
2983 982 3206 1042 sufficit
3227 983 3306 1042 ad
3330 983 3603 1042 valorem
3624 982 3709 1041 10-

2157 1077 2273 1154 315.
2304 1077 2459 1148 Quia
2481 1077 2589 1136 illa
2615 1095 2807 1154 prava
2828 1075 3091 1135 intentio
3114 1080 3205 1134 est
3232 1092 3402 1134 mere
3427 1091 3712 1151 persona-

2159 1167 2264 1244 lis,
2310 1176 2372 1229 01
2411 1188 2538 1229 000
2574 1169 2878 1229 redundat
2915 1168 2981 1227 in
3014 1174 3220 1228 actum
3241 1213 3262 1242 ,
3305 1173 3610 1245 quatenus
3635 1165 3712 1225 ad

2157 1261 2491 1320 utilitatem
2515 1278 2865 1321 commuem
2883 1265 3116 1338 spectat
3144 1277 3159 1318 ε
3187 1259 3272 1319 510
3296 1276 3485 1337 prava
3514 1259 3712 1317 inten-

2157 1353 2246 1413 tio
2266 1353 2494 1431 judicis
2515 1372 2641 1413 non
2669 1353 2856 1413 refert
2884 1351 2963 1412 ad
2985 1351 3262 1411 valorem
3291 1351 3633 1424 sententiae,
3662 1350 3713 1408 si

2159 1463 2285 1504 non
2306 1450 2396 1504 est
2414 1450 2627 1504 contra
2644 1444 2998 1522 aequitatem
3017 1444 3183 1521 ejus:
3213 1442 3299 1502 sic
3320 1443 3508 1502 etiam
3528 1459 3717 1520 prava

2158 1537 2420 1597 intentio
2456 1537 2725 1596 ministri
2770 1536 2927 1595 011111
2968 1535 3155 1594 officit
3201 1540 3623 1608 sacramento,
3667 1534 3717 1592 si

2160 1647 2286 1687 non
2333 1629 2413 1687 sit
2452 1634 2664 1688 contra
2709 1628 3115 1687 substantiam
3144 1628 3276 1703 ejus
3313 1648 3326 1684 ε
3366 1627 3453 1684 110
3480 1643 3626 1703 0130
3652 1624 3717 1682 10

2160 1723 2449 1800 praesenti
2464 1721 2698 1781 bonum
2715 1739 3042 1780 commune
3058 1721 3122 1779 in
3141 1720 3274 1796 1030
3298 1719 3430 1796 ipsa
3446 1723 3717 1796 spectan-

2161 1813 2313 1872 dum
2354 1819 2464 1887 est,
2504 1831 2630 1872 non
2669 1813 2736 1871 10
2783 1813 3122 1872 extrinseca
3158 1811 3500 1870 intentione
3537 1808 3719 1885 legis-

2160 1906 2390 1965 latoris.
2409 1907 2607 1977 Quam
2624 1906 2992 1965 sententiam
3016 1905 3246 1983 optime
3264 1903 3451 1963 tradit
3476 1903 3718 1979 Augus-

2159 1998 2350 2072 tinuS,
2385 1998 2490 2058 lib.
2533 2001 2589 2069 1,
2613 1998 2689 2057 de
2714 1999 2912 2059 Liber.
2946 1997 3159 2058 arbitr.
3170 2041 3189 2071 ‚
3220 2016 3354 2075 cap.
3385 1998 3441 2067 5,
3470 1995 3712 2054 dicens:

2160 2091 2284 2152 Lea:
2313 2109 2443 2169 quoe
2480 2093 2682 2151 luendi
2706 2091 2916 2169 populi
2956 2108 3139 2151 eausa
3177 2090 3307 2149 lata
3337 2093 3444 2163 est,
3486 2087 3718 2147 nullius

2163 2182 2440 2243 libidinis
2459 2184 2643 2259 arqui
2660 2188 2870 2260 polest,
2899 2182 2955 2243 si
2979 2183 3215 2261 quidem
3233 2180 3337 2241 ille
3356 2181 3458 2258 qui
3479 2179 3644 2250 tulit,
3657 2178 3716 2238 ei

2164 2275 2282 2335 Dei
2300 2276 2487 2349 jussu
2515 2276 2702 2348 tulit,
2754 2275 2822 2335 id
2860 2280 2968 2347 est,
3017 2272 3472 2352 quodpraecepit
3499 2275 3718 2331 aelerna

2151 2366 2435 2443 justitia,
2468 2384 2673 2443 expers
2695 2368 2886 2427 omnis
2911 2366 3186 2426 libidinis
3210 2366 3277 2424 id
3303 2381 3478 2441 aqere
3493 2363 3713 2439 potuit.

2170 2457 2251 2519 Si
2280 2463 2475 2518 autem
2512 2458 2618 2517 ille
2651 2476 2780 2518 cum
2818 2458 3028 2536 aliqua
3061 2458 3312 2517 libidine
3343 2456 3448 2515 hoe
3473 2456 3715 2526 statuit,

2163 2567 2283 2609 non
2315 2567 2385 2610 eze
2404 2567 2464 2609 eo
2486 2550 2562 2625 fil
2586 2554 2653 2609 ut
2678 2550 2731 2609 ei
2756 2550 2874 2626 leqi
2902 2567 3034 2610 ouon
3058 2548 3308 2608 libidine
3327 2548 3722 2623 obtemperare

2163 2658 2387 2703 necesse
2412 2641 2520 2715 eit,
2548 2646 2602 2701 et
2625 2643 2771 2719 quia
2800 2642 2948 2701 bona
2972 2641 3089 2715 lese,
3122 2646 3175 2701 et
3198 2658 3236 2701 a
3264 2657 3381 2700 non
3403 2640 3543 2700 bono
3563 2636 3724 2712 ferri

2158 2739 2372 2811 polest.
2425 2734 2501 2793 Et
2528 2733 2692 2792 infra
2714 2777 2733 2807 ,
2784 2734 3084 2810 optimam
3124 2733 3427 2792 rationem
3465 2731 3723 2799 indicat,

2163 2826 2311 2903 quia
2342 2825 2485 2884 licet
2511 2824 2615 2885 ille
2649 2843 2791 2884 cum
2824 2825 3079 2885 libidine
3113 2825 3315 2902 legem
3342 2823 3591 2898 tulerit,
3620 2839 3725 2900 po-

2165 2923 2279 2980 test
2305 2918 2401 2977 illi
2419 2918 2547 2979 sine
2570 2918 2817 2978 libidine
2843 2917 3256 2993 obtemperari.

2250 3010 2368 3081 10„
2393 3009 2509 3070 Fit
2546 3009 2703 3069 satis
2749 3008 3078 3085 obJeclioni.
3122 3039 3206 3052 —
3245 3008 3361 3067 Per
3404 3004 3536 3066 hoec
3577 3021 3725 3083 ergo

2166 3099 2360 3161 facilis
2400 3105 2492 3161 est
2538 3098 2853 3178 responsio
2903 3099 2980 3159 ad
3029 3098 3299 3178 priorem
3340 3103 3579 3177 partem
3617 3096 3726 3157 ob-

2165 3192 2505 3270 jectionum
2561 3213 2575 3250 1
2629 3191 2829 3251 501010
2902 3191 3070 3251 00110
3141 3190 3450 3251 concludit
3521 3189 3725 3266 legem

2167 3303 2295 3345 non
2362 3302 2604 3362 semper
2661 3282 2888 3343 habere
2953 3302 3065 3362 pro
3126 3283 3384 3343 materia
3442 3281 3728 3360 proxima

2167 3376 2322 3435 illud
2363 3376 2597 3436 bonum
2637 3393 2966 3435 commune
2992 3420 3011 3450 ,
3061 3375 3225 3452 quod
3271 3392 3378 3452 per
3419 3392 3483 3433 se
3523 3373 3726 3451 primo

2167 3474 2258 3528 est
2307 3467 2373 3527 in
2431 3467 2875 3526 communitate
2937 3466 3278 3526 secundum
3338 3482 3401 3524 se
3442 3509 3461 3537 ,
3524 3470 3585 3524 et
3640 3464 3729 3522 ita

2167 3558 2536 3636 intelligitur
2576 3558 2885 3617 distinctio
2933 3558 3075 3616 data
3119 3559 3185 3616 in
3227 3556 3532 3634 prioribus
3570 3555 3728 3632 juri-

2167 3649 2283 3709 bus
2319 3650 2405 3708 ibi
2446 3649 2668 3709 citatis.
2714 3650 2864 3707 Data
2904 3652 2994 3707 est
3038 3649 3207 3707 enim
3261 3665 3338 3707 ex
3383 3652 3553 3724 parte
3598 3663 3729 3705 ma-

2167 3742 2336 3801 teriae
2358 3756 2379 3817 3
2410 3747 2471 3800 et
2496 3739 2617 3799 illae
2642 3739 2809 3817 leges
2838 3740 3127 3799 dicuntur
3155 3738 3383 3797 versari
3406 3738 3567 3797 circa
3588 3755 3728 3815 par-

2168 3833 2453 3892 ticularia
2485 3831 2830 3904 commoda,
2880 3846 3018 3907 quae
3046 3828 3278 3888 habent
3317 3846 3429 3907 pro
3469 3827 3732 3888 materia

2167 3924 2332 3985 bona
2350 3923 2598 4001 propria
2620 3923 2895 3999 ipsorum
2913 3920 3166 3994 civium,
3191 3938 3329 3998 quae
3348 3920 3471 3978 alia
3489 3919 3729 3978 ratione

2169 4015 2436 4074 diximus
2455 4014 2766 4072 continere
2786 4011 3020 4070 bonum
3040 4029 3391 4070 commune.
3416 4011 3483 4069 In
3504 4009 3732 4087 quibus

2169 4108 2359 4166 etiam
2405 4112 2498 4164 est
2539 4103 3053 4164 considerandum
3079 4147 3099 4176 ,
3150 4119 3471 4180 nunquam
3511 4100 3731 4160 cadere

2172 4198 2288 4257 sub
2315 4197 2451 4274 lege
2479 4244 2492 4264 ,
2532 4201 2831 4275 1111010005
2858 4194 2937 4252 ad
2965 4211 3155 4253 unam
3183 4193 3282 4253 vel
3308 4193 3565 4252 alteram
3592 4209 3734 4268 per-

2172 4307 2388 4350 sonam
2428 4293 2674 4347 tantum
2708 4286 3040 4364 pertinent,
3079 4285 3184 4343 sed
3224 4290 3528 4362 quatenus
3561 4300 3736 4361 spec-

2169 4385 2307 4438 tant
2341 4379 2418 4438 ad
2448 4395 2738 4456 personas
2767 4384 2944 4436 certae
2972 4375 3375 4450 conditionis,
3415 4381 3486 4434 ut
3513 4375 3590 4433 ad
3617 4392 3735 4452 pu·-

2169 4470 2371 4549 pinos,
2403 4470 2481 4529 ad
2509 4469 2758 4542 01111105,
2797 4474 2943 4541 010.,
2987 4467 3086 4526 vel
3114 4473 3293 4527 certae
3329 4465 3612 4542 01131015,
3657 4470 3736 4523 ut

2170 4562 2429 4634 nobiles,
2457 4561 2555 4620 vel
2587 4561 2666 4620 ad
2690 4576 3060 4618 successores
3087 4558 3228 4617 talis
3258 4557 3541 4617 familiae:
3568 4565 3630 4614 et
3652 4573 3737 4615 ex

2171 4653 2288 4714 hac
2325 4654 2513 4713 etiam
2554 4657 2727 4730 parte
2776 4651 3075 4728 respicere
3120 4649 3355 4710 bonum
3399 4663 3736 4707 commune

2174 4744 2655 4817 communitate,
2706 4747 2778 4801 ut
2815 4740 2898 4800 sic
2941 4742 3180 4815 dicam,
3226 4738 3733 4812 universalitatiS,

2173 4837 2325 4915 quia⁴
2359 4835 2589 4895 scilicet
2623 4833 2857 4893 bonum
2883 4832 3038 4891 illud
3065 4833 3132 4891 in
3160 4832 3371 4891 multis
3401 4830 3738 4908 reperitur,

2175 4933 2244 4986 ut
2280 4928 2476 5005 capite
2521 4924 2894 5004 praecedenti
2938 4924 3006 4982 in
3042 4923 3165 4983 fine
3204 4922 3581 4983 declaratum
3613 4927 3733 4981 est.

2172 5019 2250 5078 At
2275 5036 2442 5093 vero,
2466 5019 2532 5076 10
2552 5016 2615 5076 11.
2643 5016 2686 5076 l.
2717 5018 2776 5090 1,
2808 5015 2873 5074 ff.
2908 5014 2983 5074 de
3008 5015 3261 5074 Constit.
3281 5014 3570 5091 princip.,
3589 5030 3742 5072 cum

2171 5110 2394 5169 dicitur
2412 5108 2911 5167 constitutionem
2935 5106 3234 5185 Principis
3252 5104 3585 5184 aliquando
3604 5123 3741 5165 non

2173 5200 2381 5277 egredi
2415 5216 2764 5277 personam,
2801 5216 2929 5256 non
2960 5196 3209 5257 videtur
3244 5198 3405 5255 sumi
3435 5197 3738 5256 constitu-

2170 5293 2258 5351 tio
2293 5309 2403 5369 pro
2430 5291 2566 5367 lege
2593 5289 2865 5367 propria,
2901 5289 3006 5348 sed
3042 5306 3152 5365 pro
3193 5287 3467 5366 quolibet
3500 5287 3737 5361 edict0,

2169 5382 2269 5445 vel
2306 5381 2549 5443 decreto
2594 5380 2910 5459 principis,
2948 5380 3016 5440 in
3059 5380 3334 5441 savorem
3376 5378 3476 5439 vel
3514 5379 3741 5438 odium
