3976 6219
523 391 645 452 304

518 497 649 558 vim
665 492 955 554 habeant.
984 491 1290 566 Secunde,
1313 492 1479 552 idem
1496 492 1791 571 probatur
1810 510 1885 552 ex
1910 496 2085 572 parte

521 606 719 650 causae
774 583 1116 659 efficientiS,
1164 602 1272 644 seu
1324 586 1642 663 potestatis
1692 584 2081 663 legislatoris,

520 681 666 760 quia
704 678 1128 756 unusquisque
1169 677 1549 755 gubernator
1584 677 1940 755 reipublicae
1978 677 2088 737 ha·-

517 774 623 836 bet
639 776 1003 852 potestatem
1027 769 1433 830 necessariam
1448 771 1529 831 ad
1557 770 2088 831 conservationem

518 886 647 929 suae
679 863 1056 944 reipublicae,
1097 869 1160 924 et
1185 862 1264 922 ad
1294 863 1428 941 ejus
1455 864 1647 924 bonos
1676 880 1880 924 mores
1906 868 2088 923 tuen-

518 961 650 1036 dos3
681 975 829 1036 ergo
856 955 1045 1016 habet
1088 959 1456 1034 potestatem
1492 956 1571 1016 ad
1603 954 1888 1016 ferendas
1917 954 2086 1032 leges

518 1070 671 1131 quas
694 1067 910 1110 omnes
924 1047 1014 1107 ibi
1039 1051 1352 1107 morantes
1367 1064 1611 1109 servare
1623 1051 1934 1108 tenentur.
1954 1047 2084 1108 Hac

517 1145 688 1205 enim
713 1143 954 1203 ratione
974 1139 1160 1199 habet
1180 1144 1544 1218 potestatem
1573 1139 1875 1219 puniendi
1900 1139 2084 1201 adve-

516 1255 630 1297 nas
657 1235 746 1295 ibi
771 1232 1237 1311 delinquentes:
1270 1249 1419 1310 ergo
1451 1232 1668 1293 eadem
1696 1233 1937 1293 ratione
1973 1231 2085 1292 ha-

518 1327 626 1389 bet
675 1330 1038 1405 potestatem
1094 1323 1413 1402 obligandi
1468 1343 1579 1404 per
1637 1342 1814 1385 suam
1877 1324 2083 1403 legem

517 1437 732 1480 omnes
753 1418 843 1478 ibi
869 1422 1216 1497 operanteS‚
1247 1423 1551 1496 quatenus
1576 1416 1658 1478 ad
1684 1416 1919 1477 bonum
1955 1434 2083 1477 suoe

515 1510 868 1590 reipublicae
894 1509 1309 1571 necessarium
1336 1515 1450 1570 est.

593 1606 658 1664 4.
703 1603 1010 1665 Probatur
1037 1619 1109 1664 ex
1131 1606 1308 1682 parte
1336 1603 1722 1663 advenarum.
1738 1633 1823 1646 —
1845 1601 2079 1676 Tertio,

515 1696 685 1756 idem
714 1700 882 1774 patet
909 1713 987 1755 ex
1010 1700 1186 1773 parte
1224 1711 1633 1774 personarum
1669 1694 2078 1769 advenarum,

518 1788 666 1867 quia
705 1805 831 1847 non
875 1787 1044 1848 deest
1073 1788 1141 1847 in
1180 1787 1306 1848 illis
1333 1786 1641 1847 sufficiens
1682 1787 1900 1847 titulus
1939 1786 2084 1847 sub-

509 1879 821 1959 jectionis,
834 1880 1076 1940 ratione
1104 1898 1179 1939 cu
1180 1880 1281 1958 jus
1306 1878 1570 1955 obligari
1598 1882 1831 1958 possint
1842 1878 2085 1958 legibus

519 1972 849 2049 territorii;
873 1972 1006 2032 haec
1031 1977 1241 2032 autem
1259 1971 1557 2050 subjectio
1584 1977 1829 2033 tantum
1848 1971 2086 2031 deside-

517 2069 735 2138 ratur3
782 2082 953 2143 ergo.
999 2065 1198 2144 Maj0r
1230 2069 1421 2142 patet,
1461 2071 1598 2124 tum
1632 2064 1779 2142 quia
1817 2069 2084 2143 potestas

514 2158 584 2218 in
626 2175 751 2217 uno
792 2162 855 2217 et
894 2156 1027 2235 subj
1036 2159 1195 2218 ectio
1230 2157 1297 2217 in
1335 2156 1460 2216 alio
1501 2163 1648 2217 sunt
1682 2155 2080 2232 correlativa;

515 2256 833 2312 ostensum
873 2257 967 2312 est
1006 2257 1217 2312 autem
1256 2251 1325 2311 in
1354 2252 1632 2330 principe
1659 2268 1790 2310 esse
1817 2254 2083 2328 potesta-

513 2349 679 2418 tem3
715 2362 862 2421 ergo
888 2343 981 2404 illi
1010 2343 1338 2424 respondet
1361 2343 1658 2422 subjectio
1691 2361 1768 2403 ex
1795 2347 1969 2421 parte
1992 2341 2083 2402 al-

514 2439 705 2498 terius
752 2435 1014 2498 extremi
1026 2453 1047 2513 ;
1099 2443 1235 2498 tum
1291 2438 1482 2497 etiam
1541 2435 1710 2514 quia,
1768 2436 1924 2496 sicut
1974 2433 2084 2493 illa

515 2529 809 2608 obligatio
828 2535 922 2590 est
939 2530 1112 2607 quasi
1134 2531 1441 2589 transiens
1454 2533 1516 2589 et
1542 2528 1881 2589 secundum
1905 2526 2079 2606 quid,

514 2625 605 2684 ita
632 2624 706 2684 ad
737 2624 910 2683 illam
937 2622 1158 2701 sufficit
1180 2623 1355 2701 quasi
1380 2622 1735 2682 transitoria
1753 2621 2078 2698 subJectio,

516 2716 595 2776 ad
623 2733 811 2793 quam
845 2716 991 2775 satis
1013 2720 1106 2774 est
1126 2714 1385 2775 actualis
1408 2715 1809 2774 commoratio
1838 2720 1901 2774 et
1927 2730 2084 2792 prae-

515 2808 737 2883 sentia,
767 2809 911 2868 licet
935 2807 1228 2867 diuturna
1252 2807 1465 2868 futura
1487 2825 1614 2867 non
1640 2809 1753 2868 sit:
1803 2825 1974 2881 nam,
2006 2807 2086 2867 si-

516 2906 622 2962 cut
649 2901 702 2960 is
729 2900 837 2979 qui
865 2899 1158 2960 transfert
1188 2900 1569 2960 domicilium
1600 2901 1666 2960 in
1704 2899 1973 2978 aliquem
1994 2899 2086 2959 lo-

516 3010 660 3053 cum
696 3011 769 3053 66
813 2992 945 3071 ipso
975 2991 1108 3051 vult
1135 2992 1400 3071 obligari
1427 2991 1667 3070 legibus
1693 2991 1814 3053 loci
1842 3010 2085 3071 perma-

517 3098 778 3162 nenter3
809 3085 905 3147 vel
942 3103 1020 3147 ex
1045 3086 1444 3166 consequenti
1481 3084 1815 3164 obligatur,
1840 3084 2086 3148 etiamsi

515 3180 715 3257 nolit3
764 3181 852 3240 ita
888 3180 998 3258 qui
1041 3178 1268 3240 alicubi
1310 3179 1444 3240 vult
1483 3179 1561 3240 ad
1603 3179 1791 3241 breve
1839 3185 2087 3257 tempus

524 3274 779 3350 morari,
822 3291 896 3335 eo
933 3273 1067 3353 ipso
1105 3273 1272 3349 vult,
1316 3280 1427 3335 aut
1461 3273 1619 3334 velle
1663 3272 1868 3348 debet,
1904 3270 2086 3332 subdi

522 3385 634 3446 pro
668 3374 813 3428 tunc
839 3366 1131 3445 regimini
1162 3365 1326 3426 illius
1352 3366 1474 3427 1661
1498 3365 1701 3445 quoad
1740 3382 1815 3425 ea
1840 3382 1978 3443 quae
2006 3364 2085 3427 ad

522 3459 840 3536 generales
872 3474 1075 3519 mores
1104 3466 1164 3519 et
1188 3457 1358 3535 leges
1390 3463 1686 3537 spectant.
1732 3456 1905 3530 Quod
1938 3474 2087 3518 con-

520 3550 807 3612 firmatur
841 3568 880 3611 a
914 3550 1253 3611 contrario:
1291 3567 1440 3610 nam
1466 3549 1670 3609 incola
1704 3548 2022 3610 discedens
2049 3567 2089 3609 a

520 3643 835 3704 territorio
862 3642 942 3702 ad
976 3641 1164 3704 breve
1191 3649 1459 3722 tempus,
1486 3643 1695 3702 statim
1727 3660 1840 3721 pro
1867 3642 2086 3704 eodem

521 3736 748 3796 desinit
784 3734 1048 3812 obligari
1082 3733 1323 3813 legibus
1363 3734 1680 3810 territorii,
1716 3734 1896 3812 juxta
1922 3735 2088 3796 dicta

521 3828 720 3908 capite
761 3826 1154 3906 praecedenti,
1194 3832 1257 3888 et
1296 3833 1746 3907 consequenter
1788 3845 1903 3907 pro
1936 3834 2086 3889 tunc

518 3920 592 3984 fit
641 3938 767 3983 non
810 3919 1095 3981 subditus
1134 3921 1202 3980 in
1246 3926 1429 3998 actu3
1477 3938 1624 3999 ergo
1666 3921 1832 3981 idem
1881 3921 2003 3982 erit
2047 3939 2083 3983 e

519 4014 826 4076 contrario
857 4029 874 4074 ε
914 4031 1063 4074 nam
1104 4019 1196 4075 est
1230 4013 1449 4076 eadem
1490 4014 1675 4089 ratio,
1721 4019 1785 4075 et
1829 4016 2085 4094 aequitas

517 4109 788 4189 postulat
823 4113 894 4169 ut
928 4107 997 4167 in
1027 4113 1288 4188 utroque
1332 4108 1565 4188 paritas
1606 4125 1715 4170 666
1763 4108 2083 4188 proportio

517 4207 818 4264 servetur.

596 4296 658 4356 5.
706 4293 966 4371 Sati-§fit
991 4294 1379 4371 fundamento
1409 4295 1820 4357 comrario·—
1838 4292 2081 4354 Funda-

517 4391 800 4467 mentum
824 4386 1147 4448 oontrarise
1165 4389 1487 4448 sententiae
1512 4405 1590 4448 ex
1609 4385 1788 4447 dictis
1807 4385 2085 4448 solutum

517 4491 638 4543 est:
673 4481 808 4559 jam
834 4479 1004 4540 enim
1028 4484 1342 4539 ostensum
1370 4485 1460 4539 est
1489 4478 1797 4557 quomodo
1824 4478 1929 4539 1116
1970 4496 2087 4540 666

513 4574 861 4654 jurisdictio
888 4590 1003 4634 nec
1026 4570 1328 4648 subjectio
1353 4570 1537 4646 desit,
1567 4572 1716 4632 etin
1741 4572 1925 4632 citato
1946 4571 2083 4633 1666

516 4669 594 4728 de
645 4666 939 4739 censuris,
994 4663 1312 4742 sigillatim
1365 4663 1747 4724 ostendimus
1796 4663 1876 4725 ad
1916 4663 2081 4725 hanc

516 4759 962 4838 obligationem
997 4755 1277 4816 sufficere
1317 4755 1626 4835 imprimis
1666 4757 1843 4835 quasi
1880 4755 2080 4816 domi-

515 4853 752 4926 cilium,
783 4849 1004 4910 deinde
1034 4849 1180 4909 satis
1221 4865 1349 4909 esse
1394 4848 1650 4909 brevem
1682 4866 1924 4909 moram
1965 4848 2080 4908 ali-

515 4961 784 5025 quorum
828 4942 1093 5015 dierum,
1137 4946 1199 5001 et
1236 4940 1399 5001 hanc
1437 4941 1892 5002 extendendam
1947 4958 2079 5001 esse

515 5055 658 5099 cum
679 5035 1071 5115 proportione
1094 5032 1173 5092 ad
1195 5033 1461 5094 viatores
1478 5033 1589 5112 qui
1613 5033 1693 5093 ad
1714 5034 1899 5095 breve
1922 5040 2078 5095 tem-

516 5148 632 5208 pus
654 5130 723 5189 in
752 5126 1018 5207 hospitio
1046 5131 1509 5186 commorantur
1518 5147 1537 5201 3
1557 5132 1620 5186 et
1647 5144 1784 5205 quae
1807 5127 1897 5187 ibi
1916 5125 2077 5187 dixi-

516 5240 656 5283 mus
688 5222 763 5282 de
794 5220 931 5299 lege
970 5219 1259 5280 servandi
1303 5218 1458 5280 festa
1490 5225 1744 5298 possunt
1768 5219 1949 5281 facile
1995 5219 2076 5282 ad

513 5332 731 5377 omnes
752 5314 942 5390 legeS,
983 5312 1172 5374 etiam
1200 5311 1431 5387 civiles,
1462 5311 1780 5390 applicari,
1824 5313 1900 5372 de
1939 5313 2076 5392 qui-

511 5409 630 5469 bus
650 5407 840 5469 etiam
868 5405 1066 5465 multa
1088 5403 1286 5465 obiter
1318 5405 1659 5483 tetigimus,
1687 5404 1862 5466 Addo
1885 5406 2077 5466 etiam

512 5502 711 5565 obiter
739 5497 1024 5562 eamdem
1079 5496 1423 5558 doctrinam
1471 5497 1901 5578 applicandam
1945 5516 2075 5562 esse

1530 385 1648 443 Lm.
1683 389 1765 442 111.
1803 389 1884 442 DE
1914 388 2078 442 LEGE
2110 389 2371 443 nunus
2403 392 2483 445 ΕΤ
2516 392 2721 446 clvlm.

2165 494 2244 554 ad
2278 494 2596 572 religiosos
2638 492 3020 573 peregrinos,
3067 510 3177 553 666
3199 492 3473 572 hospites
3500 494 3572 554 in
3606 494 3751 555 aliis

2166 587 2496 665 provinciis
2550 586 2651 647 vel
2700 585 3020 661 domibus,
3073 586 3277 664 quoad
3335 587 3751 665 particularia

2167 684 2397 739 statuta
2422 695 2668 755 earum3
2695 678 2862 757 quod
2894 678 3035 738 ideo
3063 677 3343 753 adverto,
3372 679 3520 757 quia
3545 680 3752 759 aliqui

2167 772 2483 851 excipiunt
2505 771 2825 850 religiosos
2856 771 3321 850 peregrinantes
3343 770 3423 831 ab
3445 772 3568 832 hac
3588 772 3752 833 obli·

2166 865 2442 943 gatione,
2496 865 2645 945 quia
2694 882 2823 924 non
2869 862 3106 924 habent
3156 862 3543 923 territorium
3592 882 3749 943 pro-

2165 958 2397 1036 prium,
2441 976 2515 1019 eo
2554 957 2719 1036 quod
2762 975 2874 1037 per
2918 961 3115 1016 totam
3159 956 3496 1017 Ecclesiam
3534 963 3747 1037 potest

2165 1049 2431 1111 diffundi
2458 1050 2698 1128 religio.
2730 1049 2848 1110 Sed
2892 1048 3012 1109 hoc
3034 1065 3163 1108 non
3186 1048 3412 1125 obstat,
3451 1050 3605 1128 quia
3644 1051 3744 1110 ni-

2162 1142 2507 1203 hilominus
2532 1153 2789 1222 possunt
2818 1141 3094 1219 religiosi
3122 1140 3353 1202 habere
3392 1160 3508 1201 sua
3538 1142 3745 1204 domi-

2162 1235 2304 1296 cilia
2346 1236 2618 1315 propria,
2646 1238 3019 1312 argumento
3059 1251 3190 1313 cap.
3226 1236 3258 1293 1
3300 1233 3376 1293 de
3413 1234 3737 1312 Privileg„

2162 1328 2230 1387 in
2257 1328 2320 1403 6,
2352 1342 2415 1389 et
2437 1327 2642 1407 quoad
2668 1327 2790 1388 hoc
2824 1333 3082 1406 possunt
3118 1325 3464 1405 peculiaria
3489 1344 3740 1388 monas-

2161 1422 2342 1497 teria,
2375 1426 2438 1482 et
2478 1420 2812 1501 provincias
2835 1418 3065 1480 habere
3087 1419 3372 1498 proprias
3403 1419 3741 1481 observan-

2160 1514 2301 1589 tias,
2362 1519 2427 1575 et
2492 1512 2572 1573 ab
2624 1512 2738 1572 has
2788 1510 3053 1572 dicimus
3108 1510 3377 1589 obligari
3434 1513 3732 1589 advenas,

2159 1606 2460 1685 quamdiu
2503 1604 2592 1665 ibi
2635 1609 2802 1678 sunt,
2855 1611 3098 1682 servata
3141 1605 3572 1683 proportione,
3591 1606 3739 1684 quia

2161 1705 2255 1759 est
2276 1698 2493 1759 eadem
2533 1697 2716 1771 ratio,
2750 1696 2871 1756 nisi
2904 1697 3167 1774 ipsamet
3215 1696 3606 1758 consuetudo
3642 1715 3736 1759 re-

2162 1792 2379 1870 ligiosa
2401 1790 2675 1870 aliquam
2699 1789 3125 1869 exceptionem
3149 1789 3274 1851 illis
3301 1791 3559 1852 tribuat.

2243 1887 2304 1946 6.
2351 1886 2497 1950 Non
2521 1884 2587 1945 ob
2616 1882 2970 1946 scandalum
3001 1887 3240 1944 tantum
3260 1884 3451 1946 teneri
3477 1885 3736 1946 advenas

2166 1979 2248 2038 ad
2291 1977 2406 2038 loci
2445 1976 2624 2054 loyes,
2678 1974 2784 2036 sed
2801 1975 2982 2036 otiam
3014 1979 3268 2051 propter
3299 1976 3466 2053 ipsas
3485 1976 3640 2052 leffes
3667 1979 3727 2036 et

2164 2070 2572 2147 sufficientem
2598 2067 3413 2145 ⁴subjectionem».—'1'andem‚
3437 2085 3510 2128 ex
3535 2066 3711 2125 dictis

2163 2167 2398 2224 constat
2416 2178 2543 2220 non
2557 2165 2721 2221 recte
2739 2158 2981 2237 aliquos
3003 2158 3227 2221 dixisse
3239 2159 3418 2221 teneri
3439 2158 3716 2218 advenas

2162 2255 2242 2315 ad
2268 2254 2381 2314 has
2398 2252 2566 2332 leges
2593 2250 2948 2326 servandas,
2990 2250 3187 2311 solum
3227 2257 3464 2331 propter
3504 2251 3721 2310 vitan-

2161 2348 2313 2408 dum
2357 2345 2741 2406 scandalum.
2799 2345 2928 2404 Hoc
2978 2345 3141 2404 enim
3183 2361 3389 2405 verum
3423 2360 3567 2402 non
3606 2348 3729 2416 est,

2161 2439 2335 2514 alias,
2361 2443 2636 2499 cessante
2656 2435 2970 2510 scandalo,
2992 2454 3066 2497 ac
3090 2455 3189 2515 per
3209 2455 3274 2496 66
3296 2436 3456 2496 etin
3481 2434 3736 2495 occulto

2161 2551 2289 2593 666
2315 2532 2738 2609 obligarentur
2777 2528 2875 2589 his
2906 2528 3168 2608 legibus.
3205 2528 3553 2589 Dicendum
3583 2545 3734 2606 ergo

2162 2631 2276 2700 est,
2304 2624 2448 2685 licet
2468 2622 2916 2684 interveniente
2930 2620 3159 2681 actuali
3185 2620 3475 2681 scandalo
3499 2625 3731 2680 crescat

2163 2716 2571 2778 accidentarie
2613 2714 2934 2793 obligatio,
2989 2732 3116 2774 non
3158 2719 3372 2774 tamen
3399 2731 3535 2774 esse
3559 2731 3730 2773 scan-

2163 2810 2375 2870 dalum
2420 2810 2742 2888 proprium
2782 2807 3266 2868 fundamentum
3310 2805 3728 2883 obligationis,

2165 2904 2270 2964 sed
2288 2902 2366 2963 ad
2390 2918 2706 2962 summum
2726 2918 2853 2961 esse
2874 2900 3262 2961 occasionem
3274 2917 3384 2960 seu
3401 2898 3724 2972 motivum,

2165 2995 2330 3076 quod
2368 2994 2782 3073 legislatorem
2831 2998 3040 3054 movet
3076 2993 3155 3054 ad
3183 2993 3508 3054 terendam
3532 2991 3733 3070 legem

2166 3089 2342 3168 cujus
2362 3086 2659 3165 obligatio
2685 3104 2812 3147 666
2849 3091 3064 3162 cessat,
3095 3085 3341 3147 etiamsi
3364 3085 3436 3147 in
3463 3084 3730 3165 particu-

2165 3182 2282 3243 lari
2308 3187 2500 3243 cesset
2535 3180 2839 3241 motivum
2851 3200 2869 3254 3
2910 3180 3066 3241 sicut
3106 3179 3522 3260 prohibentur
3560 3195 3736 3239 arma

2165 3276 2275 3337 tali
2295 3275 2429 3335 1666
2466 3273 2566 3334 vel
2588 3279 2865 3351 tempore
2899 3278 2969 3333 ut
2990 3273 3267 3334 vitentur
3292 3273 3470 3348 rixae,
3502 3277 3569 3332 et
3595 3289 3738 3351 pro-

2166 3367 2458 3428 hibentur
2496 3365 2746 3426 feminae
2772 3364 2889 3426 hoc
2921 3365 3020 3426 vel
3050 3364 3157 3425 illo
3185 3364 3372 3426 modo
3398 3365 3634 3438 ornari,
3663 3368 3736 3424 ut

2167 3477 2295 3520 non
2344 3457 2659 3539 proebeant
2714 3456 3070 3518 scandalum
3098 3473 3120 3535 3
3181 3463 3246 3519 et
3298 3457 3730 3532 nihilominus,

2166 3557 2495 3632 postquam
2516 3549 2684 3628 leges
2710 3550 2925 3629 positae
2952 3555 3116 3627 sunt,
3151 3549 3452 3628 obligatio
3479 3567 3610 3611 non
3641 3555 3737 3610 est

2167 3650 2412 3705 tantum
2444 3642 2739 3718 scandali,
2766 3643 2873 3704 sed
2903 3661 3016 3722 per
3042 3660 3107 3704 66
3132 3643 3374 3704 ratione
3396 3641 3622 3702 talium
3649 3641 3739 3702 le-

2166 3754 2341 3816 gum.
2372 3736 2473 3797 Sic
2489 3753 2639 3814 ergo
2662 3740 2754 3796 est
2774 3735 2841 3795 in
2868 3735 3180 3815 praesenti,
3208 3735 3541 3796 necessitas
3562 3735 3736 3795 enim

2164 3828 2404 3890 vitandi
2437 3827 2749 3903 scandala,
2790 3833 2855 3890 et
2880 3827 3283 3889 conservandi
3306 3828 3501 3888 bonos
3528 3843 3736 3888 mores

2162 3920 2518 4001 reipublicae
2545 3925 2754 3981 movet
2776 3920 2855 3981 ad
2878 3920 3164 3982 ferendas
3189 3919 3358 3999 leges
3387 3937 3501 4000 pro
3529 3920 3735 3980 omni-

2162 4015 2278 4076 bus
2310 4015 2418 4093 qui
2450 4014 2519 4074 in
2551 4013 2661 4074 tali
2694 4012 2829 4075 loco
2857 4019 3219 4092 versantur3
3258 4019 3322 4075 et
3361 4013 3526 4089 ideo,
3561 4018 3734 4092 post·

2162 4125 2352 4188 quam
2393 4106 2496 4168 lex
2539 4111 2632 4167 est
2675 4107 3033 4182 constituta,
3067 4112 3316 4168 tenetur
3354 4105 3596 4166 advena
3635 4103 3734 4165 illi

2162 4199 2556 4275 conformari,
2582 4217 2711 4261 non
2736 4199 2938 4261 solum
2961 4200 3202 4261 ratione
3228 4198 3503 4259 scandali
3527 4199 3736 4259 vitan·

2163 4295 2253 4371 di,
2276 4294 2383 4356 sed
2403 4292 2593 4354 etiam
2612 4298 2863 4372 propter
2882 4293 3083 4372 ipsam
3103 4292 3308 4371 legem
3330 4297 3392 4353 et
3415 4291 3735 4353 sufficien-

2161 4392 2290 4448 tem
2320 4385 2781 4466 subJectionem,
2802 4392 2874 4446 ut
2896 4384 3273 4465 explicatum
3288 4391 3399 4446 est.

2246 4482 2305 4554 7,
2350 4480 2536 4542 Posse
2561 4479 2723 4555 ferri
2751 4479 2935 4558 loqem
2981 4496 3097 4557 pro
3138 4478 3342 4558 aliquo
3386 4477 3733 4551 tem-iwrio,

2164 4591 2298 4653 quoe
2315 4573 2470 4635 solos
2492 4574 2750 4634 advenas
2770 4572 2839 4632 in
2856 4572 2964 4633 illo
2992 4574 3308 4634 existentes
3328 4570 3569 4650 obliyet,
3594 4587 3740 4631 ωηο

2163 4666 2269 4727 hoo
2292 4667 2374 4727 ad
2410 4666 2621 4727 bonum
2660 4682 2958 4727 commum
2987 4669 3221 4742 spectet.
3248 4694 3331 4708 —
3350 4662 3469 4723 Sed
3488 4680 3740 4741 quaeres

2161 4776 2244 4819 an
2272 4758 2463 4837 possit
2484 4756 2632 4818 ferri
2673 4755 2776 4817 lex
2807 4774 2921 4836 pro
2955 4755 3164 4835 aliqua
3189 4757 3436 4817 civitate
3464 4760 3579 4815 aut
3602 4760 3738 4815 ter·

2157 4850 2397 4926 ritorio,
2446 4866 2586 4928 quae
2620 4847 2779 4908 solos
2820 4849 3090 4910 advenas
3129 4849 3198 4910 in
3237 4848 3345 4908 illo
3390 4847 3740 4908 existentes

2158 4942 2392 5021 obliget
2404 4957 2426 5019 3
2456 4960 2604 5003 nam
2623 4943 2969 5017 Innocent.,
2990 4944 3056 5002 in
3084 4942 3248 5003 dicto
3274 4959 3411 5020 cap.
3441 4940 3501 5003 A
3528 4941 3735 5017 nobis,

2158 5033 2311 5094 dicit
2363 5033 2552 5095 talem
2611 5034 2816 5113 legem
2855 5052 2986 5094 non
3032 5051 3206 5113 posse
3242 5033 3518 5111 obligare
3550 5050 3738 5111 pere-

2159 5127 2393 5206 grinoS,
2421 5128 2528 5188 sed
2551 5127 2751 5187 solum
2775 5127 3025 5207 quando
3062 5126 3368 5206 generalis
3392 5131 3510 5200 est,
3532 5132 3593 5186 et
3610 5143 3739 5205 per

2159 5239 2222 5282 se
2250 5219 2487 5298 obligat
2523 5219 2775 5296 1666166,
2808 5227 2871 5281 et
2897 5221 3074 5299 quasi
3106 5221 3593 5282 concomitanter
3621 5239 3739 5299 pe·

2157 5313 2477 5391 regrinos3
2508 5318 2570 5373 et
2597 5313 2758 5373 forte
2795 5320 2995 5374 motus
3028 5319 3142 5389 est,
3175 5314 3322 5393 quia
3360 5320 3511 5372 tunc
3537 5313 3736 5374 habet

2156 5405 2360 5465 locum
2403 5407 2563 5466 ratio
2594 5406 3058 5481 uniformitatis,
3092 5412 3154 5466 et
3183 5405 3527 5481 accessorii,
3554 5405 3734 5484 quod

2154 5500 2431 5580 sequitur
2456 5499 2835 5582 principale:
2861 5500 2992 5563 11616
3021 5506 3232 5562 autem
3261 5500 3423 5562 ratio
3454 5517 3588 5563 non
3605 5500 3734 5562 ha-
