3976 6219
828 366 962 417 CAP.
998 367 1127 418 xm.
1165 366 1248 417 AN
1283 366 1618 420 PRAECEPTA
1651 368 1828 421 LEGIS
1860 370 2128 421 NATURAE
2160 372 2240 423 AB
2275 372 2655 433 lNTRlNSECQ
2692 374 2826 424 Ere.

229 472 368 532 dist.
405 472 464 546 3,
505 474 567 530 et
593 468 731 529 aliis
762 487 915 547 quos
949 468 1146 547 capite
1183 470 1461 547 sequenti
1497 477 1558 531 et
1587 473 1663 532 15
1695 489 1791 531 re-

227 565 445 625 feram.
479 565 631 622 Item
658 579 732 621 ex
780 561 1150 638 Augustino,
1185 561 1293 621 lib.
1328 562 1406 621 83
1430 562 1787 638 Quaestion.,

228 677 290 737 q.
326 659 426 730 53,
458 663 521 715 01
551 655 657 716 lib.
689 655 764 715 de
791 672 939 714 vera
968 654 1193 733 Relig.,
1232 673 1361 732 cap.
1398 656 1498 730 31,
1528 664 1588 716 01
1616 657 1725 716 lib.
1755 660 1782 716 1

228 750 304 809 de
335 749 444 809 lib.
483 747 660 821 Arb.,
686 766 820 826 cap.
849 748 908 807 6.
941 749 1094 806 Item
1123 766 1198 807 ex
1232 748 1571 824 Lactantio,
1608 749 1717 808 lib.
1750 750 1790 809 6

228 843 303 903 de
331 859 478 902 vero
501 839 678 900 Cultu
684 885 703 915 ,
724 858 777 899 c.
798 840 858 915 8,
878 844 940 899 01
959 858 1035 899 ex
1057 838 1402 915 Aristotele,
1427 842 1463 899 5
1490 841 1787 918 Ethicor.,

227 954 363 1013 cap.
402 937 465 1007 73
498 932 811 1005 Cicerone,
858 931 967 991 lib.
1002 935 1029 991 1
1066 937 1127 991 01
1155 934 1193 991 2
1230 931 1305 991 de
1334 933 1517 1011 Lege,
1560 938 1621 993 et
1647 935 1683 993 3
1714 934 1790 993 de

227 1026 492 1104 Repub.,
532 1029 594 1083 et
635 1023 777 1103 ex§
820 1023 1024 1098 Sedet,
1068 1024 1266 1084 Instit.
1314 1023 1390 1083 de
1415 1026 1548 1085 Jur.
1577 1031 1784 1087 natur.

226 1119 529 1179 Probatur
560 1124 766 1178 autem
796 1117 1022 1195 primo,
1061 1118 1209 1195 quia
1232 1117 1350 1176 1100
1372 1119 1477 1195 jus
1509 1119 1789 1179 naturale

224 1211 325 1270 vel
354 1211 776 1270 consideratur
805 1209 871 1268 in
900 1210 1023 1269 Deo
1057 1209 1156 1269 vel
1183 1210 1251 1269 in
1287 1210 1540 1270 homine
1565 1233 1579 1269 :
1609 1219 1792 1289 prout

227 1311 320 1365 est
348 1305 414 1364 in
440 1305 692 1364 homine
721 1301 951 1363 mutari
986 1321 1115 1363 000
1151 1308 1372 1382 001051,
1404 1304 1550 1383 quia
1576 1310 1669 1365 est
1696 1305 1790 1364 in-

227 1398 493 1459 trinseca
538 1396 881 1475 proprietas
927 1396 1268 1456 necessario
1307 1396 1505 1456 fluens
1552 1407 1629 1457 ex
1681 1398 1789 1458 tali

228 1495 474 1564 natura,
522 1491 671 1568 quia
698 1489 837 1549 talis
878 1495 991 1565 est,
1035 1489 1135 1550 vel
1169 1490 1261 1565 (ut
1296 1489 1412 1550 alii
1429 1489 1667 1569 volunt)
1698 1497 1788 1552 est

230 1584 363 1662 ipsa
404 1580 724 1642 rationalis
766 1587 986 1642 natura
996 1598 1017 1658 3
1076 1601 1224 1661 ergo
1278 1589 1605 1662 repugnat,
1658 1601 1788 1643 ma-

231 1680 419 1737 nente
466 1675 571 1735 tali
613 1680 834 1734 natura
882 1680 1024 1753 apta
1059 1675 1137 1734 ad
1188 1675 1487 1736 utendum
1519 1677 1782 1750 ratione,

232 1770 463 1830 auferri
488 1769 688 1847 legem
713 1767 1079 1828 naturalem.
1109 1769 1173 1828 Si
1198 1786 1344 1829 vero
1372 1770 1789 1831 consideretur

232 1861 365 1923 11ωο
390 1861 490 1923 lex
523 1869 592 1921 ut
615 1867 707 1922 est
733 1862 799 1921 10
826 1863 973 1935 Deo,
995 1880 1178 1941 supra
1209 1868 1517 1922 ostensum
1546 1868 1636 1923 est
1662 1881 1790 1922 000

230 1974 406 2033 00550
439 1953 670 2014 auferri
708 1973 834 2013 non
878 1954 1075 2014 solum
1116 1972 1153 2013 a
1179 1954 1414 2031 judicio
1462 1955 1654 2015 divini
1695 1956 1793 2015 in-

227 2047 533 2122 tellectus,
566 2064 784 2106 verum
813 2047 1001 2106 etiam
1031 2065 1231 2125 neque
1257 2064 1293 2106 a
1321 2046 1636 2107 voluntate
1673 2066 1796 2125 qua

225 2138 364 2198 vult
393 2139 493 2198 vel
529 2139 679 2199 talia
719 2138 883 2198 bona
912 2139 1267 2218 praecipere,
1297 2140 1396 2199 vel
1440 2140 1586 2199 talia
1630 2141 1797 2200 mala

227 2231 448 2291 vitare.

310 2325 367 2384 3.
418 2323 726 2399 Secunde,
765 2327 1172 2401 argumentor
1197 2324 1275 2383 -in
1303 2322 1471 2384 hunc
1511 2325 1789 2400 modum,

227 2415 375 2494 quia
418 2416 588 2476 nulla
619 2416 718 2476 lex
760 2415 968 2475 deficit
999 2433 1109 2493 per
1153 2416 1417 2494 seipsam
1455 2417 1588 2476 sine
1618 2434 1793 2476 revo-

229 2509 468 2568 catione
493 2508 879 2587 legislatoris,
911 2507 1032 2566 nisi
1050 2505 1149 2567 vel
1174 2507 1321 2585 quia
1344 2526 1471 2567 non
1507 2515 1639 2569 erat
1659 2527 1793 2587 per-

229 2606 437 2678 petua,
467 2602 572 2661 sed
609 2591 719 2681 pro
755 2607 1031 2678 tempore
1071 2605 1260 2674 certo,
1302 2618 1426 2677 quo
1454 2600 1632 2660 finito
1659 2601 1794 2679 ipsa

232 2696 420 2756 etiam
455 2695 672 2754 finitur
702 2700 762 2755 et
796 2694 1021 2754 desinit
1048 2710 1217 2768 esse;
1248 2692 1347 2753 vel
1384 2693 1531 2772 quia
1562 2694 1629 2753 in
1660 2712 1790 2753 ma-

232 2788 391 2848 teria
416 2787 489 2847 fit
522 2787 727 2865 aliqua
771 2787 1056 2862 mutati0,
1092 2786 1330 2846 ratione
1370 2788 1545 2865 eujus
1578 2786 1678 2847 lex
1709 2787 1789 2847 sit

232 2879 675 2939 irrationabilis
699 2885 761 2939 et
785 2878 1038 2957 injusta,
1065 2896 1207 2938 eum
1240 2885 1424 2939 antea
1450 2885 1604 2939 esset
1627 2881 1792 2958 justa

235 2979 297 3034 et
319 2973 606 3051 prudeus,
652 2972 807 3045 Quia
846 2973 897 3031 si
925 2971 1024 3032 lex
1056 2971 1378 3033 indefinite
1411 2991 1480 3032 ae
1510 2972 1641 3032 5100
1669 2978 1792 3034 ter-

234 3067 407 3127 mino
434 3067 630 3146 posita
667 3071 820 3140 erat,
852 3073 913 3126 et
941 3082 1015 3126 ex
1044 3070 1216 3144 parte
1245 3066 1518 3126 materiai
1546 3083 1673 3126 000
1703 3073 1795 3127 051

233 3160 395 3220 facta
439 3158 723 3233 1111110110,
769 3176 897 3218 000
940 3163 1140 3237 001051
1179 3158 1442 3236 intelligi
1487 3158 1795 3237 quomodo

234 3271 345 3331 per
389 3253 652 3331 seipsam
694 3260 884 3312 cesset
931 3250 1057 3325 lex,
1109 3256 1398 3310 manente
1450 3250 1689 3328 objecto
1734 3257 1796 3311 et

235 3346 370 3424 subj
379 3351 513 3406 ecto
541 3346 695 3423 ejuS,
740 3363 882 3404 cum
929 3363 1005 3405 ex
1039 3350 1211 3423 parte
1260 3343 1624 3421 legislatoris
1667 3361 1794 3403 000

235 3438 574 3512 auferatur,
606 3444 676 3498 01
714 3437 1138 3516 supponimus.
1187 3437 1268 3496 At
1299 3440 1517 3496 neuter
1542 3435 1792 3496 illorum

235 3532 560 3593 modorum
605 3531 790 3591 habet
834 3531 1040 3590 locum
1080 3530 1149 3589 in
1182 3529 1322 3606 jure
1369 3529 1659 3589 naturali.
1708 3530 1793 3589 De

234 3624 429 3704 priori
450 3630 641 3704 patet,
663 3624 810 3703 quia
833 3624 999 3702 leges
1027 3623 1159 3701 ejus
1191 3627 1335 3682 sunt
1361 3623 1711 3683 necessariae
1731 3629 1794 3684 et

235 3723 547 3797 perpetuae
575 3718 882 3778 veritatis:
908 3716 1331 3796 complectitur
1359 3716 1527 3776 enim
1554 3716 1670 3777 1100
1690 3720 1794 3795 jus

239 3811 541 3889 (utsupra
576 3809 724 3889 dixi)
759 3809 1062 3889 principia
1096 3826 1341 3870 morum
1380 3826 1490 3887 per
1520 3826 1585 3868 se
1611 3816 1790 3885 0010,

238 3908 299 3962 01
342 3921 556 3964 010005
600 3922 671 3964 00
715 3903 871 3963 50105
916 3902 1336 3964 conclusiones
1376 3919 1515 3981 quae
1557 3919 1634 3962 ex
1673 3902 1795 3962 illis

235 3997 578 4057 necessaria
613 3996 888 4056 illatione
915 3996 1292 4069 inferuntur,
1337 3994 1465 4055 sive
1491 3995 1792 4073 proxime,

236 4088 365 4148 sive
396 4108 507 4169 per
547 4090 753 4168 plures
784 4089 1091 4149 illationes
1119 4108 1133 4147 ε
1168 4089 1379 4147 0111010
1413 4092 1620 4146 autem
1666 4086 1798 4147 11000

235 4189 547 4265 001001οω
570 4183 845 4243 veritatis
864 4187 1032 4257 sunt3
1049 4180 1197 4260 quia
1220 4180 1445 4241 veritas
1468 4179 1798 4259 principio-

235 4293 379 4336 rum
410 4293 536 4334 non
564 4275 835 4334 subsistit
860 4273 993 4334 5100
1020 4273 1281 4333 veritate
1311 4273 1529 4333 talium
1557 4272 1797 4332 conclu-

236 4369 508 4443 sionum,
545 4373 607 4428 et
642 4367 946 4447 principia
984 4367 1118 4444 ipsa
1154 4384 1230 4425 ex
1275 4365 1555 4426 terminis
1594 4382 1796 4425 neces-

238 4464 403 4523 saria
436 4468 578 4521 sunt
594 4478 614 4539 ;
658 4480 805 4540 ergo
836 4461 906 4521 in
931 4461 1220 4521 omnibus
1241 4461 1338 4521 his
1366 4460 1682 4541 praeceptis
1709 4465 1799 4520 est

236 4555 657 4636 perpetuitas,
702 4574 831 4616 non
873 4573 1021 4633 ergo
1068 4562 1322 4634 possunt
1366 4554 1642 4615 desinere
1687 4572 1798 4632 per

236 4648 440 4708 5011110
479 4646 720 4726 lapsum
760 4646 1075 4726 1011100115.
1119 4644 1331 4707 Α11010
1364 4663 1509 4705 vero
1541 4663 1682 4723 pars
1723 4663 1800 4705 ex

238 4742 460 4802 eodem
487 4741 792 4820 principio
832 4741 1010 4800 facile
1048 4739 1407 4814 ostenditur,
1452 4739 1596 4817 quia
1634 4738 1800 4816 judi-

239 4834 406 4894 cium
440 4834 605 4913 quod
641 4833 983 4894 necessario
1021 4830 1329 4909 colligitur
1367 4848 1444 4890 ex
1483 4830 1800 4909 principiis

240 4944 354 5005 per
386 4944 450 4987 se
478 4927 640 4987 notis
665 4944 988 5006 nunquam
1012 4930 1209 5005 potest
1233 4942 1361 4984 esse
1381 4923 1634 4998 falsum3
1657 4940 1803 5001 ergo

240 5036 357 5078 nec
402 5024 603 5099 potest
645 5037 773 5080 esse
818 5015 1237 5079 irrationabile
1263 5015 1361 5075 vcl
1404 5015 1800 5095 imprudens:

240 5111 350 5171 sed
390 5130 574 5173 omne
594 5112 898 5191 judicium
923 5111 1074 5190 legis
1108 5109 1405 5170 naturalis
1427 5108 1550 5169 tale
1588 5115 1701 5183 est,
1735 5114 1808 5169 ut

239 5204 342 5265 vel
366 5205 446 5265 sit
468 5206 543 5265 de
568 5205 880 5284 principiis
906 5222 1016 5284 per
1036 5222 1099 5265 se
1122 5202 1308 5277 notis,
1329 5200 1428 5262 vel
1456 5219 1533 5261 ex
1554 5200 1675 5261 illis
1699 5220 1807 5262 ne-

242 5298 508 5359 cessario
549 5298 890 5359 inferatur:
939 5315 1085 5376 ergo
1128 5294 1524 5375 quantumvis
1566 5311 1661 5353 res
1702 5311 1808 5352 va-

245 5392 513 5466 rientur,
549 5391 855 5469 judicium
893 5389 1049 5469 legis
1092 5388 1391 5451 naturalis
1416 5386 1646 5448 variari
1682 5404 1810 5447 000

241 5484 498 5564 poterit.

3317 374 3430 430 ⁴33

1953 477 2014 535 4.
2060 474 2289 549 Tertio,
2325 474 2396 534 fit
2422 474 2545 535 alia
2573 474 2850 535 inductio
2887 476 3323 554 distinguendo
3364 479 3432 538 in

1872 566 1988 628 hoc
2009 568 2151 646 jure
2184 573 2488 646 praecepta
2515 567 2884 628 affirmativa
2920 575 2982 629 et
3020 571 3330 648 negativa,
3372 578 3434 633 et

1872 660 2246 721 ostendendo
2278 666 2567 721 neutrum
2607 679 2801 738 genus
2847 661 3066 721 talium
3093 670 3431 742 011000010-

1870 770 2011 812 rum
2040 771 2213 831 posse
2241 771 2352 831 per
2380 771 2442 812 50
2467 771 2726 829 0055010,
2756 759 2864 813 001
2888 754 3162 814 desinere
3198 753 3434 832 obliga-

1869 864 1958 907 re.
2008 847 2163 906 Nam
2204 845 2511 923 imprimis
2554 851 2856 924 praecepta
2898 847 3186 923 negativa
3224 849 3435 926 prohi-

1870 939 2023 999 bent
2067 957 2166 999 res
2210 957 2320 1017 per
2365 956 2429 998 se
2473 944 2535 997 et
2569 938 2900 998 intrinsece
2948 938 3163 1013 100105,
3192 945 3253 999 01
3295 940 3432 1000 ideo

1872 1032 2153 1108 obligant
2190 1047 2432 1109 semper
2470 1036 2530 1090 01
2569 1048 2680 1108 010
2708 1049 2951 1108 semper
2960 1047 2981 1106 3
3015 1035 3149 1090 tum
3193 1032 3433 1093 ratione

1872 1143 1996 1185 suae
2028 1124 2265 1199 iormae,
2302 1123 2449 1202 quia
2481 1123 2727 1200 negatio
2755 1122 2968 1181 omnia
2991 1122 3277 1198 destruit,
3299 1131 3433 1184 tum

1872 1218 2061 1278 etiam
2090 1218 2236 1296 quia
2267 1215 2432 1295 quod
2462 1234 2570 1294 per
2600 1233 2663 1275 se
2694 1214 2928 1274 malum
2958 1226 3070 1290 est,
3103 1234 3344 1296 semper
3371 1224 3433 1278 et

1872 1311 2100 1389 ubique
2122 1309 2445 1370 vitandum
2471 1312 2594 1368 est:
2626 1307 2840 1368 eadem
2864 1326 3012 1385 ergo
3042 1309 3280 1369 ratione
3307 1330 3432 1370 non

1870 1409 2124 1482 possunt
2154 1402 2302 1462 talia
2346 1405 2648 1480 praecepta
2688 1419 2797 1479 per
2840 1418 2902 1460 se
2945 1400 3246 1476 desinere,
3288 1403 3434 1481 quia

1867 1514 1995 1556 11011
2024 1500 2222 1575 potest
2252 1512 2349 1554 res
2375 1512 2486 1572 per
2513 1511 2575 1553 se
2600 1492 2766 1552 mala
2786 1493 3065 1553 desinere
3089 1512 3219 1554 esse
3245 1495 3428 1556 mala.

1865 1587 2253 1649 Affirmativa
2278 1604 2424 1646 vero
2454 1591 2780 1664 praecepta,
2828 1584 2970 1645 licet
2996 1605 3238 1665 semper
3280 1587 3433 1646 obli-

1869 1687 2040 1760 gent,
2071 1699 2201 1740 1100
2240 1684 2451 1739 101000
2481 1697 2591 1757 010
2627 1694 2903 1756 semper3
2950 1684 3011 1738 et
3050 1678 3188 1738 ideo
3235 1685 3433 1758 potest

1865 1773 2221 1852 hujusmodi
2251 1778 2651 1851 praeceptum,
2676 1771 2820 1831 licet
2846 1771 3127 1831 naturale
3164 1773 3265 1846 sit,
3307 1791 3433 1831 uno

1869 1871 2146 1945 tempore
2183 1865 2454 1942 obligare
2496 1869 2558 1924 et
2599 1882 2725 1923 non
2757 1864 2825 1923 in
2866 1865 3010 1939 alio,
3046 1882 3154 1924 seu
3200 1864 3267 1923 in
3306 1883 3432 1924 una

1872 1959 2185 2018 occasione
2209 1963 2271 2017 et
2301 1975 2430 2017 000
2455 1959 2522 2015 10
2551 1955 2697 2032 0110;
2722 1975 2843 2017 000
2876 1963 3083 2016 100100
3110 1962 3433 2035 propterea

1872 2052 2087 2130 recipit
2118 2051 2551 2125 mutationem,
2574 2050 2719 2128 quia
2739 2049 2869 2108 haec
2891 2056 2981 2108 est
2998 2049 3165 2108 illius
3183 2056 3428 2124 natura,

1873 2150 1937 2204 et
1968 2146 2061 2220 (ut
2093 2144 2178 2203 sic
2204 2143 2423 2218 dicam)
2454 2161 2492 2201 a
2518 2142 2822 2220 principio
2850 2141 3045 2200 fertur
3073 2160 3183 2219 pro
3210 2141 3434 2200 talibus

1874 2235 2320 2310 occasionibus,
2348 2235 2448 2295 vel
2481 2234 2595 2294 sub
2623 2233 2848 2294 talibus
2869 2233 3347 2308 conditionibuS,
3376 2239 3439 2293 et

1872 2348 2000 2389 000
2032 2347 2146 2408 pro
2179 2328 2336 2388 aliis.
2369 2326 2783 2387 Nihilominus
2818 2332 3030 2386 tamen
3072 2345 3311 2405 semper
3340 2344 3434 2386 re-

1872 2422 2030 2481 tinet
2057 2438 2232 2480 suam
2260 2420 2412 2495 vim,
2445 2437 2689 2497 semper
2714 2418 2969 2496 obligat,
3001 2419 3141 2478 licet
3168 2436 3294 2477 000
3321 2436 3434 2496 010

1872 2529 2144 2592 semper:
2191 2513 2350 2572 sicut
2389 2518 2765 2590 praeceptum
2802 2510 3220 2582 confessionis,
3260 2501 3435 2570 verbi

1873 2607 2095 2684 gratia,
2126 2605 2269 2665 licet
2293 2623 2404 2683 pro
2427 2604 2543 2664 1100
2565 2622 2775 2664 1110050
2799 2622 2926 2663 000
2951 2603 3203 2680 obliget,
3231 2610 3294 2663 et
3321 2622 3433 2682 pro

1868 2707 2143 2776 tempore
2173 2697 2666 2774 Quadragesimae
2694 2695 2944 2773 obliget,
2968 2714 3093 2755 non
3125 2697 3264 2755 ideo
3295 2714 3433 2754 mu-

1866 2797 2055 2867 tatur,
2102 2790 2210 2850 sed
2253 2789 2328 2849 de
2362 2807 2425 2849 se
2470 2789 2634 2849 idem
2676 2807 2916 2867 semper
2963 2794 3302 2866 permanet.
3353 2790 3429 2848 Et

1870 2884 2217 2947 declaratur
2243 2881 2540 2959 amplius:
2574 2899 2721 2941 nam
2755 2887 3060 2960 praecepta
3091 2881 3430 2941 affimativa

1872 2976 2026 3053 legis
2048 2974 2347 3035 naturalis
2371 2974 2569 3033 solum
2598 2973 2876 3050 obligant
2898 2991 3008 3051 pro
3034 2973 3154 3033 illis
3175 2974 3434 3033 occasio-

1872 3069 2077 3143 nibuS,
2104 3068 2170 3127 in
2193 3066 2417 3147 quibus
2435 3065 2681 3127 omissio
2700 3065 2841 3126 talis
2869 3072 3040 3125 actus
3062 3072 3218 3126 esset
3240 3084 3350 3144 per
3370 3084 3432 3126 se

1875 3167 1936 3223 et
1955 3162 2287 3222 intrinsece
2309 3159 2503 3219 mala:
2537 3177 2684 3236 ergo
2716 3158 2872 3218 sicut
2898 3158 3007 3218 illa
3030 3160 3277 3217 omissio
3304 3177 3433 3218 non

1874 3260 2077 3336 potest
2107 3272 2234 3313 non
2262 3270 2390 3312 esse
2419 3251 2581 3311 mala
2606 3267 2622 3321 ;
2664 3251 2751 3311 110
2787 3269 2984 3328 neque
3012 3250 3307 3327 obligatio
3344 3251 3435 3308 af-

1873 3346 2170 3408 firmativi
2199 3344 2489 3425 praecepti
2508 3344 2585 3403 ad
2604 3351 2814 3403 actum
2839 3343 2932 3403 illi
2957 3342 3273 3402 emissioni
3293 3360 3437 3402 000-

1874 3441 2134 3502 11011010
2175 3443 2377 3518 001051
2426 3455 2535 3516 per
2587 3455 2650 3497 se
2681 3437 2958 3497 desinere
3005 3440 3114 3495 aut
3157 3434 3432 3494 mutari:

1874 3552 2020 3611 ergo
2040 3533 2163 3593 tale
2188 3536 2561 3610 praeceptum
2580 3529 2921 3590 necessario
2944 3546 3187 3606 semper
3206 3526 3438 3605 obligat

1873 3645 1983 3707 pro
2004 3644 2113 3686 suo
2134 3631 2431 3703 tempore,
2445 3629 2507 3684 et
2525 3627 2971 3701 consequenter
2988 3639 3229 3699 semper
3248 3621 3433 3680 etiam

1874 3721 2105 3798 obh'gat
2137 3719 2214 3779 ad
2253 3736 2380 3777 000
2412 3717 2769 3778 habendum
2801 3715 3178 3776 contrarium
3216 3730 3438 3792 propo-

1874 3815 2085 3888 situm,
2130 3830 2241 3873 500
2288 3810 2365 3870 ad
2413 3810 2825 3870 odediendum
2872 3809 3088 3870 saltem
3125 3808 3193 3869 in
3242 3803 3437 3865 animi

1875 3906 2342 3985 praeparatione.

1957 4001 2017 4058 5.
2065 3998 2316 4071 Quat-te,
2362 3994 2707 4056 declaratur
2753 3999 2816 4054 et
2861 3992 3262 4053 confirmatur
3305 3993 3439 4054 haec

1876 4092 2102 4152 veritas
2135 4087 2515 4168 expediendo
2543 4086 2953 4163 objectionem
2986 4103 3123 4163 quae
3154 4085 3257 4144 hic
3302 4085 3438 4146 fieri

1875 4188 2093 4263 potest.
2130 4182 2285 4241 Dicit
2305 4179 2475 4240 enim
2503 4177 2877 4252 Aristoteles,
2904 4179 2942 4236 5
2961 4176 3186 4252 Ethic.,
3209 4194 3341 4255 cap.
3371 4180 3431 4253 7,

1870 4279 2113 4356 justum
2128 4271 2432 4348 naturale,
2457 4290 2564 4332 seu
2585 4277 2809 4330 natura
2825 4274 3136 4345 constans,
3157 4287 3284 4330 non
3309 4288 3439 4329 om-

1876 4388 1956 4430 ne
2005 4367 2300 4428 mutabile
2348 4384 2500 4439 esse,
2550 4364 2881 4442 aliquando
2921 4380 3068 4423 vero
3107 4380 3280 4442 posse
3310 4382 3442 4424 esse

1878 4461 2207 4522 mutationi
2235 4458 2597 4520 obnoxium.
2632 4457 2805 4531 Quod
2841 4458 3029 4518 etiam
3051 4456 3240 4517 tradit
3266 4457 3441 4516 divus

1877 4555 2145 4615 Thomas
2178 4556 2233 4613 1.
2267 4554 2330 4627 2,
2363 4557 2576 4631 quoest.
2627 4553 2729 4626 94,
2757 4556 2872 4612 art.
2908 4552 2969 4627 5,
3001 4550 3209 4610 dicens
3240 4550 3442 4627 legem

1878 4655 2115 4708 naturae
2156 4646 2358 4725 quoad
2408 4645 2610 4724 prima
2659 4643 2965 4723 principia
3014 4644 3270 4702 omnino
3316 4658 3444 4701 esse

1878 4738 2366 4814 immutabilem,
2412 4738 2612 4817 quoad
2657 4737 3076 4797 conclusiones
3122 4739 3331 4794 autem
3375 4737 3446 4790 ut

1880 4832 2219 4911 plurimum
2250 4850 2376 4891 non
2406 4831 2656 4907 mutari,
2697 4832 2764 4889 in
2791 4830 2997 4908 aliquo
3021 4834 3230 4887 tamen
3273 4841 3440 4896 casu,

1884 4930 1946 4985 et
1971 4926 2038 4984 in
2068 4925 2457 5002 paucioribus
2486 4924 2740 4998 mutari,
2773 4927 3023 5000 propter
3043 4915 3447 4996 particulares

1886 5036 2099 5079 causas
2127 5023 2534 5078 occurrentes.
2568 5014 2905 5076 Confirmat
2939 5012 3056 5069 hoc
3083 5010 3151 5066 D.
3179 5007 3446 5067 Thomas

1887 5110 2168 5188 exemplo
2188 5110 2343 5186 legis
2361 5107 2663 5168 naturalis
2681 5100 3084 5183 praecipientis
3099 5099 3445 5178 depositum

1888 5203 2065 5263 reddi
2090 5221 2198 5261 suo
2230 5201 2481 5261 domino
2509 5197 2763 5276 petenti,
2793 5211 2931 5272 quae
2957 5210 3085 5251 non
3114 5191 3347 5270 obligat
3377 5193 3446 5251 in

1889 5296 2123 5355 0051110
2146 5312 2268 5371 quo
2293 5291 2636 5368 depositum
2672 5288 2904 5368 petitur
2930 5285 3011 5347 ad
3048 5286 3450 5347 damnifican-

1891 5387 2036 5447 dam
2066 5383 2537 5464 rempublicam.
2582 5385 2658 5443 Et
2702 5380 2901 5442 simile
2951 5399 3081 5442 esse
3129 5384 3330 5460 potest
3374 5378 3450 5436 de

1890 5483 2195 5559 praecepto
2242 5475 2515 5539 naturali
2567 5475 2850 5539 servandi
2892 5480 3193 5538 secretum
3208 5517 3230 5549 ,
3284 5468 3447 5553 quod
