3976 6219
812 429 950 483 GAP.
984 432 1066 485 VI.
1102 432 1351 496 QUANDO
1383 435 1578 490 mans
1607 434 1915 489 POENALES
1946 434 2337 490 comam·
2368 438 2778 501 SENTENTIAM,
2813 436 2948 490 mc.

267 529 608 607 nimirum,
639 529 691 591 si
712 531 901 610 poena
932 549 1044 610 per
1070 533 1334 595 verbum
1361 534 1439 596 de.
1468 536 1681 598 futuro
1712 536 1830 596 im·

268 631 538 704 ponatur
566 642 678 703 per
714 625 868 686 duas
890 624 1080 705 leges,
1113 628 1407 706 priorem,
1448 636 1510 691 et
1540 631 1831 711 posterio-

266 735 426 794 rem,
459 723 608 778 tunc
626 717 770 779 licet
797 736 874 779 ex
906 718 969 778 vi
995 719 1186 780 solius
1213 722 1435 801 prioris
1459 721 1617 801 legis
1644 722 1831 783 fuerit

265 829 453 891 poena
492 817 740 873 tantum
784 813 1063 890 ferenda,
1103 832 1182 875 ex
1213 816 1277 875 vi
1315 816 1667 896 posterioris
1699 834 1830 878 esse

265 902 459 965 latam
479 949 500 980 ,
538 921 610 967 ac
643 904 905 968 subinde
946 907 1279 968 secundam
1312 908 1514 988 legem
1554 909 1830 989 obligare

265 997 337 1057 in
367 997 741 1059 conscientia
776 998 855 1059 ad
895 998 1089 1063 illam.
1131 1000 1453 1062 Fundatur
1484 1002 1654 1063 enim
1697 1000 1831 1063 haec

263 1088 558 1152 limitatio
600 1092 668 1152 in
716 1092 1112 1173 praecedenti,
1158 1095 1304 1174 quia
1342 1094 1432 1155 ibi
1475 1095 1830 1174 geminatur

263 1183 527 1245 verbum
556 1184 771 1246 tutin-i.
820 1186 942 1247 Nec
968 1186 1250 1266 impedit,
1281 1188 1408 1248 imo
1430 1188 1630 1267 juvat,
1666 1188 1831 1268 quod

266 1276 607 1354 geminatio
630 1296 742 1356 per
762 1276 916 1339 duas
940 1278 1108 1357 leges
1133 1279 1243 1341 fiat
1269 1296 1284 1339 ε
1312 1298 1459 1342 118111
1480 1281 1664 1360 juxta
1687 1281 1829 1342 doc-

266 1369 500 1430 trinam
541 1371 904 1450 jur-istarum
935 1417 958 1448 ,
1012 1373 1316 1435 efficacior
1354 1379 1446 1435 est
1475 1373 1828 1454 :geminatio

267 1479 409 1541 quae
436 1461 508 1523 fit
538 1482 649 1543 per
675 1470 847 1526 actus
879 1464 1200 1527 distinctos
1227 1511 1248 1543 ,
1292 1471 1356 1528 et
1393 1484 1507 1547 per
1533 1467 1827 1546 temporis

266 1554 666 1617 intervallum
690 1602 711 1634 ,
761 1575 950 1638 quam
982 1577 1120 1638 quae
1147 1558 1220 1620 fit
1255 1576 1383 1620 uno
1421 1565 1738 1621 momento
1765 1564 1829 1622 et

269 1653 582 1724 contextu,
618 1654 689 1710 ut
714 1649 902 1710 tradit
925 1650 1121 1714 Felin.
1153 1651 1317 1713 dicto
1345 1669 1477 1731 cap.
1511 1651 1716 1712 ultim.
1749 1651 1827 1714 de

269 1741 442 1803 Offic.
475 1741 674 1822 deleg.
691 1787 712 1819 ,
744 1748 807 1805 et
844 1744 1014 1807 idem
1051 1745 1259 1825 Tiraq.
1296 1763 1363 1805 n.
1407 1747 1508 1807 49.
1551 1744 1824 1821 Accedit,

268 1834 434 1913 quod
463 1834 683 1896 ultima
710 1835 1048 1916 dispositio,
1083 1855 1193 1900 seu
1229 1837 1329 1898 lex
1356 1837 1524 1899 idem
1551 1843 1826 1900 statuens

267 1927 434 2006 quod
469 1929 694 2007 prima,
735 1930 971 2010 aliquid
998 1931 1183 1994 debet
1210 1932 1475 2011 operari,
1507 1949 1588 1993 ne
1622 1932 1704 1992 sit
1726 1951 1828 1992 su-

265 2040 576 2100 pervacua
602 2069 623 2099 ,
666 2031 738 2084 ut
778 2043 857 2086 ex
901 2027 1115 2087 multis
1159 2026 1325 2088 idem
1366 2031 1582 2087 auctor
1627 2031 1823 2102 notat,

264 2130 332 2173 n.
366 2115 468 2188 45,
504 2115 649 2177 inde
678 2117 1083 2194 concludens,
1124 2118 1455 2180 secundm
1483 2118 1687 2198 legem
1710 2120 1828 2179 im-

263 2212 601 2285 ponentem
649 2227 897 2289 poenam
966 2212 1043 2274 de
1105 2212 1319 2273 futuro
1381 2212 1519 2292 plus
1582 2212 1828 2293 operari

264 2316 456 2378 quam
478 2301 769 2379 primam,
801 2309 863 2364 et
889 2304 1029 2365 ideo
1052 2306 1367 2366 continere
1390 2304 1590 2383 legem
1611 2305 1823 2366 latam.

351 2395 449 2454 15.
487 2393 899 2456 Nihilominus
919 2444 932 2469 ‚
966 2402 1038 2456 11ι
1064 2396 1215 2473 dixi,
1247 2396 1379 2458 haec
1407 2397 1696 2458 limitatio
1723 2397 1830 2457 ad-

265 2486 572 2548 mittenda
616 2506 744 2548 non
787 2494 898 2565 est,
948 2497 1201 2569 propter
1238 2491 1542 2552 rationem
1573 2490 1825 2565 factam,

264 2579 414 2659 quia
464 2580 652 2641 verba
699 2582 1055 2661 posterioris
1102 2582 1257 2661 legis
1302 2600 1428 2642 non
1474 2581 1828 2661 significant

261 2674 632 2734 sententiam
656 2674 870 2751 latam,
906 2693 1021 2737 nec
1043 2680 1290 2736 mutant
1309 2674 1826 2753 significationem

262 2770 516 2846 propter
545 2768 812 2846 priorem
846 2768 1071 2846 legem.
1114 2768 1237 2828 Nec
1278 2767 1617 2846 geminatio
1654 2768 1822 2828 suffi-

264 2858 374 2931 cit,
404 2864 473 2917 ut
501 2865 812 2919 ostensum
841 2865 953 2920 est.
982 2860 1103 2921 Nec
1128 2859 1339 2934 refert,
1376 2860 1541 2939 quod
1571 2859 1650 2920 sit
1678 2877 1821 2920 cum

264 2948 594 3010 intervallo
632 2951 951 3029 temporis,
999 2951 1246 3030 quando
1272 2950 1523 3012 effectus
1581 2956 1643 3012 et
1692 2970 1825 3012 mo-

265 3040 382 3100 dus
417 3040 808 3120 significandi
845 3042 1174 3103 verborum
1219 3043 1386 3103 idem
1425 3042 1681 3103 omnino
1710 3047 1820 3104 est.

267 3134 477 3212 Neque
517 3140 845 3214 propterea
888 3135 1156 3196 secunda
1195 3135 1298 3196 181
1339 3135 1459 3196 erit
1490 3134 1822 3214 superflua,

268 3230 405 3286 tum
442 3226 590 3304 quia
614 3225 844 3287 habere
871 3233 1070 3307 potest
1098 3244 1316 3287 omnes
1350 3226 1604 3288 effectus
1641 3245 1828 3307 supra

265 3317 478 3393 dictos,
510 3325 646 3379 tum
674 3320 887 3395 etiam,
916 3321 1065 3400 quia
1089 3325 1290 3399 potest
1317 3320 1649 3396 deservire,
1674 3328 1745 3382 ut
1772 3321 1825 3381 si

261 3411 517 3474 fortasse
546 3413 717 3492 prior
743 3413 844 3475 lex
880 3414 949 3474 in
973 3413 1458 3475 dissuetudinem
1485 3413 1639 3475 abiit
1658 3460 1677 3490 ,
1715 3433 1827 3494 per

261 3506 663 3585 posteriorem
689 3513 1091 3568 restauretur.
1137 3507 1237 3568 Sic
1264 3507 1432 3567 enim
1456 3507 1614 3568 dixit
1643 3509 1822 3582 Rota,

263 3598 450 3659 decis.
482 3601 552 3660 31
594 3598 670 3660 de
716 3598 992 3660 Proeben.
1037 3598 1104 3658 in
1142 3599 1413 3678 antiquis
1432 3643 1453 3674 ,
1499 3598 1651 3660 alias
1679 3601 1822 3676 858,

264 3692 648 3770 geminatam
684 3692 1163 3753 reservationem
1200 3692 1381 3771 Papae
1419 3709 1546 3752 non
1582 3692 1826 3772 operari

263 3801 500 3844 novum
528 3783 839 3858 effectum,
872 3802 981 3845 8811
1008 3783 1209 3844 80111111
1236 3783 1479 3846 efficere
1516 3790 1617 3859 ut,
1650 3802 1824 3845 revo-

263 3882 403 3938 cata
429 3877 619 3956 priori
643 3922 662 3953 ,
713 3893 841 3938 11011
867 3882 1189 3938 censeatur
1223 3875 1465 3938 sublata
1495 3877 1819 3956 posterior.

264 3971 419 4032 ltem
436 3969 748 4049 duplicata
772 3970 873 4030 lex
894 3975 1080 4049 auget
1100 3968 1358 4030 fortasse
1380 3968 1821 4047 obligationem

258 4064 503 4145 judicis,
534 4071 596 4126 et
614 4064 813 4145 magis
836 4063 1017 4124 illum
1034 4068 1243 4124 movet
1262 4061 1343 4122 ad
1366 4061 1556 4124 talem
1574 4079 1824 4142 poenam

263 4157 726 4237 imponendam.

347 4249 444 4309 46.
489 4248 724 4326 Requla
767 4248 1065 4325 proediota
1112 4263 1230 4307 non
1270 4246 1542 4325 procedit
1589 4247 1824 4327 quaudo

266 4341 415 4403 talis
436 4345 522 4402 est
540 4356 718 4418 poena
738 4344 806 4401 ut
834 4339 959 4401 nisi
986 4339 1116 4417 ipso
1141 4341 1303 4413 sacto
1331 4339 1710 4413 incurratur,
1737 4340 1823 4402 il-

265 4431 499 4492 lusoria
528 4432 836 4494 reddatwr.
862 4462 945 4477 -—
969 4430 1178 4492 Tertia
1199 4477 1214 4503 ‚
1248 4435 1311 4492 et
1345 4430 1526 4493 valde
1551 4432 1824 4493 notanda

264 4522 552 4584 limitatio
577 4529 690 4600 est,
729 4529 801 4584 ut
827 4523 1047 4603 regula
1068 4542 1196 4585 non
1225 4524 1538 4603 procedat,
1576 4525 1824 4605 quando

265 4616 407 4677 talis
433 4622 524 4677 est
560 4634 765 4696 poena,
816 4622 888 4677 ut
928 4617 1049 4678 nisi
1075 4616 1209 4696 ipso
1249 4617 1410 4678 tacto
1442 4617 1820 4694 incurratur,

266 4708 542 4770 illusoria
583 4709 875 4770 reddatur
910 4709 1034 4785 lex,
1088 4714 1150 4770 et
1198 4709 1430 4771 nullius
1473 4712 1821 4773 momenti:

265 4808 415 4862 tunc
444 4801 613 4863 enim
650 4802 794 4863 licet
831 4802 935 4864 181
975 4801 1334 4881 simpliciter
1378 4801 1658 4881 imponat
1694 4820 1823 4883 poe-

267 4911 438 4967 nam,
468 4894 750 4971 dicend0,
778 4893 892 4955 sub
918 4893 1029 4955 tali
1055 4911 1262 4973 poena,
1301 4892 1401 4955 vel
1427 4913 1540 4974 per
1561 4894 1824 4956 verbum

265 4986 343 5048 de
382 4986 615 5063 futuro,
652 4987 839 5048 tacite
871 4986 1280 5065 subintelligit
1315 4992 1377 5047 et
1420 4987 1684 5049 includit
1723 5006 1823 5049 ac-

267 5079 503 5139 tionem
550 5078 824 5159 aliquam
865 5078 944 5140 de
992 5078 1282 5160 praesenti
1323 5077 1553 5140 factam
1595 5080 1824 5142 virtute

269 5172 322 5250 ej
331 5171 547 5233 usdem
575 5171 752 5250 legis,
794 5172 1033 5233 ratione
1073 5172 1251 5250 cujus
1288 5176 1486 5251 potest
1519 5172 1824 5235 verificari

266 5263 333 5324 in
356 5263 637 5324 futurum
663 5264 830 5344 quod
850 5263 955 5325 lex
977 5262 1249 5342 disponit
1273 5278 1289 5322 ε
1342 5264 1430 5325 ita
1452 5264 1722 5326 sumitur
1748 5283 1826 5326 81

268 5356 478 5417 Glossa
509 5357 647 5417 inl.
685 5357 1035 5437 Improbum
1058 5404 1076 5432 ,
1131 5374 1187 5417 8.
1233 5358 1326 5417 Ε1
1360 5356 1582 5436 (111111118
1627 5358 1826 5420 8811818

267 5448 527 5511 infamia
555 5449 749 5529 irrog.
802 5450 1002 5524 Quam
1042 5449 1323 5529 sequitur
1351 5449 1560 5511 Castro
1587 5467 1774 5531 supra
1801 5496 1823 5527 ,

268 5542 518 5624 Τῇ-81111.
549 5560 759 5624 supra,
788 5560 855 5605 11.
879 5544 981 5605 40.
1010 5544 1090 5607 Et
1109 5542 1268 5605 ratio
1287 5542 1524 5624 optima
1543 5547 1657 5621 est,
1679 5543 1828 5623 quia

3358 436 3478 496 437

1908 536 2012 598 181
2052 556 2180 599 11011
2217 544 2309 600 88ι
2343 539 2433 599 ita
2463 539 2927 618 interpretanda
2952 583 2974 614 .·
3014 542 3087 598 ut
3115 538 3198 599 sit
3224 555 3387 601 vana
3414 547 3477 602 et

1908 630 2189 708 inutilis;
2231 650 2380 693 nam
2407 632 2526 693 hoc
2553 632 2790 693 cederet
2811 631 2882 692 in
2907 631 3206 711 injuriam
3230 631 3473 711 legisla-

1909 723 2061 784 toris
2092 740 2109 785 :
2140 742 2287 803 ergo
2315 727 2368 786 si
2397 726 2537 786 talis
2562 724 2877 800 reddatur,
2909 723 3315 802 intelligendo
3343 745 3472 805 pce-

1910 834 2059 876 nam
2095 817 2538 897 imponendam
2570 824 2632 880 et
2681 835 2808 879 non
2860 817 3074 894 latam,
3118 836 3246 878 non
3276 825 3478 898 potest

1909 909 2000 971 ita
2025 911 2313 990 intelligi,
2356 912 2599 973 etiamsi
2634 929 2747 992 per
2782 910 2972 972 verba
3016 910 3093 971 de
3134 910 3344 972 futuro
3376 912 3478 973 vel

1910 1001 2225 1081 generalia
2267 1002 2581 1084 loquatur.
2656 1001 2969 1084 Exemplis
3019 1002 3219 1082 magis
3274 1002 3474 1065 deela-

1908 1100 2107 1157 ratur.

1995 1190 2093 1249 17.
2138 1188 2503 1269 Exemplum
2530 1188 2600 1250 in
2632 1204 2809 1268 paena
2840 1186 3141 1266 infamia.
3195 1222 3276 1233 —
3317 1187 3479 1250 Dicti

1909 1298 2061 1360 ergo
2088 1287 2364 1343 auctores
2395 1286 2638 1360 ponunt
2675 1280 3031 1360 exemplum
3068 1280 3139 1341 in
3165 1282 3473 1361 1108118111-

1906 1373 2137 1450 famiae,
2165 1374 2254 1435 ita
2278 1373 2755 1453 interpretantes
2778 1373 3008 1435 dictam
3029 1372 3076 1434 1.
3098 1374 3471 1453 Improbum,

1905 1466 1973 1526 in
2003 1484 2127 1545 qua
2152 1466 2398 1543 dicitur,
2428 1466 2709 1528 usurario
2733 1467 3131 1545 irrogandam
3155 1485 3286 1530 esse
3313 1467 3473 1530 infa-

1907 1557 2100 1618 miam
2137 1602 2159 1634 ,
2203 1563 2265 1619 et
2307 1556 2717 1620 nihilominus
2756 1558 3162 1637 intelligenda
3206 1564 3299 1620 est
3337 1559 3471 1638 ipso

1899 1650 2044 1730 jure
2070 1650 2397 1713 infamiam
2436 1651 2733 1731 irrogare.
2781 1653 2979 1726 Quam
3011 1652 3469 1731 interpretatio-

1906 1761 2054 1804 nem
2080 1749 2142 1806 et
2171 1743 2528 1824 opinionem
2564 1750 2906 1824 sequuntur
2942 1745 3031 1804 ibi
3068 1746 3235 1806 Β81ι.
3242 1791 3263 1822 ,
3295 1745 3469 1806 Bald.

1908 1840 1971 1898 et
1993 1835 2123 1911 alii,
2163 1842 2225 1898 et
2245 1837 2552 1898 rationem
2581 1836 2874 1914 reddunt,
2906 1837 3056 1917 (11118
3085 1837 3204 1898 11181
3231 1837 3335 1899 lex
3361 1837 3473 1898 illa

1910 1927 1987 1989 de
2024 1927 2283 1990 infamia
2323 1929 2458 2008 ipso
2495 1928 2634 2008 jure
2677 1928 3011 2009 irroganda
3056 1928 3465 2009 intelligatur,

1906 2038 2036 2083 non
2063 2027 2267 2101 posset
2291 2021 2521 2085 habere
2547 2021 2838 2084 effectum
2864 2068 2886 2099 ,
2929 2021 3080 2102 quia
3111 2040 3239 2083 non
3265 2028 3473 2102 posset

1908 2131 2022 2194 per
2048 2114 2314 2193 judicem
2351 2115 2592 2195 imponi
2624 2161 2646 2193 ,
2698 2121 2761 2178 et
2789 2117 2878 2177 ita
2905 2121 3066 2177 esset
3092 2115 3332 2176 inutilis
3361 2116 3471 2177 illa

1906 2205 2030 2269 181.

1992 2301 2091 2361 18.
2134 2299 2363 2379 Rejioit
2400 2300 2914 2381 Vasquez.—-Hoc
2938 2317 3085 2361 vero
3118 2299 3474 2379 exemplum

1908 2391 2221 2472 improbat
2243 2394 2518 2473 Vasquez
2547 2393 2610 2454 d.
2636 2394 2794 2472 disp.
2816 2394 2955 2470 123,
2985 2411 3042 2453 c.
3068 2395 3126 2468 1,
3150 2393 3475 2472 solumque

1905 2486 2106 2545 utitur
2131 2485 2371 2546 ratione
2388 2486 2769 2566 hujusmodi,
2804 2486 2954 2565 quia
2979 2485 3283 2547 sententia
3307 2485 3471 2564 judi-

1907 2577 1993 2638 cis
2032 2577 2112 2639 sit
2143 2579 2486 2639 necessaria
2536 2579 2616 2640 ad
2643 2579 3079 2640 incurrendam
3109 2579 3471 2656 infamiam3

1906 2670 2106 2732 solum
2137 2677 2230 2732 est
2251 2672 2594 2733 necessaria
2611 2676 2684 2731 11ι
2713 2670 2982 2732 conditio
3009 2671 3341 2749 requisita,
3368 2670 3477 2730 illa

1901 2781 2050 2825 vero
2062 2764 2280 2843 posita,
2297 2763 2400 2825 181
2422 2769 2534 2838 88ι,
2552 2782 2690 2843 (11188
2703 2782 2813 2843 per
2836 2781 2899 2824 se
2919 2762 3242 2824 infamiam
3258 2763 3469 2838 infert,

1903 2861 2208 2935 quatenus
2235 2855 2470 2930 statuit,
2504 2859 2575 2915 ut
2602 2856 3049 2918 condemnatus
3081 2873 3119 2915 a
3154 2855 3361 2933 judice
3392 2854 3469 2914 de

1907 2948 2133 3009 talibus
2161 2948 2524 3009 criminibus
2549 2950 2759 3010 statim
2783 2948 2863 3009 sit
2887 2946 3163 3008 infamiS.

1988 3044 2087 3102 19.
2133 3042 2469 3118 Refutatwr
2513 3043 2797 3123 Vas-ques,
2828 3046 2885 3104 et
2933 3041 3303 3122 approbatur
3344 3041 3476 3103 dic-

1907 3140 2036 3198 tum
2096 3136 2423 3214 exemplum
2473 3136 2876 3215 juristarwm.
2908 3168 2991 3180 —
3028 3136 3473 3196 Verumtamen

1906 3227 2115 3289 Glossa
2132 3233 2196 3289 et
2219 3227 2497 3289 doctores
2515 3227 2765 3306 allegati
2793 3246 2920 3289 non
2949 3227 3288 3289 admittunt
3317 3227 3472 3287 illud

1906 3325 2321 3399 assumptum,
2347 3325 2410 3381 et
2435 3325 2698 3380 utuntur
2720 3320 2843 3381 alia
2866 3321 3131 3396 ratione,
3157 3325 3230 3380 ut
3265 3320 3475 3381 statim

1904 3411 2135 3488 dicam,
2165 3429 2303 3491 quae
2345 3429 2473 3473 non
2506 3412 2882 3489 dissolvitur,
2912 3418 2976 3474 et
3012 3413 3102 3473 ita
3149 3430 3277 3473 non
3327 3412 3476 3472 satis

1904 3502 2296 3582 improbatur
2321 3504 2430 3565 illo
2458 3504 2645 3565 modo
2673 3522 2889 3566 eorum
2932 3506 3258 3567 sententia.
3294 3504 3476 3566 Dein-

1906 3595 2007 3673 de,
2040 3596 2283 3657 etiamsi
2310 3614 2458 3658 vera
2480 3601 2637 3658 esset
2657 3596 2767 3658 illa
2795 3598 2980 3673 ratio,
3010 3615 3123 3678 per
3145 3597 3319 3658 illam
3348 3615 3476 3658 non

1903 3694 2068 3749 recte
2089 3688 2477 3768 improbatur
2509 3688 2905 3769 exemplum3
2943 3691 3112 3770 quia,
3146 3689 3294 3751 licet
3319 3688 3478 3750 infa-

1905 3781 2033 3841 mia
2077 3800 2206 3843 non
2246 3789 2519 3862 ponatur
2546 3801 2659 3861 per
2677 3781 2981 3862 judicem,
3010 3782 3131 3844 nisi
3180 3788 3249 3843 ut
3281 3781 3477 3862 appli-

1904 3879 2148 3935 cantem
2176 3873 2595 3937 conditionem
2612 3876 3045 3955 necessariam,
3067 3874 3475 3936 nihilominus

1902 3966 2048 4027 talis
2066 3983 2253 4046 poena
2273 3967 2631 4047 imponetur
2648 3966 2780 4046 ipso
2801 3969 2975 4047 jure:
3001 3984 3148 4046 ergo
3151 4012 3172 4044 ,
3203 3967 3348 4029 licet
3366 3985 3478 4047 per

1903 4060 2166 4122 verbum
2182 4062 2378 4123 futuri
2400 4062 2782 4141 exprimatur
2801 4062 2869 4122 in
2885 4062 3049 4141 lege,
3070 4061 3476 4141 intelligenda

1905 4154 2024 4216 erit
2065 4154 2167 4216 181
2211 4154 2288 4216 (18
2344 4154 2737 4235 impositione
2787 4154 2922 4235 ipso
2970 4155 3134 4234 jure.
3176 4154 3471 4234 Denique,

1904 4246 2070 4326 quod
2105 4251 2293 4326 caput
2325 4252 2437 4322 est,
2473 4246 2732 4307 infamia
2762 4247 2827 4308 in
2854 4252 2985 4309 tota
3009 4264 3121 4307 8118
3148 4246 3477 4308 latitudine

1906 4345 2154 4418 sumpta
2182 4357 2313 4400 non
2335 4338 2442 4400 illo
2469 4344 2717 4400 tantum
2746 4338 2954 4416 mod0,
2981 4339 3088 4400 sed
3111 4338 3299 4401 etiam
3337 4338 3476 4399 aliis

1901 4436 2108 4510 potest
2131 4432 2393 4511 imponi.
2432 4431 2782 4512 Aliquando
2819 4432 2990 4494 enim
3017 4432 3356 4493 incurritur
3399 4450 3474 4492 ex

1903 4524 1968 4587 vi
1993 4525 2155 4604 juris
2186 4542 2305 4605 per
2327 4526 2700 4588 sententiam
2727 4525 3238 4603 declaratoriam3
3274 4529 3476 4604 potest

1903 4617 2094 4678 etiam
2120 4617 2331 4698 aliquo
2360 4618 2546 4679 modo
2572 4618 2808 4680 incurri
2838 4624 2985 4680 ante
3011 4618 3200 4679 talem
3228 4622 3476 4679 senten-

1901 4712 2058 4772 tiam
2081 4729 2156 4772 ex
2176 4713 2239 4772 vi
2263 4712 2451 4773 solius
2474 4712 2773 4788 criminiS,
2799 4713 2989 4773 etiam
3014 4710 3238 4773 occulti
3245 4726 3267 4788 3
3289 4716 3474 4790 atque

1903 4803 2093 4864 etiam
2121 4809 2320 4885 potest
2361 4810 2583 4867 neutro
2632 4806 2817 4866 modo
2859 4804 3094 4865 incurri
3139 4804 3271 4883 ipso
3304 4803 3470 4883 jure,

1903 4896 2011 4957 sed
2052 4914 2162 4975 per
2201 4897 2471 4974 iudicem
2521 4902 2585 4959 et
2633 4896 3003 4958 sententiam
3036 4895 3475 4957 condemnato-

1907 4988 2070 5049 riam
2098 4989 2339 5070 imponi
2366 5011 2380 5050 z
2414 4989 2626 5050 nullus
2653 4990 2821 5051 enim
2868 4989 3088 5050 modus
3115 5006 3193 5050 81
3220 4987 3353 5047 18ι18
3376 5004 3479 5047 18-

1905 5087 2148 5161 pugnat
2172 5082 2285 5143 tali
2312 5100 2533 5163 11081188,
2573 5089 2643 5143 ut
2682 5081 2941 5163 probavi
2968 5080 3089 5142 late
3130 5080 3197 5140 in
3230 5083 3266 5140 7
3316 5083 3470 5141 tom.

1907 5172 1985 5234 de
2008 5174 2210 5251 Gens„
2256 5175 2415 5256 disp.
2468 5176 2567 5250 38,
2599 5179 2745 5237 sect.
2794 5177 2856 5250 1,
2891 5178 2953 5235 8ι
2979 5190 3090 5253 pro
3131 5171 3341 5252 legum
3367 5190 3475 5232 va-

1906 5266 2126 5328 rietate
2157 5285 2283 5329 uno
2310 5268 2410 5330 vel
2437 5268 2559 5329 alio
2596 5272 2706 5328 aut
2739 5267 2863 5329 alio
2902 5266 3087 5328 modo
3108 5266 3469 5341 incurritur,

1905 5359 2006 5421 vel
2056 5361 2399 5441 imponitur
2449 5378 2466 5423 ε
2511 5380 2657 5441 8130
2712 5379 2839 5422 11011
2893 5366 2988 5424 88ι
3038 5358 3474 5422 universaliter

1906 5472 2151 5532 verum,
2181 5454 2507 5518 infamiam
2532 5456 2733 5517 solum
2758 5455 2907 5517 ferri
2933 5473 3044 5536 per
3070 5454 3468 5529 sententiam,

1907 5553 1980 5611 ut
2018 5566 2131 5629 per
2168 5550 2588 5615 conditionem
2638 5550 3043 5614 necessariam
3083 5565 3102 5612 ε
3136 5546 3469 5629 aliquando
