3976 6219
429 406 553 469 486

424 524 576 569 nam
611 506 816 585 quoad
851 504 970 569 hoc
1013 504 1202 569 habet
1239 523 1597 587 supremam
1623 512 1987 587 potestatem

425 607 489 664 et
509 599 1130 661 administrationem.

503 694 565 755 6.
615 692 941 755 Tributum
965 694 1218 773 pendero
1241 710 1283 755 a
1301 709 1486 757 cama
1511 692 1580 755 in
1603 692 1748 771 fieri
1769 696 1824 755 et
1845 710 1987 755 cou-

424 786 682 854 servari.
717 816 801 835 —
826 788 918 849 Ex
945 805 1070 869 quo
1097 785 1357 847 ulterius
1385 785 1650 849 infertur
1679 785 1985 847 tributum

421 879 692 963 pendere
725 880 818 956 (ut
851 879 1076 959 dicam)
1110 897 1152 940 a
1183 896 1368 941 causa
1398 877 1467 939 in
1492 876 1629 940 fieri
1655 883 1717 942 et
1744 897 1986 941 conser-

423 973 579 1036 vari.
617 972 774 1033 Nam
801 971 854 1033 si
880 990 1064 1035 causa
1091 978 1183 1033 est
1208 974 1553 1035 necessaria
1578 974 1657 1034 ad
1679 974 1986 1053 justitiam

423 1066 614 1141 tituli,
656 1084 787 1129 non
817 1072 1020 1147 potest
1046 1066 1184 1146 plus
1209 1067 1436 1129 durare
1462 1067 1768 1129 tributum
1795 1084 1988 1148 quam

425 1177 633 1237 causa,
658 1160 807 1239 quia
833 1165 1108 1221 cessante
1129 1177 1312 1221 causa
1348 1160 1587 1240 (utique
1616 1162 1983 1238 necessaria,

425 1258 489 1316 et
529 1252 598 1313 in
638 1269 751 1313 suo
795 1267 1023 1331 genere
1067 1252 1413 1333 adaequata)
1465 1259 1659 1314 cessat
1704 1252 1984 1330 effectus,

425 1364 478 1408 c.
504 1343 658 1409 Cum
677 1351 958 1423 cessante,
982 1344 1060 1406 de
1073 1345 1315 1426 Appell.
1344 1344 1518 1419 Quod
1530 1346 1619 1407 ita
1633 1345 1764 1407 fere
1790 1346 1987 1426 expli·

426 1442 527 1500 cat
551 1436 744 1499 Gloss.
773 1438 972 1499 citans
996 1438 1171 1499 varia
1192 1439 1340 1518 jura
1364 1438 1434 1498 in
1454 1456 1512 1499 c.
1543 1438 1698 1503 Post
1725 1440 1988 1503 transla-

427 1531 668 1608 tivum,
704 1530 783 1591 de
810 1532 1106 1608 Renunt.,
1135 1531 1309 1593 verb.
1358 1530 1658 1608 Cessante,
1683 1537 1747 1595 et
1767 1538 1988 1593 notant

427 1623 702 1686 doctores
723 1622 793 1683 in
820 1622 864 1684 l.
906 1622 1058 1686 Cum
1083 1629 1285 1703 pater,
1323 1622 1360 1704 ᾖ
1389 1624 1776 1701 Dum-ssimi,
1813 1622 1878 1686 ff.
1910 1623 1990 1687 de

426 1718 575 1796 Leg.
605 1720 667 1779 2.
717 1716 838 1779 Sed
863 1718 932 1777 in
967 1717 1276 1797 praesenti,
1312 1736 1499 1780 causa
1521 1724 1612 1779 est
1645 1719 1992 1781 necessaria

427 1810 838 1889 adjustitiam
866 1809 1106 1888 tributi,
1157 1815 1228 1871 ut
1255 1810 1492 1871 dictum
1525 1818 1662 1889 est;
1704 1830 1853 1891 ergo
1879 1811 1991 1873 illa

427 1908 700 1965 cessante
731 1909 928 1964 cessat
950 1904 1214 1982 J‘ustitia,
1245 1910 1309 1966 et
1335 1898 1782 1984 consequenter
1805 1904 1992 1966 debet

430 2012 666 2057 cessare
715 1994 1042 2057 tributum.
1091 1997 1172 2057 Et
1217 1996 1623 2059 confirmatur
1650 2044 1670 2072 ,
1717 1998 1890 2077 quia,
1933 1998 1986 2059 si

428 2093 702 2149 cessante
747 2106 934 2149 causa
981 2088 1284 2150 tributum
1325 2089 1634 2168 exigatur,
1675 2091 1806 2170 Jam
1845 2089 1987 2171 plus

427 2180 698 2259 exigitur
717 2198 906 2261 quam
927 2180 1008 2242 sit
1030 2183 1444 2246 necessarium
1464 2198 1485 2261 3
1510 2200 1658 2262 ergo
1684 2184 1751 2244 in
1770 2201 1845 2244 eo
1862 2201 1992 2244 non

425 2278 708 2334 servatur
724 2274 980 2353 aequitas
998 2292 1114 2335 nec
1128 2274 1391 2354 justitia,
1411 2275 1582 2355 quia,
1602 2281 1675 2336 ut
1689 2275 1987 2352 diximus,

426 2366 745 2446 proportio
770 2366 935 2428 inter
959 2367 1370 2447 quantitatem
1397 2367 1617 2429 tributi
1645 2374 1711 2429 et
1735 2368 1991 2447 exigen-

427 2456 583 2519 tiam
605 2476 804 2519 causoe
826 2464 921 2521 est
944 2460 1288 2522 necessaria
1310 2460 1390 2521 ad
1405 2460 1712 2540 justitiam
1733 2460 1953 2521 tributi
1965 2476 1987 2537 3

428 2568 580 2629 ergo
615 2550 670 2613 si
704 2570 888 2615 causa
923 2552 1004 2614 sit
1039 2559 1360 2636 perpetua,
1410 2553 1718 2615 tributum
1759 2552 1991 2633 poterit

427 2660 560 2706 esse
585 2654 957 2725 perpetuum
989 2666 1006 2706 ε
1039 2646 1091 2706 si
1118 2650 1329 2708 autem
1355 2646 1438 2707 sit
1467 2664 1650 2709 causa
1678 2651 1988 2725 tempora·

427 2734 523 2811 lis,
555 2736 861 2801 tributum
887 2737 1071 2799 debet
1103 2738 1294 2799 etiam
1321 2756 1451 2801 esse
1475 2738 1854 2818 temporale,
1899 2740 1991 2801 ita

428 2834 503 2888 ut
527 2828 638 2889 illa
664 2836 938 2891 cessante
963 2830 1084 2891 hoc
1109 2831 1299 2891 etiam
1325 2836 1538 2891 cesset.

509 2922 568 2984 7.
616 2922 746 2983 Hoc
779 2928 988 2985 autem
1033 2922 1504 3001 intelligendum
1537 2928 1633 2985 est
1659 2942 1803 2985 cum
1825 2923 1993 2985 limi-

425 3013 686 3092 tatione,
717 3032 826 3077 seu
854 3014 1293 3092 declaratione,
1336 3020 1409 3078 ut
1454 3016 1842 3095 intelligatur
1866 3016 1994 3078 for-

427 3108 675 3172 maliter
718 3108 796 3172 de
849 3127 1056 3186 causa,
1102 3109 1307 3191 potius
1349 3129 1540 3190 quam
1566 3109 1986 3174 materialiter.

425 3203 608 3278 Nam,
645 3203 793 3266 licet
837 3205 1164 3268 cessaverit
1205 3204 1617 3268 determinata
1647 3223 1834 3266 causa
1876 3222 1991 3284 pro

426 3315 552 3377 qua
576 3299 846 3378 positum
871 3298 990 3365 fuit
1022 3299 1353 3377 tributum,
1383 3299 1436 3359 si
1461 3297 1585 3360 alia
1615 3298 1992 3379 aequivalens

423 3389 558 3452 loco
574 3389 738 3452 illius
753 3391 1184 3470 substituatur,
1217 3392 1443 3472 poterit
1466 3409 1597 3454 non
1621 3409 1858 3454 cessare
1882 3391 1995 3453 tri-

425 3482 673 3560 butum,
695 3484 845 3564 quia
869 3490 1022 3546 tunc
1039 3503 1169 3549 non
1188 3490 1380 3546 cessat
1401 3483 1761 3565 simpliciter
1781 3501 1986 3560 causa,

425 3577 534 3638 sed
559 3576 702 3638 talis
721 3595 929 3654 causa,
958 3597 1099 3658 quae
1125 3596 1255 3640 non
1285 3583 1377 3638 est
1401 3577 1758 3657 simpliciter
1780 3595 1993 3640 neces-

424 3668 613 3746 saria,
640 3673 704 3731 et
727 3674 820 3730 est
853 3670 922 3731 in
959 3675 1259 3750 potestate
1279 3670 1601 3754 principis,
1630 3675 1703 3732 ut
1727 3669 1881 3746 dixi,
1913 3669 1991 3730 il—

423 3762 554 3824 lam
600 3762 1011 3824 mutationem
1053 3762 1276 3834 facere,
1320 3762 1478 3825 sicut
1515 3767 1719 3843 posset
1755 3779 1993 3823 novum

423 3853 730 3920 tributum
777 3853 1129 3934 imponere,
1183 3872 1347 3916 nova
1377 3856 1738 3938 insurgente
1777 3872 1985 3918 causa.

423 3947 602 4021 Item,
631 3949 874 4026 oportet
898 3946 1218 4010 advertere
1246 3948 1563 4014 interdum
1584 3967 1835 4015 causam
1877 3948 1991 4010 tri-

423 4037 560 4101 buti
597 4039 926 4102 consistere
965 4041 1034 4102 in
1077 4058 1207 4103 uno
1243 4045 1386 4104 actu
1427 4059 1540 4104 seu
1579 4041 1823 4118 effectu,
1861 4057 1991 4121 quo

423 4132 728 4210 absoluto,
749 4135 1007 4198 omnino
1033 4141 1229 4198 cessat
1253 4141 1537 4212 causa,ut
1552 4135 1853 4198 {edificato
1876 4136 1991 4198 tali

421 4231 634 4306 ponte,
663 4225 844 4291 finito
871 4227 982 4291 tali
1014 4227 1201 4304 bello,
1231 4234 1294 4290 et
1324 4228 1631 4292 similibus
1646 4245 1667 4308 3
1693 4235 1755 4290 et
1776 4229 1845 4290 in
1870 4228 1991 4291 hu·-

416 4319 690 4401 jusmodi
707 4339 893 4384 causa
919 4322 1192 4396 maxime
1221 4321 1493 4406 procedit
1518 4323 1800 4386 doctrina
1815 4323 1983 4399 data,

425 4413 618 4493 quod,
641 4421 913 4476 cessante
939 4414 1069 4489 illa,
1101 4421 1293 4476 cesset
1322 4415 1568 4495 justitia
1587 4414 1827 4476 tributi.
1863 4415 1988 4476 Sae-

424 4505 564 4585 pius
599 4523 747 4568 vero
789 4524 976 4570 causa
1023 4507 1242 4568 tributi
1279 4513 1371 4568 est
1396 4507 1880 4590 permanentior,
1926 4511 1992 4568 et

421 4597 657 4659 occasio
683 4599 818 4680 ejus
835 4605 1030 4667 cessat
1055 4619 1169 4682 pro
1183 4599 1392 4683 aliquo
1419 4604 1717 4680 tempore,
1741 4617 1988 4682 semper

418 4695 632 4752 tamen
663 4697 875 4754 manet
914 4693 1152 4756 occasio
1179 4691 1282 4754 vel
1316 4691 1662 4772 periculum
1693 4693 1858 4773 ejus3
1888 4697 1983 4770 ut,

418 4782 592 4846 verbi
626 4786 855 4864 gratia,
887 4803 1073 4847 causa
1116 4785 1476 4868 imponendi
1503 4787 1840 4874 pedagium
1866 4787 1991 4848 fuit

418 4877 716 4940 securitas
757 4877 1002 4943 itineris
1051 4883 1115 4941 et
1171 4879 1578 4952 commoditas
1637 4897 1828 4958 quam
1872 4897 1986 4941 rex

417 4987 748 5048 procurare
765 4975 1034 5034 tenetur.
1057 4971 1128 5034 In
1145 4970 1243 5034 bis
1269 4989 1418 5050 ergo
1437 4977 1502 5034 et
1513 4971 1818 5036 similibus
1839 4989 1984 5034 cau-

417 5062 523 5137 sis,
555 5061 700 5125 licet
751 5079 866 5144 pro
904 5062 1115 5143 aliquo
1157 5069 1437 5144 tempore
1481 5069 1674 5126 cesset
1726 5065 1986 5128 actualis

414 5157 742 5219 necessitas
790 5173 1199 5238 expensarum
1246 5157 1316 5220 in
1351 5155 1464 5226 tali
1511 5173 1723 5236 opere,
1757 5157 1985 5218 nihilo-

414 5247 626 5308 minus
651 5265 780 5310 non
819 5254 1012 5310 cessat
1045 5248 1375 5324 tributum,
1404 5267 1522 5310 nec
1555 5251 1795 5330 justitia
1819 5252 1978 5330 ejus,

1332 410 1448 463 Lm.
1485 410 1544 463 V.
1579 410 1661 463 DE
1693 410 2051 464 viimi-:Tus
2081 410 2292 465 LEGU!
2322 412 2728 467 nummuli.

2067 508 2270 569 siones
2283 554 2305 584 ,
2358 509 2525 589 quod
2570 509 2703 569 sine
2750 507 2944 569 dubio
2986 525 3119 568 non
3170 505 3457 586 expedit3
3506 512 3673 566 tum

2066 602 2372 681 praecipue
2394 601 2541 681 quia
2562 601 2669 662 illa
2698 620 2883 662 causa
2901 600 2980 662 de
3018 618 3083 661 se
3118 605 3215 661 est
3236 617 3669 680 permanens,

2067 698 2130 754 et
2155 694 2441 774 princeps
2468 711 2711 773 semper
2724 700 2975 756 tenetur
2990 712 3121 755 esse
3138 698 3412 773 paratus,
3442 700 3509 754 et
3540 692 3673 753 ha·

2066 786 2213 848 bere
2230 805 2444 849 curam
2472 788 2815 849 securitatis
2830 788 3077 849 viarum
3100 792 3213 848 aut
3244 787 3457 861 mariS,
3500 804 3673 865 quae

2065 879 2363 960 obligatio
2410 885 2505 942 est
2543 880 2735 959 digna
2776 880 3082 960 stipendio
3132 897 3152 941 z
3186 872 3341 939 'tum
3366 878 3671 957 deniq-ue

2066 972 2239 1053 quia,
2270 974 2429 1035 sicut
2462 978 2657 1035 cessat
2694 974 3009 1034 interdum
3034 972 3367 1033 necessitas
3404 988 3667 1051 expen-

2068 1084 2278 1127 sarum
2320 1068 2391 1127 in
2432 1084 2560 1127 uno
2588 1066 2691 1127 vel
2724 1066 2848 1127 alio
2874 1082 3083 1145 opere,
3118 1065 3211 1127 ita
3234 1082 3399 1144 saepe
3424 1082 3669 1124 occur-

2067 1164 2221 1223 runt
2273 1160 2411 1221 aliae
2458 1160 2804 1221 occasiones
2854 1158 3277 1239 expendendi,
3321 1176 3467 1236 quae
3500 1156 3663 1217 loeo

2067 1253 2335 1315 aliorum
2360 1270 2619 1333 operum
2646 1259 2905 1332 possunt
2944 1251 3290 1313 succedere.
3318 1252 3396 1311 Et
3426 1251 3543 1325 ita,
3578 1254 3663 1309 ut

2066 1347 2137 1407 in
2184 1346 2303 1407 hoc
2351 1346 2542 1407 etiam
2599 1351 2883 1407 sumatur
2920 1344 3235 1425 *equalitas
3248 1387 3271 1419 ,
3322 1340 3665 1403 tenebitur

2065 1438 2351 1519 princeps
2378 1455 2506 1499 non
2541 1456 2657 1518 pro
2682 1454 3071 1517 quacumque
3098 1440 3439 1513 exurgente
3466 1452 3663 1495 occa-

2068 1532 2241 1593 sione
2267 1547 2498 1592 novam
2514 1531 2721 1592 facere
2737 1530 3226 1611 impositionem,
3254 1527 3447 1589 etiam
3480 1533 3663 1588 tem-

2068 1642 2429 1706 poraneam,
2454 1624 2560 1685 sed
2594 1624 2941 1703 prudenter
2976 1638 3239 1702 pensare
3264 1638 3347 1681 an
3374 1638 3493 1699 pro
3520 1620 3659 1680 illis

2070 1717 2379 1779 sufficiant
2418 1716 2677 1795 antiqua
2716 1716 2972 1802 tributa,
3004 1716 3071 1775 in
3098 1713 3321 1793 quibus
3372 1713 3657 1773 actualis

2070 1810 2395 1872 necessitas
2426 1808 2696 1914 faciendi
2722 1798 3021 1889 expensas
3048 1806 3331 1882 cessavit,
3371 1806 3475 1867 vel
3508 1824 3657 1867 sus-

2068 1920 2262 1983 pensa
2288 1908 2399 1964 est.

2148 1999 2208 2059 8.
2256 1996 2525 2059 Dubium
2564 1997 2635 2059 de
2670 1993 3105 2058 comanam.
3132 1992 3437 2067 —Quoeri
3492 2010 3651 2055 vero

2070 2090 2331 2151 ulterius
2376 2095 2579 2169 potest
2603 2106 2686 2149 an
2714 2088 2781 2149 in
2822 2088 3033 2167 aliquo
3076 2105 3225 2149 casu
3264 2086 3453 2167 possit
3478 2086 3649 2165 juste

2070 2184 2239 2263 exigi
2278 2182 2583 2244 tributum
2629 2182 2807 2262 cujus
2840 2198 3029 2242 causa
3068 2179 3330 2242 cessavit
3344 2228 3363 2254 ‚
3416 2180 3649 2241 saltem

2069 2277 2313 2337 ratione
2355 2276 2629 2354 antiquas
2654 2273 3140 2350 consuetudinis,
3176 2290 3317 2352 quae
3354 2273 3649 2352 suppleat

2070 2368 2273 2431 vicem
2291 2386 2510 2429 causae.
2536 2368 2663 2429 Hoc
2682 2366 2943 2427 dubium
2962 2366 3163 2445 tangit
3172 2365 3353 2427 Cord.
3376 2365 3447 2425 in
3460 2367 3643 2427 Sum.

2070 2462 2354 2541 Hispan„
2379 2480 2441 2541 q.
2474 2463 2577 2535 95,
2594 2467 2657 2521 et
2674 2459 2953 2521 absolute
2972 2464 3180 2537 negat,
3202 2458 3353 2536 quia
3378 2475 3509 2518 non
3526 2476 3647 2537 pu-

2068 2560 2162 2617 tat
2188 2572 2363 2635 posse
2408 2554 2637 2615 bonam
2684 2552 2872 2613 fidem
2919 2552 2988 2612 in
3030 2552 3146 2613 tali
3192 2550 3647 2613 consuetudine

2069 2648 2467 2710 intervenire.
2516 2645 2907 2707 Contrarium
2950 2650 3123 2706 tenet
3172 2644 3395 2706 Medin.
3420 2688 3444 2717 ,
3482 2642 3641 2703 dict.

2070 2759 2123 2802 c.
2161 2742 2262 2816 14,
2282 2740 2391 2819 qui
2408 2756 2537 2800 non
2564 2738 2767 2799 solum
2786 2738 3055 2799 affirmat
3074 2737 3349 2799 sufficere
3374 2753 3647 2798 consue-

2068 2832 2355 2895 tudinem
2367 2831 2447 2892 ad
2460 2831 3005 2911 praesumptionem
3016 2832 3195 2910 iustae
3204 2847 3427 2905 causas,
3438 2848 3645 2909 quan-

2070 2925 2151 2987 do
2182 2927 2260 2988 de
2288 2924 2398 2987 illa
2432 2931 2525 2987 est
2566 2925 2923 3003 ignorantia
2966 2924 3280 3003 negativa,
3310 2928 3385 2983 ut
3408 2923 3497 2983 sic
3546 2922 3643 2983 di-

2074 3037 2234 3097 cam,
2268 3038 2486 3081 verum
2516 3019 2761 3081 etiamsi
2804 3025 3043 3081 constet
3088 3035 3341 3079 causam
3386 3022 3643 3097 propter

2074 3132 2265 3194 quam
2282 3114 2645 3193 impositum
2671 3113 2791 3174 fuit
2816 3112 3123 3174 tributum
3150 3129 3437 3187 cassasse,
3452 3117 3641 3190 atque

2071 3206 2227 3270 adeo
2257 3209 2391 3287 jam
2428 3224 2558 3267 non
2588 3206 2915 3268 subsistere
2963 3205 3312 3284 legitimam
3338 3221 3635 3280 causam,

2070 3305 2251 3380 putat
2288 3300 2693 3361 nihilominus
2732 3298 3243 3361 consuetudinem
3284 3296 3637 3374 antiquam,

2072 3398 2136 3454 et
2155 3393 2321 3454 bona
2336 3392 2461 3454 fide
2472 3411 2547 3453 ac
2572 3391 2902 3453 sufficienti
2914 3396 3193 3469 tempore
3218 3391 3643 3469 prascriptam

2072 3486 2353 3550 sufficere
2378 3490 2452 3546 ut
2468 3485 2773 3546 tributum
2792 3486 2961 3564 juste
2986 3483 3272 3562 exigatur
3284 3499 3306 3560 3
3334 3483 3498 3544 ratio
3520 3487 3635 3556 est,

2072 3580 2222 3660 quia
2248 3579 2625 3660 praescriptio
2666 3577 2775 3640 dat
2810 3577 3223 3638 sufficientem
3264 3575 3547 3650 titulum,
3574 3581 3643 3636 et

2072 3672 2317 3753 supplet
2331 3671 2639 3733 defectum
2658 3669 3020 3749 quemlibet,
3044 3669 3287 3731 etiamsi
3314 3668 3645 3749 proveniat

2071 3783 2151 3826 ex
2175 3765 2417 3826 defectu
2452 3781 2671 3826 caussa.
2702 3762 2877 3836 Quod
2900 3762 2955 3824 si
2982 3761 3263 3842 objicias,
3304 3762 3456 3842 quia
3484 3767 3641 3822 tunc

2070 3874 2201 3920 non
2210 3861 2411 3938 potest
2436 3856 2813 3918 consuetudo
2834 3873 2965 3918 esse
2990 3854 3159 3916 bona.
3172 3853 3295 3916 fide
3312 3853 3641 3916 continua-

2070 3956 2157 4026 ta,
2185 3967 2335 4012 nam
2361 3967 2436 4012 eo
2464 3948 2599 4030 ipso
2632 3947 2799 4028 quod
2822 3948 3017 4010 scitur
3041 3965 3294 4011 causam
3328 3963 3598 4010 cessasse
3614 3993 3635 4022 ,

2069 4063 2198 4107 non
2210 4050 2409 4126 potest
2430 4044 2667 4106 exactio
2684 4043 2904 4104 tributi
2928 4043 3093 4104 bona
3108 4042 3231 4104 fide
3254 4042 3633 4118 continuari,

2068 4137 2399 4218 respondet
2428 4153 2607 4216 posse
2628 4135 2853 4197 durare
2874 4136 3106 4198 bonam
3128 4133 3341 4210 fidem,
3360 4135 3535 4213 quia,
3556 4133 3633 4194 li·

2070 4238 2167 4292 cet
2192 4231 2364 4310 prior
2388 4247 2577 4291 causa
2610 4231 2959 4305 cessaverit,
2994 4229 3127 4290 loco
3160 4229 3327 4290 illins
3350 4227 3636 4288 successit

2068 4322 2467 4402 proescriptiO,
2498 4339 2639 4402 quae
2663 4320 2769 4382 dat
2792 4322 3201 4384 sufficientem
3232 4339 3483 4384 causam
3504 4321 3635 4401 jus-

2069 4422 2201 4478 tam
2227 4415 2307 4477 ad
2332 4415 2709 4494 exigendum
2734 4414 3057 4479 tributum.

2148 4511 2210 4572 9.
2228 4509 2349 4570 Sed
2378 4509 2497 4570 hoc
2522 4523 2651 4568 non
2668 4507 2916 4571 videtur
2930 4507 3301 4570 satisfacere.
3319 4509 3479 4570 Nam
3490 4526 3639 4570 con·

2068 4601 2330 4664 suetudo
2358 4599 2667 4662 antecedit
2690 4600 2949 4662 titulum
2966 4600 3465 4681 prascriptionis,
3484 4620 3635 4663 nam

2068 4699 2163 4756 est
2185 4711 2372 4755 causa
2396 4693 2533 4774 ejus
2541 4708 2564 4770 3
2598 4709 2747 4773 ergo
2780 4693 2945 4755 bona
2982 4693 3137 4754 fides
3172 4693 3635 4755 consuetudinis

2066 4805 2196 4848 non
2222 4790 2424 4868 potest
2455 4784 2704 4848 fiindari
2728 4786 2799 4848 in
2824 4786 3285 4866 prescriptione,
3316 4787 3469 4866 quia
3486 4791 3635 4850 ante

2067 4877 2439 4958 acquisitum
2466 4877 2723 4938 titulum
2750 4878 3227 4958 praescriptionis
3270 4883 3517 4958 oportet
3564 4886 3635 4940 ut

2066 4971 2447 5033 consuetudo
2479 4970 2647 5032 bona
2678 4970 2801 5032 fide
2849 4971 3247 5033 continuetur
3256 4987 3279 5050 3
3308 4989 3459 5051 ergo
3502 4977 3631 5033 toto

2064 5063 2173 5126 illo
2200 5071 2482 5144 tempore
2516 5080 2646 5125 non
2680 5069 2883 5143 potest
2908 5063 3159 5126 fundari
3192 5063 3361 5125 bona
3383 5063 3538 5125 fides
3564 5065 3631 5124 in

2062 5157 2244 5219 titulo
2300 5155 2603 5236 acquisito
2652 5173 2764 5236 per
2819 5157 3369 5236 proescriptionem.
3424 5157 3629 5236 Neque

2063 5255 2215 5312 tunc
2246 5253 2447 5354 potest
2472 5247 2725 5310 fundari
2752 5248 2822 5309 in
2844 5249 2967 5310 alia
2992 5265 3179 5310 causa
3212 5250 3437 5328 justa:
3479 5267 3625 5310 nam

415 5342 552 5399 tum
579 5339 728 5420 quia
753 5339 911 5400 illud
939 5347 1029 5402 est
1049 5341 1559 5421 accidentarium,
1588 5345 1684 5404 et
1667 5363 1736 5405 111
1761 5361 1830 5406 re
1847 5361 1980 5406 mo·
2058 5342 2464 5448 supponimus
2505 5340 2678 5402 illam
2726 5359 3011 5418 cessasse,
3062 5347 3127 5404 et
3180 5341 3300 5403 hoc
3348 5348 3627 5404 constare

408 5431 526 5520 1811
553 5447 681 5495 non
708 5435 909 5512 potest
951 5450 1081 5494 esse
1119 5439 1295 5510 tants
1337 5435 1775 5516 dependentia,
1819 5436 1976 5499 alias
2056 5434 2322 5515 principi
2366 5434 2643 5512 exigenti
2670 5433 3036 5498 tributum.
3082 5451 3235 5513 ergo
3266 5451 3395 5496 non
3420 5434 3625 5514 potuit

410 5522 684 5604 quotidie
705 5520 884 5600 fieret
903 5525 1166 5600 mutatio
1185 5527 1370 5608 juxta
1383 5534 1776 5594 occurrentes
1801 5547 1976 5594 occa-
2056 5526 2164 5588 1118
2183 5527 2561 5590 consuetudo
2586 5525 2753 5588 bona
2780 5523 2903 5588 fide
2918 5525 3293 5590 continuari.
3316 5527 3394 5590 Et
3420 5525 3623 5592 decla·
