3976 6219
875 376 1009 427 CAP.
1044 375 1171 426 xvl.
1207 374 1291 425 AN
1323 373 1507 425 OMNIS
1539 375 1663 426 LEX
1694 372 2051 425 PRAEDICTOS
2084 373 2394 428 EFFECTUS
2425 376 2733 439 EFFICIAT,
2769 377 2903 429 ETC.
3398 374 3477 433 65

281 474 459 536 tiales
482 472 781 550 sacrificii,
809 479 871 533 et
896 471 1432 534 Sacramentorum
1460 489 1635 532 novae
1665 471 1842 549 legiS,

284 574 346 629 et
372 568 449 627 ad
476 567 781 627 unitatem
804 566 949 627 fidei
981 566 1178 643 magis
1201 564 1526 643 explicitae,
1558 571 1620 624 et
1646 563 1850 624 Eccle-

283 661 388 721 siae
421 659 785 720 universalis
809 660 924 719 sub
953 678 1078 719 uno
1106 658 1339 737 capite:
1373 657 1449 718 de
1477 657 1613 717 aliis
1638 663 1847 717 autem

283 754 469 815 rebus
520 751 994 832 particularibus
1034 770 1162 812 non
1205 749 1478 811 continet
1523 749 1848 829 specialem

283 845 751 925 dispositionem
793 847 994 926 quoad
1041 850 1210 906 actus
1253 844 1579 919 virtutum,
1610 844 1844 903 nedum

285 938 490 1020 quoad
535 939 968 1018 permissiones
1000 944 1410 1019 peccatorum.
1464 938 1675 1015 Neque
1718 935 1841 995 dici

284 1037 484 1112 potest
502 1031 609 1092 illa
617 1033 1000 1111 permittere,
1020 1030 1370 1109 solumquia
1380 1048 1509 1101 non
1533 1027 1840 1108 prohibet,

286 1126 436 1205 quia
477 1144 603 1186 non
645 1132 894 1205 propter
919 1125 1109 1186 talem
1135 1123 1327 1184 finem
1361 1123 1469 1183 1116
1503 1121 1847 1201 specialiter

286 1237 413 1278 non
441 1217 747 1296 probibet,
770 1218 875 1279 sed
900 1218 1048 1297 quia
1066 1216 1357 1296 supponit
1384 1214 1690 1294 prohibita
1715 1213 1849 1292 ipso

286 1309 499 1371 divino
525 1310 663 1388 jure
691 1310 980 1371 naturali.
1014 1307 1347 1388 Loquendo
1375 1312 1585 1368 autem
1612 1306 1688 1367 de
1715 1324 1852 1384 perb

290 1402 580 1462 missione
616 1402 965 1463 concessiva
992 1401 1320 1482 privilegii,
1369 1399 1559 1479 aliqui
1597 1399 1849 1460 effectus

291 1492 522 1554 similes
553 1500 812 1572 possunt
836 1494 979 1554 huic
1017 1493 1141 1571 legi
1161 1491 1443 1568 attribui,
1490 1492 1654 1551 inter
1694 1508 1848 1570 quos

291 1586 607 1646 numerari
647 1593 899 1665 possunt
932 1585 1269 1664 singularia
1296 1584 1621 1664 privilegia
1649 1582 1848 1643 Chris-

289 1678 604 1738 tianorum
643 1684 918 1757 respectu
959 1677 1327 1751 infidelium,
1369 1682 1442 1737 ut
1465 1676 1629 1756 quod
1658 1675 1848 1754 possit

293 1771 522 1849 conjux
549 1769 748 1831 fidelis
776 1770 855 1831 ad
893 1769 1129 1830 infideli
1167 1769 1501 1844 discedere,
1543 1774 1656 1830 etc.
1690 1769 1844 1828 Item

290 1861 619 1941 privilegia
664 1862 1028 1922 clericorum
1055 1908 1071 1934 ,
1123 1866 1183 1922 et
1226 1860 1568 1940 praesertim
1620 1860 1847 1919 summi

290 1953 621 2013 Pontificis.
660 1954 745 2014 De
774 1952 999 2033 quibus
1030 1959 1235 2015 tamen
1277 1951 1529 2013 adverto
1559 1951 1694 2012 baec
1718 1969 1845 2012 non

286 2044 407 2104 dici
436 2045 1155 2126 proprieapermissioneS,
1189 2043 1296 2105 sed
1318 2045 1517 2122 jussa,
1547 2044 1695 2122 quia
1722 2062 1848 2104 non

286 2142 435 2196 sunt
460 2136 786 2215 privilegia
812 2154 1110 2216 personae,
1135 2138 1241 2196 sed
1267 2135 1436 2212 fidei,
1461 2136 1559 2197 vel
1581 2136 1850 2214 dignita-

284 2226 389 2303 tis,
431 2233 491 2289 et
519 2228 1008 2303 communitatiS,
1043 2234 1105 2289 et
1130 2228 1271 2289 ideo
1299 2246 1427 2288 non
1454 2246 1566 2307 per
1593 2228 1849 2289 modum

283 2320 724 2399 permissionis,
751 2321 855 2381 sed
887 2339 1000 2400 per
1025 2321 1283 2394 mo'dum
1318 2321 1609 2399 praecepti
1636 2337 1850 2380 conce-

285 2412 542 2489 duntur,
571 2419 663 2487 ut,
693 2414 817 2474 Deo
843 2412 1049 2489 dante,
1095 2413 1164 2473 in
1193 2413 1454 2473 materia
1485 2414 1560 2473 de
1593 2411 1844 2487 Ordine,

285 2511 347 2566 et
405 2505 761 2566 Hierarchia
814 2504 1232 2566 Ecclesiastica
1283 2504 1469 2564 latius
1522 2503 1845 2564 tractaturi

285 2613 524 2656 sumuS.
552 2599 637 2657 De
664 2597 802 2675 1636
832 2603 1042 2657 autem
1071 2596 1266 2657 veteri
1290 2596 1706 2657 controversia
1728 2600 1842 2671 est,

283 2706 366 2748 an
395 2689 501 2749 illa
524 2689 785 2768 positive
815 2689 1201 2769 permitteret
1222 2688 1473 2767 aliquod
1501 2692 1843 2767 peccatum,

283 2786 348 2843 et
372 2784 709 2860 praesertim
749 2788 1050 2843 tractatur
1077 2782 1153 2843 de
1179 2780 1389 2842 libello
1412 2781 1678 2860 repudii.
1724 2781 1842 2843 Sed

281 2892 413 2934 non
440 2880 694 2953 possunt
719 2875 852 2935 haec
874 2875 941 2934 in
971 2873 1327 2953 particulari
1350 2873 1577 2934 discuti
1599 2874 1668 2935 in
1693 2891 1843 2955 prae-

280 2967 465 3026 senti.
499 2967 710 3027 Solum
741 2967 878 3027 dico
900 2967 966 3027 id
989 2985 1116 3027 non
1139 2984 1484 3046 repugnare
1508 2967 1758 3047 justitiae
1786 2971 1849 3027 et

279 3058 594 3120 honestati
613 3058 777 3119 illius
796 3059 971 3137 legiS‚
998 3076 1112 3120 nec
1139 3076 1268 3119 esse
1287 3058 1554 3119 multum
1572 3058 1848 3120 alienum

277 3150 369 3212 ab
396 3150 858 3229 imperfectione
882 3152 1038 3230 ejus,
1069 3151 1212 3235 licet
1239 3152 1386 3212 satis
1407 3149 1721 3231 probabile
1743 3151 1847 3228 sit,

280 3244 481 3305 etiam
515 3243 583 3303 in
624 3242 731 3303 illa
770 3244 905 3322 1636
936 3261 1064 3304 606
1097 3243 1285 3305 fuisse
1325 3244 1492 3304 hunc
1535 3243 1845 3318 effectum,

275 3337 440 3417 quia
465 3336 835 3397 necessarius
867 3355 995 3399 non
1027 3344 1181 3413 erat,
1226 3341 1289 3399 et
1333 3337 1542 3397 minus
1575 3336 1848 3398 decuisse

269 3430 551 3492 videtur.

366 3523 428 3580 7.
475 3522 566 3584 De
584 3521 1083 3600 permissionibus
1103 3540 1235 3603 quoe
1265 3523 1333 3584 in
1356 3522 1480 3602 leffe
1499 3521 1775 3584 naturali
1793 3526 1847 3584 et

265 3618 514 3676 oeterna
540 3613 1307 3693 reperiuntur.—Tandem
1325 3615 1402 3676 de
1429 3613 1694 3674 naturali
1711 3612 1848 3691 1636

266 3706 601 3785 (1(16163116
629 3711 721 3767 est
752 3723 893 3766 cum
921 3708 1315 3786 proportione
1337 3707 1413 3767 de
1441 3707 1692 3783 oeterna)
1717 3723 1847 3766 cer-

259 3806 422 3859 tum
472 3802 587 3873 est,
640 3797 837 3858 multa
879 3799 1044 3859 bona
1088 3798 1420 3860 concedere
1463 3798 1843 3877 permissive,

255 3892 492 3972 potius
512 3907 701 3968 quam
724 3892 1087 3971 praeceptive
1108 3894 1198 3968 (ut
1216 3892 1302 3951 sic
1319 3891 1541 3966 dicam)
1566 3894 1848 3968 respectu

255 3982 676 4062 singulorum
703 3982 927 4061 quibus
953 3983 1092 4044 talis
1114 3983 1422 4045 concessio
1449 3982 1538 4042 fit.
1589 3983 1668 4042 Ut
1703 3999 1848 4041 6011-

253 4076 465 4138 cessit
484 4074 839 4135 hominibus
848 4075 1215 4136 divisionem
1234 4082 1295 4137 et
1306 4074 1583 4135 dominia
1600 4089 1845 4133 rerum:

249 4186 432 4232 116111
452 4184 630 4246 posse
650 4166 1015 4230 divisionem
1037 4185 1250 4229 rerum
1269 4167 1471 4227 facere
1493 4172 1555 4226 et
1573 4163 1851 4225 dominia

245 4259 683 4345 particularia
703 4260 1044 4339 acquirere,
1067 4261 1144 4320 de
1156 4261 1303 4338 jure
1322 4264 1563 4319 naturae
1581 4261 1696 4332 est,
1722 4273 1851 4316 non

241 4350 697 4440 111-616111166ᾱο
708 4397 729 4427 ,
769 4352 918 4432 31116
962 4357 1246 4432 poterant
1282 4350 1567 4412 homines
1603 4348 1849 4410 divisio-

241 4465 421 4510 nem
461 4461 592 4505 1106
618 4444 841 4521 facere,
877 4450 938 4506 et
981 4444 1377 4525 particularia
1407 4444 1683 4505 dominia
1719 4459 1849 4502 non

240 4539 614 4604 admittere
653 4553 671 4598 ε
728 4556 875 4617 6130
921 4538 1299 4617 permissive.
1350 4539 1425 4599 Et
1469 4538 1558 4597 ita
1593 4540 1850 4615 possunt

239 4634 484 4696 multa
515 4631 853 4707 numerari,
892 4631 968 4691 de
1011 4629 1236 4709 quibus
1262 4629 1539 4690 dicemus
1562 4628 1722 4689 libro
1749 4645 1850 4688 se-

239 4722 530 4808 quenti,
558 4721 942 4801 ‘explicando
979 4722 1083 4800 jus
1125 4722 1426 4800 gentium.
1471 4721 1554 4782 At
1591 4737 1740 4781 vero
1763 4719 1855 4779 lo-

235 4817 532 4900 quendo
559 4816 636 4875 de
668 4815 1069 4894 permissione
1089 4814 1239 4874 mali
1261 4812 1478 4893 culpae,
1500 4817 1738 4874 certum
1760 4816 1852 4872 est

236 4911 448 4976 nullo
503 4907 693 4969 modo
736 4906 1014 4986 permitti
1059 4924 1170 4986 per
1210 4905 1561 4967 naturalem
1605 4905 1848 4983 legem:

233 5022 415 5068 nam
470 5002 584 5063 lex
628 4998 928 5060 naturalis
965 4998 1251 5078 prohibet
1280 5016 1465 5059 omne
1493 4997 1754 5071 malum,
1790 5001 1852 5056 et

233 5101 593 5181 quantum
620 5101 713 5152 est
738 5109 816 5153 ex
851 5109 915 5152 se
961 5091 1206 5152 nullum
1242 5089 1537 5170 relinquit
1577 5087 1852 5167 impuni-

229 5200 436 5255 tum:
492 5203 650 5247 nam
688 5184 892 5245 omnis
917 5187 1329 5261 transgressor
1356 5182 1513 5260 legis
1541 5198 1618 5241 ex
1649 5181 1714 5241 vi
1741 5197 1853 5239 na-

228 5282 493 5349 turalis
532 5277 689 5355 juris
733 5277 962 5354 dignus
1011 5281 1101 5335 est
1143 5291 1349 5354 poena.
1399 5273 1575 5333 Unde
1607 5270 1854 5351 quando

230 5382 313 5440 D.
352 5375 682 5449 ThomaS,
706 5369 853 5429 dict.
890 5386 953 5446 q.
981 5368 1083 5442 92,
1111 5385 1169 5428 a.
1197 5369 1259 5441 2,
1288 5366 1440 5426 dicit
1470 5383 1658 5444 parva
1691 5365 1857 5425 mala

229 5462 567 5556 permitti
596 5461 709 5542 per
734 5462 964 5541 legem,
1012 5466 1213 5540 potest
1239 5459 1440 5538 primo
1470 5457 1736 5535 intelligi
1762 5475 1857 5518 se-

695 5580 765 5625 v.

1925 473 2202 532 cundum
2239 475 2496 554 aliquOS,
2532 477 2608 537 de
2635 476 2895 555 peccatis
2929 474 3296 550 venialibuS,
3337 495 3476 556 quae

1923 564 2049 625 lato
2093 567 2275 627 modo
2326 569 2600 646 permitti
2641 569 2951 643 dicuntur,
2982 569 3127 646 quia
3170 587 3298 629 non
3336 578 3479 632 sunt

1925 663 2138 717 contra
2163 667 2467 739 praecepta
2490 661 2822 737 naturalia,
2847 661 2949 721 sed
2975 667 3194 740 praeter
3210 661 3338 721 illa.
3363 664 3480 724 Sed

1925 749 2045 809 hoc
2074 769 2200 810 non
2229 751 2448 829 placet,
2482 753 2629 831 quia
2656 771 2840 813 omne
2880 752 3115 813 malum
3142 754 3332 814 etiam
3364 757 3480 815 mi-

1926 844 2172 902 nimum
2198 844 2557 923 prohibetur
2583 846 2720 923 lege
2747 846 3037 920 naturali,
3063 850 3127 907 et
3145 846 3266 906 dici
3286 854 3484 926 potest

1928 940 2144 996 contra
2169 933 2366 1013 illam,
2403 938 2546 998 licet
2581 938 2964 1017 imperfecte.
3009 939 3201 1000 Debet
3235 959 3383 1019 ergo
3411 941 3484 1002 il-

1927 1027 2036 1088 lud
2063 1028 2327 1108 intelligi
2353 1049 2480 1091 non
2508 1031 2584 1091 de
2612 1031 2747 1109 1636
2785 1031 3078 1107 66161611,
3107 1032 3210 1093 sed
3243 1033 3319 1094 de
3345 1034 3482 1112 lege

1925 1120 1994 1182 in
2022 1121 2317 1199 generali,
2341 1129 2411 1182 ut
2437 1122 2736 1183 abstrahit
2757 1141 2795 1183 a
2817 1123 3080 1202 positiva
3098 1129 3160 1185 et
3178 1127 3479 1187 naturali:

1926 1213 2017 1273 ita
2043 1213 2211 1273 enim
2254 1213 2528 1293 loquitur
2569 1216 2638 1274 D.
2681 1214 2946 1276 Thomas
2974 1216 3049 1276 (16
3081 1215 3217 1295 1636
3262 1217 3331 1279 16
3376 1218 3483 1280 1110

1925 1305 2209 1381 61116610,
2235 1305 2496 1385 1(1603116
2519 1324 2647 1367 606
2666 1308 2876 1368 016616
2895 1326 3031 1386 quae
3051 1307 3141 1368 ibi
3166 1309 3314 1370 dicit
3340 1318 3486 1373 sunt

1924 1398 2441 1462 accommodanda
2468 1399 2759 1460 omnibus
2794 1399 3056 1478 legibus,
3100 1401 3206 1462 sed
3236 1402 3483 1481 singula

1921 1489 2184 1568 singulis
2227 1510 2369 1552 cum
2418 1492 2747 1572 partitione
2801 1492 3258 1556 accommodata
3299 1495 3483 1574 juxta

1921 1583 2197 1644 materiae
2224 1583 2649 1663 capacitatem.
2683 1584 2783 1645 Sic
2803 1601 2952 1662 6130
2980 1584 3187 1664 6113116
3216 1585 3339 1662 lex,
3371 1587 3482 1648 sci-

1921 1674 2066 1736 licet
2109 1675 2388 1737 humana
2430 1680 2493 1737 et
2539 1676 2761 1751 civiIiS,
2804 1677 3114 1756 permittit
3140 1675 3249 1738 illa
3292 1697 3483 1758 parva

1925 1767 2111 1844 mala,
2141 1767 2284 1829 licet
2311 1786 2440 1829 non
2467 1771 2669 1830 omnis
2706 1769 2831 1845 lex,
2867 1770 3014 1850 quia
3055 1769 3158 1831 lex
3183 1772 3481 1833 naturalis

1925 1859 2033 1919 illa
2059 1878 2187 1920 non
2218 1861 2539 1940 permittit.
2574 1863 2653 1922 Et
2676 1862 2745 1922 in
2764 1862 2879 1923 hoc
2896 1880 3081 1925 sensu
3108 1881 3299 1942 parva
3316 1863 3481 1924 mala

1925 1950 2048 2012 dici
2092 1958 2401 2031 poterunt,
2448 1973 2578 2015 non
2620 1959 2867 2016 tantum
2893 1954 3163 2016 venialia
3206 1962 3477 2035 peccata,

1925 2045 2032 2106 sed
2051 2045 2238 2105 etiam
2262 2046 2543 2124 quaedam
2571 2047 2876 2122 mortalia,
2901 2066 3039 2126 quae
3060 2048 3128 2108 in
3158 2048 3371 2109 ordine
3400 2048 3479 2112 ad

1925 2135 2117 2197 finem
2160 2137 2316 2215 legis
2356 2137 2553 2198 civilis
2585 2156 2778 2216 parva
2818 2145 3204 2218 reputantur,
3236 2140 3377 2202 11661
3412 2143 3480 2202 16

1924 2226 2142 2289 ordine
2170 2227 2250 2287 ad
2277 2230 2471 2289 Deum
2500 2230 2625 2290 sint
2650 2248 2898 2308 11163116.

2005 2321 2073 2379 8·
2110 2319 2214 2381 An
2246 2338 2424 2398 opera
2447 2321 2871 2401 indifferentia
2888 2338 3001 2401 per
3023 2323 3205 2403 lenem
3230 2331 3483 2389 natura-

1923 2410 2037 2472 lem
2060 2413 2520 2490 permittantur,
2549 2429 2621 2475 ao
2643 2430 2755 2492 per
2782 2416 3220 2478 costerus—Dc
3242 2417 3484 2479 indiffe-

1919 2502 2196 2563 rentibus
2240 2508 2450 2564 autem
2500 2504 2790 2583 operibus
2834 2505 3105 2566 dubitari
3153 2513 3356 2587 potest
3400 2528 3481 2570 an

1921 2594 2042 2655 dici
2086 2595 2322 2673 possint
2361 2596 2640 2675 permitti
2682 2597 2820 2674 1636
2856 2597 3089 2677 6113116,
3133 2601 3280 2678 31116
3310 2601 3483 2662 611116

1919 2705 2048 2748 esse
2088 2687 2334 2749 videtur
2364 2706 2502 2767 quae
2545 2689 2807 2768 positive
2848 2689 2955 2751 illa
3002 2693 3328 2769 permittit,
3373 2694 3480 2755 sed

1920 2785 2165 2841 tantum
2192 2782 2505 2859 negative,
2530 2781 2677 2862 quia
2695 2801 2824 2844 non
2852 2783 3158 2862 prohibet,
3186 2804 3301 2847 nec
3327 2805 3480 2865 prae-

1921 2873 2070 2952 cipit
2096 2871 2227 2948 illa,
2257 2872 2423 2952 quod
2449 2890 2576 2935 non
2603 2874 2850 2935 videtur
2869 2893 2998 2936 esse
3026 2876 3196 2952 satis,
3227 2884 3298 2938 ut
3325 2879 3477 2939 dixi.

1922 2965 2336 3026 Nihilominus
2360 2965 2481 3026 diei
2508 2975 2764 3046 possunt
2789 2968 3035 3047 proprie
3063 2970 3336 3047 permitti
3369 2989 3481 3050 per

1924 3057 2129 3137 legem
2147 3057 2519 3134 naturalem,
2544 3058 2693 3139 quia
2711 3058 2813 3120 lex
2833 3059 3135 3120 naturalis
3156 3078 3283 3121 non
3312 3080 3481 3125 mere

1924 3151 2209 3230 negative
2237 3151 2395 3211 circa
2420 3151 2529 3212 illa
2555 3170 2619 3212 se
2646 3150 2854 3226 habet,
2886 3151 2993 3213 sed
3016 3152 3203 3212 etiam
3227 3155 3483 3232 positive

1919 3244 2160 3322 judicat
2186 3250 2248 3304 61
2283 3244 2555 3323 disponit
2591 3242 2743 3304 talia
2778 3260 2905 3305 esse
2939 3242 3379 3321 indifferentia,
3414 3265 3485 3308 ac

1924 3336 2196 3419 proinde⁴
2211 3354 2288 3397 ex
2315 3354 2379 3398 se
2408 3353 2533 3397 non
2557 3353 2685 3397 esse
2709 3335 3097 3398 dissentanea
3118 3346 3362 3399 naturae
3386 3357 3485 3400 ra·

1921 3427 2163 3503 tionali,
2209 3446 2323 3490 nec
2357 3447 2469 3508 per
2503 3446 2567 3489 se
2604 3428 2885 3490 honesta.
2924 3429 3101 3490 Unde
3123 3430 3311 3491 etiam
3335 3430 3486 3491 talia

1922 3524 2088 3594 sunt,
2102 3526 2173 3579 ut
2186 3538 2297 3599 per
2310 3537 2765 3599 quamcumque
2785 3520 2971 3581 aliam
2990 3520 3190 3600 legem
3211 3520 3487 3601 permitti

1920 3610 2177 3691 possint.
2227 3613 2311 3673 De
2350 3612 2587 3673 actibus
2621 3630 2769 3674 vero
2801 3611 2979 3673 bonis
3023 3614 3352 3675 obscurum
3393 3619 3487 3675 est

1921 3703 2086 3783 quod
2128 3703 2216 3763 ibi
2244 3704 2423 3765 divus
2457 3704 2724 3765 Thomas
2752 3705 2924 3784 prius
2950 3704 3060 3780 ait,
3090 3704 3293 3785 legem
3321 3724 3483 3785 prae-

1922 3797 2125 3876 cipere
2158 3814 2372 3858 omnes
2399 3803 2568 3859 acms
2591 3797 2934 3859 virtutum:
2957 3815 3106 3859 6616
3127 3799 3245 3859 1106
3267 3816 3384 3859 666
3409 3798 3486 3859 (16

1922 3905 2052 3948 una
2070 3887 2279 3967 aliqua
2294 3888 2458 3967 lege,
2487 3906 2602 3949 nec
2622 3888 2698 3949 de
2723 3888 3014 3949 omnibus
3034 3889 3220 3950 simul
3240 3889 3484 3951 videtur

1921 3998 2166 4056 verum,
2197 3985 2260 4041 et
2288 3986 2458 4059 patet
2481 3981 2557 4040 de
2578 3979 2864 4059 operibus
2892 3980 3306 4040 consiliorum.
3333 3983 3487 4042 Item

1925 4077 2095 4150 patet
2129 4071 2206 4130 de
2232 4072 2438 4149 parvis
2472 4071 2673 4144 bonis,
2713 4069 2791 4130 de
2818 4068 3044 4147 quibus
3077 4071 3286 4130 statim
3316 4071 3484 4132 idem

1929 4164 1999 4222 D.
2026 4160 2295 4222 Thomas
2320 4161 2493 4235 dicit,
2516 4159 2717 4220 solum
2743 4158 3043 4238 permitti,
3070 4167 3134 4221 et
3153 4167 3366 4223 tamen
3393 4162 3488 4222 1111

1930 4259 2078 4316 sunt
2108 4258 2282 4315 actus
2315 4253 2502 4314 boni:
2543 4270 2673 4312 non
2707 4268 2854 4331 ergo
2886 4267 3099 4312 omnes
3124 4260 3296 4315 actus
3337 4254 3488 4315 boni

1930 4346 2377 4427 praecipiuntur
2413 4345 2621 4424 aliqua
2647 4343 2806 4423 1636.
2855 4343 3129 4422 Denique
3162 4344 3491 4407 obscurum

1934 4441 2123 4503 etiam
2143 4443 2257 4513 est,
2289 4457 2398 4501 cur
2436 4438 2600 4500 hona
2627 4439 2869 4499 minora
2902 4437 3184 4499 dicantur
3218 4440 3492 4518 permitti

1929 4533 2068 4612 lege
2094 4538 2351 4608 naturae,
2387 4537 2450 4593 et
2472 4550 2601 4592 non
2627 4531 2908 4607 meliora,
2935 4529 3011 4591 de
3049 4529 3276 4610 quibus
3303 4531 3492 4591 etiam

1930 4625 2118 4687 dictat
2160 4625 2264 4686 lex
2308 4623 2611 4685 naturalis
2664 4643 2791 4685 non
2836 4641 2968 4685 esse
3013 4622 3089 4683 de
3130 4623 3491 4684 necessitate

1928 4718 2195 4779 virtutiS.
2223 4718 2668 4778 Verumtamen
2708 4716 2879 4795 prior
2902 4714 3238 4794 propositio
3279 4733 3317 4776 a
3348 4713 3494 4774 divo

1930 4811 2168 4873 Thoma
2194 4809 2521 4871 adducitur
2543 4828 2622 4870 ex
2652 4809 2996 4884 Aristotele,
3035 4810 3074 4869 5
3108 4808 3336 4881 Ethic„
3366 4825 3420 4866 6.
3452 4810 3485 4867 1

1930 4907 1994 4965 61
2018 4905 2079 4977 2,
2109 4902 2220 4981 qui
2240 4902 2316 4963 de
2344 4902 2481 4981 1636
2498 4902 2775 4962 11616666
2789 4899 3086 4980 loquitur,
3099 4905 3162 4960 et
3180 4898 3258 4959 ab
3278 4898 3492 4959 eodem

1932 4997 2001 5056 D.
2034 4994 2271 5055 Thoma
2306 4994 2636 5073 exponitur
2662 4992 2847 5066 infra,
2887 5008 2949 5068 q.
2978 4992 3080 5065 96,
3121 4995 3239 5049 art.
3276 4992 3336 5065 3,
3365 5009 3493 5051 non

1933 5088 2010 5148 de
2049 5086 2308 5165 singulis
2335 5084 2624 5165 operibus
2651 5084 2979 5156 virtutum,
3020 5080 3126 5142 sed
3152 5080 3228 5161 de
3257 5082 3495 5142 actibus

1932 5179 2216 5239 omnium
2245 5177 2547 5237 virtutum
2580 5174 2946 5253 generatim,
2998 5191 3107 5255 seu
3146 5173 3490 5247 indefinite,

1933 5278 1996 5332 et
2026 5271 2112 5329 sic
2138 5286 2358 5330 verum
2386 5273 2478 5328 est
2499 5267 2668 5345 leges
2695 5266 3024 5345 praecipere
3052 5266 3332 5325 omnium
3373 5265 3498 5323 vir-

1933 5370 2139 5424 tutum
2185 5366 2380 5435 661116,
2426 5359 2566 5419 11661
2607 5377 2734 5418 606
2778 5359 3137 5438 praecipiant
3172 5373 3386 5418 omnes
3437 5360 3500 5415 et

1935 5453 2209 5533 singulos
2248 5457 2418 5514 actus
2445 5450 2729 5512 omnium
2760 5452 3103 5513 virtutum:
3135 5454 3197 5510 et
3224 5448 3315 5507 ita
3340 5444 3504 5505 nihil

3067 5555 3107 5613 5
