3976 6219
496 385 616 446 530

494 508 575 552 ne
597 497 766 552 actus
786 490 988 552 valeat
996 505 1018 568 ;
1035 494 1170 550 tum
1188 488 1378 552 etiam
1394 488 1542 569 quia
1558 488 2052 565 matrimonium,

496 591 800 664 quatenus
830 589 1177 645 contractus
1200 583 1515 645 humanus
1541 589 1655 660 est,
1681 588 1878 662 potest
1907 582 2055 645 irri-

493 676 614 737 tari
648 695 757 755 per
804 676 1008 756 legem
1056 676 1358 752 Ecclesiae,
1397 681 1469 736 ut
1513 682 1748 738 constat
1803 694 1881 737 ex
1919 677 2055 737 Tri-

491 769 660 831 dent.
669 785 690 847 ;
723 788 870 849 ergo
920 771 973 831 si
1020 770 1300 832 absoluta
1348 770 1680 852 prohibitio
1718 770 1944 832 sufficit
1971 769 2054 831 ad

490 862 862 924 irritandum
888 869 1294 940 contractum,
1315 883 1425 925 cur
1451 870 1635 926 antea
1664 883 1793 927 non
1818 862 1962 925 fecit
1982 863 2052 925 in

490 956 890 1017 matrimonio
918 956 1339 1018 clandestino?

572 1051 674 1110 20.
720 1049 1115 1129 Respondent
1149 1050 1416 1130 amplius
1445 1052 1625 1131 juxta
1653 1050 1939 1112 ultimam
1974 1050 2051 1111 li-

489 1143 880 1204 mitationem
921 1142 1210 1223 positam,
1254 1144 1394 1204 ideo
1435 1162 1562 1204 non
1597 1144 1867 1205 irritasse
1903 1143 2052 1223 quia

489 1255 603 1317 per
621 1236 771 1297 alias
785 1234 952 1315 leges
970 1236 1292 1298 canonicas
1308 1236 1745 1299 sustinebatur.
1768 1234 1887 1297 Sed
1905 1254 2052 1297 con-

489 1337 607 1406 tra,
642 1330 788 1409 quia
822 1329 924 1390 lex
958 1330 1254 1390 canonica
1281 1347 1606 1408 nunquam
1632 1329 1781 1391 fecit
1815 1335 1885 1389 ut
1910 1329 2052 1389 talis

487 1430 661 1485 actus
688 1430 844 1484 esset
873 1421 1136 1500 validus,
1168 1422 1273 1483 sed
1317 1422 1634 1503 supposuit
1664 1422 1961 1498 validum,
1990 1427 2052 1483 et

488 1517 567 1578 ad
592 1534 910 1578 summum
937 1516 1269 1579 declaravit
1296 1516 1571 1579 validum
1595 1535 1724 1578 esse
1751 1516 2051 1597 quamdiu

487 1628 597 1689 per
623 1609 827 1689 legem
851 1609 1194 1671 humanam
1225 1627 1354 1671 non
1383 1609 1681 1671 irritatur.
1714 1609 1928 1671 Solum
1956 1628 2050 1672 er-

486 1721 566 1782 go
592 1701 1019 1763 declarabatur
1036 1702 1315 1764 validum
1337 1720 1410 1764 eo
1444 1709 1742 1782 tempore,
1764 1703 1912 1783 quia
1937 1722 2051 1783 per

488 1795 690 1874 legem
749 1796 1184 1876 prohibentem
1240 1813 1369 1858 non
1413 1796 1773 1857 irritabatur
1818 1803 1881 1857 et
1921 1814 2050 1858 non

486 1890 636 1968 quia
660 1907 772 1968 per
798 1888 985 1950 aliam
1010 1889 1214 1967 legem
1235 1895 1701 1965 sustentaretur,
1722 1889 1822 1950 vel
1843 1890 2049 1969 potius

486 1981 634 2061 quia
677 2000 788 2062 per
823 1982 1172 2044 naturalem
1218 1982 1421 2062 legem
1466 1982 1925 2045 sustentabatur
1955 1984 2048 2060 (ut

487 2075 573 2135 sic
591 2074 842 2152 dicam),
870 2080 933 2137 et
957 2075 1077 2137 hoc
1102 2074 1304 2137 solum
1338 2075 1637 2138 declarari
1672 2082 1911 2155 poterat
1937 2094 2049 2155 per

482 2169 687 2248 legem
719 2170 1086 2247 humanam,
1126 2175 1190 2232 et
1219 2170 1602 2233 declaratum
1637 2171 1759 2232 fuit
1781 2189 1891 2251 per
1913 2171 2048 2231 Tri-

484 2261 832 2338 dentium,
852 2281 989 2343 quae
1001 2263 1333 2326 declaratio
1349 2282 1477 2326 non
1496 2263 1759 2326 addebat
1771 2264 2047 2325 valorem

483 2355 671 2433 actui,
702 2356 808 2418 sed
836 2355 1017 2419 illum
1033 2356 1436 2439 supponebat.

946 2544 1253 2611 Resolutio
1292 2546 1579 2611 auctoris.

565 2725 666 2787 21.
710 2723 792 2788 Ut
822 2744 972 2807 ergo
998 2727 1164 2808 quod
1191 2745 1413 2792 verum
1440 2746 1569 2792 esse
1595 2747 1812 2791 censeo
1838 2729 2045 2791 brevi-

482 2824 577 2878 ter
595 2816 921 2891 declarem,
944 2819 1198 2882 adverto
1230 2840 1406 2900 posse
1423 2839 1537 2881 nos
1567 2820 1738 2900 loqui
1759 2840 1887 2882 uno
1911 2841 2043 2882 mo·

480 2909 560 2970 do
585 2912 660 2973 de
690 2911 826 2991 lege
853 2931 1009 2991 pure
1030 2914 1395 2992 prohibente
1428 2933 1505 2975 ex
1531 2912 1660 2974 sola
1679 2915 1771 2975 rei
1794 2920 2039 2990 natura,

480 3021 613 3079 seu,
640 3005 806 3083 quod
838 3005 1004 3067 idem
1031 3012 1141 3081 est,
1172 3013 1408 3068 attenta
1443 3006 1574 3067 sola
1598 3007 1927 3068 verborum
1950 3007 2037 3082 vi,

485 3097 797 3176 supposita
851 3098 1300 3176 significatione
1359 3099 1609 3179 propria
1649 3105 1712 3161 et
1763 3099 2043 3179 rigorosa

479 3189 653 3250 verbi
694 3191 1065 3269 prohibendi
1099 3193 1232 3254 sine
1266 3193 1581 3254 additione
1595 3239 1615 3269 ,
1654 3195 2036 3270 extensione,

479 3288 589 3341 aut
629 3282 1133 3364 interpretatione
1175 3284 1386 3364 aliqua
1403 3286 1565 3363 juris
1595 3285 1862 3365 positivi.
1899 3285 2039 3346 Alio

476 3390 625 3434 vero
644 3376 828 3437 modo
848 3377 1015 3457 loqui
1034 3395 1357 3457 possumus
1376 3378 1452 3439 de
1466 3377 1655 3439 verbo
1670 3376 2042 3457 prohibendi

476 3471 548 3526 ut
591 3469 909 3548 ampliato,
954 3489 1065 3532 seu
1105 3475 1357 3532 extenso
1384 3489 1495 3550 per
1521 3471 1722 3549 legem
1764 3469 2039 3550 aliquam

472 3557 818 3624 humanam
863 3564 1339 3625 constituentem
1373 3564 1654 3643 regulam
1683 3563 2038 3642 generalem

474 3650 564 3715 sic
589 3656 1101 3737 interpretantem
1141 3658 1402 3737 juridice
1441 3675 1690 3720 sensum
1715 3657 1871 3736 legis
1896 3676 2038 3737 pro-

471 3751 767 3825 hibentis,
795 3755 868 3810 ut
890 3751 1021 3811 vim
1048 3749 1275 3811 habeat
1297 3750 1621 3826 irritantiS,
1656 3750 1899 3812 etiamsi
1924 3769 2037 3830 per

474 3841 674 3903 solum
694 3839 956 3903 verbum
983 3840 1354 3922 prohibendi
1375 3842 1508 3904 sine
1531 3842 1845 3904 additione
1868 3842 2035 3903 clau-

473 3935 623 3996 sulae
649 3934 952 3994 irritantis
978 3935 1234 3995 feratur.
1267 3934 1489 4014 Opinio
1511 3953 1659 4015 ergo
1683 3935 2033 3996 communis

473 4045 660 4106 supra
686 4026 881 4088 relata
914 4026 1160 4088 videtur
1178 4026 1298 4088 hoc
1332 4027 1656 4106 posteriori
1681 4027 1866 4088 modo
1894 4046 2035 4106 pro-

470 4119 707 4195 cedere,
731 4125 794 4180 et
821 4124 1026 4201 potest
1040 4118 1292 4180 fundari
1313 4119 1381 4180 in
1404 4119 1568 4180 dicta
1594 4120 1731 4199 lege
1757 4121 1834 4185 N
1830 4137 1904 4181 on
1926 4121 2033 4182 deo-

474 4213 660 4288 biwm,
688 4211 787 4273 vel
818 4213 888 4273 in
913 4212 1051 4273 aliis
1066 4212 1310 4292 juribus
1337 4212 1623 4273 civilibus
1648 4217 1762 4274 aut
1784 4211 2037 4274 canoni-

471 4305 558 4367 cis
582 4305 660 4366 de
687 4305 912 4384 quihus
945 4312 1185 4385 oportet
1206 4305 1523 4384 sigillatim
1545 4306 1747 4367 dicere
1772 4305 1841 4366 in
1869 4306 2034 4384 capi-

468 4399 634 4459 tibus
660 4398 1094 4479 sequentibus;
1121 4417 1288 4459 nunc
1310 4398 1509 4459 solum
1532 4397 1602 4459 in
1634 4398 1829 4478 priori
1849 4416 2034 4461 sensu

468 4492 793 4570 quaestioni
826 4492 1329 4553 satisfaciendum
1357 4498 1468 4552 est.

549 4588 650 4646 Ἠ.
694 4586 806 4647 Ea:
829 4585 961 4647 sola
984 4589 1210 4647 natm-a
1231 4583 1324 4648 rei
1340 4583 1525 4663 leqem
1541 4600 1694 4663 γυνθ
1712 4581 2032 4662 prohiben-

472 4684 589 4742 tem
633 4696 751 4740 non
799 4678 1057 4740 irritare
1091 4681 1313 4753 actum,
1354 4677 1481 4738 nisi
1520 4676 1643 4738 alio
1679 4676 1846 4736 modo
1883 4674 2033 4737 talis

471 4774 718 4852 effectas
743 4770 1122 4848 sufficienter
1143 4767 1722 4831 declaration—Dico
1750 4783 1922 4844 ergo,
1953 4782 2031 4826 ex

469 4865 599 4925 sola
624 4863 719 4924 rei
743 4867 969 4924 natura
1004 4861 1207 4940 legem
1241 4879 1392 4939 pure
1436 4860 1869 4939 prohibentem
1900 4876 2030 4919 non

468 4956 712 5017 irritare
753 4961 984 5030 actum,
1036 4955 1160 5015 nisi
1194 4953 1316 5015 alio
1355 4953 1540 5015 modo
1579 4953 1719 5014 talis
1753 4951 2022 5026 effectus,

467 5068 577 5110 seu
599 5050 865 5110 intentio
884 5048 1246 5127 legislatoris
1265 5047 1639 5108 sufficienter
1658 5045 2022 5107 declaretur.

465 5144 609 5204 Hoec
658 5143 913 5203 assertio
957 5142 1203 5203 videtur
1247 5160 1378 5202 esse
1422 5137 1768 5221 specialiter
1814 5143 2028 5199 contra

465 5235 726 5296 Baldum
753 5236 820 5294 in
842 5254 976 5315 cap.
999 5236 1176 5301 Nam
1194 5235 1748 5313 concupiscentiam,
1770 5231 1848 5292 de
1869 5231 2026 5291 Con-

463 5327 587 5387 stit.
598 5371 619 5401 ,
653 5325 722 5387 in
748 5328 972 5405 princ„
1002 5327 1112 5387 ubi
1143 5327 1492 5388 nullitatem
1519 5332 1691 5387 actus
1730 5322 2026 5404 prohibiti

464 5426 641 5481 vocat
672 5438 922 5499 poenam
962 5420 1311 5481 naturalem
1345 5422 1501 5499 ejus,
1537 5420 1685 5499 qaia
1713 5436 1877 5480 omne
1905 5419 2024 5495 (in-

464 5513 619 5592 quit)
648 5514 806 5594 qaod
833 5520 920 5578 esc
939 5514 1317 5594 prohibitam
1349 5513 1718 5577 naturaliter
1744 5517 1830 5575 est
1852 5511 2024 5574 inva-

1397 390 1513 442 LlB.
1548 389 1609 442 V.
1644 390 1725 449 DE
1757 384 2113 441 VAROETATE
2143 385 2363 441 ntem
2383 386 2792 442 nummum

2135 486 2348 551 lidum.
2379 488 2553 563 Quod
2572 489 2808 550 dictum
2834 485 3057 567 probat
3089 488 3251 551 Deci.
3282 488 3351 550 in
3382 508 3517 571 cap.
3551 493 3590 551 2
3619 491 3704 554 de

2137 578 2369 658 Const.,
2398 581 2540 645 lect.
2571 586 2631 659 1,
2661 600 2727 643 n.
2760 582 2822 642 5.
2853 581 2973 643 Sed
2996 582 3376 643 contrarium
3400 589 3567 645 recte
3589 585 3701 645 do-

2133 674 2261 735 cuit
2285 673 2481 737 Felin.
2509 674 2687 737 ibin.
2719 676 2782 753 5,
2813 693 2960 737 cum
2992 676 3202 737 Innoc.
3244 676 3312 738 in
3339 696 3391 738 c.
3429 676 3513 741 Si
3539 697 3696 750 vere,

2133 766 2211 828 de
2237 768 2513 830 Sentent.
2546 786 2782 831 excom.
2790 813 2812 846 ,
2843 775 2907 831 et
2935 768 3073 830 aliis
3095 787 3252 849 quos
3277 769 3487 830 refert.
3519 771 3700 831 Unde

2131 858 2294 922 hanc
2336 862 2737 925 assertionem
2781 861 3066 924 existimo
3106 879 3238 924 esse
3280 864 3703 925 communiter

2129 959 2458 1033 receptam,
2486 954 2637 1035 quia
2650 953 2914 1034 Juristoe,
2938 961 3011 1016 ut
3035 954 3188 1031 dixi,
3215 955 3325 1035 qui
3346 956 3700 1036 oppositum

2131 1047 2360 1109 sentire
2397 1047 2687 1110 videntur
2729 1047 3071 1110 fundantur
3112 1048 3180 1108 in
3214 1048 3356 1127 jure
3385 1049 3692 1129 positivo3

2128 1138 2239 1200 alii
2281 1157 2428 1201 vero
2469 1141 2631 1201 hanc
2657 1141 3059 1202 assertionem
3096 1146 3168 1201 ut
3197 1148 3431 1203 certam
3469 1161 3695 1223 suppo-

2130 1238 2314 1308 nunt,
2338 1239 2400 1294 et
2421 1250 2499 1295 ex
2520 1234 2811 1295 omnibus
2838 1234 3118 1296 adductis
3147 1237 3431 1297 convinci
3448 1236 3698 1297 videtur

2132 1331 2193 1387 et
2243 1325 2709 1388 confirmabitur
2750 1327 3015 1406 amplius
3052 1346 3131 1388 ex
3170 1329 3443 1390 dicendis
3481 1330 3550 1390 in
3595 1348 3695 1391 se-

2132 1418 2485 1497 quentibus·
2510 1420 2689 1481 Ratio
2709 1438 2857 1481 vero
2880 1421 3012 1499 ejus
3038 1423 3126 1482 ita
3151 1427 3352 1500 potest
3374 1422 3692 1502 explicari,

2130 1512 2277 1591 quia
2323 1513 2648 1591 prohibere
2694 1520 2900 1577 actum
2940 1521 3002 1576 et
3039 1515 3285 1576 irritare
3329 1515 3505 1576 illum
3546 1522 3698 1577 sunt

2130 1605 2384 1667 effectus
2404 1606 2581 1668 valde
2601 1607 2827 1668 diversi
2845 1622 2866 1685 3
2891 1625 3039 1687 ergo
3062 1614 3134 1667 ut
3154 1626 3265 1687 per
3285 1607 3489 1687 legem
3509 1607 3690 1685 fiant,

2131 1698 2357 1760 debent
2384 1718 2496 1780 per
2535 1702 2668 1780 ejus
2703 1701 2894 1763 verba
2935 1701 3313 1763 sufficienter
3355 1703 3692 1781 explica-13

2129 1793 2236 1854 sed
2262 1811 2374 1873 per
2400 1794 2600 1855 solum
2627 1793 2889 1856 verbum
2920 1794 3289 1873 prohibendi
3327 1814 3456 1857 non
3499 1797 3694 1876 expli-

2129 1892 2302 1948 catur
2329 1887 2582 1949 effectus
2604 1888 2891 1948 irritandi
2903 1904 2924 1965 ;
2950 1906 3098 1966 ergo
3126 1907 3255 1949 non
3275 1888 3348 1948 fit
3370 1907 3447 1950 ex
3466 1895 3694 1950 natura

2125 1981 2219 2041 rei
2250 1999 2361 2060 per
2379 1980 2583 2058 legem
2600 1986 2878 2042 utentem
2900 1999 3055 2060 pure
3082 1987 3145 2042 et
3166 1982 3527 2062 simpliciter
3554 2002 3693 2044 ver-

2126 2072 2208 2134 bo
2242 2073 2629 2153 prohibendi,
2651 2074 3049 2153 quantumvis
3068 2074 3297 2136 directe
3326 2081 3389 2136 et
3413 2076 3690 2155 specifice

2127 2172 2332 2226 actum
2361 2166 2705 2246 prohibeat.
2731 2166 3117 2228 Antecedens
3138 2166 3379 2228 clarum
3400 2175 3524 2244 est3
3555 2175 3691 2231 tum

2126 2260 2273 2339 quia
2299 2261 2625 2340 prohibere
2652 2261 2851 2321 solum
2870 2268 2962 2323 est
2979 2263 3310 2341 praecipere
3333 2269 3395 2325 et
3416 2264 3691 2343 obligare

2129 2359 2198 2413 ιιι
2224 2360 2393 2414 actus
2421 2371 2550 2415 non
2575 2354 2718 2431 fiat;
2749 2355 2994 2416 irritare
3021 2362 3229 2416 autem
3261 2374 3387 2419 non
3416 2364 3510 2418 est
3536 2377 3694 2437 prae·

2127 2445 2351 2524 cipere,
2381 2446 2488 2508 sed
2509 2446 2734 2523 facere,
2766 2447 2995 2508 scilicet
3022 2448 3406 2510 inefficacem
3435 2451 3692 2513 reddere

2127 2537 2532 2615 voluntatem,
2555 2537 2654 2600 vel
2680 2557 3039 2600 consensum
3066 2542 3226 2619 ejuS,
3258 2547 3361 2603 aut
3398 2542 3695 2604 inhabili-

2126 2635 2258 2691 tare
2286 2647 2657 2709 personam;
2693 2638 2828 2692 tum
2862 2632 3053 2694 etiam
3079 2633 3222 2711 quia
3242 2633 3335 2693 illi
3353 2635 3479 2694 duo
3507 2636 3695 2696 effec-

2121 2727 2223 2782 tus
2262 2730 2408 2784 sunt
2434 2725 2700 2785 invicem
2733 2724 3138 2803 separabiles:
3172 2743 3319 2785 nam
3354 2744 3513 2806 saepe
3544 2747 3696 2806 pro·

2122 2815 2373 2876 hibetur
2395 2822 2564 2878 actus
2592 2823 2654 2878 et
2681 2836 2808 2878 non
2839 2817 3139 2893 irritatur,
3169 2823 3239 2877 ut
3263 2837 3374 2897 per
3412 2838 3477 2880 se
3520 2827 3582 2881 et
3610 2841 3690 2883 ex

2123 2908 2299 2969 dictis
2328 2915 2605 2986 constat3
2646 2910 2774 2971 imo
2807 2928 2968 2989 saepe
2996 2908 3360 2988 prohibetur
3381 2917 3551 2973 actus
3574 2915 3686 2992 qui

2121 3001 2351 3062 irritari
2402 3021 2531 3063 non
2579 3009 2802 3082 potest,
2845 3010 2917 3063 ut
2959 3021 3100 3064 cum
3150 3003 3337 3064 alicui
3384 3006 3682 3067 sacerdoti

2120 3096 2474 3176 praecipitur
2501 3116 2580 3158 ne
2608 3097 2928 3175 sacrificet,
2964 3105 3071 3162 aut
3102 3098 3397 3179 Episcopo
3421 3119 3497 3160 ne
3516 3100 3683 3161 ordi-

2120 3195 2246 3249 net.
2287 3192 2335 3250 E
2376 3192 2684 3252 contrario
2714 3194 2900 3254 etiam
2928 3193 3248 3256 interdum
3275 3194 3556 3254 irritatur
3585 3213 3683 3255 ac-

2119 3287 2219 3341 tus
2245 3281 2295 3342 si
2321 3282 2452 3358 fiat,
2485 3283 2630 3344 licet
2652 3303 2780 3345 non
2807 3286 3210 3364 prohibeatur
3232 3305 3311 3348 ne
3342 3286 3474 3360 fiat,
3506 3293 3576 3347 ut
3605 3287 3681 3348 de

2119 3374 2254 3451 lege
2296 3394 2453 3453 pure
2501 3378 2786 3439 irritante
2823 3379 3058 3440 dictum
3086 3386 3199 3441 est.
3227 3380 3386 3441 Sunt
3413 3398 3562 3459 ergo
3590 3379 3682 3440 illi

2120 3465 2245 3528 duo
2273 3468 2522 3529 effectus
2547 3469 2797 3531 diversi.

2196 3562 2296 3621 23.
2330 3563 2537 3623 Prima
2564 3582 2712 3624 vero
2739 3565 3197 3643 consequentia,
3229 3566 3551 3636 nimirum,
3573 3585 3682 3628 ne-

2115 3653 2447 3713 cessarium
2479 3672 2607 3716 esse
2630 3662 2962 3735 utrumque
2997 3657 3332 3736 significari
3355 3677 3466 3737 per
3492 3659 3683 3720 verba

2115 3744 2270 3824 legis
2298 3753 2368 3806 ιιι
2397 3766 2505 3825 per
2542 3748 2714 3809 illam
2757 3748 2934 3824 fiant,
2979 3757 3216 3811 constat
3252 3769 3329 3812 ex
3367 3757 3590 3812 natura
3616 3756 3681 3812 et

2112 3844 2411 3916 potestate
2464 3840 2616 3919 legis
2662 3847 2725 3901 et
2754 3842 3091 3903 voluntatis
3135 3843 3446 3903 humanae.
3497 3845 3674 3918 Nam,

2111 3929 2253 3991 licet
2278 3931 2443 4011 apud
2471 3934 2664 3993 Deum
2701 3934 2985 3995 voluntas
3011 3935 3274 3996 sufficiat
3301 3936 3381 3996 ad
3418 3955 3680 4015 operan-

2114 4024 2265 4084 dum
2285 4070 2303 4099 ,
2333 4026 2497 4087 inter
2518 4024 2802 4088 homines
2828 4046 2956 4089 non
2987 4029 3233 4105 sufficit,
3262 4030 3381 4089 nisi
3408 4030 3678 4090 exterius

2115 4116 2487 4179 sufficienter
2511 4118 2917 4198 exprimatur,
2947 4126 3019 4181 ut
3054 4121 3120 4182 in
3155 4122 3455 4201 principio
3488 4121 3681 4200 hujus

2113 4211 2389 4271 materiae
2425 4217 2489 4273 et
2526 4213 2594 4272 in
2634 4213 2895 4274 materia
2925 4213 3001 4274 de
3042 4215 3329 4276 Censuris
3362 4220 3678 4275 ostensum

2114 4308 2227 4378 est,
2258 4309 2319 4364 et
2346 4309 2440 4365 est
2465 4305 2721 4383 vulgare
2744 4306 2811 4366 in
2834 4307 3007 4366 omni
3039 4307 3299 4368 materia
3329 4305 3405 4368 de
3428 4306 3678 4385 judiciis

2115 4400 2175 4456 et
2209 4397 2664 4475 contractibus;
2712 4404 2774 4459 et
2817 4398 2957 4459 ideo
2993 4398 3182 4460 verba
3224 4399 3504 4460 humana
3547 4415 3679 4459 non

2112 4488 2254 4573 plus
2285 4497 2620 4570 operantur
2645 4509 2832 4570 quam
2861 4490 3230 4570 significent.
3263 4492 3328 4552 Si
3360 4509 3510 4570 ergo
3540 4510 3679 4552 ver-

2111 4580 2192 4642 ba
2212 4582 2367 4662 legis
2404 4602 2531 4644 non
2562 4583 2918 4661 significant
2955 4585 3133 4644 illum
3163 4584 3472 4663 duplicem
3498 4584 3677 4645 eflec-

2110 4681 2247 4735 tum
2262 4722 2283 4752 ,
2324 4695 2451 4737 non
2493 4682 2746 4756 possunt
2790 4683 3125 4757 utrumque
3182 4678 3445 4739 efficere.
3499 4676 3678 4750 Quod

2111 4774 2320 4829 autem
2354 4768 2612 4830 verbum
2640 4769 2840 4830 solum
2866 4771 3304 4850 praeceptivum
3339 4777 3448 4831 aut
3467 4770 3678 4849 prohi-

2110 4861 2375 4921 bitivum
2404 4879 2532 4922 non
2555 4862 2858 4941 significet
2890 4862 3181 4924 effectum
3208 4863 3515 4937 irritandi,
3541 4881 3678 4922 ma-

2110 4954 2405 5014 nifestum
2447 4954 2637 5014 etiam
2672 4955 2938 5030 videtur,
2974 4962 3108 5016 tum
3134 4973 3212 5016 ex
3233 4956 3528 5035 primaeva
3554 4956 3679 5014 im·

2107 5047 2410 5125 positione
2435 5046 2576 5107 talis
2603 5047 2777 5108 verbi
2801 5064 2823 5125 3
2851 5066 2980 5108 non
3001 5053 3093 5108 est
3115 5048 3283 5108 enim
3311 5047 3675 5127 impositum

2106 5141 2185 5200 ad
2240 5138 2719 5218 significandum
2760 5141 3044 5202 effectum
3091 5159 3277 5220 quem
3323 5141 3421 5202 lex
3454 5161 3566 5221 per
3607 5160 3675 5202 se

2107 5233 2354 5308 efficiat,
2384 5232 2490 5294 sed
2535 5233 2831 5294 moralem
2865 5234 3308 5312 obligationem
3342 5253 3529 5313 quam
3551 5235 3673 5294 im-

2105 5326 2279 5403 ponit
2300 5325 2545 5385 subdito
2574 5344 2758 5404 quem
2779 5344 3029 5388 movere
3060 5327 3327 5387 intendit
3344 5334 3415 5388 ut
3437 5328 3675 5406 aliquid

2103 5417 2307 5494 faeiat,
2339 5419 2437 5479 vel
2464 5419 2749 5480 cohibere
2777 5437 2857 5479 ne
2879 5419 3063 5480 faciat
3079 5466 3096 5495 ,
3123 5427 3259 5480 tum
3289 5440 3361 5482 ex
3389 5440 3673 5482 commu-

2103 5511 2171 5571 ni
2212 5530 2329 5572 usu
2369 5511 2535 5572 illius
2557 5512 2749 5589 verbi,
2779 5530 2964 5591 quem
3000 5531 3184 5574 usum
3220 5515 3368 5576 satis
3404 5513 3675 5593 probant
