3976 6219
678 502 687 507 -
749 458 885 513 CAP.
907 458 1036 514 xlv.
1061 459 1207 524 011AE
1230 458 1329 513 sn·
1355 456 1684 514 85:11va
1702 452 1914 509 Pom
1939 453 2007 509 m
2032 452 2294 511 meus
2320 456 2642 512 mornas
2666 456 2986 513 FERENDIS.

269 556 682 621 intentionem
708 546 1066 640 ‘recipiendi
1109 559 1266 623 illos.
1311 560 1389 622 Et
1426 578 1542 640 ego
1578 577 1830 640 possum

271 652 419 713 dare
442 651 897 733 eleemosynam
925 654 1185 735 pauperi
1210 653 1326 715 sub
1346 654 1699 717 conditione
1731 672 1834 717 ex-

272 744 501 825 plicata
525 746 640 823 illi,
689 747 856 829 quod
895 747 1124 810 habeat
1164 748 1573 811 intentionem
1615 747 1835 810 orandi

271 855 384 917 pro
412 856 536 917 me,
557 846 622 903 et
641 840 695 902 si
713 840 886 903 illam
911 859 1041 903 non
1059 841 1308 919 habeat,
1331 860 1459 903 non
1489 841 1600 904 fiat
1629 841 1832 903 domi-

273 948 393 992 nus
431 932 862 1015 eleemosynoe.
911 935 1070 1009 Quid
1110 936 1280 997 enim
1320 942 1490 999 vetat
1516 935 1606 997 ita
1647 934 1833 997 fieri?

275 1023 431 1085 Cum
456 1025 650 1090 libere
671 1030 901 1109 possim
928 1028 1252 1109 disponere
1278 1029 1356 1091 de
1390 1048 1460 1092 re
1486 1047 1628 1093 mea
1648 1032 1835 1109 prout

271 1114 544 1180 libuerit.
579 1118 672 1182 lta
696 1140 845 1201 ergo
866 1122 1068 1202 potuit
1083 1122 1354 1184 Ecclesia
1373 1122 1698 1204 disponere
1717 1122 1837 1184 cir-

271 1226 346 1270 ca
403 1212 800 1277 collationem
851 1214 1296 1278 beneficiorum
1344 1216 1790 1297 parochialium
1808 1262 1830 1293 ,

275 1303 422 1382 quia
447 1306 535 1367 ita
557 1308 884 1388 oportebat
915 1310 1187 1389 obligare
1209 1309 1597 1390 recipienteS,
1619 1315 1681 1371 et
1698 1307 1839 1370 nul-

273 1394 372 1458 lus
398 1404 640 1479 poterat
675 1420 804 1464 esse
839 1403 1304 1465 convenientior
1328 1402 1551 1464 modus
1577 1402 1716 1464 illos
1737 1419 1837 1463 co-

275 1491 464 1567 gendi
486 1494 566 1555 ad
582 1494 936 1557 habendam
958 1496 1134 1557 illam
1157 1496 1592 1558 intentionem.

355 1585 457 1646 29.
486 1586 660 1659 Quod
706 1588 760 1648 si
803 1588 1076 1668 objicias,
1123 1588 1272 1668 quia
1314 1589 1418 1667 jus
1461 1588 1617 1649 illud
1647 1588 1836 1650 etiam

275 1676 494 1741 habuit
509 1679 718 1742 locum
743 1681 812 1741 in
840 1698 966 1758 eos,
987 1681 1134 1761 quia
1145 1682 1282 1761 jam
1302 1688 1446 1743 ante
1457 1682 1635 1743 illum
1654 1699 1838 1747 cano-

275 1790 423 1835 nem
444 1782 802 1856 receperant
821 1775 1143 1852 beneficia‚
1183 1776 1522 1855 respondeo
1547 1775 1835 1855 negando

272 1872 685 1948 assumptum,
715 1869 863 1950 quia
892 1869 995 1931 lex
1024 1886 1154 1931 non
1196 1869 1550 1931 extenditur
1574 1870 1652 1931 ad
1678 1886 1837 1950 prae-

271 1960 460 2022 terita
484 1980 598 2042 per
623 1980 688 2024 se
722 1962 1055 2043 loquendo,
1095 1970 1159 2025 et
1191 1964 1281 2025 ibi
1305 1980 1435 2025 non
1469 1964 1833 2044 explicatur,

274 2071 392 2115 nec
428 2060 522 2116 est
559 2056 832 2118 extensio
866 2056 1150 2119 facienda
1174 2057 1244 2118 in
1281 2056 1420 2137 lege
1445 2057 1678 2137 poenali
1705 2058 1839 2119 sine

275 2148 608 2211 sufficienti
632 2168 838 2211 causa.
853 2150 980 2213 ‘Vel
1001 2157 1166 2213 certe
1183 2151 1236 2211 si
1259 2150 1578 2231 dispositio
1599 2152 1708 2213 illa
1727 2151 1840 2213 ha-

273 2238 380 2305 bet
422 2242 630 2305 locum
679 2244 841 2305 cirea
881 2244 1182 2307 beneficia
1216 2245 1389 2324 prius
1426 2250 1694 2325 recepta,
1721 2245 1841 2307 erit

277 2343 583 2418 quatenus
603 2356 643 2398 a
667 2343 946 2418 tempore
982 2338 1149 2399 illius
1172 2338 1325 2417 legis
1354 2345 1674 2419 coeperunt
1694 2339 1842 2401 reti-

273 2432 409 2492 neri
432 2449 572 2493 cum
594 2430 763 2492 mala
787 2431 930 2507 fide,
965 2437 1028 2493 et
1054 2432 1123 2492 in
1156 2450 1230 2493 ea
1249 2438 1706 2512 perseveratum
1746 2436 1842 2493 est

273 2542 388 2605 per
427 2525 732 2605 reliquam
779 2530 1023 2605 partem
1067 2526 1220 2585 anni
1265 2526 1444 2604 juxta
1485 2525 1745 2587 dicenda
1770 2525 1840 2586 in

273 2618 556 2699 sequenti
580 2623 832 2698 puncto.
866 2618 996 2679 Hoc
1039 2618 1232 2697 igitur
1274 2618 1459 2679 modo
1501 2617 1840 2698 explicatus

272 2710 378 2774 ille
391 2730 613 2789 canon,
629 2730 748 2774 nec
759 2711 910 2774 facit
925 2723 1040 2793 pro
1058 2711 1451 2774 conclusione
1463 2717 1705 2792 quarta,
1723 2728 1840 2773 nec

271 2805 474 2868 obstat
510 2804 709 2867 tertias
719 2850 741 2881 ,
779 2804 886 2867 sed
913 2804 1190 2866 continet
1215 2803 1653 2866 limitationem
1685 2804 1840 2866 alte-

269 2899 402 2961 rius
419 2898 677 2960 rationis
704 2919 719 2957 :
751 2914 901 2959 nam
927 2896 1158 2959 limitat
1171 2897 1430 2958 modum
1457 2888 1519 2958 et
1541 2897 1839 2959 conditio-

268 3012 418 3055 nem
438 2991 794 3056 conferendi
808 2990 961 3052 talia
971 2988 1275 3052 beneficia
1288 2988 1517 3050 talibus
1537 2992 1836 3070 personiS.

357 3088 458 3149 30.
492 3085 689 3148 Aliter
715 3102 866 3166 vero
899 3089 1103 3165 posset
1130 3083 1355 3164 exponi
1379 3084 1558 3164 juxta
1589 3082 1840 3146 tertiam

275 3181 706 3254 assertionem,
729 3178 901 3239 illam
922 3195 1052 3240 esse
1078 3193 1330 3258 poenam
1347 3177 1703 3257 impositam
1727 3193 1840 3256 pro

273 3273 610 3336 omissione
643 3277 897 3334 externa
935 3269 1324 3332 sacerdotalis
1356 3270 1613 3347 ordinis,
1650 3285 1837 3350 quem

267 3385 350 3429 ex
371 3371 674 3447 praeccpto
701 3365 912 3426 divino
949 3362 1208 3426 definito
1236 3381 1348 3443 per
1381 3362 1713 3424 Ecclesiam
1745 3367 1838 3424 te-

267 3467 456 3522 netur
485 3459 758 3539 recipere
805 3458 975 3519 intra
1014 3472 1275 3532 annum,
1306 3456 1415 3535 qui
1441 3455 1567 3516 tale
1606 3453 1837 3517 benefi-

266 3554 440 3616 cium
457 3553 698 3633 recipit,
717 3550 1014 3632 quoniam
1037 3549 1149 3610 illa
1173 3549 1424 3610 omissio
1449 3549 1740 3630 processit
1758 3565 1836 3610 ex

265 3647 381 3708 tali
405 3645 748 3708 intentione
775 3643 1192 3706 fraudulenta.
1236 3640 1332 3702 Ad
1368 3641 1487 3703 hoc
1523 3641 1834 3721 explican-

270 3739 426 3802 dum
451 3740 704 3802 adverto
726 3739 888 3800 circa
907 3735 1089 3798 illum
1104 3740 1371 3811 textum,
1383 3734 1472 3795 ibi
1488 3752 1617 3796 non
1633 3734 1833 3815 impo-

266 3833 342 3895 ni
372 3833 787 3895 conditionem
807 3829 983 3892 illam
1010 3851 1026 3890 ε
1068 3828 1154 3893 Si
1191 3828 1449 3907 recipiat
1490 3827 1834 3906 beneficium

269 3927 402 3990 sine
429 3927 756 3990 intentione
786 3923 1106 3988 sacerdotii
1135 3923 1306 3985 intra
1332 3937 1579 3996 annwm,
1615 3924 1689 3980 ut
1727 3920 1834 3982 ab·

269 4019 468 4081 solute
526 4018 933 4080 sufficientem
991 4015 1070 4076 ad
1125 4012 1607 4076 contrahendam
1657 4011 1833 4075 illam

219 4127 236 4140 ·
269 4113 712 4192 obligationem
754 4108 1145 4185 restituendi,
1185 4107 1292 4170 sed
1317 4124 1460 4168 cum
1486 4106 1595 4168 illa
1620 4107 1833 4169 mode-

267 4206 535 4282 ratione,
559 4206 686 4270 πίει·
706 4204 1006 4268 volumtate
1021 4207 1258 4266 mutata
1275 4205 1587 4280 promotus
1611 4200 1826 4276 fuco-it.

265 4299 448 4362 Unde
469 4299 545 4361 fit
567 4304 662 4375 ut,
690 4297 837 4360 licet
854 4295 993 4377 quis
1018 4294 1278 4374 accipiat
1293 4290 1667 4355 beneficium
1696 4293 1832 4356 sine

261 4391 378 4454 illa
409 4393 778 4468 intentione,
805 4395 870 4452 et
914 4389 1004 4450 ita
1048 4387 1335 4469 persistat
1377 4403 1491 4466 per
1540 4384 1832 4448 undecim

265 4503 536 4564 menses,
562 4486 615 4548 si
633 4484 890 4548 tandem
905 4488 1108 4545 mutat
1131 4480 1568 4557 intentionem,
1586 4485 1648 4543 et
1668 4480 1835 4544 intra

263 4581 565 4644 ultimum
620 4594 901 4641 mensem
951 4576 1276 4639 ordinatur
1290 4620 1311 4650 ,
1358 4574 1543 4636 faciet
1594 4573 1832 4636 fructus

263 4693 434 4751 suos,
453 4674 556 4736 vel
575 4669 967 4736 confirmabit
987 4670 1083 4748 (ut
1107 4669 1194 4731 sic
1225 4667 1452 4746 dicam)
1481 4667 1832 4730 dominium

264 4767 340 4831 in
367 4767 714 4830 retentione
739 4781 980 4840 eorum,
1011 4763 1159 4843 quia
1179 4759 1381 4824 noluit
1413 4758 1685 4822 Ecclesia
1723 4760 1834 4822 ali-

262 4868 368 4924 ter
393 4879 620 4942 ponere
645 4859 820 4922 illam
851 4857 1295 4932 conditionem,
1326 4859 1400 4916 ut
1425 4871 1503 4916 ex
1528 4859 1702 4915 textu
1721 4871 1834 4934 pa-

263 4959 383 5017 tet.
403 4955 632 5035 Estque
653 4953 890 5035 optima
905 4950 1089 5027 ratio,
1112 4949 1260 5030 quia
1273 4947 1392 5009 hoc
1410 4945 1595 5008 modo
1611 4945 1835 5009 melius

263 5050 376 5110 lex
400 5047 511 5110 illa
537 5047 776 5109 obtinet
799 5044 1087 5107 effectum
1115 5043 1449 5118 intentum,
1489 5039 1600 5120 qui
1619 5043 1734 5116 est,
1762 5045 1837 5101 ut

263 5141 378 5204 ille
410 5141 732 5203 ordinetur
755 5143 820 5201 et
844 5135 1141 5200 inserviat
1163 5133 1466 5198 beneficio
1507 5132 1698 5196 semel
1736 5149 1834 5194 ao·

263 5243 471 5316 cepto,
499 5241 564 5298 et
582 5235 672 5296 ita
691 5251 806 5315 per
829 5232 1240 5312 receptionem
1261 5228 1498 5290 ordinis
1535 5231 1836 5308 purgatur

267 5330 446 5411 prior
478 5329 774 5404 defectus,
815 5327 964 5408 quia
987 5324 1281 5406 impletur
1306 5321 1576 5384 conditio
1607 5321 1687 5383 ab
1723 5322 1836 5384 Eo-

266 5425 459 5486 clesia
477 5423 806 5504 postulata,
827 5439 965 5502 quae
991 5421 1059 5481 in
1081 5436 1323 5481 summa
1342 5423 1458 5494 est,
1487 5421 1560 5477 ut
1575 5433 1702 5478 non
1723 5415 1836 5478 ha-

267 5517 498 5578 beatur
525 5516 631 5577 illa
659 5534 848 5596 prava
875 5513 1139 5574 intentio
1161 5531 1199 5574 a
1226 5510 1553 5591 principio,
1593 5508 1690 5569 vel
1717 5508 1834 5570 sal-

267 5617 404 5673 tem
431 5613 504 5672 ut
528 5625 657 5670 non
674 5611 1095 5689 perseveretur
1112 5605 1184 5670 in
1203 5603 1312 5667 illa
1327 5619 1525 5684 usque
1541 5601 1622 5664 ad
1655 5599 1836 5664 effec-

3348 454 3467 519 387

1909 562 2049 619 tum
2065 574 2193 619 non
2207 557 2545 638 recipiendi
2560 558 2846 622 ordinem
2862 577 2973 641 per
2988 564 3191 623 totum
3204 579 3465 624 annum.

1908 650 2087 713 Unde
2122 652 2288 732 quod
2312 652 2459 714 Soto
2484 654 2575 715 ait
2623 653 2700 716 de
2749 654 3139 717 restitutione
3188 654 3471 719 facienda

1909 762 2023 825 pro
2046 763 2436 826 quocumque
2461 751 2740 827 tempore
2765 748 2938 824 anni,
2958 766 3071 829 pro
3092 765 3217 830 quo
3240 748 3349 810 illa
3374 750 3473 811 in-

1908 838 2106 899 tentio
2135 838 2343 900 debita
2369 856 2500 900 non
2521 839 2810 918 habetur,
2835 859 2964 903 non
2980 841 3170 904 habet
3190 841 3397 904 locum
3418 842 3474 903 si

1908 932 2165 995 tandem
2203 939 2483 996 mutatur
2527 934 2837 1013 voluntas,
2880 942 2943 998 et
2983 936 3279 1017 recipitur
3320 937 3472 999 ordo

1909 1026 2077 1089 intra
2096 1045 2355 1104 annum,
2380 1029 2530 1109 quia
2548 1034 2701 1090 tunc
2722 1028 2895 1091 nulla
2914 1030 3223 1092 restitutio
3243 1030 3475 1093 facien-

1909 1119 1992 1182 da
2017 1126 2132 1197 est,
2157 1126 2230 1182 ut
2272 1120 2427 1197 dixi,
2484 1125 2547 1183 et
2586 1139 2664 1183 ex
2708 1127 2886 1184 textu
2920 1128 3181 1186 constat.
3208 1123 3476 1203 Signum

1909 1231 2059 1295 ergo
2085 1220 2178 1277 est
2200 1232 2452 1295 poenam
2478 1214 2652 1277 illam
2678 1216 2755 1293 (si
2779 1234 2965 1297 poena
2990 1215 3100 1296 est)
3123 1234 3253 1279 non
3276 1218 3477 1299 impo-

1909 1308 1978 1369 ni
2008 1312 2263 1388 propter
2308 1308 2723 1370 intentionem
2762 1314 3011 1371 tantum
3042 1310 3356 1372 internam
3382 1329 3476 1374 se-

1911 1400 2191 1462 cundum
2208 1416 2297 1476 se,
2321 1400 2427 1461 sed
2440 1406 2625 1481 prout
2636 1418 2969 1479 annexam,
2991 1408 3054 1464 et
3069 1402 3478 1483 prodeuntem

1910 1493 1979 1554 in
2026 1492 2424 1554 omissionem
2476 1500 2799 1556 externam
2844 1494 3033 1555 totius
3085 1496 3237 1557 anni
3258 1541 3281 1572 ,
3338 1514 3479 1576 quoe

1915 1586 2164 1648 omissio
2206 1585 2373 1647 mala
2401 1592 2512 1662 est,
2538 1592 2600 1648 et
2637 1592 2842 1668 posset
2867 1588 3078 1669 puniri
3120 1588 3229 1651 illa
3266 1606 3475 1670 poena,

1913 1680 2103 1742 etiam
2132 1679 2265 1741 sine
2300 1679 2411 1741 illa
2444 1680 2791 1743 intentione
2820 1700 2860 1744 a
2885 1682 3190 1763 principio
3225 1701 3483 1764 concep-

1911 1778 2001 1850 ta,
2031 1773 2138 1834 sed
2162 1790 2274 1854 per
2295 1773 2715 1853 negligentem
2754 1773 3115 1838 dilationem
3140 1776 3330 1837 totius
3368 1794 3482 1839 an-

1913 1868 1983 1928 ni
2033 1872 2437 1928 contractam.
2484 1866 2687 1948 Atque
2734 1866 2853 1929 hoc
2891 1868 3076 1929 modo
3120 1874 3327 1931 textus
3374 1869 3483 1934 ille

1915 1960 2241 2022 confirmat
2256 1962 2508 2022 tertiam
2526 1960 3003 2038 conclusionem,
3023 1966 3085 2023 et
3102 1962 3261 2024 nihil
3280 1962 3485 2026 obstat

1913 2060 2170 2134 quartae.
2221 2054 2361 2117 Alia
2386 2073 2559 2133 vero,
2589 2074 2729 2138 quae
2769 2055 3025 2135 attingit
3064 2056 3231 2134 Soto,
3260 2076 3343 2118 an
3377 2057 3486 2120 ille

1914 2152 2123 2209 textus
2144 2146 2405 2228 loquens
2444 2149 2521 2211 de
2547 2149 2900 2231 receptione
2924 2147 3209 2210 beneficii
3235 2150 3487 2212 extendi

1917 2240 2141 2303 debeat
2162 2241 2241 2303 ad
2259 2242 2692 2320 retentionem,
2724 2248 2788 2305 et
2808 2262 2891 2304 an
2916 2242 3177 2322 loquens
3206 2242 3283 2305 de
3311 2243 3486 2305 beni-

1917 2334 2075 2396 ficiis
2097 2335 2550 2416 parochialibus
2577 2336 3001 2399 extendendus
3032 2336 3114 2397 sit
3138 2335 3218 2397 ad
3255 2338 3485 2417 episco-

1917 2433 2120 2507 patus,
2148 2434 2212 2490 et
2237 2428 2485 2505 similia,
2511 2429 2592 2492 ad
2622 2436 2989 2511 praesentem
3009 2429 3335 2492 materiam
3356 2448 3487 2493 non
3562 2433 3593 2485 ³.

1918 2527 2215 2601 spectant.
3260 2519 3271 2531 '

2001 2618 2099 2677 31.
2127 2616 2505 2696 Emplioatm·
2540 2612 3151 2680 &mutim—Circa
3169 2624 3489 2699 quartum,

1916 2708 1995 2769 de
2013 2726 2275 2771 censura
2300 2708 2591 2789 imposita
2612 2708 3079 2789 inquisitoribus
3097 2712 3325 2792 injuste
3345 2730 3488 2793 pro-

1917 2801 2280 2864 cedentibus
2303 2820 2381 2864 ex
2423 2802 2591 2879 odio,
2620 2802 2721 2863 vel
2750 2803 2920 2883 turpi
2945 2803 3194 2882 aflectu,
3222 2805 3293 2867 in
3320 2805 3488 2868 dicta

1915 2895 2107 2957 Clem.
2144 2898 2204 2972 Ι,
2236 2895 2274 2976 ξ
2308 2895 2545 2971 ΓΜ,
2575 2894 2768 2974 aliqui
2802 2895 3019 2957 dicunt
3044 2897 3217 2977 loqui
3242 2898 3320 2961 de
3342 2898 3487 2962 odio

1916 2987 2245 3048 manifesto
2262 2987 2455 3066 signis
2474 2988 2770 3065 externis,
2792 2989 2900 3051 sed
2917 2989 3051 3052 sine
3075 2990 3485 3055 fimdamento

1916 3079 1984 3142 in
2006 3085 2206 3159 textu,
2249 3085 2313 3142 et
2335 3081 2469 3144 sine
2494 3098 2702 3158 causa,
2732 3082 2882 3162 quia
2905 3082 3014 3146 illa
3061 3088 3487 3149 excommuni-

1915 3173 2075 3235 catio
2097 3191 2226 3235 non
2246 3173 2444 3236 fertur
2465 3179 2716 3256 propter
2732 3175 2903 3238 aliud
2935 3177 3182 3257 signum
3200 3179 3352 3257 odii,
3377 3180 3486 3243 sed

1915 3273 2169 3348 propter
2195 3265 2486 3330 effectum
2505 3269 2748 3347 justum
2783 3269 2863 3331 ab
2884 3268 2992 3332 illo
3018 3273 3487 3351 procedentem.

1916 3359 1994 3420 Et
2013 3360 2103 3421 ita
2121 3359 2227 3421 ille
2253 3366 2461 3422 textus
2487 3360 2711 3441 probat
2736 3368 3025 3442 quartam
3054 3365 3480 3444 assertionem,

1913 3457 1986 3514 ut
2017 3453 2207 3516 etiam
2234 3453 2364 3514 dixi
2388 3453 2457 3514 in
2494 3459 2646 3516 tom.
2680 3455 2741 3531 5,
2777 3454 2943 3517 dicta
2968 3455 3124 3538 disp.
3156 3459 3221 3535 4,
3241 3464 3387 3522 sect.
3413 3461 3480 3537 Ξ,

1912 3546 2081 3609 idem
2109 3547 2439 3610 dicendum
2458 3553 2551 3609 est
2571 3566 2715 3610 cum
2748 3551 3146 3630 proportione
3188 3552 3268 3614 ad
3304 3555 3367 3630 5,
3402 3571 3483 3616 ex

1913 3637 2214 3701 Clement.
2247 3641 2307 3717 5,
2325 3639 2403 3702 de
2423 3641 2576 3703 Stat.
2596 3641 2881 3704 Monach.
2903 3649 3003 3720 3et
3016 3643 3097 3706 ad
3117 3651 3382 3723 sextum,
3401 3664 3481 3709 ex

1913 3731 2079 3794 dicto
2111 3751 2244 3814 cap.
2279 3732 2365 3797 Si
2398 3735 2561 3814 quis,
2591 3752 2741 3796 nam
2761 3735 3034 3799 actiones
3060 3737 3205 3816 111ae,
3230 3759 3369 3819 quse
3390 3739 3482 3803 ibi

1909 3825 2258 3904 puniuntur
2292 3830 2354 3888 et
2394 3826 2545 3887 alias
2595 3827 2922 3908 prohibitae
2962 3836 3106 3891 sunt
3141 3836 3205 3892 et
3245 3851 3476 3913 pravoe,

1911 3918 2231 3981 moraliter
2287 3918 2599 3998 loquendo
2651 3921 3026 3984 sufficienter
3077 3925 3481 3990 manifestant

1909 4029 2176 4091 pravum
2196 4011 2479 4073 animum
2496 4029 2535 4072 a
2552 4029 2678 4091 quo
2700 4013 3190 4093 proficiscuntur.
3215 4019 3481 4100 Reliqua

1909 4105 1978 4165 in
2033 4103 2143 4167 illa
2189 4105 2482 4185 opinione
2520 4105 2702 4186 juxta
2745 4113 3034 4188 quartam
3071 4112 3478 4176 assertionem

1908 4198 2271 4280 procedunt.

2458 4383 2710 4448 CAPUT
2746 4383 2902 4453 xlv,

1905 4581 2039 4638 0118
2068 4581 2161 4632 sn·
2192 4583 2511 4632 8112va
2534 4584 2736 4633 Rom
2758 4587 2869 4634 SEU
2896 4586 3254 4641 sommas
3278 4591 3343 4642 m
3365 4594 3469 4645 121!-

2270 4677 2436 4728 onius
2468 4677 2768 4729 GANOMOES
2792 4681 3103 4731 Imm&

1987 4853 2047 4913 1.
2090 4849 2260 4914 Nihil
2304 4850 2373 4914 in
2412 4852 2699 4933 praesenti
2738 4856 3138 4922 tractandum
3177 4860 3457 4941 proponi-u

1906 4961 2048 5006 mus
2074 4944 2380 5007 deforma
2421 4945 2757 5010 intrinseca
2779 4947 2934 5030 legis
2960 4951 3291 5032 canonicae,
3320 4955 3471 5036 quia

1907 5037 2121 5101 omnia
2151 5055 2290 5120 quae
2316 5039 2394 5100 de
2414 5038 2539 5128 hoc]
2551 5046 2784 5120 puncto
2804 5041 3074 5105 diximus
3100 5045 3209 5107 lib.
3240 5065 3471 5128 praece-

1906 5129 2103 5209 denti,
2118 5149 2173 5192 c.
2191 5133 2293 5208 13,
2310 5134 2668 5194 communia
2680 5134 2957 5214 suntlegi
2966 5135 3256 5200 humanas
3269 5147 3341 5202 ut
3354 5141 3465 5220 sic,

1907 5243 2023 5287 nec
2048 5224 2285 5304 aliquid
2310 5225 2568 5306 speciale
2594 5226 2937 5289 notandum
2955 5231 3220 5292 ocem-rit
3236 5233 3305 5294 in
3327 5235 3469 5315 lege

1905 5319 2222 5381 canonica.
2259 5319 2391 5379 Imo
2420 5319 2608 5380 etiam
2635 5338 2775 5400 quae
2796 5321 2872 5382 de
2899 5321 3103 5385 forma
3123 5327 3469 5390 extrinseca

1908 5413 2179 5475 diximus
2214 5411 2292 5472 de
2319 5410 2561 5490 legibus
2586 5412 2891 5490 civilibus,
2923 5433 3153 5496 magna
3182 5435 3261 5480 ex
3291 5427 3469 5500 parte

1911 5505 2267 5567 communia
2307 5508 2451 5566 sunt
2490 5505 2823 5583 canonicis,
2868 5509 3015 5587 quia
3064 5509 3186 5572 illis
3235 5531 3469 5576 conve·

1909 5599 2119 5678 niunt,
2150 5603 2451 5681 quatenus
2480 5598 2771 5663 humanm
2795 5607 2964 5679 sunt,
2994 5607 3060 5664 et
3088 5621 3218 5667 non
3257 5613 3473 5687 quate-
