3976 6219
878 364 1014 420 CAP.
1048 364 1197 421 XXII.
1234 370 1448 426 nram!
1479 373 1662 428 oms
1694 374 1819 428 LEX
1849 374 2115 429 mmmm
2144 373 2262 428 SEU
2293 373 2514 429 emus
2546 372 2825 438 OBLIGET,
2860 371 2997 426 ETc.

343 460 594 542 Propter
619 462 786 542 quod
820 483 966 526 cum
997 467 1111 528 tali
1150 468 1520 535 limitatione
1564 473 1789 535 dicitur
1827 474 1896 535 111

343 573 468 633 cap.
503 557 580 617 23
608 556 683 617 de
719 558 971 636 Regulis
994 560 1149 638 juris
1173 563 1240 622 in
1260 565 1331 623 6:
1368 565 1522 628 Sine
1548 569 1745 646 culpa,
1770 568 1900 630 nisi

340 649 527 710 subsit
563 666 769 726 causa,
816 670 933 713 non
969 658 1054 715 est
1086 655 1313 735 aliquis
1352 660 1708 736 puniendus.
1753 662 1898 721 Haec

340 746 547 802 autem
602 759 807 821 causa,
863 744 1006 806 licet
1056 746 1372 809 interdum
1418 769 1543 812 non
1592 753 1671 813 sit
1716 753 1900 832 culpa

339 835 500 911 apud
549 836 767 912 Deum,
818 844 1026 899 tamen
1058 841 1225 919 apud
1250 841 1592 905 humanam
1620 863 1898 907 commu-

337 926 621 1002 nitatem,
653 935 958 1007 quateuus
992 950 1133 1012 pars
1176 933 1484 996 discordat
1515 956 1554 998 a
1596 944 1748 1015 toto,
1780 940 1898 1001 sal-

336 1024 464 1080 tem
506 1021 574 1080 in
610 1023 898 1083 exteriori
946 1042 1053 1085 seu
1103 1026 1269 1087 civili
1309 1028 1721 1107 observantia,
1776 1033 1898 1094 dici

335 1116 537 1191 potest
567 1115 853 1193 quaedam
890 1116 1072 1196 culpa
1105 1118 1327 1194 civilis,
1357 1139 1464 1182 seu
1503 1123 1805 1200 humana,
1828 1144 1900 1186 ac

337 1205 593 1283 proinde
615 1208 924 1270 sufficiens
954 1211 1032 1270 ad
1058 1210 1260 1273 levem
1279 1233 1531 1294 poenam
1556 1217 1897 1280 humanam

332 1296 757 1378 infligendam.

418 1395 517 1453 11.
560 1394 762 1473 Atque
798 1396 1016 1458 eodem
1042 1399 1232 1461 modo
1264 1401 1763 1481 respondendum
1805 1410 1897 1466 est

336 1484 415 1544 ad
442 1486 712 1564 primam
740 1488 1267 1554 confirmationem
1293 1492 1384 1553 ibi
1417 1496 1704 1574 positam,
1731 1498 1895 1575 quod

334 1576 437 1638 lex
473 1583 565 1639 est
590 1579 805 1659 regula
843 1585 1251 1660 operationis:
1290 1586 1431 1646 talis
1473 1588 1641 1648 enim
1673 1595 1765 1651 est
1798 1609 1894 1651 re-

336 1671 504 1749 gula,
533 1673 729 1751 qualis
754 1679 844 1735 est
871 1675 989 1747 lex,
1019 1681 1080 1737 et
1105 1678 1243 1739 ideo
1284 1679 1336 1738 si
1366 1680 1446 1740 sit
1474 1679 1577 1741 lex
1617 1683 1893 1745 absolute

335 1766 693 1844 praecipiens
732 1773 963 1844 actum,
1011 1770 1128 1831 erit
1160 1771 1517 1850 simpliciter
1560 1775 1800 1854 regula,
1833 1781 1896 1837 et

334 1855 411 1916 de
453 1857 563 1918 illa
605 1860 940 1938 procedent
978 1864 1191 1924 omnia
1235 1883 1372 1943 quae
1422 1865 1513 1926 ibi
1556 1868 1849 1929 dicuntur
1866 1885 1887 1945 ;

331 1964 479 2008 nam
506 1967 574 2009 re
602 1969 750 2012 vera
777 1952 1077 2031 obligabit
1103 1956 1171 2015 111
1204 1957 1578 2018 conscientia
1605 1980 1619 2018 :
1656 1959 1710 2019 si
1748 1977 1895 2020 vero

329 2037 401 2099 fit
427 2045 672 2102 tantum
695 2043 797 2104 lex
823 2064 966 2105 cum
992 2047 1359 2110 limitatione
1392 2051 1753 2130 praecipiens
1777 2051 1893 2127 sub

328 2132 436 2191 tali
464 2133 817 2198 conditione
840 2138 921 2198 ad
939 2139 1064 2200 tale
1093 2159 1248 2201 onus
1279 2147 1341 2202 et
1361 2160 1490 2204 non
1519 2145 1744 2223 majuS‚
1770 2145 1893 2205 dis-

326 2224 739 2303 tinguendum
766 2235 859 2289 est
885 2230 1049 2292 inter
1076 2233 1416 2312 simplicem
1438 2242 1669 2312 actum,
1705 2256 1890 2316 quem

328 2318 531 2396 primo
574 2321 676 2380 lex
720 2322 1011 2398 intendit,
1059 2332 1122 2385 et
1152 2326 1316 2387 inter
1346 2333 1540 2397 totam
1587 2330 1740 2408 legis
1783 2349 1892 2393 8811

329 2411 557 2489 regulae
589 2412 1049 2491 obligationem.
1078 2417 1233 2477 Nam
1267 2425 1547 2498 respectu
1577 2421 1765 2483 solius
1791 2442 1891 2484 ac-

330 2510 578 2566 tus‘non
605 2513 698 2568 est
723 2508 829 2569 illa
849 2508 950 2569 lex
973 2509 1254 2572 absoluta
1280 2512 1497 2590 regula
1526 2513 1885 2591 honestatis,

327 2616 442 2658 nec
471 2601 633 2661 solus
662 2602 932 2664 defectus
953 2622 991 2664 a
1017 2604 1128 2664 tali
1155 2605 1371 2684 regula
1397 2606 1467 2665 in
1492 2606 1603 2667 tali
1635 2614 1774 2669 actu
1796 2619 1888 2671 est

325 2691 526 2752 malus
553 2695 889 2771 moraliter,
925 2697 1032 2757 sed
1059 2702 1150 2757 est
1180 2695 1259 2758 de
1294 2716 1358 2759 se
1387 2717 1700 2775 onerosus,
1732 2721 1884 2782 qua-

325 2788 504 2843 tenus
531 2784 733 2845 reddit
759 2786 1101 2848 obnoxium
1122 2788 1233 2849 tali
1258 2791 1455 2865 oneri,
1490 2809 1599 2851 seu
1638 2812 1838 2873 poenae
1864 2812 1880 2856 :

327 2883 606 2955 respectu
624 2896 770 2939 vero
796 2880 984 2939 totius
1008 2882 1283 2941 materiae
1300 2883 1441 2943 talis
1460 2883 1637 2963 legis,
1649 2889 1883 2949 censeri

327 2975 526 3048 potest
558 2971 779 3048 regula
819 2972 1181 3048 honestatiS,
1211 2973 1357 3053 quia
1397 2976 1485 3036 ita
1529 2978 1763 3058 obligat
1804 2982 1883 3041 ad

326 3067 529 3124 totum
559 3063 959 3143 disjunctum,
990 3070 1061 3126 111
1103 3083 1232 3127 11011
1275 3069 1465 3147 possit
1506 3070 1575 3131 in
1622 3078 1884 3154 utraque

326 3161 501 3234 parte
530 3158 835 3218 committi
862 3163 1075 3218 contra
1101 3159 1289 3220 talem
1316 3161 1541 3241 legem,
1567 3166 1719 3243 quin
1754 3172 1887 3226 tur-

323 3251 487 3327 piter
526 3256 587 3310 et
626 3259 839 3311 contra
873 3250 1066 3312 bonos
1103 3271 1304 3313 mores
1342 3261 1665 3333 peccetur;
1709 3265 1881 3339 puta,

323 3341 526 3402 sinon
549 3342 748 3403 solum
770 3343 868 3404 lex
893 3345 960 3404 in
984 3345 1175 3423 priori
1201 3353 1344 3408 actu
1373 3366 1497 3408 non
1526 3349 1876 3430 impleatur,

323 3435 430 3494 sed
460 3436 650 3496 etiam
684 3437 842 3497 nolit
878 3438 1017 3517 quis
1056 3456 1272 3517 parere
1299 3459 1523 3520 poenae,
1566 3449 1629 3504 et
1656 3444 1748 3504 illi
1783 3463 1879 3507 re-

321 3527 515 3590 sistat.

404 3621 499 3681 12.
546 3624 624 3683 Ε1
658 3641 769 3701 per
794 3622 912 3685 1108
950 3626 1138 3687 8118111
1178 3632 1371 3706 patet,
1401 3628 1709 3707 quomodo
1736 3629 1877 3691 talis

3410 367 3532 431 265

1971 482 2135 538 recte
2183 475 2543 555 explicetur,
2591 491 2807 535 revera
2858 490 2985 533 non
3039 474 3132 531 est
3179 467 3526 544 consilium,

1969 574 2152 651 prout
2176 588 2214 629 a
2239 573 2546 648 praecepto
2569 566 2992 644 distinguitur,
3020 563 3123 623 sed
3149 568 3239 622 est
3263 562 3529 625 declara-

1969 662 2058 722 tio
2083 662 2389 740 quaedam,
2412 667 2475 720 et
2494 661 2799 739 judicium
2828 659 2903 718 de
2931 675 2997 718 re
3020 656 3170 717 alias
3189 656 3531 718 necessaria

1971 773 2049 816 ex
2078 760 2406 834 praecepte,
2437 753 2601 832 quod
2628 752 2953 813 consilium
2981 749 3115 809 dari
3137 753 3333 828 potest
3354 747 3434 808 ab
3456 767 3530 809 eo

1970 847 2080 927 qui
2119 846 2610 925 jurisdictionem
2654 863 2780 905 11011
2826 842 3037 916 habet,
3083 842 3334 920 quando
3383 859 3529 903 vero

1970 943 2155 1004 datur
2191 959 2230 1002 a
2257 941 2593 1020 superiore,
2629 940 2854 1000 dicitur
2881 936 3210 998 consilium
3244 954 3529 998 reveren-

1968 1035 2095 1111 tiae,
2122 1039 2195 1094 ut
2228 1034 2386 1095 bene
2416 1034 2698 1113 exposuit
2732 1030 3097 1104 Panormit.;
3129 1034 3192 1090 et
3217 1035 3368 1090 tunc
3404 1047 3532 1090 non

1970 1127 2272 1189 servando
2305 1127 2429 1187 tale
2462 1125 2814 1198 consilium,
2859 1122 3209 1202 peccabitur
3251 1122 3528 1202 quidem,

1969 1239 2099 1282 non
2126 1225 2338 1280 tamen
2370 1219 2609 1280 ratione
2653 1216 2896 1278 consilii
2940 1234 3056 1276 nec
3096 1222 3312 1277 contra
3354 1232 3532 1295 supe-

1969 1315 2200 1376 riorem
2243 1313 2352 1393 qui
2392 1312 2544 1372 illud
2590 1310 2781 1385 dedit,
2816 1309 2923 1370 sed
2951 1309 3190 1371 ratione
3229 1308 3526 1383 materias,

1968 1427 2106 1488 quae
2133 1407 2382 1469 aliunde
2421 1404 2791 1485 supponitur
2831 1402 3193 1477 necessaria,
3222 1401 3388 1462 unde
3415 1419 3528 1479 pro

1968 1500 2267 1582 qualitate
2310 1499 2474 1560 illius
2515 1498 2742 1578 poterit
2790 1496 2880 1556 ibi
2924 1495 3321 1566 intervenire,
3371 1494 3530 1554 sicut

1966 1593 2208 1655 veniale
2227 1598 2570 1671 peccatum,
2594 1591 2684 1651 ita
2705 1595 2768 1651 et
2795 1588 3089 1650 mortale:
3114 1593 3205 1648 est
3233 1605 3380 1664 ergo
3407 1586 3530 1646 tale

1966 1685 2294 1746 consilium
2327 1684 2531 1765 quoad
2561 1684 2816 1744 modum
2847 1684 2936 1759 (ut
2975 1681 3063 1741 sic
3106 1680 3354 1757 dicam),
3401 1698 3530 1739 non

1966 1777 2170 1859 quoad
2198 1796 2331 1839 rem
2367 1796 2476 1839 seu
2521 1776 2868 1838 materiam.
2919 1775 3042 1835 Nos
3073 1778 3284 1834 autem
3310 1772 3414 1832 hic
3442 1772 3531 1832 lo-

1969 1871 2222 1950 quimur
2262 1870 2339 1931 de
2377 1870 2632 1931 consilio
2665 1868 2869 1948 quoad
2910 1885 3070 1942 rem,
3101 1883 3209 1927 seu
3237 1882 3315 1926 ex
3355 1870 3529 1944 parte

1968 1966 2265 2038 materiae,
2287 1964 2363 2025 de
2387 1982 2512 2043 quo
2534 1963 2601 2023 in
2630 1963 2989 2023 universum
3015 1977 3233 2021 verum
3265 1967 3355 2019 est
3392 1958 3530 2018 nul-

1967 2056 2097 2117 lam
2133 2057 2511 2117 coactionem
2561 2056 2852 2115 inducere
2894 2071 3008 2114 nec
3054 2051 3521 2129 obligationem,

1969 2149 2232 2228 ideoque
2264 2148 2500 2208 nullam
2541 2165 2672 2208 esse
2717 2146 2963 2225 culpam
2999 2144 3153 2204 illud
3194 2161 3322 2203 non
3352 2144 3528 2221 sequi

1968 2249 2082 2303 aut
2108 2243 2352 2321 exequi,
2396 2248 2459 2302 et
2501 2242 2569 2301 in
2607 2240 2727 2301 1108
2753 2238 2982 2319 partim
3013 2236 3342 2298 convenire
3384 2253 3526 2295 cum

1965 2335 2207 2413 regula,
2233 2353 2340 2395 seu
2368 2333 2504 2413 lege
2531 2352 2659 2394 non
2683 2332 2997 2412 obligante
3022 2329 3100 2390 ad
3125 2329 3221 2389 sui
3244 2328 3528 2389 observa·

1964 2427 2202 2488 tionem
2230 2427 2344 2489 sub
2370 2433 2548 2488 reatu
2574 2427 2840 2505 alicujus
2869 2424 3066 2502 culpae
3088 2444 3102 2482 z
3127 2422 3353 2503 partim
3381 2439 3527 2482 vero

1964 2520 2235 2596 differre,
2285 2521 2433 2600 quia
2466 2520 2606 2580 talis
2639 2517 2997 2579 constitutio
3041 2516 3213 2576 addit
3252 2514 3526 2595 aliquam

1963 2614 2341 2674 coactionem
2385 2631 2606 2692 poenae,
2649 2616 2712 2672 et
2752 2609 3140 2688 obligationis
3185 2607 3527 2687 exequendi

1961 2705 2062 2767 vel
2090 2708 2395 2786 patienter
2424 2704 2766 2766 sustinendi
2790 2703 2985 2764 illam.

2046 2788 2143 2846 13.
2190 2787 2478 2866 Superest
2512 2784 3010 2864 respondendum
3047 2781 3126 2841 ad
3153 2785 3522 2858 argumenta

1960 2878 2284 2958 posteriori
2308 2879 2442 2939 loco
2473 2878 2541 2937 in
2572 2876 2950 2938 contrarium
2973 2874 3234 2953 obJecta.
3261 2873 3520 2932 Verum-

1962 2975 2174 3030 tamen
2219 2970 2558 3030 secundum
2600 2969 2874 3042 illorum,
2914 2967 3076 3045 quod
3106 2971 3238 3026 erat
3261 2965 3336 3026 de
3384 2964 3520 3043 lege

1961 3062 2214 3143 poenali,
2241 3081 2317 3124 ex
2340 3063 2516 3124 dictis
2542 3061 2813 3124 solutum
2835 3064 2949 3136 est,
2972 3065 3035 3121 et
3052 3057 3231 3138 plura
3248 3057 3521 3119 dicemus
3577 3111 3586 3124 ,

1961 3157 2031 3216 111
2061 3156 2417 3236 particulari
2443 3154 2812 3236 disputando
2834 3153 2909 3214 de
2930 3152 3038 3212 illa
3057 3152 3216 3230 lege.
3245 3152 3522 3211 Primum

1959 3256 2172 3311 autem
2217 3256 2280 3311 et
2320 3250 2570 3311 tertium
2615 3247 2924 3329 postulant
2953 3245 3288 3325 prolixiora
3307 3243 3518 3319 dubia,

1959 3362 2099 3422 quae
2119 3344 2185 3403 in
2210 3343 2609 3423 sequentibus
2636 3341 2937 3422 capitibus
2963 3338 3347 3401 commodius
3366 3342 3521 3397 trac-

1957 3438 2276 3498 tabuntur.

2492 3623 2740 3686 CAPUT
2779 3623 2986 3685 XXIII.

318 3713 420 3776 lex
443 3714 688 3777 differat
728 3734 766 3777 a
797 3716 1088 3779 consilio:
1139 3737 1288 3780 nam
1316 3720 1639 3781 consilium
1672 3740 1781 3801 per
1807 3740 1872 3784 se
1950 3751 1953 3754 ¹

318 3807 557 3869 nullam
595 3811 971 3873 coactionem
1015 3811 1204 3874 habet
1243 3830 1358 3874 1188
1403 3813 1868 3892 obligationem,

318 3901 560 3963 etiamsi
587 3920 714 3963 non
743 3910 1041 3981 servetur,
1083 3911 1155 3966 ut
1181 3911 1436 3968 constat.
1490 3907 1687 3968 Aliter
1725 3928 1875 3971 vero

1953 3828 2155 3876 u'rmm
2200 3827 2316 3873 LEX
2365 3827 2573 3873 mvms
2621 3826 2684 3872 IN
2731 3825 3187 3872 Pusuur'rlolm
3241 3821 3516 3870 FUNDATA

2339 3920 2580 3967 onmem·
2620 3919 2682 3965 m
2720 3918 3119 3965 GONSGIENTIA.

317 3994 592 4073 Angelus
624 3994 797 4056 verb.
841 3998 1254 4061 Inobedientia
1281 3994 1609 4077 distinguit
1647 3998 1876 4080 duplex
1953 4050 1956 4055 .

317 4087 679 4148 consilium:
737 4106 936 4150 unum
986 4095 1166 4150 vocat
1203 4089 1615 4169 perfectioniS,
1665 4098 1736 4151 ut
1784 4099 1876 4154 est

317 4180 644 4242 consilium
693 4182 1095 4262 paupertatis,
1142 4187 1306 4242 etc.:
1371 4182 1548 4258 Vade,
1596 4188 1653 4245 et
1699 4187 1876 4248 vende

315 4274 517 4334 omnia
552 4291 683 4353 quoe
717 4275 917 4350 habes,
962 4279 1108 4349 etc.,
1153 4279 1215 4334 81
1257 4273 1427 4335 aliud
1482 4278 1868 4354 reverentiae,

315 4367 496 4444 quale
522 4386 652 4429 esse
680 4368 853 4444 dicit,
894 4368 1141 4448 quando
1181 4367 1461 4430 subditus
1494 4370 1744 4432 deberet
1783 4372 1873 4432 fa—

315 4475 474 4534 cere,
520 4466 582 4521 et
611 4461 1018 4522 nihilominus
1057 4462 1337 4542 superior
1375 4461 1576 4524 solum
1609 4465 1874 4526 consulit

314 4552 480 4630 quod
524 4559 729 4632 posset
771 4555 1124 4634 praecipere.
1170 4554 1367 4627 Quam
1413 4555 1871 4619 distinctionem

311 4645 497 4707 babet
524 4647 713 4707 etiam
745 4646 953 4708 Glossa
990 4648 1105 4708 ult.
1137 4648 1205 4708 in
1231 4666 1368 4727 cap.
1406 4648 1513 4712 Ad
1549 4668 1752 4727 aures,
1796 4651 1871 4712 de

310 4737 501 4798 AEtat.
550 4746 613 4799 et
650 4739 866 4818 qualit.
875 4756 895 4817 3
935 4745 998 4800 et
1034 4741 1370 4802 Panormit.
1423 4742 1492 4802 in
1528 4761 1664 4823 cap.
1713 4746 1738 4804 1
1794 4743 1871 4805 (18

311 4830 594 4909 Constit.,
619 4851 685 4894 11.
716 4835 757 4893 4
772 4856 790 4909 ;
814 4841 876 4895 81
902 4833 1124 4894 citatur
1143 4834 1332 4895 etiam
1355 4833 1607 4896 Archid.
1636 4837 1703 4897 in
1731 4855 1866 4918 cap.

314 4923 779 5002 Testamentum,
815 4926 878 4985 d.
911 4928 969 4988 6.
1021 4926 1125 4986 Α11
1150 4945 1298 5006 ergo
1336 4927 1556 5006 Angel.
1589 4929 1657 4989 in
1688 4931 1874 4991 omis-

307 5016 481 5077 sione
505 5018 741 5079 consilii
763 5019 1156 5098 perfectionis
1183 5020 1421 5080 nullam
1445 5039 1574 5082 esse
1597 5021 1865 5102 culpam,

299 5109 484 5187 juxta
501 5127 638 5190 cap.
668 5110 979 5192 Quisquis,
1001 5113 1101 5187 14,
1122 5130 1182 5191 q.
1213 5114 1282 5190 13
1308 5113 1632 5174 consilium
1658 5121 1867 5177 autem

303 5205 663 5265 reverentias
689 5223 818 5265 non
850 5206 1239 5284 praetermitti
1264 5206 1397 5266 sine
1428 5206 1636 5286 aliqua
1661 5209 1862 5289 culpa,

2034 4094 2062 4150 1
2081 4135 2095 4150 .
2144 4090 2389 4164 Quando
2438 4090 2534 4150 lex
2579 4086 2879 4164 fundatur
2922 4086 2990 4147 in
3029 4082 3509 4164 proesumpcione,

1950 4201 2069 4245 non
2096 4183 2360 4262 obligare
2394 4181 2459 4242 in
2501 4179 2880 4253 conscientia,
2918 4178 3169 4238 veritate
3214 4192 3332 4235 non
3368 4191 3507 4235 oon-

1952 4277 2228 4339 cordante
2243 4271 2728 4354 proesumptioni,
2749 4271 3012 4333 sentiunt
3047 4267 3508 4347 plures—Hanc

1949 4367 2401 4428 dubitationem
2424 4363 2772 4445 postulabat
2792 4364 3065 4444 primum
3083 4378 3160 4421 ex
3179 4375 3510 4438 argumen-

1950 4462 2028 4521 tis
2076 4460 2345 4521 secundo
2385 4458 2520 4520 loco
2552 4457 2878 4538 propositis
2902 4455 2971 4515 in
2997 4451 3367 4534 111-818811811ῒί
3407 4468 3507 4510 ca-

1948 4555 2075 4635 pite
2089 4570 2108 4632 3
2122 4559 2185 4614 et
2203 4554 2270 4613 in
2287 4571 2362 4614 ea
2381 4553 2737 4633 frequenter
2751 4551 3030 4612 doctores
3044 4547 3289 4619 docent,
3312 4561 3507 4623 quan-

1949 4647 2029 4708 do
2055 4647 2152 4707 lex
2177 4646 2475 4709 fundatur
2494 4647 2561 4707 in
2588 4643 3065 4726 praesumptione
3087 4657 3215 4700 non
3234 4637 3506 4716 obligare

1946 4740 2014 4800 in
2046 4741 2434 4814 conscientia,
2470 4740 2523 4800 si
2549 4740 2775 4800 veritas
2820 4754 2948 4798 non
2988 4733 3309 4796 concordet
3349 4746 3505 4809 prae-

1945 4833 2305 4913 sumptioni,
2336 4834 2483 4913 quia
2508 4832 2882 4894 conscientia
2908 4828 3130 4890 nititur
3148 4824 3416 4899 veritati,
3443 4827 3506 4882 et

1946 4929 2094 5009 quia
2114 4946 2242 4990 non
2260 4934 2352 4990 est
2376 4924 3021 5005 intentio'legislatoris
3036 4928 3186 4982 tunc
3204 4919 3498 4996 obligare.

1944 5023 2037 5082 Ita
2067 5021 2327 5101 Sylvest.
2358 5021 2532 5092 verb.
2573 5021 2718 5084 Leoe.
2750 5037 2810 5097 q.
2853 5019 2916 5093 9,
2947 5034 3094 5077 88811
3119 5016 3199 5089 23
3239 5011 3496 5074 Adrian.

1944 5114 2219 5194 quodlib.
2250 5116 2290 5175 6
2312 5131 2333 5191 3
2376 5115 2540 5190 Soto‚
2569 5113 2732 5174 dicto
2758 5109 2868 5171 lib.
2903 5114 2963 5185 1,
2998 5125 3059 5186 q.
3098 5109 3160 5182 6,
3191 5111 3308 5166 art.
3338 5106 3401 5179 4,
3432 5102 3500 5163 in

1943 5207 2091 5284 fine,
2140 5213 2204 5268 et
2233 5207 2302 5266 in
2345 5208 2409 5281 4,
2447 5206 2587 5265 dist.
2620 5206 2723 5279 22,
2756 5222 2819 5281 q.
2853 5204 2913 5275 1,
2946 5206 3063 5261 art.
3102 5201 3173 5276 33
3204 5195 3494 5258 Richard.

305 5296 524 5356 saltem
544 5297 798 5358 veniali.
822 5300 963 5359 Haec
979 5305 1192 5360 tamen
1214 5298 1525 5359 distInctio
1552 5300 1732 5361 nobis
1758 5320 1866 5363 118-
1940 5300 2010 5359 111
2036 5301 2099 5374 4,
2131 5299 2192 5360 d.
2218 5299 2322 5374 28,
2351 5302 2468 5357 art.
2495 5300 2554 5373 1,
2586 5315 2649 5376 q.
2679 5297 2716 5356 3
2745 5300 2807 5355 et
2831 5296 2895 5370 43
2926 5292 3134 5353 Castro
3163 5292 3327 5353 dicto
3355 5310 3407 5353 8.
3434 5293 3493 5352 5.

304 5388 569 5449 cessaria
608 5407 736 5450 non
773 5396 884 5464 est,
912 5391 1057 5470 quia
1078 5410 1207 5452 non
1231 5391 1305 5452 de
1337 5410 1509 5467 voce,
1540 5393 1645 5452 sed
1679 5393 1753 5453 de
1796 5413 1865 5455 re
1939 5392 2219 5474 Indicant
2259 5392 2482 5452 Navar.
2529 5389 2598 5450 in
2638 5406 2795 5450 sum.
2841 5405 2976 5466 cap.
3024 5387 3124 5462 17,
3160 5404 3224 5447 n.
3261 5385 3401 5458 184,
3433 5388 3495 5443 81

301 5485 638 5542 tractamus
646 5497 669 5562 3
720 5483 1047 5546 consilium
1095 5490 1307 5546 autem
1363 5484 1748 5562 reverentias,
1807 5486 1861 5547 si
1937 5487 2155 5548 Covar.
2185 5483 2254 5546 in
2281 5502 2334 5546 c.
2369 5481 2520 5548 Cum
2542 5500 2717 5560 esses,
2747 5480 3097 5547 de'restam.
3106 5524 3127 5556 ,
3152 5497 3219 5539 n.
3242 5480 3304 5556 9,
3334 5482 3398 5538 et
3425 5476 3492 5541 in
