3976 6219
555 440 677 501 422

555 542 927 619 committat,
969 557 1097 602 non
1128 536 1202 599 fit
1234 555 1378 600 reus
1404 553 1626 616 poenae,
1661 540 1734 594 ut
1759 533 1926 595 infra
1952 535 2116 595 dice-

555 654 732 715 mus3
781 635 847 696 id
891 639 1100 695 autem
1141 651 1270 694 non
1314 630 1560 691 videtur
1601 646 1761 703 esse,
1806 627 1927 687 nisi
1967 628 2118 705 quia

551 729 908 811 ignorantia
936 730 1188 789 excusat
1216 724 1463 803 culpam
1488 739 1509 800 3
1553 740 1703 800 ergo
1730 721 1978 799 signum
2025 724 2117 780 est

551 825 742 887 talem
761 839 1009 902 poenam
1028 835 1371 898 supponere
1390 815 1830 894 obligationem
1850 812 1964 873 sub
1987 813 2117 873 cul-

551 937 654 999 pa.
691 913 1049 994 Respondeo
1091 918 1302 972 tamen
1340 909 1527 970 etiam
1554 907 1672 968 hoc
1704 907 1955 986 signum
1988 923 2116 966 non

553 1028 683 1073 esse
711 1008 1021 1070 sufficiens
1035 1021 1055 1081 3
1077 1021 1227 1065 nam
1251 1005 1303 1063 si
1330 1001 1684 1081 ignorantia
1711 1004 1962 1061 excusat
1986 1017 2118 1079 poe-

551 1121 700 1165 nam
731 1102 824 1178 (ut
866 1098 1255 1178 supponitur,
1300 1100 1363 1155 et
1401 1093 1568 1154 infra
1606 1091 2115 1167 examinabitur),

551 1214 680 1256 non
704 1199 795 1256 est
826 1191 1024 1252 solum
1051 1189 1201 1268 quia
1222 1191 1471 1249 excusat
1496 1185 1763 1265 culpam,
1795 1184 1902 1245 sed
1925 1183 2117 1245 etiam

553 1288 701 1367 quia
730 1285 936 1346 reddit
966 1288 1173 1344 actum
1210 1280 1717 1354 involuntarium,
1747 1277 1856 1357 qui
1886 1295 2001 1338 nec
2028 1283 2119 1337 est

553 1381 755 1459 culpa,
801 1395 916 1439 nec
963 1377 1127 1455 justa
1177 1391 1361 1434 causa
1403 1387 1635 1451 poenae3
1687 1370 1958 1432 maxime
2007 1370 2119 1431 ubi

552 1489 739 1553 poena
786 1488 914 1530 non
977 1467 1228 1547 ponitur
1276 1464 1395 1525 nisi
1446 1464 1525 1524 ad
1580 1462 1997 1523 inducendam
2058 1467 2121 1522 et

554 1565 729 1645 quasi
766 1562 1107 1642 cogendam
1143 1559 1528 1620 voluntatem
1569 1557 1646 1618 ad
1675 1557 1935 1636 aliquid,
1978 1574 2118 1635 quae

553 1658 785 1719 coactio
816 1675 943 1716 non
984 1653 1172 1715 habet
1203 1651 1410 1712 locum
1439 1650 1548 1711 ubi
1571 1650 1923 1711 voluntaria
1958 1649 2117 1710 ratio

551 1750 920 1829 ignorantiae
949 1747 1285 1808 invenitur.

633 1844 694 1904 8.
740 1843 863 1904 Lex
893 1841 1192 1903 continens
1220 1841 1582 1917 proeceptum
1616 1835 1841 1914 obliqat
1877 1835 1947 1897 in
1977 1852 2119 1897 oon-

552 1936 830 2000 soientia.
861 1965 944 1978 —
969 1933 1164 1994 Unica
1208 1947 1357 2009 ergo
1401 1928 1561 1990 ratio
1608 1926 1957 1989 assertionis
2000 1932 2116 2003 est,

554 2027 704 2108 quia
725 2027 828 2087 lex
860 2026 1182 2087 continens
1210 2027 1584 2103 praeceptum
1611 2021 1846 2099 obligat
1873 2020 1941 2081 in
1973 2038 2119 2081 con-

553 2120 833 2196 scientia,
874 2125 945 2179 ut
980 2136 1165 2197 supra
1203 2121 1516 2177 ostensum
1541 2118 1632 2176 est
1654 2136 1672 2188 3
1719 2112 1825 2174 sed
1851 2112 1994 2173 talis
2019 2113 2120 2173 lex

553 2213 828 2274 continet
854 2216 1262 2291 praeceptum3
1280 2226 1429 2286 ergo
1457 2206 1689 2285 obligat
1716 2205 1782 2266 in
1807 2206 2120 2266 conscien-

551 2308 658 2368 tia.
689 2303 1140 2383 Consequentia
1161 2306 1354 2382 patet,
1381 2300 1529 2381 quia
1558 2300 1759 2379 major
1781 2299 2119 2379 propositio

552 2397 917 2459 universalis
938 2401 1053 2472 est,
1084 2401 1148 2456 et
1176 2395 1324 2474 quia
1349 2393 1448 2472 adJ‘
1456 2392 1613 2468 ectio
1636 2409 1834 2472 poenae
1863 2407 1992 2451 non
2013 2390 2120 2450 ob-

550 2497 672 2552 stat
707 2489 1070 2570 obligationi
1103 2489 1173 2549 in
1203 2487 1600 2572 conscientia,
1640 2491 1713 2546 ut
1745 2484 1890 2545 satis
1915 2490 2120 2546 osten-

552 2602 692 2644 sum
723 2587 836 2644 est.
864 2581 1216 2660 Eadeer
1243 2581 1484 2641 ratione
1512 2578 1761 2658 probari
1782 2583 1982 2657 potest
2002 2577 2118 2637 mi-

553 2694 692 2750 nor,
734 2674 881 2754 quia
919 2673 1023 2735 lex
1062 2673 1172 2733 illa
1210 2673 1483 2733 continet
1523 2676 1897 2750 praeceptum
1935 2687 2013 2730 ex
2053 2670 2118 2730 vi

551 2767 909 2841 verborum,
953 2765 1335 2826 considerata
1380 2763 1673 2842 qualitate
1715 2761 2009 2835 materiae,
2055 2769 2119 2824 et

554 2859 692 2919 aliis
718 2857 1072 2918 necessariis
1098 2856 1166 2916 in
1202 2853 1617 2935 superioribus
1645 2852 1998 2915 declaratis:
2031 2854 2120 2915 ita

555 2955 629 3011 ut
672 2949 725 3009 si
764 2967 893 3010 non
921 2948 1250 3009 adderetur
1289 2965 1497 3027 poena,
1528 2946 1638 3006 illa
1675 2946 1877 3007 forma
1908 2946 2121 3025 praeci-

553 3042 790 3126 piendi,
806 3042 916 3102 tali
929 3042 1114 3103 modo
1127 3041 1366 3121 prolata
1379 3046 1441 3101 et
1453 3041 1522 3100 111
1537 3039 1647 3099 1811
1661 3039 1945 3117 materia,
1963 3044 2121 3101 esset

556 3137 863 3199 sufficiens
890 3135 968 3197 ad
992 3134 1416 3196 inducendum
1442 3146 1841 3214 praeceptum,
1869 3139 1932 3195 et
1957 3134 2120 3196 indi-

557 3230 822 3292 candam
860 3228 1049 3290 talem
1077 3228 1489 3290 intentionem
1522 3227 1959 3308 praecipientis,
1987 3228 2122 3288 haec

556 3324 725 3385 enim
780 3322 1088 3401 imprimis
1142 3322 1485 3384 necessaria
1533 3329 1627 3382 est
1650 3336 1671 3398 3
1704 3320 1810 3382 sed
1857 3320 2122 3401 adjectio

557 3435 757 3497 poenae
793 3434 920 3477 non
962 3420 1218 3477 evacuat
1253 3414 1418 3475 hanc
1451 3413 1581 3474 vim
1610 3413 1767 3491 legis
1803 3419 1865 3474 61
1906 3414 2124 3475 verbo-

557 3528 701 3571 rum
742 3510 898 3589 6385,
950 3527 1067 3570 1166
1111 3510 1302 3569 etiam
1338 3513 1429 3569 est
1469 3506 1720 3585 signum
1756 3507 2124 3569 intentionis

556 3619 687 3664 non
714 3600 1032 3680 obligandi
1076 3606 1187 3661 aut
1218 3597 1616 3680 praecipiendi
1643 3599 1710 3658 in
1746 3598 2119 3677 legislatore,

558 3695 705 3773 quia
733 3711 863 3755 non
894 3693 1095 3755 solent
1119 3691 1384 3771 adjicere
1420 3691 1966 3753 comminationem
1994 3709 2123 3771 poe-

558 3805 656 3846 11ae
702 3792 774 3846 ut
820 3803 1005 3847 suum
1057 3791 1430 3866 praeceptum
1480 3785 1832 3860 destruant,
1897 3785 2005 3846 sed
2053 3791 2124 3846 ut

557 3878 849 3939 muniant
878 3884 940 3939 et
975 3878 1244 3959 quodam
1272 3878 1455 3939 modo
1495 3882 1769 3956 augeant
1796 3876 2123 3957 obligatio-

558 3989 727 4046 nem,
753 3970 969 4032 saltem
990 3972 1327 4053 extensive,
1341 3976 1413 4031 ut
1429 3970 1723 4032 solvendo
1749 3978 2123 4050 argumenta

557 4065 815 4127 Navarri
840 4064 1019 4127 facile
1046 4066 1371 4128 constabit.

638 4162 700 4220 9.
743 4161 821 4221 Ε1
845 4158 993 4219 111116
1026 4159 1379 4221 confirmari
1405 4164 1605 4240 potest
1639 4159 1890 4221 assertio
1914 4178 2123 4222 exem-

556 4256 659 4336 plo
699 4254 986 4333 praecepti
1025 4253 1323 4315 recitandi
1358 4253 1541 4315 horas
1572 4254 1900 4315 canonicas
1908 4269 1930 4330 3
1970 4271 2122 4315 nam

554 4348 743 4409 habet
769 4347 1125 4425 adjunctam
1153 4364 1404 4426 poenam
1424 4347 1829 4408 restitutionis
1855 4346 1922 4406 in
1936 4346 2122 4409 bene-

554 4440 828 4515 ficiariiS,
853 4444 914 4500 et
941 4439 1346 4500 nihilominus
1377 4438 1611 4518 obligat
1639 4439 1706 4499 in
1725 4439 2118 4501 conscientia.

557 4532 950 4611 Respondent
988 4537 1199 4593 autem
1243 4531 1439 4612 aliqui
1480 4531 1920 4611 obligationem
1968 4533 2124 4594 reci-

555 4624 732 4686 tandi
765 4625 832 4686 in
875 4624 1270 4694 conscientia,
1329 4641 1458 4685 esse
1506 4624 1777 4703 priorem
1823 4624 1931 4685 1118
1981 4625 2121 4704 1636

555 4717 808 4798 poenali,
840 4736 917 4779 ex
935 4717 1126 4797 priori
1148 4723 1449 4797 praecepto
1473 4718 1717 4793 morali,
1739 4736 1848 4779 seu
1868 4737 2121 4782 consue-

553 4811 792 4886 tudine,
838 4829 975 4889 quae
1015 4828 1145 4871 non
1183 4810 1302 4870 fuit
1344 4810 1551 4871 ablata
1578 4830 1688 4891 per
1715 4812 2121 4891 posteriorem

552 4904 757 4982 legem
765 4902 1097 4982 poenalem,
1116 4904 1299 4983 juxta
1317 4903 1660 4965 doctrinam
1680 4922 1865 4984 supra
1884 4904 2114 4967 datam.

554 4997 671 5058 Sed
701 5001 917 5057 contra
962 4996 1080 5056 hoc
1106 4996 1372 5057 instatur
1418 4997 1661 5058 ratione
1701 5015 1888 5076 supra
1929 4998 2115 5074 facta,

551 5089 699 5169 quia
742 5089 795 5150 si
829 5088 1084 5151 diversis
1110 5089 1355 5170 legibus
1381 5089 1696 5151 inducitur
1733 5091 1865 5151 haec
1889 5091 2121 5171 duplex

551 5181 846 5261 obligatio
875 5185 1036 5247 circa
1061 5185 1252 5262 idem,
1294 5202 1405 5245 cur
1438 5202 1565 5245 non
1613 5184 1801 5247 etiam
1843 5184 2061 5247 eadem
2092 5188 2118 5246 ⁴?

511 5276 727 5364 ,Quia,
758 5279 918 5338 sicut
939 5279 1041 5340 lex
1068 5279 1367 5358 posterior
1389 5278 1622 5340 addens
1648 5296 1898 5359 poenam
1923 5279 2116 5358 priori

548 5369 851 5448 obliganti
889 5372 958 5431 in
1005 5372 1399 5448 conscientia,
1440 5390 1569 5432 non
1613 5378 1863 5433 revocat
1915 5372 2112 5446 illam,

546 5481 662 5524 nec
696 5463 962 5523 ostendit
987 5464 1175 5526 talem
1206 5484 1333 5526 esse
1360 5464 1769 5527 intentionem
1790 5467 2115 5546 imponen-

545 5557 627 5617 tis
663 5573 915 5636 poenam
941 5571 965 5636 3
994 5555 1083 5618 ita
1108 5557 1370 5638 adiectio
1392 5558 1889 5621 comminationis
1915 5577 2116 5640 poenae

1456 434 1573 486 LIB.
1608 432 1668 485 V.
1705 431 1785 483 DE
1817 429 2175 484 VAMETATB
2205 431 2415 485 Lmtm
2444 428 2853 484 nummum.

2196 534 2405 596 addita
2433 538 2760 614 praeceptO,
2813 548 2941 592 non
2988 534 3237 592 revocat
3278 531 3411 592 vim
3459 531 3634 610 ejus,
3665 548 3778 592 nee

2196 628 2430 688 indicat
2456 627 2645 688 talem
2691 644 2818 687 esse
2863 625 3275 687 intentionem
3301 625 3731 705 praecipientis
3754 642 3775 703 3

2195 722 2323 782 imo
2349 720 2554 800 potius
2570 719 2723 780 solet
2744 717 3018 779 indicare
3046 718 3432 780 severitatem
3447 720 3775 798 praecepti,

2197 819 2260 876 et
2298 813 2422 893 maj
2429 831 2599 874 orem
2630 812 3013 873 voluntatem
3045 811 3385 889 obligandi.
3416 811 3691 873 Accedit
3715 814 3776 873 in

2196 907 2359 968 dicto
2409 905 2690 984 exemplo
2709 950 2730 980 ,
2776 904 2941 983 quod
2995 904 3097 964 lex
3143 903 3449 965 recitandi
3498 905 3776 966 officium

2196 999 2469 1077 Virginis
2518 997 2878 1076 impositum
2932 995 3167 1058 clericis
3209 996 3636 1076 pensionariis
3669 997 3776 1058 sub

2197 1093 2410 1155 eadem
2440 1109 2625 1171 poena
2650 1090 2886 1169 obligat
2914 1090 2983 1150 in
3026 1090 3425 1166 conscientia,
3469 1097 3535 1151 et
3561 1096 3777 1153 tamen

2197 1203 2325 1247 non
2353 1191 2445 1247 est
2470 1185 2785 1264 antiquior
2814 1182 2924 1244 illa
2960 1182 3280 1261 obligatiO,
3323 1183 3432 1245 sed
3465 1184 3775 1263 peridem

2196 1284 2571 1361 praeceptum
2603 1277 2877 1338 inducta.

2280 1375 2378 1434 10.
2424 1372 2550 1434 Lem
2571 1376 2791 1433 taxans
2805 1369 3010 1450 pretia
3034 1368 3260 1448 obliaat
3285 1370 3353 1431 in
3385 1370 3775 1432 conscientia.

2198 1464 2577 1543 -Denique,
2599 1463 2768 1541 leges
2789 1464 2973 1542 justoe
2997 1466 3281 1522 taxantes
3305 1462 3513 1540 pretia
3538 1479 3776 1536 rerum,

2196 1556 2342 1618 licet
2372 1556 2655 1618 ferantur
2700 1555 2815 1615 sub
2844 1555 3353 1631 comminatione,
3391 1555 3688 1633 obligant
3717 1555 3777 1615 in

2198 1649 2593 1719 conscientia,
2625 1655 2698 1709 ut
2724 1654 2815 1710 est
2842 1648 2909 1708 in
2935 1647 3346 1727 Hispanialex
3381 1654 3620 1708 taxans
3641 1666 3781 1726 pre-

2196 1741 2358 1803 tium
2376 1741 2599 1820 tritici3
2632 1758 2780 1819 ergo
2806 1741 2974 1802 idem
3003 1740 3120 1801 erit
3142 1741 3210 1800 in
3233 1759 3643 1820 quacumque
3666 1741 3779 1802 alia

2197 1834 2336 1913 lege
2362 1834 2612 1914 poenali.
2650 1834 3046 1914 Respondent
3069 1834 3262 1912 aliqui
3288 1852 3418 1895 non
3450 1853 3592 1896 esse
3618 1852 3778 1896 eam-

2200 1928 2343 1988 dem
2374 1927 2704 2003 rationem,
2723 1927 2893 2007 quia,
2920 1945 3032 2007 per
3051 1926 3255 2005 legem
3281 1933 3619 1988 taxantem
3651 1946 3779 2008 pre-

2199 2020 2383 2095 tium,
2415 2019 2488 2080 fit
2515 2024 2587 2080 ut
2611 2037 2845 2081 merces
2865 2037 2993 2080 non
3016 2019 3154 2099 plus
3180 2020 3455 2095 valeant,
3484 2027 3551 2081 et
3564 2021 3711 2082 ideo
3732 2023 3778 2082 si

2200 2113 2401 2173 carius
2426 2113 2799 2184 vendantur,
2836 2112 2908 2173 fit
2935 2118 3151 2173 contra
3172 2113 3516 2192 justitiam,
3544 2121 3613 2175 et
3638 2115 3779 2176 inde

2200 2205 2398 2266 oritur
2425 2207 2584 2267 ratio
2613 2206 2829 2285 culpae.
2864 2206 2983 2267 Sed
3006 2207 3410 2286 contra,quia
3429 2208 3541 2268 lex
3558 2215 3779 2268 taxans

2197 2298 2468 2403 pretium
2506 2299 2621 2374 rei,
2670 2298 2813 2358 ideo
2858 2298 3008 2359 facit
3059 2304 3131 2358 ut
3175 2317 3304 2359 non
3351 2299 3495 2378 plus
3548 2301 3776 2376 valeat,

2199 2391 2344 2470 quia
2372 2389 2589 2452 definit
2615 2390 2890 2451 medium
2912 2391 3193 2468 justitiae3
3210 2391 3316 2452 sed
3343 2392 3572 2454 eodem
3595 2394 3781 2453 modo

2198 2501 2309 2564 per
2340 2484 2492 2543 alias
2539 2482 2705 2561 leges
2750 2483 3141 2543 constituitur
3179 2484 3457 2545 medium
3499 2487 3779 2561 111-111115,

2196 2576 2344 2637 vel'
2327 2595 2393 2636 111
2415 2577 2678 2656 justitia,
2726 2577 2827 2637 vel
2863 2577 2931 2636 in
2975 2576 3298 2655 religione,
3340 2579 3435 2639 vel
3483 2579 3558 2640 in
3619 2580 3783 2655 aliis,

2197 2669 2346 2747 quia
2373 2668 2506 2729 haec
2534 2674 2626 2730 est
2658 2668 2927 2730 efficacia
2951 2669 3108 2747 legis
3131 2669 3428 2745 humanae,
3466 2677 3544 2731 ut
3566 2674 3652 2733 in
3687 2693 3789 2733 su-

2197 2760 2540 2841 perioribus
2585 2767 2901 2823 ostensum
2948 2767 3061 2837 est,
3116 2761 3277 2822 unde
3317 2771 3789 2843 consequenter

2198 2855 2577 2916 contrarium
2609 2861 2816 2916 actum
2841 2854 3161 2915 constituit
3183 2857 3249 2915 in
3272 2856 3468 2934 specie
3493 2857 3649 2917 vitii
3680 2876 3784 2938 op-

2197 2948 2417 3028 positi3
2457 2967 2607 3028 ergo
2652 2948 2882 3028 obligat-
2925 2948 3116 3009 etiam
3157 2949 3225 3009 in
3266 2951 3655 3011 conscientia
3703 2953 3778 3013 ad

2200 3041 2570 3102 servandum
2616 3041 2739 3102 tale
2785 3040 3089 3118 medium,
3140 3040 3240 3102 vel
3289 3043 3627 3104 vitandum
3662 3046 3779 3106 1816

2199 3134 2445 3196 vitium.
2478 3137 2600 3197 Nec
2627 3137 2875 3198 videtur
2917 3153 3093 3215 posse
3136 3136 3445 3215 assignari
3469 3138 3779 3200 sufficiens

2200 3228 2359 3290 ratio
2391 3228 2471 3289 ob
2511 3248 2699 3309 quam
2749 3230 2847 3291 lex
2896 3229 3023 3290 lata
3067 3229 3134 3289 in
3182 3230 3448 3290 materia
3491 3231 3776 3308 justitiae,

2202 3328 2522 3382 censeatur
2533 3323 2927 3402 praescribere
2952 3321 3228 3383 medium
3259 3324 3513 3384 virtutis
3538 3325 3778 3386 etiamsi

2200 3431 2451 3492 poenam
2479 3415 2798 3495 adjungat,
2842 3420 2905 3476 et
2935 3434 3064 3476 non
3091 3416 3258 3476 idem
3286 3417 3677 3478 censendum
3702 3420 3779 3478 sit

2201 3507 2280 3568 de
2330 3506 2570 3586 legibus
2616 3507 3111 3587 praecipientibus
3148 3507 3264 3569 sub
3295 3526 3485 3588 poena
3531 3511 3606 3571 in
3648 3510 3779 3571 aliis

2202 3601 2501 3662 materiis.

2284 3698 2353 3756 11
2369 3739 2383 3755 .
2418 3695 2844 3775 Bmiyniorom
2864 3694 3415 3775 interpretationem
3444 3697 3674 3760 habere
3699 3698 3775 3759 lo-

2203 3804 2336 3850 owm
2370 3789 2474 3850 ubi
2520 3806 2617 3851 res
2657 3794 2743 3851 est
2775 3788 3092 3851 moraliter
3127 3789 3335 3850 dubia.
3358 3823 3440 3833 —
3466 3791 3688 3870 Neque
3713 3792 3773 3852 in

2201 3880 2584 3942 contrarium
2627 3887 2858 3959 urgent
2900 3880 3170 3942 rationes
3208 3882 3492 3943 Navarri.
3528 3884 3628 3944 Ad
3655 3886 3774 3964 pri-

2202 3991 2371 4034 mam
2392 3974 2560 4036 enim
2576 3974 2938 4054 respondeo,
2960 3974 3389 4053 benigniorem
3406 3976 3775 4057 interpreta-

2201 4067 2437 4129 tionem
2482 4066 2710 4129 habere
2755 4066 2961 4127 locum
3015 4067 3124 4127 ubi
3170 4086 3267 4128 rae
3315 4074 3407 4129 est
3455 4071 3775 4131 moraliter

2201 4159 2409 4236 dubia,
2441 4165 2503 4221 et
2522 4161 2711 4223 talem
2731 4179 2861 4222 esse
2887 4160 3135 4236 debere,
3161 4165 3231 4220 ut
3258 4161 3452 4222 verba
3470 4163 3629 4240 leffl‘s
3644 4183 3773 4224 non

2201 4259 2578 4335 corrumpat.
2608 4254 2688 4315 At
2713 4254 2815 4315 hic
2833 4273 3048 4315 sensus
3071 4254 3227 4332 16315
3245 4272 3376 4315 11011
3398 4262 3497 4317 651
3520 4257 3771 4330 dubiuS,

2201 4346 2707 4426 quandoquidem
2748 4352 3180 4427 supponuntur
3206 4347 3395 4408 verba
3423 4366 3505 4408 ex
3522 4367 3589 4410 se
3613 4350 3775 4409 suffi-

2204 4441 2438 4501 cienter
2456 4440 2872 4520 significantia
2889 4446 3281 4520 praecepmm,
3304 4446 3368 4502 et
3385 4441 3524 4503 sine
3551 4443 3777 4503 funda-

2202 4539 2414 4594 mento
2452 4534 2789 4595 recurritur
2817 4534 2897 4594 ad
2925 4534 3334 4596 intentionem
3367 4552 3778 4616 corrumpen-

2203 4627 2282 4687 do
2320 4645 2431 4688 seu
2469 4628 2821 4689 enervando
2848 4628 3040 4689 verba
3060 4627 3237 4707 legis.
3277 4628 3373 4689 Ad
3399 4631 3778 4704 secundam,

2200 4719 2427 4780 dicitur
2471 4721 2698 4799 prim0,
2728 4721 2975 4781 axioma
3000 4719 3177 4796 illud,
3214 4727 3277 4782 et
3317 4738 3371 4781 c.
3410 4722 3676 4797 Nonne,
3702 4721 3781 4782 ibi

2200 4812 2559 4892 allegatum,
2602 4813 2831 4874 habere
2855 4813 3084 4888 locum,
3114 4814 3363 4893 quando
3389 4813 3493 4874 vel
3514 4814 3682 4891 duo,
3712 4815 3782 4874 de

2199 4907 2422 4986 quibus
2450 4913 2541 4968 est
2566 4924 2791 4979 serm0,
2819 4912 2965 4967 sunt
2984 4906 3421 4986 repugnantia,
3445 4907 3549 4967 vel
3582 4926 3784 4987 quan-

2198 5001 2278 5061 do
2312 5005 2457 5061 sunt
2503 5000 2582 5060 ad
2627 5000 2983 5078 eligendum
3010 5000 3373 5079 proposita.
3414 5005 3581 5060 tune
3615 5003 3787 5062 enim

2198 5093 2533 5172 assumptio
2555 5091 2743 5153 unius
2764 5093 3157 5172 praesumitur
3178 5110 3307 5154 esse
3322 5092 3615 5153 exclusio
3634 5094 3787 5154 alte-

2197 5186 2374 5247 rius:
2410 5187 2462 5244 51
2500 5190 2708 5246 81116111
2749 5204 2878 5247 11011
2919 5185 3044 5246 51111
3080 5185 3467 5272 1111311581οᾶ1,
3514 5204 3669 5248 11011
3701 5192 3788 5248 &t

2198 5278 2305 5339 illa
2341 5278 2645 5339 sufficiens
2679 5279 3049 5357 conjectura,
3090 5278 3209 5339 nisi
3245 5278 3384 5340 aliae
3414 5279 3788 5360 adjungan-

2196 5377 2318 5432 tur.
2346 5372 2425 5453 At
2453 5372 2556 5433 hic
2573 5372 2869 5451 obligatio
2897 5373 2973 5434 ad
3008 5372 3254 5452 culpam
3273 5378 3337 5434 et
3358 5390 3633 5453 poenam
3659 5392 3786 5435 non

2196 5472 2551 5546 repugnant
2595 5467 2757 5527 inter
2795 5482 2895 5544 se3
2926 5467 3053 5527 imo
3083 5485 3161 5527 ex
3195 5484 3258 5526 se
3284 5465 3523 5527 habent
3554 5487 3791 5548 quam-

2196 5561 2341 5623 dam
2368 5559 2842 5637 connexionem,
2872 5565 2935 5622 et
2958 5559 3097 5622 ideo
3116 5558 3247 5622 sola
3275 5558 3549 5640 adjectio
3573 5579 3797 5643 poeuoe
