3976 6219
874 354 1009 408 CAP.
1046 354 1085 405 1.
1121 350 1335 406 UTRUH
1365 349 1462 402 SIT
1496 348 1829 400 HOMINIBUS
1859 346 2174 399 POTESTAS
2207 348 2290 398 An
2323 346 2518 400 LEGES
2551 347 2886 399 FERENDAS.

3374 346 3489 405 177

276 457 447 517 tione
489 461 552 516 et
580 455 867 517 societate
911 459 1244 534 parentum
1270 498 1290 528 ‚
1348 451 1494 531 quia
1540 449 1690 510 alias
1735 466 1848 509 nec
1926 449 2132 523 tertia,
2168 466 2305 526 quae
2324 454 2415 507 est
2441 465 2759 508 servorum
2786 448 2862 508 ad
2888 447 3233 524 dominum,
3258 458 3494 512 constat

278 550 488 610 vivere
522 566 639 609 nec
666 549 1104 610 convenienter
1131 546 1403 619 educari,
1434 562 1548 605 nec
1564 548 1729 603 recte
1753 542 1847 601 in-

280 642 437 703 strui
482 648 752 721 possent.
805 642 912 702 His
952 645 1160 701 autem
1192 638 1400 700 statim
1431 637 1663 698 accedit
1704 653 1849 696 con-

274 735 517 815 junctio
566 735 776 815 aliqua
828 730 1141 797 servitutis
1164 779 1184 807 ,
1248 750 1356 793 seu
1404 729 1737 791 famulatus
1789 733 1851 788 et

283 828 570 903 dominii,
599 828 747 908 quia
767 826 1087 888 moraliter
1104 822 1413 904 loquendo
1438 821 1721 900 indigent
1742 820 1853 880 ho-

284 920 485 980 mines
516 919 819 999 adjutorio
865 925 927 980 et
966 916 1312 979 ministerio
1353 913 1621 975 aliorum
1652 912 1852 972 homi-

283 1030 461 1072 num.
517 1014 608 1073 Ex
652 1012 748 1072 his
804 1024 1016 1072 autem
1066 1007 1265 1070 tribus
1311 1004 1852 1085 conjunctionibus

285 1104 597 1182 consurgit
638 1105 839 1184 prima
880 1102 1292 1165 communitas
1328 1098 1680 1172 hominum,
1716 1115 1854 1176 quae

284 1197 641 1276 imperfecta
669 1198 896 1258 dicitur
917 1201 1200 1276 respectu
1229 1192 1489 1273 politioe:
1524 1196 1617 1252 est
1646 1195 1855 1251 autem

284 1289 354 1350 in
394 1308 459 1351 se
495 1289 731 1350 familia
767 1289 1040 1369 perfecta
1079 1289 1147 1348 in
1188 1286 1405 1346 ordine
1447 1283 1528 1343 ad
1567 1282 1855 1343 domesti-

286 1400 423 1442 cam
470 1401 581 1443 seu
629 1383 1067 1444 oeconomicam
1114 1377 1654 1457 gubernationem.
1714 1376 1857 1436 Haec

286 1480 496 1535 autem
525 1476 960 1550 communitas,
989 1479 1269 1552 utsupra
1291 1471 1480 1530 etiam
1505 1468 1700 1546 tetigi,
1728 1485 1855 1527 non

289 1572 381 1628 est
409 1567 527 1628 sibi
560 1567 892 1643 sufficiens,
928 1574 991 1628 et
1013 1567 1151 1628 ideo
1179 1582 1252 1626 ex
1290 1568 1514 1623 natura
1534 1561 1625 1621 rei
1654 1578 1856 1621 neces-

289 1659 453 1719 saria
481 1658 739 1720 ulterius
778 1665 870 1720 est
902 1660 968 1719 in
998 1675 1221 1738 genere
1262 1657 1542 1715 humano
1579 1671 1855 1714 commu-

292 1751 458 1810 nitas
475 1749 749 1830 politica,
769 1770 906 1830 quse
925 1751 1235 1810 civitatem
1259 1748 1476 1808 saltem
1501 1745 1853 1819 constituat,

296 1847 359 1903 et
404 1861 481 1903 ex
517 1843 800 1921 pluribus
843 1843 1093 1903 familiis
1131 1840 1465 1903 coalescat:
1513 1838 1661 1917 quia
1687 1836 1859 1897 nulla

291 1932 537 1995 familia
561 1939 763 2013 potest
787 1935 852 1995 in
881 1953 945 1995 se
962 1934 1185 1995 habere
1213 1932 1419 1994 omnia
1436 1929 1780 1992 ministeria
1798 1934 1859 1990 et

292 2042 515 2085 omnes
536 2032 699 2086 artes
717 2027 1083 2087 necessarias
1109 2026 1183 2086 ad
1200 2026 1390 2086 vitam
1409 2024 1771 2096 humanam,
1798 2026 1860 2082 et

292 2115 499 2176 multo
525 2118 735 2177 minus
761 2123 960 2196 potest
1000 2117 1274 2178 sufficere
1303 2117 1382 2178 ad
1416 2113 1862 2194 assequendam

292 2211 580 2272 omnium
629 2231 837 2273 rerum
867 2214 1367 2292 ,necessariarum
1419 2211 1855 2289 cognitionem.

292 2304 606 2382 Itemquia
632 2305 684 2363 si
710 2303 969 2382 singulae
996 2304 1247 2365 familiae
1261 2308 1466 2369 essent
1491 2303 1654 2363 inter
1680 2319 1743 2362 se
1771 2300 1862 2360 di·

295 2398 468 2471 visae,
492 2396 600 2456 vix
626 2403 826 2475 posset
840 2416 962 2476 pax
989 2399 1153 2459 inter
1173 2397 1458 2458 homines
1486 2393 1859 2469 conservari,

299 2505 502 2567 neque
530 2489 772 2567 injuriae
795 2496 1040 2569 possent
1085 2490 1368 2550 ordinate
1390 2487 1730 2568 propulsari
1753 2490 1862 2546 aut

299 2579 625 2657 vindicari,
656 2587 716 2642 et
745 2582 882 2643 ideo
919 2581 1079 2643 dixit
1106 2582 1313 2643 Cicero
1340 2581 1409 2641 in
1445 2580 1553 2642 lib.
1591 2580 1666 2641 de
1692 2578 1863 2639 Ami-

299 2672 467 2745 citia,
497 2674 658 2736 nihil
690 2674 961 2753 principi
984 2677 1110 2737 Deo
1133 2676 1200 2736 in
1226 2674 1401 2736 rebus
1436 2672 1717 2736 humanis
1743 2689 1864 2735 esse

301 2766 570 2843 aratius,
615 2784 793 2846 quam
829 2769 1093 2830 homines
1113 2768 1324 2829 habere
1351 2768 1509 2827 inter
1537 2785 1597 2829 se
1617 2767 1865 2828 societa-

302 2861 485 2926 tatem
535 2860 877 2921 ordinatam
931 2866 987 2920 et
1019 2861 1353 2937 perfectam
1375 2905 1392 2931 ,
1442 2876 1573 2937 qnoe
1622 2857 1861 2931 civitas,

303 2948 532 3029 inquit,
557 2951 807 3013 dicitnr.
854 2951 997 3011 Haec
1034 2954 1243 3009 autem
1276 2949 1688 3009 communitas
1710 2947 1867 3007 ulte-

301 3042 432 3103 rius
459 3044 676 3123 augeri
699 3048 899 3123 potest
920 3042 986 3101 in
1019 3058 1285 3120 regnum
1325 3040 1425 3101 vel
1452 3040 1866 3120 principatum

300 3155 413 3218 per
430 3138 781 3198 societatem
813 3135 1086 3214 plurium
1122 3134 1467 3209 civitatum,
1512 3151 1651 3212 quae
1681 3132 1870 3193 etiam

300 3236 391 3291 est
427 3228 606 3290 valde
654 3226 1028 3288 conveniens
1063 3226 1339 3286 humano
1382 3225 1620 3305 generi,
1652 3224 1870 3285 saltem

301 3322 381 3384 ad
422 3320 643 3382 melius
675 3338 826 3395 esse,
853 3324 1104 3399 propter
1138 3319 1383 3380 easdem
1412 3319 1683 3379 rationes
1724 3335 1867 3378 cum

301 3414 698 3495 proportione
717 3413 1049 3493 applicatas
1053 3457 1075 3489 ,
1095 3412 1376 3492 quamvis
1390 3413 1716 3473 necessitas
1739 3429 1868 3473 non

303 3509 384 3569 sit
419 3507 673 3567 omnino
713 3505 985 3585 aequalis.

383 3602 447 3660 4.
492 3599 575 3660 In
601 3598 1016 3661 communitate
1030 3599 1299 3677 perfecta
1324 3597 1717 3659 necessariam
1741 3613 1863 3659 esse

293 3697 648 3774 potestatem
693 3690 1110 3770 ynbernantem
1146 3690 1642 3752 communitatem.
1659 3722 1740 3735 -
1758 3690 1863 3750 Se·

304 3784 582 3846 cundum
622 3783 994 3862 principium
1021 3788 1113 3843 est
1156 3782 1225 3842 in
1261 3782 1704 3844 communitate
1729 3800 1865 3861 per-

304 3878 468 3940 fecta
511 3876 914 3940 necessariam
968 3894 1095 3937 esse
1138 3881 1505 3955 potestatem
1554 3875 1634 3936 ad
1677 3891 1866 3954 quam

307 3975 535 4051 spectet
563 3969 927 4049 gubernatio
972 3967 1456 4043 communitatiS,
1492 3968 1659 4047 quod
1680 3968 1870 4028 etiam

311 4081 390 4125 ex
407 4063 687 4124 terminis
705 4063 948 4123 videtur
969 4079 1032 4121 se
1051 4078 1162 4139 per
1198 4065 1441 4120 notum.
1473 4061 1651 4134 Nam,
1684 4065 1756 4119 ut
1784 4060 1873 4120 ait

310 4155 563 4234 Sapiens
584 4145 871 4215 Proverb.
914 4154 1019 4212 11:
1071 4152 1189 4214 Ubi
1225 4168 1343 4211 non
1369 4155 1457 4212 est
1486 4151 1870 4228 ynbernator,

312 4254 545 4312 corruet
567 4247 825 4326 populns
848 4269 870 4304 .·
918 4249 1142 4305 natura
1181 4247 1393 4304 autem
1419 4261 1549 4305 non
1578 4242 1782 4304 deficit
1807 4244 1874 4303 in

313 4340 673 4402 necessariis
699 4355 719 4416 ;
746 4354 893 4415 ergo
946 4337 1103 4398 sicut
1151 4336 1560 4398 communitas
1607 4335 1878 4415 perfecta

314 4440 405 4495 est
448 4431 674 4494 rationi
714 4436 776 4491 et
800 4430 1069 4490 naturali
1086 4430 1216 4508 juri
1243 4434 1675 4505 consentanea,
1701 4429 1789 4489 ita
1816 4434 1878 4489 et

314 4531 582 4607 potestas
603 4523 990 4603 gubernandi
1012 4522 1206 4597 illam,
1238 4522 1369 4582 sine
1384 4540 1508 4601 qua
1534 4527 1691 4583 esset
1712 4540 1877 4583 sum-

315 4638 421 4681 ma
450 4618 722 4681 confusio
742 4617 811 4677 in
832 4616 943 4676 tali
970 4614 1436 4676 communitate.
1468 4614 1879 4676 confirmatur

316 4731 394 4774 ex
441 4710 837 4792 proportione
880 4710 958 4769 ad
998 4725 1250 4770 omnem
1287 4707 1475 4768 aliam
1525 4708 1878 4769 societatem

315 4806 693 4866 humanam:
725 4819 872 4862 nam
894 4801 1041 4880 quia
1070 4800 1422 4879 conjunctio
1454 4800 1573 4860 viri
1605 4805 1667 4860 et
1702 4800 1881 4861 femi-

315 4917 413 4959 noe
437 4897 734 4958 naturalis
777 4902 888 4971 est,
921 4895 1058 4956 ideo
1103 4895 1170 4954 in
1206 4913 1280 4956 ea
1314 4900 1497 4974 caput
1538 4894 1876 4969 invenitur,

317 4992 482 5072 quod
528 4997 618 5052 aet
668 4991 784 5064 vir,
830 4992 1010 5068 juxta
1039 4988 1190 5048 illud
1220 4989 1439 5050 GeneS.
1474 4991 1549 5050 3:
1585 4988 1719 5051 Sub
1755 4989 1882 5050 viri

313 5089 601 5165 potestate
625 5084 769 5145 eris.
796 5083 1052 5160 Propter
1069 5081 1234 5159 quod
1254 5082 1341 5141 ait
1366 5081 1538 5142 Paul.
1568 5080 1649 5141 ad
1670 5079 1879 5139 Titum

262 5187 273 5196 “
318 5183 393 5243 2:
428 5180 719 5242 Mulieres
750 5178 1003 5240 subditae
1041 5178 1167 5239 sint
1190 5178 1350 5238 viris
1374 5179 1526 5239 suis.
1563 5177 1683 5238 Ubi
1708 5177 1880 5238 addit

318 5273 757 5351 Hieronymus,
782 5268 1223 5348 communiteye
1262 5274 1521 5331 naturoe.
1556 5269 1874 5345 Similiter,

318 5367 384 5426 in
413 5365 537 5428 alia
564 5363 996 5442 conjunctione
1028 5367 1357 5441 parentum
1391 5367 1454 5423 et
1478 5360 1746 5422 filiorum
1777 5382 1880 5443 pa-

318 5464 414 5520 ter
438 5457 626 5520 habet
652 5475 690 5517 a
717 5461 941 5517 natura
974 5459 1337 5537 potestatem
1368 5454 1436 5516 in
1459 5453 1701 5534 filium3
1728 5460 1789 5516 et
1815 5457 1884 5517 in

717 5578 785 5625 V.

1929 541 2117 602 etiam
2145 546 2508 618 potestatem
2538 541 2924 618 gubernandi
2949 559 3077 601 esse
3108 544 3270 621 apud
3295 544 3493 604 domi·

1930 651 2107 708 num,
2143 637 2214 692 ut
2241 633 2307 692 in
2336 633 2551 693 eodem
2578 632 2711 692 loco
2739 632 2962 693 Paulus
2982 634 3193 710 tradit,
3239 641 3301 696 et
3332 638 3489 716 Eph.

1932 727 1996 801 6,
2021 732 2082 787 et
2103 726 2182 786 ad
2210 725 2430 786 Coloss.
2460 728 2520 800 3,
2560 726 2770 786 dicens
2796 744 3000 786 servos
3037 727 3259 789 debere
3289 729 3494 790 domi-

1931 817 2029 879 nis
2056 816 2306 878 obedire
2342 823 2412 877 ut
2439 819 2582 878 Deo,
2628 818 2804 893 Quia,
2835 819 2981 879 licet
3003 820 3353 899 conjunctio
3371 841 3495 883 ser-

1930 909 2145 970 vitutis
2203 928 2331 971 non
2388 910 2468 970 sit
2518 910 2773 971 omnino
2835 930 2874 971 a
2920 917 3181 989 natura,
3229 913 3336 975 sed
3387 934 3497 994 per

1930 1001 2313 1063 voluntatem
2350 1002 2716 1078 humanam,
2748 1001 2982 1079 tamen,
3016 1004 3125 1066 illa
3153 1008 3493 1086 supposita,

1935 1093 2355 1155 subordinatio
2386 1101 2448 1155 et
2480 1095 2774 1173 subjectio
2823 1096 2950 1174 legi
2996 1103 3233 1159 naturae
3288 1100 3497 1160 debita

1936 1192 2028 1248 est
2072 1187 2253 1247 titulo
2286 1188 2562 1265 justitiae.
2615 1188 2923 1265 SubJectio
2964 1195 3176 1249 autem
3224 1190 3494 1252 filiorum

1937 1281 2125 1341 etiam
2152 1282 2353 1359 ipsum
2371 1280 2690 1341 vinculum
2720 1287 2781 1341 et
2805 1282 3280 1344 fundamentum
3319 1291 3500 1346 natu-

1935 1370 2065 1431 rale
2092 1370 2301 1447 habet,
2336 1372 2563 1434 scilicet
2608 1373 2888 1433 ordinem
2920 1376 3289 1452 naturalem,
3333 1379 3498 1439 unde

1936 1471 1999 1525 et
2020 1465 2346 1543 perfectior
2377 1470 2469 1525 est
2500 1483 2575 1526 ex
2604 1466 2787 1526 titulo
2814 1467 3083 1545 pietatiS,
3124 1474 3187 1530 et
3227 1472 3498 1531 maxime

1934 1557 2003 1617 in
2031 1563 2250 1636 quarto
2279 1564 2583 1637 praecepto
2609 1558 2894 1638 Decalogi
2923 1560 3268 1622 declaratur
3295 1565 3498 1624 :unde

1935 1648 2008 1709 fit
2034 1651 2282 1711 tandem
2307 1657 2376 1711 ut
2407 1651 2475 1711 in
2503 1652 2833 1713 domestica
2870 1672 2979 1714 seu
3015 1654 3306 1715 familiari
3334 1675 3498 1717 com-

1936 1745 2240 1806 munitate
2273 1746 2461 1806 etiam
2495 1747 2574 1806 sit
2603 1764 2681 1806 ex
2703 1752 2928 1807 natura
2956 1749 3045 1808 rei
3076 1755 3340 1827 potestas
3362 1770 3498 1829 pro-

1937 1837 2289 1916 portionata
2314 1838 2391 1899 ad
2429 1840 2763 1916 regendam
2802 1839 2995 1915 illam,
3032 1860 3169 1919 quae
3192 1844 3499 1922 principa-

1937 1929 2080 1990 liter
2094 1930 2160 1989 in
2177 1931 2613 2009 patrefamilias
2644 1932 2890 1993 residet.
2914 1932 3200 2012 Idemque
3219 1935 3498 1996 invenire

1939 2040 2183 2084 necesse
2226 2025 2410 2085 estin
2437 2043 2825 2104 quacumque
2855 2028 3296 2088 communitate
3316 2033 3500 2089 unius

1939 2121 2184 2176 tantum
2210 2115 2451 2191 domuS,
2490 2117 2632 2178 licet
2659 2136 2784 2178 non
2826 2117 3120 2178 fundetur
3153 2120 3220 2179 in
3252 2122 3500 2182 vinculo

1941 2208 2345 2283 matrimonii,
2391 2209 2495 2270 sed
2525 2209 2592 2268 in
2632 2209 2752 2269 alio
2789 2228 3013 2287 genere
3054 2212 3357 2273 societatis
3384 2213 3499 2274 hu-

1943 2318 2142 2360 mauae
2165 2315 2185 2377 ;
2208 2318 2356 2379 ergo
2382 2302 2568 2362 simili
2596 2302 2781 2362 modo
2809 2301 2875 2361 in
2890 2303 3334 2366 communitate
3357 2325 3501 2385 per-

1940 2392 2098 2454 fecta
2135 2394 2481 2455 necessaria
2528 2401 2618 2456 est
2668 2399 2931 2472 potestas
2968 2394 3376 2473 gubernativa
3410 2398 3501 2458 illi

1939 2486 2422 2565 proportionata.

2023 2581 2082 2640 5.
2127 2581 2310 2643 Ratio
2339 2597 2378 2641 a
2398 2579 2623 2658 priori.
2640 2612 2723 2625 —
2741 2579 2920 2640 Ratio
2954 2579 3219 2660 denique
3247 2600 3285 2642 a
3309 2583 3502 2662 priori

1943 2678 2036 2736 est
2067 2691 2253 2753 quam
2298 2674 2368 2732 D.
2403 2672 2669 2733 Thomas
2699 2674 2903 2752 tetigit
2940 2674 3009 2734 in
3051 2673 3217 2735 dicto
3253 2676 3500 2755 Opusc.,

1944 2767 2092 2845 quia
2127 2766 2370 2828 nullum
2402 2785 2623 2846 corpus
2649 2772 2849 2846 potest
2889 2769 3237 2828 conservari
3269 2769 3387 2830 nisi
3426 2771 3506 2831 sit

1945 2859 2193 2939 aliquod
2220 2860 2595 2938 principium
2632 2859 2710 2919 ad
2739 2860 2900 2938 quod
2947 2861 3251 2938 pertineat
3291 2880 3507 2940 procu-

1946 2970 2084 3012 rare
2112 2959 2175 3012 et
2200 2952 2519 3012 intendere
2547 2969 2875 3012 commune
2902 2951 3136 3011 bonum
3165 2953 3319 3031 ejuS,
3344 2960 3414 3015 ut
3439 2956 3506 3015 in

1948 3060 2202 3121 corpore
2234 3041 2503 3102 naturali
2546 3048 2807 3119 constat,
2848 3047 2910 3102 et
2948 3042 3016 3101 in
3048 3043 3294 3121 politico
3338 3047 3507 3107 idem

1950 3134 2128 3195 docet
2153 3135 2553 3213 experientia.
2584 3136 2661 3194 Et
2691 3136 2848 3195 ratio
2874 3135 3039 3194 clara
3067 3142 3177 3209 est,
3207 3138 3353 3214 quia
3382 3140 3507 3198 sin-

1950 3227 2098 3305 gula
2124 3227 2365 3306 privata
2392 3227 2672 3287 membra
2709 3226 2963 3305 privatis
2998 3228 3336 3289 commodis
3366 3249 3508 3290 con-

1947 3319 2181 3394 sulunt,
2223 3336 2363 3398 quae
2396 3337 2552 3398 saepe
2596 3318 2904 3379 contraria
2952 3324 3095 3378 suut
3138 3318 3300 3381 bono
3346 3340 3510 3382 com-

1947 3411 2150 3488 muni;
2175 3417 2237 3472 et
2264 3411 2577 3472 interdum
2601 3411 2799 3472 multa
2820 3415 2965 3471 sunt
2987 3413 3325 3473 necessaria
3348 3432 3511 3475 com-

1947 3504 2128 3565 muni
2150 3503 2337 3579 bon0,
2355 3522 2493 3583 quae
2511 3504 2588 3565 ad
2611 3503 2885 3582 singulos
2908 3504 3141 3565 nonita
3164 3507 3507 3584 pertinent:

1946 3602 2010 3657 et
2050 3597 2332 3676 quamvis
2370 3597 2683 3658 interdum
2724 3597 3096 3676 pertineant,
3126 3616 3253 3659 non
3293 3617 3515 3679 procu·

1942 3694 2162 3752 rantur
2191 3707 2264 3750 eo
2303 3687 2467 3769 quod
2494 3689 2872 3765 communia,
2915 3688 3021 3751 sed
3061 3689 3226 3768 quod
3265 3693 3516 3772 propria

1945 3787 2093 3843 sunt
2116 3799 2132 3844 ε
2155 3800 2303 3863 ergo
2322 3783 2391 3842 in
2417 3782 2862 3843 communitate
2886 3781 3152 3860 perfecta
3174 3785 3516 3845 necessaria

1948 3881 2043 3936 est
2068 3875 2315 3954 publica
2340 3880 2607 3955 potestas
2647 3875 2724 3934 ad
2750 3891 2942 3954 quam
2984 3892 3061 3934 ex
3088 3875 3288 3937 officio
3327 3878 3516 3955 perti-

1950 3975 2096 4030 neat
2113 3986 2443 4030 commune
2465 3968 2700 4028 bonum
2724 3966 2936 4027 intend
2944 3985 3045 4028 ere
3068 3985 3140 4028 ac
3161 3986 3512 4047 procurare.

1950 4063 2044 4122 Ex
2068 4062 2166 4122 his
2194 4079 2341 4140 ergo
2379 4060 2695 4121 evidenter
2719 4058 3106 4120 concluditur
3140 4061 3427 4123 honestas
3455 4070 3517 4125 et

1951 4155 2279 4216 necessitas
2301 4153 2697 4232 magistratus
2720 4151 2939 4228 civilis,
2963 4152 3111 4231 quia
3129 4152 3246 4213 hoc
3265 4156 3517 4217 nomine

1955 4247 2115 4307 nihil
2137 4246 2305 4307 aliud
2325 4245 2704 4325 significatur
2721 4245 2843 4306 nisi
2861 4244 3049 4305 homo
3067 4245 3166 4306 vel
3192 4246 3517 4309 hominum

1957 4340 2313 4417 multitudo,
2347 4339 2510 4418 apud
2550 4356 2738 4418 quam
2785 4343 2876 4399 est
2918 4339 3208 4419 praedicta
3254 4346 3517 4420 potestas

1956 4433 2215 4512 regendi
2271 4432 2783 4494 communitatem
2837 4431 3174 4510 perfectam
3207 4448 3223 4492 ε
3285 4439 3520 4493 constat

1958 4528 2129 4588 enim
2161 4527 2351 4588 talem
2377 4531 2740 4605 potestatem
2768 4525 2836 4585 in
2862 4524 3221 4588 hominibus
3248 4544 3379 4588 esse
3406 4527 3520 4587 de·-

1956 4620 2125 4693 bere,
2152 4621 2300 4699 quia
2325 4620 2606 4681 homines
2627 4618 2992 4680 naturaliter
3015 4637 3140 4680 non
3170 4619 3519 4698 gubernan-

1957 4719 2062 4774 tur
2087 4713 2333 4793 politice
2360 4732 2471 4793 per
2498 4712 2785 4791 AngeIOS,
2806 4731 3005 4793 neque
3033 4714 3388 4774 immediate
3409 4730 3521 4792 per

1959 4808 2158 4869 Deum
2189 4808 2418 4887 ipsum,
2444 4808 2550 4887 qui
2581 4807 2719 4884 lege
2756 4808 3067 4868 ordinaria
3094 4814 3384 4885 operatur
3410 4826 3522 4886 per

1962 4918 2178 4961 causas
2220 4900 2519 4961 secundas
2560 4900 3087 4979 proportionatas:
3134 4918 3280 4978 ergo
3316 4918 3520 4961 neces-

1960 4993 2195 5053 sarium
2229 5012 2301 5054 ac
2326 4993 2606 5054 naturale
2639 4998 2730 5053 est
2758 4998 2828 5052 ut
2852 5010 2963 5071 per
2989 4991 3271 5052 homines
3299 4991 3522 5070 guber-

1960 5091 2213 5145 nentur.

2042 5179 2104 5237 6.
2152 5177 2430 5240 Secunda
2459 5178 2773 5241 conclusio.
2798 5209 2881 5224 -
2899 5176 3042 5236 Dico
3065 5176 3358 5253 secund0,
3389 5196 3521 5237 ma-

1962 5271 2253 5349 gistratus
2284 5270 2618 5345 humanuS,
2645 5270 2694 5329 si
2722 5271 2790 5330 in
2815 5287 2924 5329 suo
2953 5269 3166 5330 ordine
3202 5288 3523 5350 supremus

1963 5365 2064 5440 sit,
2107 5362 2295 5424 habet
2341 5367 2702 5442 potestatem
2747 5363 2987 5423 ferendi
3017 5362 3184 5441 leges
3224 5364 3342 5424 sibi
3381 5381 3522 5443 pro-

1964 5458 2367 5539 portionatas,
2389 5456 2641 5533 scilicet,
2664 5457 2873 5521 civiles
2890 5476 2999 5519 seu
3022 5457 3348 5533 humanas,
3371 5465 3523 5536 quas

3045 5567 3071 5624 ¹
3084 5566 3123 5623 ἢ
