3976 6219
806 413 939 465 CAP.
976 414 1080 465 vn.
1118 413 1202 466 AN
1234 412 1442 465 POENAE
1470 412 1783 467 Exsscm’lo
1815 414 1912 467 SIT
1945 415 2176 468 DEBITA
2210 416 2273 468 IN
2306 416 2730 481 CONSCIENTIA‚
2766 417 2903 470 E'rc,

247 516 428 597 possit
446 515 525 575 ad
542 533 728 576 usum
751 516 1069 596 applicari,
1091 516 1394 577 nonnulla
1415 515 1581 577 illius
1601 535 1807 578 exem·-

247 610 343 690 pla
366 609 584 670 afferre
603 615 863 689 oportet.
889 610 1168 670 Primum
1192 610 1270 669 sit
1287 610 1363 671 de
1389 609 1629 687 legibus
1651 628 1808 690 praa-

248 701 607 781 cipientibus
638 703 908 764 actiones
941 702 1257 763 afflictivas
1293 703 1587 781 corporiS,
1619 708 1690 762 ut
1717 709 1809 764 est

250 795 598 874 flagellatiO,
630 813 818 875 quam
847 800 1045 875 potest
1085 796 1272 856 homo
1307 797 1375 856 in
1412 797 1706 875 seipsum,
1748 801 1809 856 et

249 890 374 950 sine
399 895 644 968 peccato
663 908 970 951 exercere.
989 891 1122 949 Huc
1140 890 1327 950 etiam
1346 892 1614 971 pertinet
1625 909 1810 970 poena

248 982 435 1057 exilii,
466 1001 656 1061 quam
686 988 885 1062 potest
915 983 982 1042 in
1011 1000 1075 1043 se
1103 984 1242 1062 quis
1277 985 1496 1063 exequi
1524 983 1808 1045 exeundo

248 1075 440 1135 61060
480 1076 813 1154 prohibito,
844 1092 952 1136 seu
998 1075 1324 1151 movendo,
1355 1081 1419 1137 et
1459 1077 1700 1154 agendo
1739 1077 1808 1138 in

248 1167 537 1246 seipsum,
562 1167 693 1228 sine
719 1167 846 1228 ullo
874 1172 1142 1246 peccatO,
1168 1168 1268 1229 vel
1297 1168 1667 1230 indecentia.
1699 1170 1808 1230 Or-

247 1262 480 1323 dinarie
506 1280 652 1322 vero
681 1279 807 1321 non
837 1262 1036 1322 solent
1057 1263 1194 1340 cogi
1216 1261 1497 1324 homines
1520 1281 1631 1343 per
1652 1263 1809 1325 solas

247 1357 409 1435 leges
451 1357 529 1416 ad
563 1357 918 1436 hujusmodi
946 1357 1239 1434 actioneS,
1280 1358 1425 1419 licet
1468 1375 1595 1417 non
1626 1376 1807 1437 repu-

247 1454 394 1529 gnet
438 1448 721 1527 obligari.
753 1450 1016 1529 Ideoque
1060 1451 1128 1510 in
1159 1450 1255 1510 his
1297 1451 1567 1512 maxime
1608 1452 1807 1530 poenis

248 1560 465 1604 verum
491 1548 581 1603 est
607 1544 797 1604 verba
836 1543 1060 1604 debere
1096 1561 1228 1605 esse
1254 1544 1392 1604 luce
1421 1543 1704 1619 clariora,
1738 1549 1809 1605 ut

248 1635 434 1696 talem
467 1635 910 1714 obligationem
937 1635 1256 1696 inducant.
1283 1637 1690 1697 Harumwero
1722 1637 1807 1697 le-

249 1746 398 1805 gum
430 1727 710 1807 exempla
737 1748 863 1790 non
889 1728 1191 1789 habemus
1217 1729 1286 1789 in
1312 1729 1453 1807 jure
1480 1729 1677 1806 civili,
1709 1729 1808 1790 vel

248 1822 561 1881 canonico,
603 1823 670 1881 In
705 1822 1011 1902 aliquibus
1042 1827 1249 1883 autem
1280 1822 1685 1900 religionibus
1718 1823 1811 1883 di-

249 1919 476 1974 cuntur
503 1933 633 1976 esse
655 1916 877 1996 aliquae
905 1915 1135 1994 regulae
1163 1915 1459 1995 poenaleS,
1484 1934 1641 1995 quae,
1666 1916 1813 1976 licet

247 2023 375 2064 non
404 2006 682 2085 obligent
708 2009 775 2067 in
803 2008 1174 2069 conscientia
1197 2006 1474 2068 absolute
1500 2007 1577 2067 ad
1608 2008 1811 2086 proxi-

245 2116 422 2157 mum
462 2117 614 2178 opus
641 2101 805 2179 quod
832 2102 1195 2179 injungunt,
1231 2101 1330 2161 vel
1356 2100 1435 2161 ad
1472 2101 1811 2162 cavendum

246 2191 410 2270 quod
441 2193 794 2271 prohibent,
836 2194 1114 2271 obligant
1151 2193 1556 2254 nihilominus
1585 2194 1664 2254 ad
1692 2193 1813 2253 ali-

243 2299 434 2360 quam
464 2300 711 2362 poenam
727 2330 747 2359 ,
780 2304 968 2364 quam
998 2285 1593 2364 transgredientibus
1622 2285 1812 2346 talem

243 2375 345 2436 vel
380 2376 566 2437 talem
595 2377 876 2455 regulam
904 2379 1254 2458 imponunt.
1286 2379 1431 2451 Quoe
1469 2396 1652 2457 poena
1673 2378 1815 2438 talis

243 2485 380 2529 esse
402 2468 604 2545 debet,
630 2475 701 2529 ut
725 2488 852 2530 non
874 2470 1132 2531 excedat
1155 2470 1545 2550 disciplinam
1569 2471 1815 2549 religio-

242 2579 380 2621 sam
396 2607 415 2635 ,
454 2568 515 2622 et
551 2564 962 2625 communiter
1001 2582 1129 2625 esse
1165 2563 1321 2624 solet
1362 2563 1567 2624 brevis
1606 2563 1816 2643 aliqua

242 2656 446 2715 oratio
451 2701 470 2733 ,
497 2660 558 2717 et
581 2662 781 2737 posset
812 2657 1059 2719 extendi
1083 2657 1162 2718 ad
1190 2657 1571 2717 moderatam
1605 2657 1817 2735 flagel-

240 2746 543 2808 lationem
580 2750 917 2828 propriam,
949 2757 1012 2809 et
1044 2755 1365 2823 secretam,
1395 2749 1495 2810 vel
1521 2750 1710 2810 etiam
1738 2748 1815 2810 ad

234 2842 579 2920 Jejunium,
610 2848 680 2903 ut
703 2843 866 2903 infra
898 2844 1118 2904 dicam.
1157 2844 1237 2904 Ut
1271 2848 1481 2903 tamen
1507 2843 1816 2921 intelliga-

248 2940 356 2993 tur
383 2951 511 2994 esse
539 2934 836 3013 obligatio
864 2935 931 2994 in
960 2935 1333 2995 conscientia
1361 2953 1434 2995 ex
1466 2936 1528 2995 vi
1552 2935 1729 3013 legiS,
1755 2941 1818 2995 et

242 3032 395 3086 ante
422 3033 800 3106 praeceptum
828 3028 1180 3107 superioria,
1206 3033 1445 3107 oportet
1471 3034 1542 3086 ut
1581 3028 1681 3087 lex
1721 3027 1817 3087 di-

245 3126 390 3181 cat:
448 3122 518 3180 In
570 3121 794 3182 virtute
825 3127 1049 3181 sanctae
1083 3120 1474 3195 obedientiae,
1512 3120 1612 3180 vel
1644 3135 1660 3180 ε
1692 3122 1815 3180 Te-

243 3219 522 3273 neantur
546 3214 615 3272 in
642 3214 1038 3287 conscientia,
1065 3218 1176 3274 aut
1201 3213 1350 3292 quid
1376 3212 1600 3288 simile,
1634 3213 1817 3291 juxta

245 3305 760 3367 consuetudinem
787 3306 1131 3386 religionis.

333 3401 393 3459 7.
439 3402 532 3462 De
551 3401 746 3479 peanis·
772 3398 1818 3478 pecuniariis.—Extraordinarius

240 3493 460 3554 modas
495 3492 889 3571 praecipiendi
934 3492 1164 3554 indicat
1208 3492 1634 3570 riqorosiorem
1672 3491 1819 3551 obli-

238 3586 572 3665 ⁸(tationem.
598 3617 681 3629 —
703 3584 1058 3645 Secundum
1082 3583 1435 3662 exemplum
1460 3600 1589 3644 esse
1617 3587 1819 3662 potest

239 3678 328 3739 de
370 3677 614 3754 legibus
655 3676 1115 3756 imponentibus
1157 3674 1541 3754 pecuniarias
1580 3693 1814 3754 poenas,

236 3771 316 3831 in
347 3769 572 3849 quibus
599 3769 838 3830 facilius
863 3774 1061 3848 potest
1083 3769 1213 3829 haec
1236 3767 1532 3846 obligatio
1552 3768 1813 3846 imponi,

237 3864 402 3944 quia
432 3880 509 3924 ex
541 3860 766 3941 genere
808 3881 920 3923 suo
954 3862 1214 3923 leviores
1257 3867 1424 3936 sunt,
1455 3867 1518 3922 et
1543 3861 1675 3920 sine
1710 3861 1818 3921 de·-

236 3958 470 4019 decore
488 3957 588 4018 vel
604 3957 863 4018 infamia
881 3956 1128 4036 impleri
1148 3959 1421 4033 possunt.
1452 3952 1819 4030 Hujusmodi

234 4055 398 4112 sunt
423 4049 644 4129 aliquae
664 4051 832 4127 leges
856 4050 922 4109 in
943 4065 1137 4125 regno
1161 4045 1493 4125 Hispaniae,
1519 4063 1656 4125 quae
1678 4063 1818 4124 pro-

231 4144 470 4205 hibent
512 4142 744 4221 aliquid
790 4141 1058 4219 recipere
1106 4138 1471 4218 quibusdam
1515 4140 1814 4216 personis,

232 4243 308 4299 et
361 4235 631 4314 puniunt
669 4238 1146 4310 transgressores
1189 4230 1256 4289 in
1299 4229 1669 4309 quadruplo,
1713 4230 1820 4290 ad-

233 4328 479 4402 dend0,
527 4331 596 4387 at
623 4327 690 4387 in
734 4326 1111 4395 conscientia,
1146 4329 1200 4385 ec
1244 4322 1536 4384 sententia
1563 4341 1680 4384 non
1713 4341 1818 4385 ex·-

221 4422 490 4501 pectam
510 4418 752 4479 reddere
771 4421 1101 4478 teneantur.
1136 4415 1226 4475 Ita
1256 4413 1533 4474 referunt
1565 4415 1810 4490 Covar.,

232 4510 436 4573 Cord.
468 4514 529 4569 et
557 4509 664 4569 alii
692 4526 771 4569 ex
797 4507 842 4569 l.
870 4509 909 4568 2
950 4507 1162 4568 Ordin.
1197 4506 1418 4585 regal„
1444 4508 1546 4568 tit.
1586 4508 1717 4583 9,1.
1741 4510 1814 4583 2,

227 4605 344 4666 tit.
383 4605 490 4677 14,
515 4602 560 4662 l.
587 4603 647 4672 4,
676 4602 772 4661 tit.
800 4600 978 4678 15,1.
1009 4601 1110 4676 30,
1137 4600 1232 4661 tit.
1261 4602 1373 4674 21,
1399 4599 1443 4659 l.
1479 4602 1577 4675 15,
1605 4600 1713 4660 ubi
1734 4601 1819 4661 sic

225 4695 516 4758 habetur
543 4715 558 4754 ε
585 4697 669 4757 In
696 4694 910 4774 quibas
928 4693 1125 4772 poenis
1154 4710 1226 4754 ea
1246 4710 1400 4754 nuno
1417 4710 1529 4771 pro
1560 4698 1700 4754 tunc
1725 4709 1820 4754 eos

226 4789 725 4860 condemnamur,
752 4788 845 4849 ita
869 4790 941 4848 ut
964 4787 1033 4848 ia
1056 4790 1192 4863 soro
1223 4785 1593 4846 conscientiae
1614 4785 1695 4845 ad
1719 4801 1820 4846 eas

212 4899 459 4964 poenas
484 4881 812 4954 solvenda&
843 4879 1024 4941 etiam
1057 4884 1193 4941 ante
1205 4877 1441 4956 judicis
1466 4877 1821 4940 sententiam

222 4978 592 5045 temetum,-
612 4971 759 5050 quia
776 4988 924 5031 vero
951 4989 1078 5031 non
1104 4971 1318 5031 dicunt
1345 4969 1443 5029 11ae
1465 4969 1652 5046 leges,
1684 4974 1821 5031 ante

223 5085 480 5132 omnam
500 5064 876 5138 sententiam,
896 5064 987 5125 vel
1008 5064 1223 5143 absque
1244 5063 1373 5123 alia
1397 5060 1814 5135 declaratione,

217 5159 523 5224 dubitari
551 5163 753 5237 potest
778 5175 861 5217 an
888 5156 1183 5217 coarctari
1210 5155 1446 5234 possint
1472 5152 1550 5213 ad
1574 5158 1816 5214 senten-

216 5256 408 5316 tiam
441 5250 1032 5325 condemnatoriam,
1066 5254 1129 5310 et
1161 5247 1537 5308 sufficienter
1564 5244 1812 5324 exponi,

213 5353 306 5409 ut
363 5351 514 5406 ante
561 5344 929 5406 sententiam
982 5341 1548 5403 condemnatoriam
1590 5339 1817 5419 judicis

215 5440 491 5503 oriatur
516 5439 650 5499 haec
679 5437 975 5515 obligatio
1001 5436 1068 5495 in
1097 5434 1489 5508 conscientia,
1515 5451 1643 5493 non
1669 5449 1816 5493 vero

212 5537 399 5598 ante
423 5531 795 5593 sententiam
816 5528 1305 5605 declaratoriam,
1331 5527 1437 5590 sed
1458 5523 1817 5588 immediate

3328 415 3455 476 443

1885 524 2023 598 post
2062 518 2265 597 illam3
2315 538 2463 581 nam
2505 520 3008 583 condemnatoria
3052 519 3198 581 satis
3241 526 3452 600 aperte

1887 612 2142 691 ponitur
2167 630 2277 692 per
2309 612 2538 692 legem,
2569 633 2695 675 non
2729 620 2944 675 tamen
2974 613 3219 674 videtur
3245 614 3452 674 exclu-

1888 705 2034 766 dere
2075 705 2500 767 necessitatem
2537 708 2816 787 juridicae
2847 706 3299 768 declarationis.
3334 707 3452 768 Sed

1889 798 2296 860 nihilominus
2338 818 2559 861 censeo
2603 819 2680 861 ex
2720 801 2782 861 vi
2823 800 3072 861 illorum
3121 799 3454 860 verborum

1888 891 2100 951 induci
2142 892 2373 953 dictam
2414 893 2880 970 obligationem,
2921 891 3094 953 nulla
3139 898 3456 971 expectata

1889 985 2195 1045 sententia
2214 984 2440 1064 judicis
2469 986 2658 1046 etiam
2684 985 3108 1061 declaratoria,
3135 989 3273 1045 tum
3310 986 3456 1064 quia

1889 1078 2040 1138 alias
2067 1079 2302 1139 inutilis
2320 1079 2537 1141 fuisset
2557 1085 2649 1140 tot
2669 1080 3000 1140 verborum
3023 1078 3454 1157 multiplicatio

1888 1175 1949 1230 et
1988 1172 2412 1249 exaggerati0‚
2457 1172 2620 1232 unde
2667 1172 2930 1250 ipsamet
2968 1170 3456 1232 extraordinaria

1888 1262 2089 1324 forma
2129 1264 2525 1343 praecipiendi
2570 1263 2801 1325 indicat
2842 1264 2988 1325 satis
3029 1263 3452 1325 extraordina-

1886 1355 2074 1430 riam,
2126 1362 2188 1417 et
2237 1357 2435 1435 magis
2485 1358 2827 1436 rigorosam
2882 1355 3323 1435 obligationem
3374 1358 3452 1417 ad

1888 1449 2078 1509 talem
2112 1467 2392 1528 poenam3
2412 1455 2558 1510 'tum
2598 1450 2806 1526 etiam,
2833 1451 2979 1530 quia
3017 1466 3160 1510 cum
3182 1450 3329 1509 dicit
3354 1449 3457 1511 lex

1888 1559 1959 1603 ex
1994 1559 2150 1603 nano
2174 1560 2287 1619 pro
2321 1547 2483 1619 tana,
2513 1542 2811 1622 particula
2853 1543 2963 1603 illa
2989 1560 3102 1622 pro
3133 1547 3294 1617 tanc,
3323 1562 3455 1604 non

1888 1633 2170 1712 designat
2205 1639 2451 1713 tempus
2491 1641 2628 1715 post
2665 1637 2857 1697 latam
2897 1655 2935 1697 a
2956 1637 3169 1714 judice
3209 1642 3455 1698 senten-

1888 1726 2043 1786 tiam
2072 1726 2539 1788 declaratoriam
2568 1729 2867 1804 criminis,
2893 1730 2968 1790 de
2997 1748 3118 1809 qua
3151 1729 3253 1790 lex
3283 1748 3456 1790 men-

1889 1821 2125 1882 tionem
2155 1838 2281 1881 non
2315 1820 2563 1897 fecerat,
2591 1821 2696 1883 sed
2725 1828 2967 1902 tempus
3004 1822 3312 1882 commissi
3341 1823 3460 1883 cri-

1892 1914 2104 1988 minis,
2132 1914 2208 1974 de
2243 1932 2365 1992 quo
2401 1913 2503 1974 lex
2529 1914 2732 1976 fuerat
2761 1917 2999 1993 locuta3
3030 1920 3166 1975 tum
3189 1914 3457 1995 denique

1894 2008 2080 2086 (quod
2126 2007 2469 2068 notandum
2508 2010 2619 2084 est)
2650 2010 2796 2087 quia
2834 2008 2943 2069 illa
2985 2008 3290 2088 particula
3322 2015 3458 2071 ante

1892 2101 2267 2176 sententiam,
2289 2101 2431 2161 licet
2460 2100 2785 2162 indefinita
2805 2102 3111 2177 videatur,
3134 2101 3460 2180 aequivalet

1893 2192 2231 2253 universali
2255 2193 2323 2252 in
2353 2193 2490 2271 lege
2518 2193 2794 2255 absolute
2826 2194 3142 2273 loquente,
3167 2193 3316 2272 quia
3347 2194 3457 2255 ubi

1892 2285 1994 2345 lex
2018 2302 2148 2344 non
2184 2285 2535 2364 distinguit,
2573 2306 2688 2348 nec
2726 2306 2836 2348 603
2862 2287 3240 2365 distinguere
3278 2287 3459 2347 debe-

1895 2396 2058 2454 11163,
2086 2379 2358 2439 maxime
2393 2381 2541 2458 quia
2574 2379 2728 2440 illud
2751 2380 3012 2441 verbum
3037 2384 3173 2441 ante
3199 2378 3461 2441 includit

1894 2471 2289 2549 negationem
2320 2472 2639 2532 sententiae
2666 2473 2806 2533 latae
2830 2491 2867 2532 a
2888 2473 3114 2551 judice.
3142 2473 3342 2551 Atque
3371 2472 3462 2533 ita

1894 2563 2333 2640 intelliguntur
2361 2563 2482 2625 illae
2513 2565 2678 2642 leges
2705 2582 2743 2624 a
2770 2565 2973 2626 citatis
3001 2565 3373 2626 auctoribus.

1977 2656 2037 2715 8.
2083 2655 2163 2715 At
2193 2659 2342 2716 vero
2378 2657 2521 2717 Soto
2551 2675 2754 2735 supra,
2789 2657 2867 2717 ad
2894 2660 2955 2732 4,
2987 2675 3170 2717 ausus
3198 2663 3291 2717 cst
3318 2676 3458 2717 car-

1896 2766 2043 2827 pere
2081 2753 2189 2808 aut
2233 2749 2684 2828 reprehendere
2722 2750 3140 2829 legislatorem
3187 2750 3453 2826 civilem,

1895 2858 1968 2900 60
1991 2840 2155 2920 quod
2185 2848 2440 2920 usurpet
2466 2842 2651 2902 verba
2672 2842 2780 2902 illa
2806 2845 2874 2904 in
2903 2843 3284 2918 conscientia,
3312 2843 3461 2921 quia

1894 2949 2024 2991 non
2049 2939 2160 3007 est,
2191 2933 2414 3012 inquit,
2445 2934 2814 2994 secularium
2834 2935 3186 3014 principum
3208 2934 3285 2995 de
3314 2953 3459 2994 con-

1895 3025 2151 3084 scientia
2175 3026 2475 3102 judicare,
2516 3027 2671 3086 etin
2706 3028 2850 3106 jure
2893 3028 3211 3087 communi
3252 3046 3458 3088 exem-

1895 3117 2070 3197 plum
2092 3118 2292 3179 slmile
2321 3136 2449 3180 non
2472 3118 2809 3195 invenitur,
2831 3125 2893 3180 et
2921 3120 3177 3180 fortasse
3210 3121 3290 3181 ob
3318 3139 3458 3181 6616

1894 3227 2026 3269 rem
2044 3210 2196 3270 tales
2217 3211 2383 3288 leges
2407 3229 2524 3271 usu
2542 3217 2798 3290 receptae
2821 3230 2949 3272 non
2967 3217 3130 3274 sunt.
3158 3211 3276 3273 Sed
3296 3219 3460 3274 certe

1895 3304 2154 3363 excessit
2181 3304 2350 3379 Soto,
2380 3305 2527 3383 quia
2553 3304 2720 3382 leges
2753 3322 2891 3383 quae
2920 3321 3151 3382 magna
3182 3305 3460 3365 conside·

1895 3395 2136 3456 ratione
2192 3396 2563 3473 conduntur,
2619 3416 2747 3457 non
2796 3403 3055 3476 possunt
3099 3402 3230 3457 tam
3281 3397 3460 3458 facile

1895 3487 2266 3567 reprehendi
2277 3505 2297 3565 3
2315 3488 2466 3549 item
2482 3489 2630 3568 quia
2643 3490 2925 3569 princeps
2947 3489 3238 3550 secularis
3260 3495 3461 3568 potest

1898 3581 2171 3659 obligare
2194 3583 2261 3642 in
2285 3582 2757 3655 conscientia‚ut
2784 3600 2970 3660 supra
2995 3587 3312 3643 ostensum
3332 3587 3423 3642 est
3437 3599 3458 3660 3

1897 3691 2010 3734 cur
2049 3692 2198 3750 ergo
2244 3679 2451 3753 peccat
2503 3673 2863 3753 explicando
2910 3675 2978 3734 in
3025 3681 3167 3735 actu
3215 3676 3459 3753 signato

1897 3783 2081 3826 usum
2109 3766 2274 3827 illius
2315 3767 2630 3845 potestatis
2669 3766 2747 3827 ad
2778 3767 3125 3846 superanda
3151 3766 3459 3828 subterfu-

1897 3860 2001 3936 gia
2045 3863 2107 3918 et
2144 3859 2679 3936 tergiversationes
2716 3859 3087 3920 hominum?
3117 3861 3240 3920 Nec
3271 3859 3464 3920 refert

1898 3950 2065 4029 quod
2086 3951 2153 4010 in
2174 3952 2318 4028 jure
2350 3951 2671 4011 communi
2711 3969 2840 4012 non
2868 3952 3225 4012 inveniatur
3252 3971 3463 4013 exem-

1898 4042 2097 4120 plum,
2118 4044 2265 4122 quia
2282 4060 2410 4103 non
2439 4048 2686 4103 tenetur
2712 4061 3034 4121 supremus
3060 4062 3170 4103 rex
3198 4045 3461 4105 formam

1897 4131 2295 4214 praecipiendi
2323 4151 2566 4195 sumere
2594 4153 2632 4194 a
2668 4136 2980 4195 communi
3016 4136 3174 4213 jure,
3207 4137 3311 4196 sed
3353 4155 3461 4215 po-

1898 4233 2018 4288 test
2029 4245 2256 4288 novam
2271 4227 2519 4303 addere,
2544 4227 2595 4286 si
2622 4226 2912 4305 expedire
2931 4227 3190 4305 judicet.
3215 4228 3386 4300 Quod
3410 4229 3461 4288 si

1898 4320 2020 4380 illae
2058 4321 2226 4400 leges
2262 4322 2354 4397 (ut
2380 4319 2623 4396 fertur),
2646 4337 2788 4393 usu,
2817 4319 2914 4379 vel
2955 4336 3066 4398 per
3096 4320 3461 4398 posteriores

1897 4413 2088 4492 legeS,
2119 4414 2321 4492 quoad
2350 4414 2512 4473 hanc
2541 4417 2783 4492 partem
2813 4416 3067 4473 mutatae
3113 4417 3281 4487 sunt,
3335 4432 3461 4475 non

1897 4505 2037 4565 ideo
2068 4506 2188 4565 fuit
2227 4506 2373 4584 quia
2408 4510 2611 4566 essent
2655 4505 2902 4584 injustae
2931 4548 2952 4579 ,
3027 4505 3131 4565 sed
3172 4506 3319 4584 quia
3363 4505 3464 4567 vel
3528 4579 3531 4582 ¹

1896 4597 2226 4658 hominum
2244 4598 2556 4677 protervia
2582 4597 2926 4677 praevaluit,
2952 4597 3051 4657 vel
3079 4598 3460 4677 experientia

1899 4690 2113 4751 docuit
2138 4691 2306 4751 aliud
2351 4691 2550 4769 magis
2594 4690 2905 4769 expedire.
2935 4690 3014 4749 Et
3052 4690 3456 4750 nihilominus

1899 4783 1961 4843 in
1988 4783 2322 4844 novissima
2352 4782 2785 4862 compilatione
2813 4782 3025 4860 legum
3055 4781 3366 4860 Hispaniae
3393 4783 3459 4843 in

1899 4877 1942 4936 1.
1974 4878 2039 4951 2,
2073 4876 2172 4936 tit.
2205 4877 2305 4952 18,
2352 4876 2397 4936 l.
2443 4879 2501 4949 1,
2533 4880 2700 4936 extat
2738 4875 2840 4936 lex
2872 4893 3011 4952 quae
3037 4874 3327 4954 prohibet
3359 4892 3460 4935 se-

1899 4969 2190 5030 cretarios
2206 4970 2407 5047 regios
2421 4985 2682 5028 munera
2696 4968 2968 5046 recipere
2991 4966 3106 5026 sub
3125 4983 3309 5046 poena
3323 4966 3460 5027 red-

1898 5061 2087 5123 dendi
2128 5061 2565 5140 quadruplum,
2612 5078 2756 5121 cum
2795 5059 2892 5120 his
2933 5057 3454 5119 circumstantiis:

1897 5155 2121 5234 prima,
2147 5159 2217 5213 ut
2249 5154 2463 5232 jurent
2490 5154 2654 5213 hanc
2677 5169 2926 5231 poenam
2955 5150 3190 5211 solvere
3216 5151 3266 5211 si
3289 5151 3357 5212 in
3387 5151 3461 5211 il-

1895 5247 2024 5307 lam
2065 5244 2394 5306 inciderint
2425 5267 2442 5320 ;
2491 5245 2784 5318 secunda,
2827 5262 2905 5305 ex
2953 5260 3121 5303 nunc
3163 5243 3272 5303 illa
3315 5262 3457 5304 con-

1895 5339 2269 5400 demnantur
2282 5353 2302 5416 3
2348 5337 2558 5413 tertio,
2618 5335 2963 5397 declaratur
3014 5341 3086 5395 ut
3143 5325 3253 5396 ad‘
3281 5335 3458 5396 illam

1896 5430 2253 5492 solvendam
2279 5430 2346 5489 in
2371 5428 2747 5490 conscientia
2773 5434 3124 5504 teneantur,
3155 5428 3326 5488 nulla
3350 5446 3456 5489 ex-

1895 5528 2139 5605 pectata
2163 5522 2696 5585 condemnatione.
2726 5523 2809 5583 De
2834 5539 2961 5601 qua
2980 5521 3118 5601 lege
3140 5521 3328 5583 etiam
3356 5537 3455 5581 so·
