3976 6219
152 5557 273 5603 'Nus
284 5561 295 5569 ”

524 384 646 445 210
1533 384 1647 435 LlB.
1683 382 1768 435 111.
1803 380 1884 432 DE
1917 376 2077 429 LEGE
2109 376 2367 428 numm
2399 377 2479 429 ΕΤ
2512 377 2714 431 ClVlLl.

526 486 757 551 subditi
785 482 960 545 facile
994 488 1206 543 contra
1232 499 1410 559 reges
1433 480 1846 558 insurgerent.
1881 476 2090 556 Expli-

528 581 655 643 cari
687 576 909 638 deinde
938 579 1139 655 potest
1168 575 1234 634 in
1273 574 1439 634 hunc
1468 572 1721 632 modum
1743 614 1763 645 ,
1808 570 1956 649 quia
1991 568 2090 629 vel

525 693 659 749 rex,
701 673 844 731 licet
876 669 1028 730 alias
1057 687 1281 749 pravus
1318 667 1418 743 sit,
1454 666 1520 727 in
1549 665 1790 745 legibus
1821 662 2089 724 ferendis

525 772 729 831 servat
749 766 1138 825 honestatem
1163 773 1225 822 et
1246 760 1577 840 justitiam,
1607 764 1669 819 et
1691 765 1840 818 tunc
1862 756 2089 816 forma-

523 862 701 933 liter,
733 864 794 918 et
829 857 895 916 in
924 861 1227 935 quantum
1262 872 1393 926 rex,
1428 853 1633 931 justus
1664 855 1755 911 est
1791 867 1807 910 z
1850 847 2090 909 malitia

526 958 736 1014 autem
776 949 882 1010 illa
915 968 977 1010 se
1011 946 1201 1008 habet
1240 945 1414 1025 quasi
1455 942 1939 1005 concomitanter
1962 988 1981 1017 ,
2026 947 2088 1003 et

523 1046 663 1107 ideo
708 1062 835 1104 non
882 1041 1071 1103 refert
1112 1041 1190 1101 ad
1233 1039 1396 1100 hanc
1437 1042 1822 1117 potestatem.
1868 1035 1981 1095 Vel
2018 1036 2086 1096 15

522 1138 671 1219 ipsis
687 1135 929 1215 legibus
951 1134 1218 1195 ferendis
1242 1136 1483 1193 exercet
1501 1129 1869 1208 injustitiam
1890 1134 1949 1189 et
1968 1128 2088 1188 ini-

491 1231 856 1312 ·quitatem,
902 1225 1313 1307 praecipiendo
1354 1243 1485 1285 rem
1528 1230 1804 1302 turpem,
1850 1227 1911 1282 et
1936 1226 2087 1282 tunc

519 1343 646 1385 non
689 1321 926 1382 inducit
969 1319 1223 1398 quidem
1266 1317 1711 1394 obligationem
1752 1332 1861 1393 per
1896 1313 2086 1375 talem

518 1421 747 1478 actum.
779 1415 933 1475 Nam
959 1413 1060 1472 lex
1083 1411 1296 1489 iniqua
1320 1428 1446 1470 non
1471 1415 1563 1469 est
1591 1408 1716 1483 lex,
1747 1425 1858 1467 nec
1886 1413 2086 1486 potes-

519 1516 616 1571 tas
645 1509 820 1587 regia
853 1511 945 1568 551
971 1506 1114 1566 (1515
1135 1503 1213 1564 5(1
1233 1503 1387 1563 tales
1402 1502 1569 1580 leges
1580 1500 1885 1574 ferendaS,
1902 1500 2085 1578 juxta

519 1622 592 1664 ea
607 1621 743 1682 quae
768 1618 952 1680 supra
976 1599 1245 1658 diximus
1265 1596 1341 1656 de
1360 1596 1598 1655 ratione
1619 1594 1794 1673 legis,
1824 1594 2086 1653 Possunt

517 1714 665 1773 ergo
698 1701 847 1754 tunc
877 1691 1106 1752 subditi
1144 1695 1205 1750 et
1234 1688 1461 1749 debent
1499 1705 1626 1747 non
1661 1686 1909 1747 obedire
1946 1684 2082 1763 regi

517 1790 584 1849 in
614 1786 723 1848 tali
747 1790 1071 1866 praeceptO,
1097 1784 1149 1842 si
1168 1781 1244 1842 de
1266 1799 1335 1842 re
1359 1781 1573 1859 iniqua
1595 1780 1694 1853 sit,
1725 1797 1850 1838 non
1871 1784 2079 1838 tamen

514 1886 840 1961 propterea
893 1882 1151 1958 possunt
1200 1875 1294 1934 illi
1337 1874 1754 1934 obedientiam
1803 1870 2079 1932 absolute

515 1991 744 2054 negare
772 1973 839 2032 15
867 1972 964 2031 1115
996 1987 1133 2049 quae
1157 1968 1323 2046 justa
1364 1966 1617 2026 fuerint.
1669 1964 1781 2024 Vel
1810 1964 2079 2042 denique

513 2057 625 2129 rex‘
649 2072 741 2128 est
762 2066 1014 2143 iniquus
1037 2063 1223 2123 etiam
1249 2060 1314 2120 in
1333 2058 1732 2139 usurpatione
1754 2057 1945 2136 ipsius
1967 2074 2079 2135 po-

508 2160 769 2235 testatis,
791 2159 937 2237 quia
956 2155 1279 2235 tyrannice
1299 2153 1468 2213 illam
1490 2151 1830 2231 occupavit,
1849 2156 1910 2210 et
1928 2155 2078 2209 tunc

510 2272 727 2316 verum
759 2259 851 2314 est
885 2251 1059 2311 illam
1091 2248 1487 2328 iniquitatem
1518 2244 1844 2306 excludere
1875 2250 2076 2323 potes-

511 2354 703 2408 tatem
732 2362 967 2419 veram,
1017 2361 1146 2402 non
1184 2340 1333 2419 quia
1372 2340 1575 2420 privet
1615 2337 1743 2413 illa,
1789 2337 1894 2397 sed
1929 2337 2076 2415 quia

510 2440 801 2521 supponit
825 2436 1164 2499 carentiam
1191 2434 1326 2513 ejus
1347 2479 1366 2509 ,
1399 2450 1660 2511 eamque
1689 2430 1917 2490 donare
1947 2447 2075 2490 non

509 2536 741 2614 potest,
776 2537 837 2592 et
863 2535 1016 2589 tunc
1045 2527 1267 2588 merito
1297 2525 1410 2585 tali
1436 2524 1677 2584 homini
1705 2541 1833 2583 non
1866 2522 2077 2583 obedi-

510 2630 637 2698 tur,
667 2624 814 2703 quia
834 2640 945 2682 rex
973 2638 1101 2680 non
1124 2624 1238 2694 est,
1269 2617 1375 2679 sed
1398 2623 1722 2696 tyrannus.

592 2718 652 2777 8.
699 2715 969 2777 Dubium
1027 2714 1189 2774 circa
1236 2728 1426 2771 mores
1468 2707 1793 2787 principis.
1833 2739 1915 2752 —
1962 2707 2074 2767 Oc-

510 2810 705 2871 currit
730 2822 942 2869 autem
981 2805 1085 2865 hic
1118 2804 1398 2864 incidens
1445 2800 1704 2861 dubium
1756 2800 1916 2859 circa
1958 2798 2076 2859 hoc

510 2903 804 2964 ultimum
855 2898 1203 2961 membrum
1227 2943 1248 2973 ,
1300 2914 1380 2956 55
1422 2896 1489 2955 15
1532 2912 1604 2955 50
1651 2912 1794 2954 0555
1841 2893 2076 2972 possint

508 2995 738 3057 subditi
778 2993 943 3054 licite
994 2990 1243 3052 obedire
1291 2985 1648 3067 hujusmodi
1691 2984 1976 3065 principi,
2021 2983 2072 3044 si

508 3088 740 3168 alioqui
781 3105 859 3148 ex
899 3090 1072 3166 parte
1127 3082 1402 3145 materiae
1439 3081 1637 3161 justas
1679 3078 1844 3157 leges
1889 3077 2067 3139 ferat.

486 3181 682 3255 ·Quod
720 3179 890 3241 enim
935 3195 1061 3237 non
1104 3180 1434 3237 teneantur
1476 3192 1586 3253 per
1630 3190 1695 3233 se
1734 3170 2067 3250 loquend0,

508 3271 908 3334 manifestum
956 3274 1087 3344 est,
1139 3269 1285 3348 (11115
1335 3267 1458 3328 11155
1504 3284 1631 3326 505
1675 3269 1821 3324 5551
1852 3264 2020 3340 leges
2053 3310 2066 3333 ‚

501 3364 683 3444 juxta
705 3381 889 3441 supra
916 3361 1101 3436 dicta,
1135 3378 1278 3421 cum
1300 3378 1429 3419 non
1454 3358 1788 3438 procedant
1810 3374 1848 3415 a
1869 3355 2074 3433 legiti-

506 3457 664 3517 tima
699 3458 1024 3535 potestate.
1064 3452 1239 3526 Quod
1272 3458 1482 3512 autem
1522 3449 1779 3531 possint,
1827 3448 2072 3509 videtur

508 3549 865 3631 persuaderi
886 3591 906 3622 ,
947 3547 1095 3626 quia
1124 3551 1374 3625 possunt
1395 3544 1597 3604 facere
1635 3541 1938 3622 quidquid
1962 3540 2071 3602 bo-

506 3660 662 3703 num
688 3648 780 3701 est
808 3638 908 3699 vel
936 3656 1063 3698 non
1092 3637 1352 3711 malum,
1388 3635 1532 3695 licet
1560 3653 1685 3695 non
1713 3638 2066 3710 teneantur,

510 3731 783 3794 cedendo
802 3730 931 3808 juri
950 3748 1083 3804 suo,
1111 3735 1170 3789 ct
1195 3728 1501 3808 patienter
1520 3727 1647 3786 vim
1670 3725 1922 3787 alterius
1940 3745 2071 3787 555-

504 3824 783 3887 tinend0.
811 3825 941 3883 Imo
960 3822 1197 3883 addunt
1216 3822 1395 3881 multi
1411 3826 1709 3895 55010155,
1727 3838 1901 3899 posse
1920 3825 2072 3880 tunc

506 3918 781 3980 subditos
824 3914 1135 3996 postulare
1174 3914 1253 3975 ab
1293 3912 1652 3992 hujusmodi
1692 3912 1966 3992 principe
2009 3917 2073 3973 et

505 4011 927 4073 concessiones
955 4008 1169 4088 gratiae
1197 4012 1258 4068 et
1291 4011 1463 4067 actus
1485 4005 1742 4084 justitiae
1770 4004 1876 4083 qui
1906 4004 1970 4063 in
2006 4022 2072 4066 se

505 4104 720 4184 injusti
752 4121 879 4163 non
907 4105 1030 4162 sint
1050 4148 1070 4176 ,
1116 4099 1401 4181 quamvis
1429 4097 1507 4160 ab
1536 4097 1644 4158 illo
1682 4097 1908 4176 injuste
1944 4097 2072 4157 sint

502 4196 769 4258 faciendi
792 4214 904 4276 per
930 4200 1291 4274 usurpatam
1320 4197 1721 4271 potestatem3
1751 4191 1896 4270 (11115
1919 4195 2070 4251 1550

502 4308 628 4350 5011
644 4289 948 4349 inducunt
968 4287 1045 4347 ad
1069 4285 1330 4360 malum,
1353 4284 1458 4345 sed
1478 4284 1557 4344 ad
1579 4284 1783 4343 minus
1803 4283 2060 4344 malum:

501 4383 710 4442 minus
749 4381 917 4441 55115
954 4379 1190 4439 1551515
1234 4381 1324 4438 551
1355 4377 1441 4436 510
1471 4375 1827 4454 gubernari,
1872 4394 2062 4454 quam

500 4473 756 4535 omnino
798 4491 925 4533 non
963 4469 1322 4550 gubernari.
1375 4469 1467 4528 Ita
1513 4466 1720 4528 docuit
1760 4467 1947 4545 CaJet.
1995 4468 2060 4528 in

498 4585 766 4642 summa,
797 4564 968 4627 verb.
1007 4564 1333 4643 Tyrannus
1353 4606 1373 4636 ,
1421 4578 1606 4639 quem
1634 4558 1912 4639 sequitur
1947 4561 2060 4620 Ar-

501 4661 673 4722 milla
702 4661 917 4721 eodem
946 4657 1117 4719 verb.
1151 4660 1212 4717 et
1235 4656 1457 4715 Navar.
1481 4699 1505 4729 ,
1548 4672 1683 4733 cap.
1715 4655 1813 4728 14,
1855 4672 1919 4713 n.
1953 4656 2055 4714 41.

495 4756 565 4814 In
589 4753 965 4814 contrarium
983 4756 1191 4811 autem
1214 4765 1342 4808 esse
1359 4747 1628 4821 videtur,
1650 4746 1796 4825 (11115
1810 4745 2058 4808 obedire

493 4845 850 4925 hujusmodi
869 4843 1026 4922 regi,
1048 4841 1238 4903 etiam
1262 4840 1327 4899 in
1353 4839 1449 4901 1115
1473 4858 1611 4919 quae
1630 4839 1779 4899 alias
1798 4839 2058 4900 honesta

493 4947 660 5016 51151,
688 4939 934 5001 videtur
961 4954 1089 4997 esse
1113 4935 1459 5015 cooperatio
1488 4934 1565 4995 ad
1592 4933 1852 5009 malum,
1880 4940 1941 4994 et
1968 4934 2061 4995 fa-

489 5053 601 5095 vor
623 5031 941 5112 injustitiae
975 5048 1084 5091 555
1112 5027 1457 5108 tyrannidis
1483 5027 1636 5105 ejus.

572 5129 631 5188 9.
682 5126 925 5199 Quando
968 5124 1144 5186 liceat
1175 5139 1413 5184 servare
1437 5124 1738 5199 praecepta
1777 5119 2052 5196 tyra-nni,

492 5225 546 5283 et
577 5220 808 5299 quando
836 5237 973 5279 non.
1016 5250 1095 5261 —
1142 5214 1420 5276 Breviter
1462 5212 1793 5273 dicendum
1833 5229 2052 5272 censeo

491 5311 790 5392 quasdam
814 5329 942 5370 esse
966 5309 1237 5369 actiones
1266 5308 1353 5367 ita
1376 5307 1685 5381 honestas,
1718 5311 1788 5364 ut
1811 5304 1877 5365 in
1910 5304 2050 5364 nul-

464 5404 611 5478 ,1155
631 5406 1073 5465 nocumentum
1098 5400 1338 5476 cedant,
1367 5417 1567 5478 neque
1596 5398 1917 5477 indigeant
1938 5414 2050 5476 po-

306 5489 447 5552 ds
490 5504 687 5559 estate
716 5492 968 5576 publica
996 5498 1067 5552 ut
1100 5497 1262 5552 recte
1292 5490 1449 5552 fiant
1471 5536 1490 5566 ,
1527 5498 1598 5552 51
1635 5497 1781 5551 5551
1808 5488 2047 5552 deferre

2168 477 2299 538 haec
2319 479 2416 540 vel
2444 480 2550 541 illa
2570 500 2766 559 arma,
2796 483 2894 544 vel
2910 484 3144 564 aliquid
3161 485 3385 562 simile,
3417 486 3517 548 vel
3535 488 3732 549 etiam

2169 572 2402 633 solvere
2428 573 2753 652 tributum,
2786 577 2970 656 quod,
3001 577 3143 640 11051
3171 597 3247 639 ex
3274 585 3447 658 parte
3475 581 3733 659 exigen-

2170 665 2247 725 tis
2276 668 2551 745 requirat
2580 674 2968 747 potestatem,
3001 689 3076 731 ex
3117 678 3289 751 parte
3331 673 3621 733 solventis
3658 675 3736 734 il-

2170 756 2296 817 lam
2318 777 2442 819 505
2464 761 2754 839 postulat,
2787 781 2896 841 per
2916 782 2981 824 se
3002 763 3331 843 loquendo,
3355 767 3563 845 Neque
3587 786 3735 828 con-

2168 849 2320 910 ditio
2367 852 2582 913 tributi
2634 854 2813 915 alteri
2861 855 3040 916 affert
3085 863 3551 932 nocumentum,
3607 860 3733 920 5151

2165 942 2277 1003 5011
2298 944 2581 1020 solventi,
2608 948 2715 1026 qui
2738 953 2936 1026 potest
2957 949 3171 1011 cedere
3194 951 3321 1028 juri
3346 950 3445 1011 vel
3472 952 3733 1012 utilitati

2163 1053 2310 1096 5555.
2356 1037 2507 1098 Aliae
2535 1057 2680 1100 vero
2717 1045 2862 1101 sunt
2905 1042 3176 1103 actiones
3222 1061 3360 1121 quae
3401 1043 3731 1105 involvunt

2166 1136 2607 1191 nocumentum
2630 1133 2820 1209 tertii,
2854 1139 2917 1193 et
2942 1146 3012 1194 ut
3033 1135 3197 1213 juste
3219 1136 3374 1197 fiant
3402 1138 3730 1215 requirunt

2166 1226 2530 1300 potestatem
2574 1225 2910 1304 publicam,
2953 1231 3024 1286 ut
3074 1228 3345 1289 occidere
3376 1229 3731 1290 malefacto-

2166 1332 2325 1391 rem,
2356 1316 2545 1377 etiam
2574 1318 2834 1397 dignum
2860 1326 3081 1396 morte,
3102 1327 3165 1383 et
3185 1322 3436 1383 51151155.
3467 1324 3536 1383 15
3562 1324 3726 1402 prio-

2164 1407 2336 1469 ribus
2362 1428 2474 1488 per
2509 1428 2572 1471 55
2601 1411 2835 1472 malum
2875 1431 3003 1474 non
3026 1420 3118 1475 est
3139 1432 3382 1475 servare
3399 1414 3585 1494 leges,
3626 1415 3727 1475 vel

2163 1508 2463 1581 praecepta
2477 1520 2513 1564 a
2524 1508 2793 1583 tyranno
2805 1504 2970 1581 data,
2993 1506 3140 1586 quia
3154 1506 3273 1566 illoe
3289 1507 3560 1568 actiones
3576 1507 3728 1568 tales

2163 1601 2328 1671 sunt,
2357 1601 2426 1656 ut
2453 1596 2701 1676 propria
2728 1599 3042 1660 voluntate
3083 1604 3146 1659 et
3186 1603 3546 1660 auctoritate
3586 1618 3725 1679 pos-

2161 1687 2286 1747 sint
2315 1688 2570 1751 honeste
2609 1689 2744 1751 fieri
2773 1691 2905 1752 sine
2932 1691 3089 1770 lege.
3132 1691 3307 1765 Quod
3336 1697 3541 1752 autem
3571 1692 3726 1754 fiant

2162 1780 2360 1858 posita
2386 1780 2493 1841 illa
2523 1782 2752 1861 injusta
2782 1782 2943 1861 lege,
2970 1803 3096 1845 non
3119 1783 3306 1845 habet
3326 1784 3724 1845 circumstan-

2159 1871 2308 1932 tiam
2337 1891 2472 1952 quae
2512 1874 2730 1936 reddat
2770 1882 2977 1936 actum
3021 1876 3279 1937 malum.
3320 1877 3472 1949 Quia
3511 1876 3618 1937 illa
3655 1896 3722 1939 re

2159 1981 2306 2025 vera
2322 1983 2445 2025 non
2467 1971 2560 2026 551
2574 1969 2945 2046 cooperatio,
2968 1967 3073 2029 sed
3098 1968 3422 2029 tolerantia
3436 1970 3720 2048 quaedam

2157 2057 2491 2134 violentiae,
2518 2078 2655 2138 quae
2682 2061 2839 2120 nulli
2868 2061 3045 2121 affert
3067 2067 3541 2122 nocumentum:
3571 2081 3720 2141 ergo

2156 2168 2267 2229 per
2289 2169 2351 2211 se
2380 2169 2506 2212 non
2535 2159 2624 2213 est
2651 2153 2739 2213 ibi
2768 2152 3027 2214 malitia.
3075 2156 3221 2214 Dico
3249 2161 3456 2215 autem
3487 2173 3594 2234 per
3629 2174 3716 2231 55,

2156 2243 2302 2321 (1515
2329 2251 2568 2322 oportet
2595 2244 2955 2306 scandalum
2986 2247 3181 2308 vitare
3205 2253 3415 2308 elnon
3443 2246 3588 2307 (1515
3619 2265 3724 2307 oc-

2156 2335 2463 2397 casionem
2509 2344 2802 2417 15115550,
2859 2344 2930 2399 111
2986 2339 3052 2399 15
3105 2357 3216 2399 5115
3262 2339 3568 2416 injustitia
3619 2340 3724 2400 fir-

2156 2428 2319 2488 mius
2350 2437 2717 2507 perseveret,
2753 2431 2861 2492 sed
2881 2432 3085 2510 potius
3102 2432 3191 2491 illi
3212 2430 3503 2493 obsistere
3527 2451 3725 2511 quan-

2155 2520 2234 2580 do
2285 2522 2417 2581 sine
2463 2523 2856 2584 incommodo
2905 2522 3039 2584 fieri
3090 2529 3311 2602 potest.
3353 2525 3434 2585 At
3473 2543 3620 2586 vero
3654 2527 3723 2586 in

2155 2613 2596 2692 posterioribus
2635 2616 2982 2676 actionibus
3022 2617 3402 2677 contrarium
3446 2617 3720 2693 videtur,

2155 2706 2303 2783 quia
2334 2705 2622 2767 honestas
2651 2707 2899 2768 illarum
2927 2709 3182 2769 omnino
3207 2710 3433 2788 pendet
3465 2728 3539 2770 ex
3572 2729 3723 2771 vera

2154 2802 2452 2875 potestate
2485 2797 2753 2878 publica,
2793 2800 2924 2861 sine
2952 2819 3075 2880 qua
3106 2801 3314 2861 nullus
3353 2806 3553 2880 potest
3576 2820 3720 2862 exe-

2154 2890 2259 2968 qui
2304 2890 2401 2950 vel
2451 2892 2862 2955 condemnare
2916 2893 3132 2969 alium,
3186 2894 3374 2955 etiam
3419 2894 3484 2954 in
3532 2913 3720 2974 poena

2150 2981 2337 3059 justa,
2369 2983 2488 3042 nisi
2530 2983 2755 3045 habeat
2791 2986 3101 3065 publicam
3131 2992 3496 3066 potestatem
3529 3007 3718 3066 quam

2151 3079 2453 3153 tyrannus
2480 3075 2624 3137 dare
2655 3096 2779 3139 non
2812 3084 3031 3159 potest.
3088 3080 3207 3142 Sed
3258 3081 3324 3141 in
3369 3081 3486 3141 hoc
3526 3080 3717 3142 etiam

2151 3167 2621 3245 advertendum,
2645 3189 2753 3231 5511
2772 3172 3397 3250 subdistinguendum
3412 3178 3504 3233 est
3525 3190 3542 3232 2
3566 3191 3716 3233 nam

2150 3257 2267 3319 hoc
2293 3260 2359 3319 in
2386 3261 2592 3338 rigore
2620 3268 2713 3322 est
2740 3281 2953 3323 verum
2986 3271 3292 3342 quantum
3321 3271 3412 3324 est
3439 3283 3516 3326 ex
3540 3272 3716 3344 parte

2151 3352 2442 3430 tyranni:
2491 3354 2794 3433 contingit
2819 3361 3027 3416 autem
3069 3361 3140 3416 ut
3171 3356 3536 3436 respublica,
3569 3358 3717 3437 (11115

2151 3463 2278 3504 505
2307 3450 2507 3524 potest
2534 3447 2624 3507 illi
2652 3449 2954 3521 resistere,
2975 3449 3154 3509 illum
3171 3450 3416 3527 toleret,
3451 3458 3511 3512 et
3537 3450 3617 3511 ab
3640 3470 3714 3512 eo

2150 3556 2213 3599 55
2233 3538 2567 3617 gubernari
2587 3541 2771 3616 sinat,
2800 3547 2862 3602 et
2885 3542 3066 3602 tacite
3086 3543 3448 3619 consentiat,
3472 3562 3541 3604 ac
3567 3545 3718 3605 velit

2144 3630 2451 3707 justitiam
2483 3651 2592 3711 per
2630 3633 2831 3712 ipsum
2876 3634 3297 3695 administrari
3342 3642 3593 3715 propter
3618 3655 3717 3697 ra-

2150 3723 2385 3784 tionem
2410 3732 2660 3801 tactam,
2693 3727 2838 3806 quia
2865 3728 3072 3788 minus
3098 3727 3335 3789 malum
3373 3736 3465 3790 est
3491 3748 3601 3809 per
3634 3730 3716 3789 il-

2151 3816 2282 3876 lum
2308 3818 2639 3895 gubernari
2669 3838 2856 3898 quam
2899 3820 3156 3881 omnino
3183 3839 3388 3882 carere
3407 3822 3578 3898 justa
3614 3840 3717 3882 co-

2153 3913 2390 3970 actione
2410 3916 2472 3970 et
2491 3911 2860 3990 directione3
2880 3918 2942 3974 et
2959 3918 3094 3973 tum
3115 3932 3240 3974 non
3256 3916 3370 3973 erit
3389 3920 3715 3992 peccatum

2153 4001 2418 4077 obedire,
2464 4002 2650 4063 etiam
2700 4003 2765 4062 in
2810 4003 2987 4064 dictis
3017 4005 3271 4079 actibus,
3313 4006 3459 4083 quia
3499 4005 3714 4084 reipu-

2151 4093 2327 4155 blicae
2365 4112 2694 4156 consensus
2746 4096 2990 4176 supplet
3037 4096 3341 4159 defectum
3389 4098 3714 4176 potestatis

2148 4188 2426 4268 tyranni.

2227 4283 2324 4341 10.
2356 4281 2451 4341 Ad
2477 4280 2955 4343 fundamentum
2991 4283 3288 4344 contrarii
3323 4283 3551 4345 erroris
3579 4303 3713 4346 res·

2140 4371 2452 4450 pondetur
2501 4374 2698 4434 multo
2755 4376 2991 4454 majora
3044 4376 3443 4438 incommoda
3491 4383 3708 4439 contra

2140 4462 2373 4528 bonum
2397 4481 2724 4527 commune
2742 4467 2940 4545 sequi,
2967 4467 3019 4527 si
3047 4474 3317 4548 potestas
3336 4469 3532 4529 civilis
3555 4488 3711 4548 pen—

2141 4556 2282 4616 deat
2311 4574 2386 4617 ex
2423 4558 2663 4637 privata
2691 4558 2812 4621 fide
2854 4560 2952 4621 vel
2982 4561 3161 4621 bonis
3196 4562 3472 4623 moribus
3511 4562 3713 4641 ipsius

2139 4651 2457 4731 principis,
2489 4653 2635 4731 quia
2661 4652 2835 4714 nulla
2861 4660 3019 4715 esset
3041 4674 3162 4734 pax
3187 4674 3390 4736 neque
3415 4656 3712 4717 obedien-

2139 4745 2224 4803 tia
2251 4747 2317 4804 in
2345 4744 2661 4823 republica
2693 4791 2711 4820 ,
2759 4747 2864 4807 sed
2903 4747 3168 4826 quilibet
3203 4749 3486 4809 subditus
3515 4750 3711 4810 vellet

2137 4838 2514 4916 superiorem
2559 4856 2743 4899 suum
2779 4839 3093 4918 judicare,
3137 4847 3200 4903 et
3251 4849 3713 4922 consequenter

2141 4930 2235 4991 illi
2264 4931 2676 4991 obedientiam
2706 4950 2954 5011 negare,
2988 4935 3154 5012 quod
3186 4934 3707 4998 absurdissimum

2139 5032 2247 5086 551.
2300 5026 2633 5102 Quocirca,
2679 5027 2820 5088 licet
2865 5035 3146 5109 peccator
3185 5030 3345 5090 forte
3389 5037 3710 5092 mereatur

2135 5119 2368 5197 privari
2395 5136 2612 5196 regn0,
2644 5125 2853 5181 tamen
2876 5121 3178 5200 quamdiu
3206 5121 3312 5182 illo
3341 5141 3467 5182 non
3495 5123 3709 5201 priva-

2133 5217 2235 5271 tur
2244 5211 2532 5272 abhaben
2542 5217 2597 5274 15
2609 5219 2996 5292 potestatem,
3009 5233 3190 5276 verus
3199 5233 3308 5276 rex
3323 5223 3704 5295 perseverat,

2131 5310 2314 5383 atque
2342 5306 2430 5366 ita
2456 5306 2712 5385 contigit
2736 5307 2803 5367 in
2835 5307 3040 5382 Saule,
3067 5307 3261 5369 donec
3298 5308 3706 5386 permittente

2129 5399 2251 5460 Deo
2280 5400 2515 5460 occisus
2543 5407 2653 5463 est.
2696 5402 2867 5475 Quod
2899 5406 3108 5462 autem
3151 5401 3379 5463 dicitur
3411 5404 3578 5464 Oseae
3620 5404 3661 5462 8
3680 5451 3700 5478 ,

2128 5498 2550 5571 reynaverunt,
2586 5498 2641 5555 et
2663 5512 2778 5557 non
2808 5513 2879 5557 ex
2906 5513 3016 5569 me,
3046 5494 3255 5574 plures
3285 5494 3472 5557 habet
3499 5513 3701 5575 expo·
