3976 6219
785 425 921 477 CAP.
956 426 1041 478 XI.
1080 426 1292 479 UTRUM
1323 427 1448 480 LEX
1479 425 1767 479 POENALIS
1800 423 2061 476 OBLIGET
2091 423 2347 474 molem!
2380 425 2464 475 Ao
2498 424 2753 486 POENAM,
2789 424 2925 475 ETc.

266 535 508 597 etiamsi
551 539 690 613 post
734 542 1000 597 mortem
1040 536 1382 599 innotescat
1427 538 1720 599 delictum
1770 543 1831 598 et

265 646 376 708 per
409 627 779 688 sententiam
823 627 1190 705 declaretur,
1235 628 1646 691 confiscentur
1667 629 1831 689 bona

265 724 328 779 et
359 718 724 779 auferantur
757 718 836 779 ab
868 719 1135 796 haerede,
1162 723 1309 800 quia
1331 741 1473 783 cum
1509 722 1618 783 illo
1645 739 1831 782 onere

264 812 344 873 ad
363 811 539 872 illum
566 819 1005 891 pervenerunt,
1027 814 1148 874 nisi
1158 833 1268 893 per
1282 815 1695 894 quadraginta
1721 832 1831 875 an-

266 922 377 965 nos
406 904 571 965 bona
596 903 718 966 fide
746 904 855 965 illa
894 907 1346 985 praescripserit.
1388 909 1545 969 Nam
1571 912 1720 967 tunc
1746 908 1830 967 ti-

263 996 394 1056 tulo
412 997 885 1076 prascriptionis
902 997 1336 1060 confirmatum
1354 1004 1446 1060 est
1457 999 1826 1074 dominium,

265 1096 327 1150 et
350 1088 504 1149 illud
527 1107 686 1150 onus
722 1089 1056 1167 sublatum,
1083 1109 1216 1170 cap.
1245 1091 1329 1155 Si
1358 1093 1517 1172 quis,
1541 1090 1618 1152 de
1639 1092 1829 1151 Praes-

264 1181 474 1261 cript„
509 1181 578 1241 in
612 1182 673 1243 6.
727 1183 812 1244 De
839 1201 1052 1263 quare
1089 1184 1158 1243 in
1192 1184 1455 1246 materia
1491 1184 1569 1246 de
1600 1183 1830 1246 Hoeresi

264 1273 468 1336 latius.

348 1370 447 1429 19.
491 1370 582 1429 Ex
613 1367 713 1429 his
759 1385 906 1447 ergo
939 1368 1314 1431 sufficienter
1340 1386 1703 1450 responsum
1738 1374 1831 1430 est

268 1463 650 1540 argumentis
676 1462 942 1523 aliarum
965 1463 1353 1542 opinionum.
1381 1464 1538 1524 Nam
1561 1462 1830 1524 rationes

266 1555 485 1633 primoe
529 1555 838 1635 opinionis
885 1555 1148 1635 probant
1186 1574 1315 1617 non
1358 1557 1651 1618 excedere
1699 1556 1831 1617 offi-

267 1648 435 1708 cium
462 1653 525 1709 et
543 1654 905 1728 potestatem
919 1648 1170 1728 judicis,
1200 1649 1362 1711 113110
1388 1649 1831 1728 obligationem

264 1739 622 1819 imponere3
669 1741 830 1802 ratio
861 1746 1071 1803 autem
1115 1742 1465 1821 posterioris
1513 1743 1833 1804 sententiae

267 1832 346 1893 ad
402 1850 720 1893 summum
766 1833 987 1913 prohat
1032 1833 1270 1914 aliquas
1316 1851 1530 1913 poenas
1576 1851 1706 1896 esse
1751 1833 1831 1894 ab

265 1924 382 1985 1130
409 1925 686 2003 generali
715 1925 933 2004 regula
961 1925 1373 2005 excipiendas,
1402 1926 1616 1987 Solum
1655 1944 1832 2005 opor-

264 2021 355 2076 tet
379 2033 579 2096 pauca
609 2017 810 2079 dicere
850 2018 926 2079 de
955 2036 1008 2080 c.
1043 2017 1265 2095 Suam,
1306 2019 1474 2099 quod
1517 2018 1830 2080 immerito

266 2107 344 2168 ad
372 2115 738 2187 praesentem
766 2128 1014 2171 causam
1041 2110 1389 2173 adducitur.
1424 2113 1580 2173 Nam
1616 2111 1832 2191 impri-

264 2201 383 2261 mis
410 2203 479 2262 in
515 2202 622 2264 illo
658 2221 784 2264 non
812 2205 1018 2283 agitur
1045 2205 1122 2266 de
1153 2223 1339 2285 poena
1360 2206 1496 2285 ipso
1533 2205 1694 2266 facto
1714 2205 1831 2266 im-

263 2295 483 2374 posita,
517 2295 625 2357 sed
644 2296 847 2358 solum
879 2297 957 2359 de
992 2298 1263 2360 secunda
1288 2315 1473 2377 poena
1506 2300 1601 2376 (ut
1626 2297 1714 2358 sic
1741 2298 1833 2359 di-

266 2388 824 2468 camLimponenda
849 2407 976 2451 non
1003 2390 1267 2453 solventi
1285 2390 1555 2470 priorem
1581 2407 1832 2470 poenam

264 2480 432 2540 intra
459 2486 687 2542 certum
714 2482 1078 2558 terminum,
1102 2483 1178 2544 de
1205 2501 1328 2562 qua
1350 2483 1552 2544 solum
1579 2482 1826 2545 dicitur:

263 2573 558 2653 Essetque
604 2591 784 2653 poma
845 2576 1110 2654 triyinta
1153 2576 1453 2638 librarum
1498 2576 1778 2656 apposita
1806 2620 1829 2652 ,

265 2665 393 2727 nisi
438 2682 538 2727 aas
582 2666 871 2730 solverent
921 2667 991 2729 in
1031 2667 1282 2730 termino
1326 2668 1668 2730 constituto.
1713 2667 1831 2728 Ubi

263 2756 474 2818 nullus
500 2759 802 2819 terminus
838 2758 1085 2820 additur
1110 2758 1466 2838 significans
1494 2759 1833 2839 impositio-

265 2867 413 2910 nem
436 2850 579 2911 talis
601 2868 800 2929 poenae
821 2850 953 2930 ipso
983 2850 1181 2913 facto:
1205 2851 1371 2912 unde
1400 2851 1662 2913 inferius
1687 2850 1834 2913 dici-

262 2947 396 3003 tur:
425 2943 557 3005 Eos
596 2944 667 3005 in
702 2944 996 3021 proesatis
1039 2944 1304 3023 triyinta
1336 2943 1516 3008 libris
1569 2943 1682 3006 tibi
1724 2962 1837 3024 per

263 3034 593 3114 deloyatwm
629 3034 897 3115 judicem
944 3036 1347 3098 condemnari-
1366 3034 1704 3097 obtinuisti.
1744 3036 1837 3096 Ex

263 3128 488 3208 quibus
508 3127 714 3190 verbis
731 3133 970 3190 constat
981 3135 1258 3191 auctores
1279 3146 1409 3190 non
1433 3133 1683 3189 tantum
1699 3146 1837 3191 sen-

261 3222 523 3283 tentiam
552 3221 1044 3297 declaratoriam,
1062 3222 1170 3284 scd
1189 3222 1378 3283 etiam
1401 3221 1836 3283 condemnato-

261 3313 421 3374 riam
452 3332 835 3394 procurasse,
871 3320 934 3376 et
971 3314 1061 3375 ita
1092 3320 1297 3376 textus
1333 3313 1439 3376 ille
1470 3331 1598 3375 non
1636 3320 1837 3393 potest

262 3405 557 3486 applicari
593 3411 807 3468 contra
853 3407 1132 3487 superius
1176 3405 1341 3467 dicta
1378 3405 1456 3467 de
1494 3422 1680 3484 poena
1719 3406 1836 3467 im·

262 3498 462 3577 posita
489 3499 624 3579 ipso
658 3500 802 3578 jure
833 3517 945 3579 per
971 3498 1198 3577 legem,
1220 3499 1438 3577 etjam
1464 3496 1674 3560 debita
1697 3502 1837 3579 post

264 3592 634 3653 sententiam
673 3591 1161 3655 declaratoriam.

344 3686 446 3748 20.
490 3684 666 3746 Ultra
703 3684 822 3746 hoc
852 3703 1000 3747 vero
1039 3690 1245 3747 textus
1292 3683 1399 3747 ille
1435 3681 1611 3744 nullo
1645 3682 1832 3745 modo

260 3775 409 3838 facit
449 3776 528 3838 ad
569 3794 844 3854 causam,
885 3777 1035 3859 quia
1062 3778 1151 3839 ibi
1177 3795 1306 3839 non
1333 3776 1691 3858 simpliciter
1733 3794 1831 3839 re-

260 3868 666 3949 prehenditur
707 3870 1040 3951 Episcopus
1066 3916 1089 3948 ,
1157 3870 1306 3951 quia
1357 3869 1606 3950 petebat
1650 3887 1830 3930 reum

261 3960 546 4024 damnari
566 3962 636 4023 in
655 3980 843 4041 poena
861 3963 1152 4044 imposita
1172 3980 1284 4042 per
1306 3962 1532 4040 legem,
1556 3959 1664 4022 sed
1680 3963 1828 4042 quia

257 4056 511 4119 veritate
536 4056 727 4119 tacita
762 4056 1002 4119 litteras
1027 4060 1236 4118 contra
1273 4055 1514 4118 clericos
1539 4053 1827 4133 impetra-

257 4153 450 4211 verat.
480 4148 638 4208 Nam
663 4164 851 4227 poena
869 4147 978 4208 illa
1003 4146 1292 4226 imposita
1311 4145 1434 4207 11113
1452 4144 1678 4221 fuerat,
1704 4145 1826 4206 nisi

259 4238 426 4300 intra
448 4244 688 4300 certum
705 4244 949 4319 tempus
968 4238 1382 4318 quadraginta
1410 4237 1602 4298 libras
1628 4236 1824 4300 solve-

259 4337 440 4405 rent3
469 4330 566 4391 illi
592 4336 801 4391 autem
844 4330 1106 4409 triginta
1147 4336 1274 4392 tres
1306 4330 1615 4392 solverant
1656 4329 1824 4390 intra

263 4423 624 4499 terminum,
641 4427 705 4483 et
723 4422 1075 4503 Episcopus,
1096 4424 1411 4486 occasione
1435 4422 1823 4485 residuarum

263 4520 502 4594 septem
525 4515 850 4592 librarum,
881 4522 1096 4578 contra
1121 4534 1224 4580 eos
1260 4517 1698 4597 impetraverat
1722 4514 1825 4576 lit-

263 4614 447 4686 teras,
484 4610 736 4673 veritate
770 4610 960 4673 tacita
1007 4610 1098 4691 (ut
1131 4610 1220 4671 ibi
1262 4610 1535 4688 dicitur),
1563 4609 1824 4671 tacendo

263 4701 564 4762 nimirum
590 4700 961 4762 solutionem
991 4703 1251 4781 triginta
1276 4702 1466 4763 trium
1495 4702 1822 4777 librarum,

263 4798 329 4852 et
367 4792 728 4873 simpliciter
771 4793 1047 4855 debitum
1094 4795 1351 4874 triginta
1392 4793 1692 4855 librarum
1726 4792 1827 4854 vel

261 4883 496 4964 aliquid
522 4885 720 4946 simile
747 4888 1090 4948 narrando·
1071 4933 1092 4967 ,
1113 4905 1251 4967 quoe
1273 4886 1476 4949 fuerat
1499 4886 1827 4948 manifesta

260 4977 597 5057 subreptio,
625 4977 774 5057 quia
792 4997 920 5041 non
940 4985 1072 5041 erat
1097 4997 1343 5060 aequum
1366 4979 1676 5059 integram
1696 4997 1825 5059 poe-

260 5087 411 5130 nam
438 5069 774 5150 postulare,
804 5090 948 5133 cum
985 5072 1240 5134 tarditas
1264 5072 1333 5133 in
1370 5072 1664 5133 solvendo
1689 5077 1825 5132 tan-

260 5168 398 5223 tum
440 5163 507 5223 in
536 5163 801 5224 minima
827 5174 1002 5243 parte
1036 5165 1275 5227 fuisset.
1323 5165 1499 5228 Ultra
1523 5165 1664 5241 hoc,
1701 5164 1826 5226 for-

259 5259 421 5316 tasse
447 5255 550 5317 ille
601 5255 932 5336 Episcopus
962 5275 1090 5318 non
1129 5257 1545 5319 declaraverat
1569 5257 1826 5318 modum

262 5352 326 5408 et
375 5365 625 5408 causam
669 5347 835 5409 illius
879 5367 1054 5410 novae
1100 5351 1434 5411 exactionis
1467 5351 1727 5429 triginta
1752 5348 1826 5409 li-

261 5437 543 5515 brarum,
559 5439 809 5516 scilicet,
827 5443 991 5521 quod
1013 5442 1228 5503 fuisset
1245 5443 1560 5504 occasione
1578 5441 1828 5502 alterius

257 5548 461 5614 poenae
481 5550 611 5595 non
629 5530 866 5611 solutae,
891 5534 998 5597 sed
1017 5534 1218 5597 solum
1234 5535 1400 5616 quod
1426 5535 1629 5599 clerici
1650 5539 1828 5597 erant

661 5650 731 5707 V·

3350 433 3469 491 465

1909 534 2218 595 debitores
2233 534 2481 596 illarum
2502 535 2824 610 librarum,
2843 552 2979 613 quae
3006 540 3139 594 erat
3154 552 3316 595 nova
3335 555 3468 595 sur-

1908 627 2270 706 reptio,quae
2285 627 2595 706 colligitur
2613 646 2689 687 ex
2707 627 2827 686 illis
2853 625 3074 687 verbis:
3098 626 3254 699 Quia
3270 627 3471 705 iyitur

1912 725 1967 782 to
1986 738 2104 781 non
2127 722 2280 783 decet
2323 725 2556 782 tantum
2580 719 2955 798 pontificalis
2994 719 3292 781 modestice
3315 722 3470 782 obli-

1911 813 2086 887 visci,
2144 818 2214 875 ut
2261 813 2589 875 inhonestis
2651 811 3074 892 quoestionibus
3119 812 3471 890 anhelando,

1911 905 2203 967 desideres
2228 924 2361 967 oum
2389 905 2588 968 aliona
2611 904 2865 984 jactura
2903 905 3114 966 ditari.
3148 905 3303 966 Nam
3326 906 3473 968 hinc

1908 996 2219 1076 colligitur
2250 997 2612 1059 Pontificem
2648 1014 2778 1057 non
2822 995 3189 1059 intellexisse
3216 999 3472 1061 modum

1909 1087 2076 1150 illius
2102 1095 2392 1168 quaestus,
2429 1095 2491 1151 et
2521 1108 2648 1150 non
2681 1088 2866 1150 fuisse
2911 1107 3344 1153 concessurum
3371 1092 3472 1153 lit-

1909 1184 2073 1241 teras
2090 1199 2203 1261 pro
2223 1181 2335 1243 tali
2362 1200 2566 1257 causa,
2592 1183 2645 1243 si
2670 1181 3159 1244 fundamentum
3168 1183 3334 1245 illius
3356 1185 3473 1246 sibi

1909 1278 2235 1335 narratum
2260 1273 2494 1336 fuisset.
2519 1275 2595 1336 Et
2615 1274 2754 1336 ideo
2779 1274 2955 1354 quasi
2978 1275 3049 1335 in
3074 1293 3324 1354 poenam
3342 1295 3473 1338 sur-

1909 1366 2207 1445 reptionis
2246 1365 2513 1445 imponit
2555 1366 2871 1428 silentium
2919 1367 3215 1447 Episcopo
3270 1370 3473 1449 quoad

1909 1457 2276 1537 petitionem
2315 1457 2482 1519 illius
2526 1458 2812 1521 secundae
2860 1476 3060 1538 poenae
3103 1460 3363 1538 triginta
3399 1460 3474 1520 li-

1907 1549 2186 1612 brarum.

1990 1646 2091 1705 21.
2137 1643 2272 1705 Non
2300 1648 2499 1723 potest
2536 1644 2730 1723 igitur
2770 1663 2847 1706 ex
2884 1644 2995 1706 tali
3035 1663 3326 1726 responso
3352 1646 3475 1708 col-

1910 1735 2026 1816 ligi
2056 1753 2186 1797 non
2217 1736 2420 1799 teneri
2444 1737 2514 1797 in
2548 1737 2922 1800 conscientia
2956 1756 3126 1814 eum,
3165 1740 3272 1818 qui
3300 1738 3475 1800 dam-

1910 1835 2095 1890 natus
2133 1833 2227 1890 est
2255 1827 2335 1891 ad
2371 1830 2603 1910 justam
2630 1847 2901 1910 poenam,
2933 1847 3074 1892 eam
3102 1830 3470 1910 persolvere,

1911 1923 2017 1985 sed
2037 1922 2242 2002 potius
2257 1922 2477 1985 inferri
2493 1930 2692 2004 potest
2712 1924 2849 1985 11103
2868 1923 3121 1986 clericos
3137 1942 3266 1985 non
3287 1923 3476 1985 fuisse

1907 2016 2070 2095 juste
2111 2014 2464 2094 damnatos3
2501 2022 2637 2077 tum
2678 2017 2824 2097 quia
2867 2016 3174 2079 sententia
3216 2015 3477 2077 fundata

1908 2107 2115 2169 fuerat
2142 2107 2213 2168 in
2251 2108 2472 2170 litteris
2511 2108 2913 2188 subreptitiis,
2941 2115 3079 2171 tum
3112 2109 3302 2171 etiam
3328 2108 3476 2187 quia

1910 2219 2040 2262 non
2064 2201 2404 2263 debebatur
2417 2203 2662 2282 integra
2677 2221 2862 2283 poena
2878 2221 2992 2283 pro
3008 2209 3137 2264 tam
3161 2201 3286 2263 levi
3303 2207 3477 2281 parte

1910 2312 2041 2355 non
2076 2294 2145 2355 in
2171 2300 2448 2375 tempore
2480 2295 2703 2373 soluta,
2723 2302 2785 2356 et
2806 2295 2925 2356 1100
2949 2295 3220 2356 multum
3243 2294 3479 2356 indicat

1912 2387 2103 2450 Gloss.
2134 2387 2245 2449 ibi.
2275 2388 2451 2450 Addo
2478 2389 2669 2450 etiam
2700 2406 2778 2449 ex
2808 2388 2916 2449 illo
2945 2394 3120 2450 textu
3145 2406 3274 2450 non
3301 2406 3476 2469 posse

1911 2478 2192 2543 absolute
2220 2480 2428 2560 colligi
2463 2498 2592 2543 esse
2613 2481 2919 2560 injustum
2948 2486 3057 2542 aut
3077 2481 3477 2542 inhonestum

1910 2590 2097 2651 agere
2156 2579 2372 2635 contra
2429 2572 2701 2653 aliquem
2759 2573 2838 2635 ad
2895 2574 3475 2636 condemnationem

1909 2682 2112 2745 poenae
2151 2669 2500 2743 contractoe,
2530 2684 2607 2727 ex
2651 2684 2726 2728 eo
2757 2666 2924 2745 quod
2959 2656 3194 2727 incidit*
3216 2666 3286 2726 in
3312 2683 3478 2726 com-

1913 2758 2198 2834 missum,
2230 2757 2337 2819 sed
2376 2757 2457 2819 ad
2501 2774 2816 2819 summum
2861 2757 2925 2818 id
2959 2776 3088 2819 non
3115 2757 3329 2827 decere
3366 2775 3478 2837 per

1913 2850 2182 2913 similem
2221 2850 2704 2930 subreptionem,
2741 2849 2842 2912 vel
2877 2856 3129 2930 propter
3161 2855 3291 2921 tam
3336 2868 3478 2929 par-

1913 2960 2060 3004 vam
2116 2943 2668 3023 transgressionem
2721 2949 2924 3005 totum
2975 2943 3264 3024 petendo.
3320 2943 3478 3003 Nam

1915 3034 2091 3112 alias,
2139 3053 2251 3116 per
2293 3054 2357 3097 se
2400 3034 2733 3117 loquendo,
2776 3052 2906 3097 non
2949 3040 3042 3097 est
3079 3035 3317 3102 malum
3362 3052 3478 3096 nec

1915 3147 2160 3210 semper
2198 3129 2489 3192 indecens
2523 3147 2708 3208 agere
2734 3135 2948 3191 contra
2973 3129 3169 3191 alium
3195 3129 3274 3190 ad
3311 3129 3477 3191 solu-

1914 3223 2149 3283 tionem
2170 3240 2370 3302 poenae
2380 3223 2563 3302 justae
2581 3220 2956 3297 obtinendae,
2973 3227 3045 3282 ut
3061 3222 3260 3284 videri
3276 3225 3478 3301 potest

1914 3314 1983 3374 in
2015 3314 2332 3390 Fortunio,
2356 3319 2622 3376 tractatu
2648 3313 2726 3375 de
2750 3313 2977 3375 Ultimo
3004 3312 3152 3390 fine,
3175 3313 3332 3375 illat.
3360 3315 3438 3374 18
3449 3328 3472 3392 ;

1914 3406 2190 3482 Covarr.‚
2214 3408 2276 3483 2,
2302 3425 2365 3487 p.
2396 3409 2459 3482 4,
2486 3425 2620 3487 cap.
2647 3405 2768 3487 0,§
2794 3408 2857 3483 8,
2877 3424 2943 3468 n.
2972 3410 3041 3467 11
3067 3422 3087 3483 3
3115 3406 3471 3482 Sarmient.,

1911 3497 1955 3560 1.
1987 3501 2026 3560 3
2052 3497 2369 3576 83130131.,
2397 3517 2454 3560 0.
2485 3500 2548 3575 6,
2570 3517 2633 3560 n.
2670 3502 2729 3574 1,
2753 3504 2815 3560 31
2840 3499 3021 3576 Nav.,
3044 3516 3097 3561 c.
3128 3500 3231 3574 23,
3262 3517 3330 3560 n.
3357 3500 3434 3560 67
3449 3514 3472 3577 3

1911 3591 2213 3671 Simone„
2237 3593 2316 3657 de
2341 3591 2576 3655 cathol.
2600 3592 2777 3668 inst„
2804 3590 2903 3654 tit.
2935 3595 2998 3669 9,
3028 3611 3095 3654 11.
3127 3593 3270 3661 1,·18.

2491 3767 2741 3834 CAPUT
2779 3767 2885 3832 XI.

1907 3963 2110 4014 mmm
2145 3962 2261 4011 m
2294 3961 2555 4010 mms
2589 3961 2833 4009 omem·
2863 3961 3111 4010 summ
3143 3929 3226 4011 A'n
3249 3964 3470 4013 mm

2146 4056 2208 4105 m
2244 4056 2330 4106 u
2366 4053 2780 4103 ramentum
2816 4055 3221 4124 monimum.

1985 4230 2045 4288 1.
2090 4225 2254 4287 Duos
2286 4228 2597 4305 respectus
2622 4220 2811 4284 habet
2847 4221 2951 4285 lex
2981 4202 3263 4313 poenalis,
3302 4243 3465 4288 unus

1903 4323 1997 4381 est
2044 4320 2124 4381 ad
2172 4317 2471 4395 subditos,
2515 4333 2781 4396 quorum
2820 4314 2985 4376 facta
3024 4315 3310 4408 prohibet
3354 4324 3464 4380 aut

1901 4414 2199 4498 praecipit,
2238 4411 2316 4474 (13
2350 4428 2474 4493 quo
2513 4409 2810 4471 hactenus
2850 4407 3086 4470 dictum
3129 4416 3253 4502 est3
3301 4410 3463 4472 alius

1903 4517 1998 4573 est
2032 4510 2112 4571 ad
2130 4507 2430 4588 judicem,
2457 4504 2534 4565 de
2562 4521 2687 4584 quo
2721 4501 3041 4562 dubitatur
3071 4521 3154 4563 an
3180 4503 3463 4582 imponat

1903 4603 1998 4665 1111
2031 4601 2493 4680 obligationem.
2536 4595 2737 4658 Nam
2719 4613 2788 4655 111
2813 4595 3230 4686 superioribus
3259 4598 3461 4659 solum

1904 4696 2199 4769 diximus,
2227 4708 2480 4773 poenam
2504 4689 2628 4767 legi
2669 4690 2897 4793 apponi
2920 4686 2997 4747 ad
3027 4688 3463 4752 instruendum

1902 4789 2196 4870 judicem,
2226 4791 2290 4847 et
2314 4784 2431 4844 hoc
2455 4786 2677 4843 sonant
2700 4782 2877 4859 jura3
2904 4797 3052 4859 ergo
3075 4773 3203 4842 non
3229 4788 3321 4844 est
3352 4801 3462 4843 cur

1904 4882 2204 4942 addamus
2220 4875 2686 4982 obligationem,
2709 4891 2847 4952 quae
2867 4871 3053 4952 longe
3072 4871 3314 4936 diversa
3334 4881 3459 4953 est3

1900 4973 2244 5081 proesertim
2280 4970 2428 5052 quia
2457 4968 2525 5029 in
2557 4966 2656 5026 his
2681 4965 2921 5045 legibus
2961 4983 3091 5027 non
3130 4966 3330 5027 solent
3354 4985 3462 5046 ap-

1902 5069 2055 5150 poni
2085 5066 2278 5128 verba
2313 5060 2682 5143 praeceptiva
2710 5062 2992 5137 respectu
3017 5055 3322 5137 Judic'um,
3352 5060 3459 5120 sed

1903 5166 2151 5222 tantum
2181 5156 2596 5219 subditorum·
2576 5195 2599 5230 ,
2628 5168 2777 5230 ergo
2798 5149 3016 5212 saltem
3035 5150 3147 5211 ubi
3175 5155 3306 5212 non
3325 5152 3461 5214 fue·

1905 5255 2036 5317 rint
2077 5266 2385 5331 expressa,
2429 5263 2556 5307 non
2604 5243 2723 5305 erit
2769 5242 2907 5303 talis
2947 5242 3264 5321 obligatio.
3305 5246 3459 5306 Item

1907 5347 2057 5428 quia
2081 5346 2134 5405 31
2164 5347 2323 5406 33331
2347 5339 2488 5400 13113
2521 5336 2838 5415 obligatio,
2868 5354 2996 5396 non
3022 5336 3235 5398 liceret
3272 5339 3461 5398 inter-

1905 5438 2136 5519 pellare
2162 5453 2275 5515 pro
2302 5450 2432 5507 rec,
2473 5430 2747 5509 rogando
2786 5428 3062 5507 judicem
3091 5436 3159 5489 ut
3187 5431 3463 5491 remittat

1905 5548 2179 5614 poenam,
2210 5527 2356 5609 quia
2388 5543 2514 5588 non
2553 5525 2697 5585 licet
2721 5529 2928 5603 petere
2956 5529 3027 5583 ut
3064 5529 3209 5604 agat
3248 5528 3463 5584 contra

2987 5629 3067 5690 30
