3976 6219
734 385 869 437 GAP.
905 385 989 437 lx.
1026 384 1191 438 APUD
1224 385 1383 448 Quos
1414 386 1511 440 SIT
1543 386 1855 441 POTESTAS
1889 388 2198 442 CONDENDI
2231 388 2428 442 LEGES
2461 389 2720 455 CIVILES,
2756 391 2891 443 ETC.

191 485 492 567 supremi.
542 487 804 546 Tantam
850 485 1019 546 enim
1065 491 1430 565 potestatem
1471 487 1548 549 ad
1588 488 1758 548 hunc

193 586 402 641 actum
433 578 667 639 habent
699 578 1041 654 inferioreS,
1087 587 1384 658 quantam
1417 581 1504 641 eis
1547 599 1759 641 conce-

195 673 290 733 dit
323 689 646 751 supremus
689 672 970 751 princeps
992 716 1012 746 ‚
1058 672 1205 751 quia
1232 674 1299 732 in
1327 673 1434 733 illo
1467 680 1558 733 est
1586 674 1759 735 inde-

195 766 539 845 pendenter
565 786 582 838 ;
632 764 699 823 in
727 764 865 825 aliis
898 783 1043 825 vero
1071 783 1216 825 cum
1243 766 1652 844 dependentia
1679 767 1773 827 ab.

196 860 353 938 ipso,
400 858 551 918 Cum
580 863 789 918 autem
832 855 961 917 haec
989 863 1254 936 potestas
1284 859 1627 936 jurisdictio
1653 860 1754 935 sit,

198 951 356 1012 sicut
376 950 725 1030 jurisdictio
747 950 963 1011 haberi
988 956 1186 1030 potest
1207 951 1305 1013 vel
1327 953 1637 1013 ordinaria
1660 953 1759 1014 vel

200 1043 503 1123 delegata,
534 1044 622 1104 ita
650 1044 837 1104 etiam
865 1043 995 1105 haec
1020 1049 1286 1123 potestas
1316 1066 1330 1104 ε
1366 1064 1510 1106 nam
1541 1045 1758 1107 eadem

201 1143 294 1198 est
312 1139 470 1198 ratio
491 1154 511 1215 3
544 1136 701 1197 nihil
729 1138 897 1198 enim
924 1138 1126 1198 obstat
1150 1139 1482 1216 quominus
1504 1141 1634 1201 haec
1656 1159 1763 1220 po-

202 1236 388 1291 testas
426 1229 786 1308 delegabilis
828 1230 927 1291 sit.
984 1230 1241 1304 Quando
1270 1237 1477 1293 autem
1507 1251 1632 1293 uno
1665 1233 1764 1294 vel

202 1324 324 1384 alio
345 1324 529 1384 modo
543 1324 936 1398 concedatur,
959 1342 1036 1385 ex
1050 1324 1440 1386 institutione
1456 1326 1642 1387 officii
1665 1327 1764 1387 vel

202 1417 478 1478 muneris
497 1416 680 1494 juxta
706 1416 873 1495 leges
899 1418 1380 1497 uniuscujusque
1421 1423 1632 1499 regni,
1664 1420 1763 1483 vel

201 1528 278 1571 ex
320 1510 765 1570 consuetudine
785 1556 805 1586 ,
854 1517 925 1571 ut
955 1511 1085 1571 dixi
1104 1558 1125 1587 ,
1182 1513 1279 1573 vel
1307 1531 1384 1573 ex
1409 1512 1758 1594 privilegio,

200 1609 311 1665 aut
334 1602 586 1682 speciali
619 1603 932 1665 voluntate
965 1609 1027 1665 et
1053 1608 1438 1668 concessione
1466 1609 1762 1689 principis

202 1696 630 1775 accipiendum
675 1702 785 1758 est.
850 1698 1024 1759 Unde
1072 1706 1308 1761 constat
1350 1702 1417 1762 in
1465 1703 1763 1781 Hispania

202 1808 328 1849 non
355 1808 529 1869 posse
555 1791 759 1865 duceS,
784 1792 1196 1869 marchione5‚
1224 1796 1478 1855 comites
1504 1801 1565 1855 et
1592 1795 1762 1855 simi-

202 1879 292 1940 les
316 1881 607 1960 dynastas
634 1883 799 1961 leges
820 1882 1002 1960 ferre,
1034 1885 1181 1963 quia
1208 1885 1321 1945 soli
1346 1887 1480 1964 regi
1501 1887 1633 1948 haec
1656 1906 1763 1966 po-

201 1978 388 2034 testas
432 1982 741 2037 reservata
790 1981 900 2037 est.
978 1979 1131 2038 Nam
1178 1979 1246 2039 in
1291 1978 1335 2038 1.
1394 1981 1470 2040 12
1486 2026 1506 2056 ,
1555 1980 1632 2041 tit
1701 1984 1759 2055 1,

202 2066 409 2145 partit.
440 2069 500 2142 2,
534 2087 816 2147 expresse
843 2070 1068 2130 dicitur
1089 2072 1395 2151 principes
1421 2074 1600 2150 regni
1620 2073 1764 2133 snb-

202 2158 361 2219 ditos
399 2160 534 2237 regi
563 2178 689 2221 non
717 2179 892 2239 posse
933 2162 1103 2239 leges
1133 2164 1313 2224 ferre.
1359 2166 1584 2244 Estque
1611 2184 1761 2226 con-

207 2258 572 2313 sentaneum
619 2251 743 2331 legi
786 2255 1055 2315 naturali
1098 2262 1159 2316 et
1197 2256 1322 2335 juri
1365 2261 1646 2334 gentium
1695 2266 1764 2320 ut

203 2351 369 2406 recte
396 2344 644 2406 deducit
679 2345 858 2406 divus
888 2347 1154 2407 Thomas
1177 2367 1238 2427 q.
1263 2351 1372 2422 90,
1404 2368 1462 2410 a.
1496 2353 1553 2423 3,
1588 2358 1649 2412 et
1676 2353 1762 2412 ibi

205 2440 411 2500 caeteri
440 2439 734 2517 theologi.
782 2440 857 2499 Et
884 2458 1030 2499 usus
1059 2442 1248 2499 etiam
1277 2440 1460 2519 huJus
1493 2444 1669 2521 regni
1696 2445 1763 2505 id

203 2537 427 2593 servat.
481 2534 566 2592 De
606 2550 726 2611 quo
766 2531 964 2591 videri
1001 2538 1200 2611 potest
1241 2532 1426 2592 Azeb.
1473 2534 1540 2593 in
1573 2536 1763 2613 Leges

208 2625 499 2703 Hispan.,
541 2624 650 2685 lib.
691 2628 752 2699 2,
798 2643 929 2703 cap.
964 2629 990 2685 l
1021 2641 1041 2701 3
1087 2624 1270 2702 Greg.
1316 2632 1527 2686 autem
1567 2629 1763 2707 Lopez

204 2724 463 2778 conatur
509 2716 688 2778 aliter
738 2717 909 2778 illam
964 2717 1167 2796 legem
1222 2719 1637 2798 interpretari,
1665 2722 1760 2782 vel

205 2810 474 2871 limitare
502 2832 516 2870 :
550 2810 655 2871 scd
682 2828 809 2871 non
836 2817 926 2870 est
952 2813 1296 2872 necessaria
1322 2811 1444 2873 alia
1475 2813 1763 2875 limitatio

207 2909 430 2983 praeter
462 2921 598 2964 eam
639 2922 824 2982 quam
854 2905 1032 2982 ponit
1057 2905 1158 2965 lex
1188 2905 1353 2983 ipsa,
1383 2906 1614 2966 scilicet
1643 2908 1763 2968 nisi

208 2998 297 3058 eis
323 2998 508 3058 fuerit
545 3016 655 3077 per
694 2997 860 3076 leges
898 2998 1243 3077 specialiter
1285 3018 1663 3073 concessum,
1694 3007 1766 3061 ut

206 3090 479 3152 dicemus
510 3091 698 3153 etiam
725 3090 793 3151 in
820 3090 1038 3152 ultimo
1066 3090 1253 3153 dubio
1281 3092 1466 3172 hujus
1493 3093 1711 3172 capitis
1743 3116 1758 3154 ι

206 3204 355 3246 nam
381 3186 582 3265 quoad
607 3185 724 3245 hoc
749 3186 965 3246 eadem
990 3191 1082 3246 est
1102 3189 1259 3247 ratio
1282 3187 1359 3247 de
1383 3187 1480 3248 his
1501 3194 1765 3266 potesta-

204 3277 468 3351 tatibuS,
519 3296 658 3357 quae
693 3278 770 3338 de
798 3277 1147 3338 civitatibus
1171 3279 1353 3357 regni
1365 3324 1386 3355 ,
1437 3280 1513 3340 de
1542 3281 1764 3359 quibus

203 3371 397 3433 ctiam
426 3371 720 3433 dicemus,

290 3469 349 3527 6.
398 3465 557 3539 Quid
588 3466 656 3527 de
681 3465 1204 3527 communitatibus
1241 3483 1372 3545 quoe
1392 3483 1504 3544 per
1538 3467 1769 3545 seipsas

204 3559 620 3636 ,qubernantur
647 3558 973 3619 dicendum.
1009 3590 1087 3603 -
1115 3558 1344 3630 Quarto
1383 3558 1769 3619 concluditur

206 3668 281 3711 ex
313 3651 489 3712 dictis
530 3655 895 3728 potestatem
935 3651 1095 3711 hanc
1133 3651 1537 3730 legislativam
1579 3653 1768 3713 etiam

207 3761 337 3804 esse
362 3744 427 3804 in
458 3742 579 3804 illis
604 3744 1147 3804 communitatibus
1170 3744 1474 3823 perfectiS,
1496 3763 1636 3824 quae
1659 3764 1769 3825 per

207 3838 439 3917 seipsas
485 3843 547 3898 ct
596 3855 723 3897 non
768 3856 879 3915 per
927 3856 1102 3916 reges
1148 3838 1594 3916 gubernantur,
1639 3840 1768 3900 sive

207 3931 644 4005 aristocratice,
680 3929 808 3990 sive
834 3930 1214 4009 populariter
1250 3938 1582 4008 regantur3
1613 3931 1769 3992 illud

208 4022 608 4102 intelligendo
636 4040 778 4083 cum
806 4024 1198 4102 proportione
1221 4030 1283 4085 et
1311 4024 1640 4102 partitione
1666 4043 1768 4085 ac-

208 4116 555 4177 commoda.
584 4117 673 4176 lta
699 4116 964 4177 sumitur
1006 4135 1084 4177 ex
1111 4115 1154 4177 1.
1192 4116 1403 4178 Omnes
1428 4118 1664 4195 populi,
1695 4116 1763 4177 ff.

207 4211 284 4272 de
311 4211 344 4272 J
350 4210 515 4272 ustit.
545 4216 606 4271 et
628 4211 753 4290 jur.
762 4256 781 4287 ‚
808 4215 871 4271 et
891 4210 977 4270 ibi
1001 4210 1224 4271 docent
1244 4227 1457 4270 omnes
1481 4225 1496 4269 :
1522 4214 1584 4269 et
1608 4210 1767 4270 ratio

207 4310 301 4365 est
348 4306 536 4364 etiam
578 4303 923 4380 manifesta,
961 4303 1108 4383 quia
1146 4302 1243 4365 hae
1293 4302 1768 4364 communitates

207 4399 272 4458 in
302 4416 365 4458 se
389 4398 659 4459 retinent
687 4415 1041 4477 supremam
1073 4402 1437 4476 potestatem
1461 4396 1766 4476 guberna-

207 4491 424 4565 tivam,
453 4508 594 4552 cum
618 4508 746 4550 non
760 4490 1189 4551 transtulerint
1215 4491 1387 4552 illam
1399 4491 1468 4551 in
1492 4490 1767 4570 aliquem

207 4584 592 4663 principem:
623 4601 771 4662 ergo
799 4601 910 4663 per
945 4583 1116 4644 illam
1159 4589 1416 4663 possunt
1454 4583 1572 4644 sibi
1599 4583 1767 4662 leges

208 4676 493 4738 condere.
540 4676 714 4737 Unde
756 4674 828 4735 fit
871 4677 1036 4737 idem
1082 4676 1413 4738 dicendum
1452 4694 1578 4738 esse
1624 4694 1768 4736 cum
1800 4702 1807 4710 ·

207 4769 601 4848 proportione
642 4768 719 4829 de
746 4768 869 4828 illis
896 4769 1336 4849 rebuspublicis
1368 4787 1504 4848 quae
1559 4787 1769 4848 supre-

207 4880 376 4923 mam
423 4862 491 4923 in
536 4880 600 4923 se
643 4866 1008 4941 potestatem
1049 4863 1352 4938 retinent,
1396 4866 1468 4921 ut
1510 4863 1767 4937 Veneta,

206 4955 567 5030 Genuensiei,
604 4959 667 5014 et
713 4953 980 5016 similes:
1026 4973 1184 5034 quae,
1231 4954 1375 5016 licet
1417 4954 1533 5014 sibi
1574 4973 1772 5016 unum

204 5048 428 5108 ducem
466 5046 567 5108 vel
613 5047 952 5127 principem
998 5047 1251 5125 eligant,
1295 5066 1423 5108 non
1452 5052 1665 5109 tamen
1702 5047 1771 5107 in

204 5160 351 5204 eum
378 5141 772 5220 Jtransferunt
805 5158 1054 5201 omnem
1093 5147 1495 5221 potestatem:
1529 5141 1669 5201 ideo
1701 5142 1769 5201 in

203 5234 327 5295 illis
355 5235 634 5312 regimen
663 5238 754 5293 est
782 5235 1045 5293 mixtum
1080 5239 1142 5294 et
1178 5252 1465 5312 suprema
1504 5239 1768 5314 potestas

203 5346 406 5407 neque
435 5332 526 5387 est
554 5326 620 5385 in
649 5325 924 5405 principe
951 5324 1102 5401 so10,
1129 5343 1330 5404 neque
1352 5326 1420 5386 in
1448 5326 1576 5387 sola
1602 5344 1767 5386 com-

203 5422 534 5493 munitate,
573 5423 651 5478 ut·
676 5418 755 5479 ab
798 5417 905 5477 illo
937 5418 1359 5496 distinguitur,
1391 5419 1496 5479 sed
1535 5419 1601 5480 in
1639 5424 1768 5479 toto

201 5531 458 5595 corpore
506 5530 647 5574 cum
692 5512 914 5591 capite.
961 5511 1161 5593 Atque
1210 5512 1426 5575 eodem
1470 5512 1656 5576 modo
1701 5513 1768 5574 in

3287 389 3407 450 203

1838 494 1967 549 toto
2000 488 2133 569 ipso
2161 489 2389 550 residet
2417 495 2682 569 potestas
2718 490 2885 570 leges
2912 489 3175 567 ferendi,
3216 491 3303 553 ita
3336 500 3408 555 ut

1839 600 1952 642 nec
1996 583 2407 643 communitas
2448 584 2579 644 sine
2624 584 2922 663 principe,
2968 601 3081 644 nec
3124 585 3405 666 princeps

1838 676 1970 735 sine
1997 677 2442 737 communitate
2473 677 2608 736 illas
2635 676 2796 737 ferre
2824 676 3045 737 valeat.
3082 678 3287 738 Posset
3313 685 3406 740 ta-

1838 786 1983 829 men
2012 767 2356 847 respublica
2383 769 2610 848 eligere
2640 769 2981 848 principem
3020 786 3157 828 cum
3194 769 3408 847 hujus·

1840 860 2010 921 modi
2040 867 2361 940 potestate,
2393 868 2454 922 et
2486 869 2632 922 tunc
2673 861 2876 941 quoad
2918 870 3126 921 actum
3166 861 3404 923 ferendi

1838 953 2044 1032 legem
2069 953 2323 1014 habebit
2365 955 2647 1033 regimen
2692 953 3178 1029 monarchicum,
3223 959 3284 1015 et
3321 955 3408 1015 ita

1838 1047 2125 1126 princeps
2165 1048 2328 1109 solus
2365 1053 2514 1109 tunc
2542 1054 2743 1129 posset
2787 1046 2954 1126 leges
2985 1047 3219 1108 validas
3261 1066 3408 1109 con·

1842 1139 2009 1201 dere.

1923 1235 1981 1292 7.
2028 1234 2161 1293 Duo
2188 1251 2334 1295 vero
2349 1233 2448 1294 hic
2464 1238 2796 1312 supersunt
2811 1233 3001 1295 dubia
3019 1233 3404 1314 explicanda,

1842 1343 2039 1386 unum
2081 1327 2242 1387 circa
2283 1326 2625 1404 singulares
2669 1313 2985 1406 personas,
3031 1326 3201 1386 aliud
3247 1329 3408 1389 circa

1841 1420 2334 1480 communitates
2369 1419 2648 1480 Primum
2690 1438 2838 1497 ergo
2881 1434 2972 1480 est
3002 1438 3085 1479 an
3125 1419 3257 1480 haec
3300 1438 3408 1498 po·

1841 1517 2027 1573 testas
2053 1512 2394 1590 legislativa
2427 1513 2624 1573 civilis
2656 1513 2848 1593 possit
2880 1530 3009 1573 esse
3043 1513 3110 1571 in
3150 1512 3405 1586 femina,

1841 1622 1950 1664 seu
1977 1605 2193 1683 regina
2219 1605 2461 1666 haerede
2488 1606 2688 1685 regni.
2722 1606 2976 1679 Quando
3004 1606 3171 1665 enim
3204 1604 3407 1666 solum

1843 1696 2028 1757 habet
2060 1697 2213 1757 illud
2245 1717 2473 1759 nomen
2503 1705 2565 1759 et
2598 1699 2965 1777 dignitatem
2996 1706 3246 1777 propter
3275 1716 3408 1758 ma-

1840 1791 2203 1851 trimonium
2241 1809 2386 1853 cum
2414 1810 2585 1870 rege,
2629 1797 2865 1853 certum
2895 1797 2988 1852 est
3025 1810 3152 1852 non
3178 1791 3407 1852 habere

1842 1900 1920 1942 ex
1957 1884 2020 1943 vi
2047 1883 2213 1944 illius
2246 1890 2609 1964 potestatem
2644 1884 2881 1945 ferendi
2910 1885 3095 1963 legeS,
3125 1884 3272 1964 quia
3302 1884 3409 1944 illa

1843 1994 1970 2036 non
2021 1983 2111 2037 est
2158 1978 2426 2056 dignitas
2472 1978 2919 2056 jurisdictionis
2934 2024 2954 2053 ,
3005 1978 3113 2038 sed
3162 1983 3408 2037 tantum

1841 2069 2117 2130 honoris,
2150 2070 2325 2131 Unde
2366 2089 2493 2131 non
2523 2072 2721 2132 solum
2765 2090 2893 2131 non
2931 2071 3118 2133 habet
3145 2076 3407 2150 potesta-

1843 2169 1971 2223 tem
2017 2163 2452 2242 legislativam,
2497 2183 2714 2226 verum
2759 2166 2947 2225 etiam
2992 2183 3105 2225 nec
3136 2164 3409 2242 aliquam

1841 2256 2158 2334 propriam
2203 2255 2740 2332 gubernationem,
2790 2258 2910 2317 nisi
2957 2257 3013 2317 ei
3065 2256 3409 2336 specialiter

1844 2348 2240 2408 concedatur.
2308 2349 2642 2409 Difficultas
2696 2367 2844 2427 ergo
2901 2354 3112 2409 manet
3164 2348 3408 2427 quando

1842 2439 2071 2500 mulier
2095 2446 2187 2500 est
2217 2440 2433 2517 haeres,
2459 2449 2521 2502 et
2546 2461 2656 2522 per
2684 2461 2748 2503 se
2777 2461 2849 2502 ac
2880 2444 3119 2502 ratione
3149 2441 3409 2521 propriae

1841 2533 2238 2593 successionis
2287 2535 2506 2611 regina
2555 2534 2770 2596 effecta
2818 2539 2931 2594 est.
2981 2534 3191 2594 Videri
3240 2534 3410 2594 enim

1843 2632 2041 2706 potest
2068 2627 2473 2689 nihilominus
2500 2635 2708 2690 actum
2736 2629 2976 2690 ferendi
3006 2629 3208 2705 legem
3236 2646 3409 2689 exce-

1845 2720 1990 2780 dere
2016 2719 2371 2780 facultatem
2395 2726 2458 2781 et
2489 2722 2888 2800 capacitatem
2921 2721 3178 2781 feminei
3201 2738 3404 2781 sexus·

1844 2813 2001 2873 Dicit
2029 2813 2197 2874 enim
2228 2813 2400 2874 Paul.
2434 2818 2464 2874 1
2499 2814 2771 2875 Timoth.
2801 2817 2880 2875 2:
2916 2814 3137 2876 Docere
3162 2814 3410 2875 mulieri

1843 2925 1959 2968 uon
1981 2908 2287 2986 permitto,
2317 2927 2419 2969 neo
2447 2910 2746 2970 dominari
2773 2910 2940 2982 τίη),-
2962 2909 3067 2970 sed
3094 2908 3201 2969 sub
3234 2907 3410 2969 illiue

1845 3016 1966 3061 esee
2001 3004 2310 3076 potestate,
2342 3005 2415 3059 ut
2450 3000 2701 3061 additur
2733 3004 2763 3060 1
2813 3000 3087 3061 Corinth.
3120 3003 3228 3075 Η,
3259 3017 3409 3077 ergo

1844 3091 2041 3152 multo
2061 3091 2267 3152 minus
2296 3097 2494 3172 potest
2511 3092 2680 3171 leges
2704 3092 2889 3169 ferre,
2910 3098 2972 3153 et
2993 3092 3160 3152 hunc
3177 3096 3380 3151 actum
3385 3137 3405 3167 ,

1844 3184 1952 3263 qui
2005 3185 2275 3263 supremi
2324 3185 2585 3245 dominii
2615 3192 2730 3260 est,
2775 3186 2841 3245 in
2886 3190 3082 3245 totam
3129 3183 3409 3243 virorum

1844 3277 2353 3338 communitatem
2375 3296 2675 3339 exercere.
2700 3280 2774 3338 Et
2796 3277 3197 3338 confirmatur
3219 3297 3234 3336 :
3263 3294 3410 3336 nam

1847 3368 1914 3428 in
1960 3369 2004 3429 l.
2049 3371 2355 3445 Femiuoe,
2397 3370 2463 3430 ff.
2510 3371 2586 3431 de
2632 3370 2854 3448 Regul.
2882 3372 3007 3449 jur.
3053 3369 3277 3429 dicitur
3324 3368 3413 3429 ie·

1847 3461 2052 3521 minas
2070 3462 2148 3522 ab
2168 3463 2457 3524 omnibus
2486 3463 2699 3524 officiis
2726 3463 3007 3523 civilibus
3033 3462 3133 3524 vel
3155 3462 3414 3542 publicis

1847 3561 2114 3616 remotas
2160 3573 2310 3631 esse,
2353 3562 2415 3617 et
2444 3557 2585 3617 ideo
2632 3575 2746 3617 nec
2779 3557 3019 3634 judices
3064 3574 3193 3617 esse
3239 3574 3414 3635 posse

1848 3666 1962 3710 nec
2012 3650 2406 3728 magistratus
2455 3668 2704 3730 gerere:
2753 3650 2952 3710 multo
3003 3667 3152 3727 ergo
3204 3650 3412 3711 minus

1846 3747 2099 3821 possunt
2138 3743 2466 3822 imperare,
2498 3750 2568 3805 ut
2595 3744 2783 3806 infert
2829 3744 3210 3822 Augustinus
3252 3743 3412 3804 libro

1846 3835 2264 3908 Quaestionum
2293 3836 2438 3896 novi
2462 3841 2524 3898 et
2544 3838 2766 3899 veteris
2787 3836 3191 3911 Testamenti,
3218 3855 3279 3915 q.
3307 3838 3408 3911 45,

1847 3935 1911 3989 et
1936 3928 2297 3990 refertur-in
2330 3948 2467 4008 cap.
2499 3930 2843 4005 Mulierem,
2874 3932 2976 4006 33,
3002 3948 3061 4007 q.
3092 3931 3152 3990 5.

1927 4024 1986 4082 8.
2032 4023 2330 4100 Reqinam
2351 4024 2524 4101 requi
2552 4024 2853 4084 dominam
2887 4040 3058 4101 posse
3090 4022 3244 4100 loyes
3274 4041 3412 4085 eon-

1847 4114 2509 4191 dere.—-Nihilominus
2531 4121 2765 4175 certum
2796 4122 2885 4174 est
2906 4115 3191 4193 reginam
3217 4114 3414 4175 domi-

1846 4228 1994 4270 nam
2019 4209 2194 4286 regni
2234 4226 2409 4288 posse
2432 4208 2600 4287 leges
2640 4207 2902 4269 condere
2931 4207 3187 4286 perinde
3220 4227 3291 4269 ac
3317 4228 3413 4271 re·

1847 4319 2013 4381 gem.
2042 4302 2110 4361 In
2132 4300 2363 4380 duplici
2382 4306 2591 4362 autem
2619 4306 2785 4362 statu
2812 4305 3012 4380 potest
3038 4300 3171 4361 haec
3196 4302 3414 4380 regina

1846 4393 2244 4471 considerari,
2274 4394 2495 4474 primo,
2528 4396 2595 4455 in
2624 4400 2788 4456 statu
2813 4393 3010 4454 libero
3033 4412 3071 4453 a
3097 4394 3414 4455 matrimo-

1847 4488 1937 4549 nii
1972 4487 2221 4548 vinculo
2246 4533 2266 4563 ,
2315 4486 2414 4547 vel
2472 4488 2621 4566 quia
2671 4487 2951 4547 nondum
3000 4486 3211 4565 nupsit
3271 4486 3413 4548 licet

1846 4599 2110 4659 regnum
2144 4579 2448 4659 possideat
2470 4586 2532 4642 et
2553 4581 2881 4659 gubernet,
2910 4578 3010 4641 vel
3052 4579 3198 4659 quia
3225 4579 3416 4641 vidua

1848 4680 1958 4734 est.
1979 4673 2283 4747 Secundo,
2305 4678 2505 4751 potest
2524 4672 2898 4734 considerari
2919 4672 2986 4731 in
3015 4677 3180 4733 statu
3201 4673 3414 4733 matri-

1848 4766 2066 4827 monii.
2086 4766 2170 4827 De
2189 4765 2381 4845 priori
2407 4771 2570 4826 statu
2590 4771 2683 4827 est
2706 4784 2804 4827 res
2814 4764 3143 4827 manifesta
3165 4770 3227 4825 et
3240 4772 3414 4827 extra

1851 4861 2333 4921 controversiam
2353 4874 2369 4919 :
2395 4859 2540 4938 quia
2558 4859 2963 4938 supponimus
2982 4875 3112 4919 esse
3129 4876 3273 4919 vere
3301 4859 3412 4919 do-

1852 4955 2091 5014 minam
2118 4953 2335 5032 regni3
2356 4970 2503 5032 ergo
2532 4952 2719 5015 habet
2750 4953 2817 5013 in
2845 4970 2910 5012 se
2928 4957 3294 5032 potestatem
3316 4971 3413 5014 re-

1850 5050 2043 5126 giam,
2066 5064 2202 5126 quae
2240 5045 2586 5125 legislativa
2613 5051 2726 5121 est,
2759 5050 2821 5105 et
2857 5050 3008 5105 tunc
3033 5044 3102 5104 in
3129 5062 3246 5104 usu
3275 5045 3406 5124 ejus

1849 5160 1888 5202 a
1934 5140 2108 5201 nullo
2148 5140 2463 5217 superiore
2509 5138 2757 5218 pendet,
2788 5138 2937 5217 quia
2963 5155 3038 5197 ex
3081 5155 3143 5198 se
3172 5137 3411 5199 nullum

1848 5235 2036 5295 habet
2057 5235 2123 5293 in
2145 5232 2607 5311 temporalibus,
2629 5238 2699 5292 ut
2725 5231 3111 5309 supponitur,
3140 5249 3254 5292 nec
3303 5251 3416 5311 per

1850 5325 2316 5388 matrimonium
2343 5325 2520 5384 illum
2549 5323 2899 5403 assumpsit,
2926 5327 2997 5382 ut
3025 5322 3212 5384 etiam
3238 5326 3413 5403 poni-

1847 5427 1983 5496 tur;
2003 5437 2149 5498 ergo
2168 5422 2367 5498 potest
2385 5417 2576 5478 libere
2605 5417 2698 5478 uti
2720 5416 2827 5477 illa
2847 5422 3147 5496 potestate
3169 5423 3230 5478 et
3246 5417 3414 5496 leges

1847 5513 2032 5578 ferre.
2071 5514 2225 5575 Item
2253 5510 2404 5573 alias
2430 5516 2641 5575 contra
2668 5511 2974 5573 rationem
2999 5514 3157 5574 esset
3184 5513 3245 5572 et
3268 5526 3414 5573 con-
