3976 6219
794 376 930 429 GAP.
965 376 1119 429 xxn.
1155 376 1372 430 mmm
1400 375 1525 429 LEX
1557 373 1695 428 Ipso
1724 372 1877 426 mm:
1907 373 2195 427 lnm'rANs
2226 374 2454 440 AC'rtm,
2488 375 2781 441 mmmm,
2817 377 2951 430 ETC.

258 478 496 541 tionem
517 481 713 552 actuS,
734 476 1004 538 intendit
1022 479 1191 556 prior
1208 478 1495 539 dominus
1517 476 1824 558 peculiare

263 571 755 633 emolumentum
782 570 902 629 sibi
921 569 1200 630 debitum
1216 571 1446 632 virtute
1466 570 1826 649 legis.Tunc

265 664 373 724 illa
413 662 688 723 rescissio
724 668 1072 723 contractus
1122 681 1248 723 non
1292 661 1481 724 habet
1509 662 1823 742 propriam

264 756 570 816 rationem
602 772 823 833 poenae,
861 754 961 814 vel
1008 754 1224 815 saltem
1260 755 1328 815 in
1363 754 1474 815 tali
1514 773 1692 815 causa
1715 773 1827 833 per

264 865 451 926 quam
478 852 648 907 actor
685 845 787 906 ille
829 846 930 924 jus
960 863 1140 906 suum
1172 847 1348 925 petit,
1390 865 1517 907 non
1550 846 1826 908 conside-

263 945 439 999 ratur
465 939 772 1018 praecipue
798 940 955 999 ratio
982 955 1202 1017 poenae,
1234 939 1338 1000 sed
1367 956 1465 1000 res
1493 940 1740 1014 actoriS,
1764 944 1826 1000 et

262 1032 570 1110 reparatio
597 1031 788 1105 illius,
818 1037 881 1091 et
893 1031 1034 1093 ideo
1052 1050 1197 1092 cum
1223 1032 1303 1093 ab
1323 1032 1431 1094 illa
1452 1050 1827 1112 consequen-

262 1124 343 1184 da
379 1142 490 1203 per
511 1124 728 1202 iniqua
753 1123 959 1185 media
984 1125 1344 1204 impeditur,
1374 1125 1466 1185 illi
1494 1125 1567 1185 fit
1597 1126 1827 1203 injuria

265 1222 480 1276 contra
501 1217 808 1295 justitiam
830 1218 1356 1294 commutativam,
1380 1237 1521 1298 quae
1547 1218 1626 1280 ad
1649 1218 1825 1280 resti-

264 1310 569 1370 tutionem
614 1309 849 1387 obligat
890 1309 955 1369 in
996 1311 1244 1391 propria
1291 1313 1510 1391 specie,
1562 1318 1635 1373 ut
1669 1314 1819 1389 dixi,

265 1403 512 1482 quando
536 1402 777 1464 debitor
796 1403 863 1462 in
885 1402 993 1463 illa
1019 1403 1254 1465 solvere
1285 1410 1504 1483 potest.
1529 1406 1607 1465 Et
1630 1405 1720 1466 ita
1745 1405 1824 1465 ad

263 1495 704 1573 obJectionem,
753 1502 1055 1575 quatenus
1102 1506 1314 1562 contra
1359 1497 1475 1559 hoc
1512 1498 1820 1578 procedit,

265 1592 532 1664 negatur
558 1589 1018 1666 consequentia,
1040 1591 1185 1668 quia
1211 1590 1281 1650 in
1307 1609 1512 1670 poena,
1537 1591 1681 1652 licet
1710 1609 1822 1671 per

265 1680 546 1740 fraudem
573 1680 967 1759 impediatur,
1013 1700 1139 1742 non
1175 1682 1247 1742 fit
1285 1690 1497 1744 contra
1517 1685 1823 1763 justitiam

264 1774 794 1849 commutativam,
816 1780 885 1834 ut
913 1780 1003 1835 est
1028 1775 1364 1855 probabile.
1397 1777 1575 1838 Unde
1603 1779 1655 1838 si
1681 1796 1825 1838 con-

265 1866 465 1945 tingat
489 1872 693 1928 actum
722 1867 832 1946 qui
864 1868 1199 1929 irritandus
1244 1874 1357 1946 est,
1399 1870 1598 1931 solum
1646 1871 1825 1933 titulo

264 1976 462 2037 poenae
485 1976 614 2021 esse
632 1960 1029 2036 irritandum,
1060 1967 1123 2023 et
1151 1980 1278 2023 non
1298 1969 1550 2043 propter
1570 1965 1828 2045 speciale

265 2053 363 2130 jus
409 2053 575 2131 quod
604 2058 775 2114 actor
800 2055 972 2134 prius
997 2055 1253 2117 haberet
1282 2057 1351 2116 in
1390 2076 1525 2118 rem
1552 2076 1690 2137 quae
1718 2077 1828 2137 per

266 2143 454 2204 talem
502 2151 705 2205 actum
748 2145 870 2206 tuit
906 2148 975 2206 in
1006 2147 1200 2209 alium
1244 2150 1562 2224 translata,
1601 2151 1707 2211 sed
1734 2169 1829 2211 so-

267 2236 402 2296 lum
427 2237 573 2315 quia
600 2237 867 2298 intendit
882 2244 952 2298 ut
971 2258 1154 2318 poena
1180 2240 1272 2301 illi
1295 2242 1658 2322 applicetur,
1684 2244 1833 2322 quia

269 2329 429 2389 cedit
462 2329 528 2388 in
557 2329 691 2407 ejus
729 2331 1102 2394 utilitatem:
1138 2334 1207 2394 in
1251 2335 1364 2395 tali
1391 2353 1533 2396 casu
1570 2354 1699 2406 non
1738 2341 1832 2397 est

271 2421 676 2499 improbabile
689 2440 867 2483 reum
884 2443 1012 2485 non
1035 2428 1234 2487 teneri
1253 2428 1330 2488 ad
1352 2429 1828 2505 restitutionem,

271 2515 512 2574 etiamsi
546 2533 658 2593 per
703 2515 919 2595 iniqua
963 2518 1169 2579 media
1209 2538 1275 2580 se
1318 2520 1627 2582 defendat.
1678 2522 1833 2595 Quia

271 2611 422 2666 tunc
447 2624 574 2666 non
607 2614 819 2686 peccat
844 2613 1058 2670 contra
1089 2612 1398 2688 justitiam
1443 2615 1836 2674 commutati-

275 2717 416 2759 vam
440 2705 716 2776 respectu
747 2701 973 2778 privati
990 2703 1231 2773 actoris,
1263 2704 1368 2765 sed
1393 2705 1593 2765 solum
1620 2711 1835 2766 contra

270 2792 575 2869 jiistitiam
626 2790 890 2868 legalem
929 2800 1208 2871 respectu
1262 2797 1609 2857 communis
1644 2798 1792 2858 honi
1807 2844 1827 2874 ,

274 2883 373 2943 vel
400 2888 611 2944 contra
639 2882 1053 2943 obedientiam
1072 2890 1132 2945 et
1156 2887 1482 2965 justitiam,
1509 2907 1633 2967 qua
1663 2895 1834 2950 tene-

272 2974 455 3035 batur
484 2975 680 3052 judici
709 2980 770 3034 et
795 2975 1167 3054 reipublicae.
1202 2980 1303 3054 Ut,
1334 2979 1508 3038 verbi
1532 2981 1752 3057 gratia,
1782 2981 1833 3039 si

274 3068 410 3146 quis
438 3068 517 3128 sit
553 3071 911 3128 consecutus
931 3067 1305 3131 beneficium
1327 3071 1550 3146 valide,
1577 3089 1704 3132 non
1725 3089 1837 3151 per

273 3161 774 3239 resignationem,
825 3162 925 3223 vel
970 3162 1368 3224 donationem
1409 3163 1671 3240 alicujus
1712 3166 1835 3241 pri-

272 3260 428 3314 vatae
469 3271 765 3332 personae,
811 3255 985 3332 cujus
1025 3260 1208 3316 antea
1254 3254 1623 3316 beneficium
1653 3260 1831 3330 esset,

275 3346 378 3405 sed
409 3346 556 3424 quia
573 3345 944 3406 beneficium
966 3347 1247 3424 vacabat,
1279 3353 1341 3409 et
1367 3348 1679 3408 ordinario
1704 3365 1835 3408 mo-

276 3437 355 3497 do
391 3437 511 3498 fuit
552 3439 630 3498 ad
660 3438 814 3498 illud
854 3438 1079 3500 electus
1116 3440 1217 3501 vel
1244 3440 1525 3518 provisus
1559 3457 1704 3500 cum
1726 3440 1834 3501 ali-

275 3548 398 3609 quo
439 3537 649 3592 tamen
693 3532 957 3608 defectu,
1004 3533 1245 3594 ratione
1297 3533 1472 3610 qu‘us
1517 3537 1717 3611 potest
1771 3538 1835 3593 et

273 3622 455 3684 debet
482 3624 721 3685 collatio
757 3625 983 3685 cassari
1006 3641 1027 3702 3
1076 3631 1226 3685 tunc
1263 3625 1408 3686 licet
1452 3624 1612 3684 alius
1638 3625 1832 3703 impe-

274 3719 395 3775 tret
425 3716 522 3793 jus
544 3716 623 3776 ad
648 3715 1042 3791 beneficium,
1065 3723 1127 3777 et
1149 3723 1293 3795 agat
1320 3717 1396 3776 ad
1421 3715 1833 3777 irritationem

273 3807 636 3883 collationis,
661 3814 722 3870 et
746 3827 1051 3888 possessor
1070 3827 1134 3870 se
1153 3810 1367 3889 inique
1389 3808 1703 3883 defendat,
1733 3808 1834 3869 vel

273 3900 579 3961 defectum
618 3903 909 3978 occultet,
940 3908 1003 3964 et
1037 3902 1447 3963 irritationem
1492 3901 1832 3962 collationis

270 3992 590 4071 impediat,
620 4012 749 4054 non
770 3994 1018 4055 videtur
1040 3995 1238 4055 teneri
1264 3993 1333 4053 in
1355 3991 1727 4053 conscientia
1754 3993 1832 4053 ad

274 4084 748 4163 relinquendum
764 4084 1157 4159 beneficium,
1178 4084 1326 4163 quia
1345 4101 1473 4143 non
1491 4084 1639 4145 fecit
1656 4083 1834 4144 alteri

273 4175 664 4254 injustitiam,
708 4177 812 4237 sed
851 4177 1049 4237 solum
1075 4177 1204 4255 egit
1247 4177 1327 4237 ad
1372 4176 1833 4240 excusationem

270 4286 491 4347 poenae,
536 4268 616 4328 ad
657 4286 847 4347 quam
892 4270 1047 4330 alter
1081 4287 1210 4330 non
1240 4269 1427 4331 habet
1447 4269 1708 4350 speciale
1732 4270 1832 4347 jus

266 4360 520 4437 justitiae
542 4361 1018 4436 commutativae,
1053 4362 1200 4442 quia
1230 4380 1356 4423 non
1392 4367 1643 4442 propter
1666 4362 1832 4422 illius

270 4452 667 4512 commodum
693 4453 983 4532 imposita
1014 4460 1126 4530 est,
1166 4455 1272 4516 sed
1312 4459 1556 4515 tantum
1582 4459 1833 4533 propter

269 4543 753 4605 vindicationem
783 4545 1012 4623 delicti,
1055 4564 1194 4626 quoe
1224 4547 1302 4607 ad
1325 4547 1635 4626 justitiam
1664 4545 1831 4624 lega-

266 4635 393 4698 lem
419 4654 527 4699 seu
545 4637 693 4699 boni
719 4640 1067 4700 communis
1095 4645 1350 4720 spectat.

803 4794 1050 4857 CAPUT
1090 4795 1276 4856 XXII.

271 4961 473 5010 U'rntm
516 4962 632 5008 LEX
666 4963 790 5009 IPSO
827 4964 970 5010 sm
1005 4962 1280 5009 IRRITANS
1320 4960 1521 5008 AGTUM
1565 4959 1832 5006 nam-:mm

311 5056 520 5108 ALIQUo
547 5056 701 5102 MODO
726 5056 917 5103 Possrr
949 5057 1028 5103 NE
1056 5056 1254 5103 AGTUM
1274 5055 1504 5102 NULLUM
1533 5053 1789 5100 REnnA'r.

356 5194 415 5251 1.
460 5190 721 5268 Agimus
760 5191 838 5252 de
866 5190 1002 5270 lege
1041 5210 1179 5271 quae
1219 5208 1329 5269 per
1360 5207 1424 5251 se
1446 5195 1508 5250 et
1535 5195 1679 5250 ante
1700 5206 1831 5249 om-

274 5300 420 5344 nem
443 5283 814 5344 sententiam
841 5289 1051 5345 actum
1078 5285 1301 5359 irritat,
1334 5288 1395 5343 et
1420 5282 1736 5361 loquimur
1755 5281 1833 5341 de

274 5375 383 5435 illa
415 5383 818 5455 permanente
851 5377 920 5437 in
960 5395 1071 5437 sua
1098 5377 1161 5438 vi
1190 5381 1253 5437 et
1277 5381 1463 5450 statu,
1493 5375 1583 5435 ita
1612 5380 1682 5434 ut
1717 5391 1832 5434 nec

276 5467 884 5551 perabrogationem,
903 5487 1020 5533 nec
1032 5488 1145 5551 per
1156 5468 1676 5550 dispensationem
1693 5464 1836 5528 sub—

676 5592 739 5638 V·

1903 474 2030 536 lata
2048 475 2129 535 sit
2154 475 2288 553 ejus
2315 475 2634 554 obligatio.
2663 476 2921 538 Videtur
2952 477 3119 539 enim
3146 484 3295 540 tunc
3328 482 3464 545 fieri

1900 586 2032 629 non
2079 586 2252 647 posse
2289 574 2361 629 ut
2399 569 2540 630 talis
2583 569 2834 631 effectus
2875 570 3030 648 legis
3062 571 3461 652 impediatur,

1900 662 2098 741 posita
2142 662 2401 722 materia
2436 663 2604 741 ejus:
2645 664 2803 723 ratio
2844 668 2959 737 est,
2983 665 3132 743 quia
3159 666 3297 727 talis
3326 669 3464 729 irri-

1902 754 2054 814 tatio
2089 754 2160 814 fit
2187 772 2298 833 per
2338 754 2763 816 efficacitatem
2803 755 3104 818 moralem
3144 759 3465 838 ipsiusmet

1902 844 2084 922 legia,
2117 851 2180 906 et
2201 846 2290 905 ita
2330 846 2403 906 fit
2434 847 2502 906 in
2529 848 2747 909 eodem
2779 854 3097 910 momento
3123 850 3192 911 in
3218 871 3343 931 quo
3364 872 3463 915 ac-

1902 942 2003 997 tus
2023 937 2096 997 fit
2108 953 2129 1014 ;
2160 938 2366 998 nullus
2392 944 2601 999 autem
2623 945 2820 1019 potest
2845 939 2999 1019 legis
3019 944 3328 1006 actionem
3349 947 3465 1008 im·

1901 1028 2140 1109 pedire,
2155 1031 2300 1109 quia
2321 1031 2485 1092 solus
2508 1032 2790 1112 princeps
2805 1034 3085 1095 conditor
3095 1035 3250 1115 legis
3263 1056 3343 1117 po
3351 1044 3465 1100 test

1901 1123 2031 1183 vim
2066 1124 2221 1202 legis
2246 1124 2510 1200 auferre,
2539 1131 2603 1185 et
2629 1132 3073 1205 consequenter
3090 1129 3252 1190 solus
3275 1132 3464 1193 etiam

1902 1222 2103 1297 potest
2144 1217 2430 1278 effectum
2466 1218 2633 1279 illius
2668 1219 2967 1298 impedire
2993 1236 3013 1297 3
3053 1227 3118 1282 at
3151 1222 3466 1301 legislator

1885 1328 2032 1370 ·non
2058 1315 2257 1388 potest
2276 1311 2345 1369 in
2372 1311 2633 1390 ipsomet
2658 1317 2933 1390 tempore
2960 1314 3027 1372 in
3048 1332 3172 1393 quo
3199 1322 3369 1378 actus
3396 1318 3468 1379 fit

1903 1402 2072 1463 illius
2098 1403 2506 1465 irritationem
2525 1405 2848 1483 impedire,
2872 1407 2990 1466 nisi
3005 1410 3309 1486 praecedat
3333 1412 3465 1490 ejus

1906 1496 2303 1575 dispensatio,
2334 1515 2444 1557 seu
2464 1498 2780 1558 decretum
2793 1516 2917 1577 quo
2933 1499 3199 1561 declaret
3223 1521 3287 1563 se
3308 1505 3464 1565 velle

1905 1594 1976 1649 ut
2013 1589 2081 1649 in
2119 1607 2193 1650 eo
2225 1607 2368 1650 casu
2398 1588 2499 1650 lex
2543 1608 2672 1650 non
2699 1590 2950 1669 obliget,
2980 1610 3094 1653 nec
3123 1593 3348 1656 habeat
3376 1599 3466 1656 vi-

1907 1699 2147 1760 gorem,
2170 1681 2247 1743 de
2279 1700 2402 1760 quo
2428 1700 2570 1742 casu
2602 1701 2730 1743 non
2755 1683 3090 1762 loquimur,
3112 1686 3218 1747 sed
3234 1686 3310 1747 de
3329 1688 3466 1766 lege

1902 1775 2148 1853 integra
2190 1780 2251 1835 et
2288 1775 2641 1851 immutata,
2672 1780 2744 1835 ut
2768 1775 2938 1852 dixi3
2974 1794 3120 1854 ergo
3149 1796 3276 1838 non
3297 1779 3467 1840 vide-

1903 1873 2010 1927 tur
2026 1885 2200 1946 posse
2230 1867 2520 1946 impediri
2541 1867 2682 1927 talis
2711 1867 2985 1929 effectus.
3028 1870 3104 1928 Et
3143 1871 3470 1933 confirma-

1905 1966 2025 2034 tur,
2060 1977 2208 2020 nam
2231 1960 2284 2020 si
2304 1960 2595 2040 impediri
2619 1965 2843 2039 posset,
2870 1961 3143 2022 maxime
3170 1980 3280 2041 per
3296 1965 3470 2043 iguo-

1909 2053 2178 2112 rantiam
2198 2051 2620 2113 invincibilem
2639 2068 2660 2129 ;
2690 2052 2795 2112 sed
2816 2071 2942 2112 non
2961 2060 3157 2132 potest
3182 2055 3468 2135 impediri

1907 2163 2019 2224 per
2044 2144 2500 2223 ignorantiam;
2523 2162 2691 2219 erg0.
2711 2145 2908 2223 Major
2930 2163 3074 2204 cum
3094 2164 3470 2227 consequen-

1905 2237 1997 2296 tia
2040 2242 2230 2315 patet,
2261 2237 2408 2315 quia
2456 2235 2628 2296 nulla
2654 2241 2747 2297 est
2786 2237 3095 2315 potentior
3133 2242 3474 2317 excusati0,

1908 2348 2025 2391 nec
2076 2348 2215 2409 quae
2266 2330 2465 2408 magis
2507 2335 2712 2390 causet
2751 2329 3241 2391 involuntarium
3285 2352 3472 2412 quam

1908 2422 2283 2500 ignorantia.
2314 2422 2515 2482 Minor
2539 2439 2686 2482 vero
2722 2426 2892 2501 patet
2922 2422 3091 2500 quia,
3123 2423 3263 2484 licet
3296 2428 3472 2504 igno·

1910 2515 2113 2575 rantia
2168 2520 2416 2575 excuset
2458 2514 2724 2592 culpam,
2779 2532 2907 2574 non
2939 2533 3086 2575 vero
3117 2515 3278 2576 tollit
3313 2520 3474 2579 vires

1908 2607 2065 2685 legis
2102 2612 2237 2666 tam
2279 2607 2344 2666 in
2379 2606 2730 2684 obligando,
2775 2614 3077 2686 quantum
3118 2614 3209 2669 est
3258 2610 3333 2671 de
3383 2630 3471 2688 se,

1910 2718 2100 2779 quam
2129 2701 2196 2760 in
2225 2700 2563 2761 efficiendO.

1992 2794 2052 2851 2.
2103 2794 2169 2852 In
2214 2791 2330 2851 hoc
2362 2797 2591 2870 puncto
2628 2792 3021 2853 distinctione
3044 2796 3345 2857 utendum
3385 2804 3476 2858 est

1911 2884 2077 2945 inter
2121 2884 2534 2944 irritationem
2577 2884 2823 2963 proprie
2852 2886 3182 2964 poenalem,
3225 2906 3362 2966 quae
3408 2891 3475 2950 in

1912 2976 2126 3035 odium
2140 2975 2401 3052 alicujus
2417 2976 2646 3052 peccati
2665 2976 3087 3054 principaliter
3107 2978 3471 3057 imponitur,

1913 3071 1975 3127 et
2004 3066 2174 3127 illam
2204 3083 2341 3144 quae
2388 3084 2497 3146 per
2527 3084 2591 3126 se
2625 3066 2939 3128 inducitur
2962 3075 3212 3149 propter
3239 3071 3474 3133 bonum

1911 3164 1973 3218 et
1994 3160 2294 3233 favorem,
2317 3164 2426 3217 aut
2446 3159 2903 3220 communitatis
2922 3167 3028 3220 aut
3051 3163 3473 3226 membrorum

1914 3252 2066 3329 ejuS,
2095 3251 2223 3312 sive
2247 3251 2476 3312 directe
2503 3268 2614 3330 per
2635 3251 3112 3329 prohibitionem
3139 3261 3248 3315 aut
3274 3256 3475 3317 irrita-

1911 3344 2148 3404 tionem
2198 3348 2390 3418 actus,
2425 3343 2556 3405 sive
2601 3352 3044 3423 consequenter
3081 3364 3193 3424 per
3227 3348 3474 3409 institu-

1910 3437 2147 3496 tionem
2191 3435 2408 3498 formae
2452 3435 2807 3497 necessariae
2859 3436 2935 3497 ad
2985 3438 3257 3500 valorem
3302 3448 3475 3502 actus

1911 3528 2164 3589 inducta
2190 3529 2291 3588 sit.

1994 3621 2051 3682 3.
2103 3621 2380 3684 Cessante
2405 3638 2587 3683 causa
2612 3637 2721 3699 per
2752 3639 2813 3684 se
2833 3627 2890 3683 ct
2919 3624 3257 3703 adoequata,
3286 3633 3475 3690 cessat

1912 3716 2181 3793 effectus.
2200 3746 2282 3759 —
2309 3713 2515 3773 Primo
2546 3712 2742 3790 igitur
2768 3714 3095 3775 dicendum
3127 3723 3245 3777 est:
3280 3737 3475 3797 quan-

1912 3804 1993 3864 do
2032 3805 2294 3865 irritatio
2338 3809 2585 3864 tantum
2628 3805 2697 3864 in
2730 3824 2982 3884 poenam
3026 3808 3314 3887 imposita
3359 3818 3471 3888 cst,

1911 3912 2024 3974 per
2076 3895 2517 3973 ignorantiam,
2566 3897 2666 3956 vel
2712 3898 2900 3958 aliam
2951 3899 3215 3961 similem
3260 3920 3398 3981 quae
3436 3922 3475 3964 a

1911 3985 2092 4063 culpa
2136 3991 2407 4061 excusat,
2454 3986 2807 4064 impeditur.
2857 3989 3086 4049 Docent
3142 3992 3346 4067 Card.,
3405 3995 3475 4056 in

1912 4076 2214 4137 Clement.
2243 4080 2273 4137 1
2302 4077 2380 4137 de
2406 4078 2626 4153 Elect.,
2655 4083 2870 4156 quaest.
2899 4081 2974 4140 18
2989 4101 3005 4153 ;
3030 4081 3375 4161 Bolognet.,
3405 4087 3474 4146 in

1911 4164 1954 4227 l.
2007 4167 2218 4230 Omnes
2249 4169 2487 4246 populi,
2538 4168 2603 4229 ff.
2636 4169 2714 4229 de
2738 4170 2896 4231 Just.
2934 4178 2996 4232 et
3031 4174 3181 4250 jur„
3214 4193 3278 4235 n.
3331 4179 3470 4253 153,

1915 4258 2027 4318 ubi
2052 4259 2206 4319 alios
2232 4259 2440 4320 refert.
2473 4259 2793 4338 Probatur,
2819 4269 3089 4325 cessante
3114 4283 3298 4326 causa
3332 4269 3473 4345 (uti-

1915 4369 2037 4431 que
2058 4371 2170 4433 per
2191 4372 2255 4415 se
2282 4360 2345 4416 et
2371 4355 2738 4433 adaequata),
2762 4361 2954 4417 cessat
2970 4357 3222 4420 effectus
3240 4381 3258 4435 ;
3283 4363 3389 4422 sed
3404 4364 3473 4425 in

1912 4448 2196 4524 praesenti
2210 4464 2354 4507 casu
2372 4446 2552 4526 culpa
2565 4453 2653 4508 est
2665 4466 2843 4508 causa
2864 4467 2975 4528 per
2997 4469 3060 4511 se
3081 4457 3141 4512 et
3153 4453 3472 4532 adaequata

1908 4539 2052 4600 talis
2074 4539 2457 4614 irritationis,
2484 4539 2632 4618 quia
2659 4540 2776 4601 hoc
2801 4541 2987 4601 modo
3014 4547 3105 4603 est
3127 4561 3312 4606 causa
3342 4565 3471 4626 poe-

1908 4649 2033 4706 noe,
2059 4636 2121 4691 et
2142 4631 2251 4691 illa
2283 4631 2548 4691 irritatio
2568 4649 2754 4710 poena
2777 4635 3060 4712 quiedam
3087 4642 3203 4712 est,
3226 4643 3297 4697 ut
3327 4658 3473 4719 sup—

1909 4724 2192 4805 ponitur3
2227 4742 2398 4802 ergo.
2445 4725 2622 4785 Unde
2665 4726 3065 4788 confirmatur
3091 4746 3169 4789 ex
3195 4733 3470 4808 generali

1910 4817 2212 4897 principio
2253 4817 2420 4896 quod
2465 4817 2817 4895 ignorantia
2853 4837 3151 4881 excusans
3195 4823 3464 4903 culpam,

1909 4914 2158 4969 excuset
2179 4909 2367 4969 etiam
2390 4926 2662 4988 poenam,
2682 4911 2844 4988 quod
2858 4929 3043 4991 supra
3058 4913 3355 4976 traditum
3379 4922 3471 4977 est

1911 5007 1972 5063 et
1999 5002 2364 5080 probatum;
2399 5003 2507 5063 sed
2535 5021 2661 5063 non
2702 5008 2793 5064 est
2832 5004 3039 5065 minor
3072 5007 3230 5067 ratio
3256 5008 3325 5068 in
3351 5008 3469 5069 hac

1909 5114 2097 5176 poena
2118 5095 2480 5156 irritationis
2506 5102 2699 5172 actuS,
2729 5102 2799 5157 ut
2832 5116 3065 5158 cessare
3093 5099 3311 5161 debeat
3346 5120 3472 5163 ces-

1910 5194 2084 5249 sante
2112 5189 2312 5267 culpa,
2338 5207 2528 5267 quam
2555 5190 2623 5249 in
2666 5189 2846 5250 aliis:
2878 5206 3025 5266 ergo
3052 5191 3216 5251 idem
3257 5193 3326 5252 in
3364 5193 3472 5254 illa

1914 5280 2240 5341 dicendum
2264 5286 2377 5341 est.
2410 5282 2487 5340 Et
2522 5285 2723 5359 potest
2748 5279 2866 5340 hoc
2890 5280 3244 5342 confirmari
3271 5301 3347 5344 ex
3375 5284 3471 5344 his

1913 5390 2051 5451 quae
2079 5373 2347 5433 diximus
2373 5373 2482 5434 lib.
2536 5374 2578 5432 4
2613 5373 2690 5434 de
2732 5373 2927 5449 Orat„
2957 5392 3092 5453 cap.
3137 5377 3236 5450 30,
3268 5396 3333 5436 n.
3368 5380 3468 5453 17,

1909 5465 2163 5542 scilicet,
2192 5483 2337 5529 eum
2365 5466 2474 5547 qui
2500 5455 2916 5529 ex‘oblivione
2942 5468 3211 5530 naturali
3244 5468 3476 5531 omittit
