3976 6219
844 408 977 460 CAP.
1015 410 1121 461 XV.
1160 411 1242 461 AN
1276 411 1433 462 DEUS
1467 411 1547 460 ΒΕ
1581 409 1886 460 ΡΟΤΕΝΤΙΑ
1917 406 2242 459 ABsomJ'rA
2275 406 2671 468 DISPENSARE,
2706 405 2840 456 E‘rc.

248 527 377 571 esse
398 507 657 582 malum,
680 507 825 584 quia
842 508 934 566 rei
957 514 1178 566 natura
1190 525 1314 565 non
1329 512 1526 585 potest
1547 508 1797 583 mutari,

249 602 415 662 unde
455 619 569 661 nec
609 605 808 677 potest
846 600 985 660 talis
1023 605 1194 660 actus
1219 600 1409 660 libere
1438 600 1605 674 fieri,
1650 600 1801 678 quin

247 692 485 754 malum
512 692 591 752 sit
613 697 675 752 et
702 692 1018 751 dissonum
1047 697 1280 752 naturae
1302 691 1610 768 rationali,
1636 698 1707 752 ut
1725 710 1800 751 ex

248 785 575 850 Aristotele
611 790 674 846 et
713 784 850 845 aliis
879 784 966 844 ibi
1008 786 1406 846 ostendimus.
1452 786 1529 845 Et
1562 786 1807 845 videtur

250 898 362 958 per
387 897 450 940 se
479 884 700 939 notum
733 893 749 936 ε
786 877 896 956 qui
925 878 1095 937 enim
1121 877 1256 938 fieri
1283 883 1480 956 potest
1501 883 1571 940 ut
1598 877 1809 938 odium

252 972 362 1032 Dei
380 971 481 1032 vel
503 969 897 1031 mendacium
915 968 1106 1029 libere
1127 968 1289 1029 sacta
1308 987 1432 1029 non
1451 970 1576 1029 sint
1593 972 1808 1048 prava?

255 1064 754 1125 Fundamentum
792 1078 940 1139 ergo
967 1061 1153 1137 hujus
1179 1062 1525 1136 sententiae,
1557 1060 1808 1135 scilicet,

257 1158 421 1236 quod
449 1156 650 1216 omnis
678 1154 916 1216 malitia
948 1152 1365 1214 humanorum
1393 1160 1646 1214 actuum
1672 1171 1813 1234 pro·

256 1250 467 1310 veniat
493 1267 569 1309 ex
592 1247 1005 1327 prohibitione
1033 1247 1398 1321 extrinseca,
1428 1246 1684 1306 omnino
1706 1245 1816 1305 sal-

258 1359 397 1401 sum
427 1346 539 1401 est.
579 1340 842 1419 Ideoque
871 1357 952 1400 ne
979 1338 1293 1417 aequivoco
1325 1338 1699 1411 laboremuS,
1729 1355 1820 1397 se-

259 1433 536 1511 paranda
555 1438 645 1494 est
664 1432 922 1511 quaestio
945 1431 1021 1491 de
1045 1430 1459 1509 prohibitione
1482 1430 1821 1491 extrinseca

261 1524 395 1598 Dei,
426 1543 510 1584 an
540 1524 729 1603 possit
768 1523 847 1584 ab
879 1524 1009 1602 ipso
1046 1541 1172 1583 non
1214 1522 1372 1598 fieri,
1408 1521 1508 1582 vel
1543 1527 1820 1600 respectu

264 1617 572 1692 omnium,
619 1615 718 1677 vel
758 1622 1031 1694 respectu
1070 1614 1348 1692 alicujus.
1397 1615 1554 1674 Nam
1597 1615 1672 1673 de
1705 1613 1820 1673 hac

268 1708 683 1787 prohibitione
706 1726 835 1768 esse
859 1712 1054 1786 potest
1074 1724 1172 1766 res
1195 1705 1394 1784 magis
1417 1704 1626 1778 dubia,
1658 1710 1727 1764 ut
1751 1705 1817 1762 in

265 1799 431 1859 dicto
458 1818 590 1878 cap.
639 1801 677 1858 6
710 1799 839 1858 dixi
864 1821 881 1873 ;
925 1797 1299 1877 probabilius
1334 1802 1545 1857 tamen
1568 1813 1694 1855 esse
1722 1813 1817 1854 os·

269 1892 465 1965 tendi,
492 1909 617 1952 esse
632 1909 669 1950 a
689 1891 899 1951 divina
915 1888 1303 1969 providentia
1321 1886 1814 1966 inseparabilem:

270 1981 376 2040 illa
403 2002 548 2042 vero
577 1984 911 2061 quaestione
935 1984 1181 2056 omissa,
1202 1982 1304 2041 hic
1327 1980 1598 2040 absolute
1616 1980 1821 2057 inqui-

262 2073 461 2133 rimus
496 2093 577 2134 an
613 2074 747 2134 fieri
787 2076 978 2154 possit
1011 2093 1050 2134 a
1086 2076 1209 2134 Deo
1228 2117 1249 2147 ,
1299 2079 1368 2132 ut
1403 2073 1668 2131 actiones
1702 2071 1821 2131 illae

262 2183 403 2243 quae
453 2183 562 2244 per
606 2167 805 2244 legem
843 2165 1131 2244 Decalogi
1172 2163 1600 2244 prohibentur,
1642 2163 1821 2222 malae

265 2275 392 2316 non
420 2259 542 2318 sint
573 2258 698 2317 ullo
726 2258 912 2319 modo
940 2302 961 2332 ,
1007 2259 1095 2317 ita
1123 2263 1193 2317 ut
1220 2275 1335 2317 nec
1362 2274 1473 2334 per
1500 2256 1701 2333 legem
1728 2273 1822 2314 os-

265 2350 571 2410 tensivam
598 2349 898 2409 naturalis
927 2349 1184 2409 rationis
1207 2353 1494 2408 vetentur
1520 2352 1590 2406 ut
1617 2346 1819 2421 malae,

266 2447 332 2502 et
349 2441 415 2501 in
438 2441 555 2502 hoc
573 2460 755 2502 sensu
773 2441 1048 2502 dicemus
1068 2458 1195 2503 esse
1216 2439 1435 2500 falsam
1452 2437 1824 2499 sententiam

231 2577 236 2581 -
271 2535 528 2595 Ochami
551 2540 614 2595 et
636 2534 920 2594 aliorum.

354 2630 414 2687 5.
457 2627 807 2689 Abmdum
855 2628 1010 2707 quod
1057 2627 1328 2704 sequitur
1372 2643 1444 2689 ex
1488 2624 1826 2704 improbata

270 2719 563 2780 sententia
578 2744 601 2778 .·
648 2735 841 2797 posse,
888 2718 1134 2792 scilicet,
1175 2718 1371 2779 Deum
1395 2719 1718 2796 praecipere
1759 2720 1829 2777 ut

274 2811 519 2890 ipsemet
548 2813 678 2873 odio
709 2812 1019 2872 habeatur.
1042 2842 1124 2855 —-
1150 2810 1326 2870 Unde
1353 2829 1391 2870 a
1417 2810 1657 2870 fortiori
1685 2826 1828 2868 con-

273 2909 394 2963 stat
422 2905 616 2964 multo
654 2905 856 2983 majus
877 2904 1213 2965 absurdum
1243 2922 1370 2965 esse
1399 2902 1623 2978 dicere,
1655 2919 1829 2980 posse

277 2998 475 3058 Deum
514 2997 755 3057 homini
788 2998 1117 3077 praecipere
1157 3003 1229 3058 ut
1266 2999 1601 3076 ipsummet
1635 2995 1831 3055 Deum

275 3089 419 3150 odio
446 3088 691 3166 habeat,
731 3089 896 3168 quod
939 3089 1121 3169 plane
1156 3090 1432 3170 sequitur
1458 3107 1534 3150 ex
1562 3087 1668 3147 illa
1694 3104 1832 3147 sen-

275 3182 493 3242 tentia.
536 3183 712 3254 Nam,
747 3183 800 3242 si
832 3188 1029 3261 potest
1064 3182 1245 3243 illum
1290 3188 1495 3243 actum
1526 3199 1653 3240 non
1693 3198 1833 3257 pro-

277 3271 517 3347 hibere,
553 3280 615 3334 et
642 3273 846 3335 ablata
871 3274 1286 3353 prohibitione
1318 3292 1444 3334 non
1485 3278 1578 3333 est
1609 3271 1830 3345 malus,

279 3382 428 3443 ergo
461 3371 660 3445 potest
699 3365 877 3425 illum
910 3368 1258 3445 praecipere.
1301 3366 1689 3444 Consequens
1727 3381 1837 3423 au-

282 3462 409 3518 tem
433 3475 560 3519 esse
584 3458 917 3519 absurdum
944 3463 1132 3536 patet,
1155 3459 1303 3537 quia
1322 3476 1448 3518 non
1466 3463 1663 3536 potest
1682 3457 1839 3515 Deus

279 3549 479 3611 facere
519 3556 590 3610 ut
615 3552 874 3629 ipsemet
900 3551 978 3610 sit
1018 3551 1159 3610 odio
1189 3552 1453 3629 dignus:
1484 3568 1632 3609 nam
1659 3566 1839 3627 repu-

281 3648 435 3720 gnat
462 3643 597 3721 ejus
625 3642 890 3703 bonitati
916 3664 930 3702 :
962 3660 1162 3722 neque
1191 3643 1379 3703 etiam
1418 3646 1617 3720 potest
1641 3641 1841 3701 facere

283 3741 355 3795 ut
397 3736 479 3795 sit
516 3740 755 3796 rectum
787 3740 849 3795 et
884 3735 1260 3811 ordinatum,
1293 3733 1521 3795 habere
1546 3733 1687 3795 odio
1708 3749 1842 3793 rem

282 3846 494 3890 amore
521 3829 798 3908 dignam.
827 3829 979 3889 Item
1007 3835 1164 3890 esset
1188 3828 1279 3888 ibi
1297 3829 1582 3908 quaedam
1604 3832 1844 3887 contra-

284 3921 511 3982 dictio:
544 3938 692 3981 nam
724 3920 976 3982 obedire
1005 3922 1128 3981 Deo
1156 3928 1249 3981 est
1277 3921 1533 4000 quidam
1562 3916 1845 3979 virtualis

284 4033 461 4076 amor
489 4015 542 4093 ej
550 4033 647 4090 uS,
687 4019 750 4075 et
794 4013 1090 4092 obligatio
1127 4014 1205 4074 ad
1239 4013 1651 4075 obediendum
1691 4027 1847 4088 prae-

285 4108 501 4168 sertim
528 4106 799 4166 nascitur
826 4124 904 4167 ex
926 4125 1135 4168 amore
1147 4122 1168 4183 3
1195 4125 1342 4185 ergo
1363 4108 1668 4184 repugnat
1695 4100 1850 4160 obli-

284 4199 425 4277 gari
470 4216 547 4259 ex
596 4204 901 4277 praecepto
944 4198 1022 4258 ad
1072 4200 1407 4277 ipsummet
1458 4198 1652 4256 Deum
1706 4190 1849 4252 odio

282 4291 665 4352 habendum.
697 4291 867 4351 Idem
894 4295 1336 4368 argumentum
1367 4287 1504 4349 fieri
1534 4292 1733 4366 potest
1772 4287 1849 4347 de

284 4383 612 4446 mendacio
637 4399 652 4443 ε
674 4401 822 4444 nam
843 4383 897 4443 si
923 4384 1081 4444 Deus
1098 4382 1254 4442 illud
1273 4390 1476 4460 posset
1491 4380 1845 4459 praecipere,

285 4478 476 4539 etiam
506 4482 706 4557 posset
730 4476 861 4555 ipse
889 4473 1537 4548 mendaciumdicere,
1562 4472 1725 4551 quod
1754 4491 1848 4532 er-

287 4587 554 4630 roneum
589 4574 718 4631 est:
749 4569 836 4628 sic
875 4568 1044 4629 enim
1071 4571 1201 4627 tota
1233 4566 1532 4627 certitudo
1566 4565 1709 4626 fidei
1743 4582 1848 4644 pe-

285 4664 462 4725 riret.
500 4664 702 4742 Atque
743 4662 876 4722 haec
906 4662 1094 4721 etiam
1140 4661 1299 4720 ratio
1343 4660 1561 4739 probat
1606 4659 1681 4718 de
1729 4659 1850 4718 dis-

287 4758 651 4837 pensatione
676 4774 692 4816 :
723 4772 871 4816 nam
899 4756 951 4815 si
977 4760 1179 4834 potest
1212 4756 1372 4814 Deus
1407 4754 1755 4833 dispensare
1784 4753 1850 4811 in

290 4849 604 4925 omnibus.
636 4866 784 4926 ergo
811 4848 878 4908 in
918 4847 1237 4907 mendacio
1265 4864 1392 4907 non
1431 4851 1676 4906 tantum
1718 4844 1852 4904 offi-

290 4942 483 5017 cioso,
523 4941 629 5002 sed
660 4942 850 5001 etiam
878 4940 1239 5019 pernicioso,
1270 4946 1334 4999 et
1363 4939 1431 4998 in
1465 4955 1856 5018 quacumque

291 5034 557 5095 materia
570 5055 588 5107 ;
619 5033 815 5093 multo
843 5051 991 5111 ergo
1020 5033 1217 5111 magis
1255 5031 1482 5111 poterit
1524 5034 1614 5107 (ut
1652 5030 1740 5089 ita
1766 5029 1859 5088 di-

294 5128 456 5203 cam)
504 5143 710 5186 secum
743 5126 874 5204 ipse
920 5126 1290 5204 dispensare,
1334 5123 1433 5184 vel
1478 5122 1682 5201 potius
1724 5122 1857 5182 sine

295 5220 755 5298 dispensatione
811 5218 1098 5293 mentiri,
1158 5216 1305 5295 quia
1357 5222 1639 5294 respectu
1689 5214 1859 5274 illius

293 5312 474 5372 nulla
499 5318 592 5372 est
625 5311 982 5390 prohibiti0,
1015 5316 1075 5370 et
1101 5309 1252 5369 alias
1278 5308 1503 5369 dicitur
1533 5313 1740 5368 actum
1767 5325 1860 5367 se·

295 5403 576 5465 cundum
605 5421 670 5464 se
692 5403 929 5464 malum
951 5420 1078 5463 non
1105 5419 1256 5463 esse.

379 5498 441 5558 6.
489 5496 768 5563 Secunda
804 5496 1005 5579 opinio
1036 5495 1370 5573 affirmans
1398 5497 1698 5574 proeoepta
1732 5494 1859 5557 De·-

701 5618 767 5664 v.

3327 403 3439 460 145

1884 509 2102 587 οαῑορί,
2146 526 2277 587 quoe
2316 508 2599 568 elimentur
2628 507 2892 568 secundae
2930 505 3164 579 tabula»,
3208 507 3440 584 dispen-

1884 604 2017 666 sari
2046 619 2217 679 posse
2247 617 2360 678 per
2395 601 2609 671 Deum,
2639 617 2755 660 mm
2792 616 2926 659 vero
2951 597 3193 675 primoe.
3225 631 3305 641 —
3337 599 3440 658 Se-

1886 695 2086 758 cunda
2109 692 2415 755 sententia
2437 698 2529 751 est
2550 691 2712 751 Scoti
2738 691 2805 750 in
2835 690 2895 764 3,
2921 690 3309 776 distinctione
3340 693 3439 766 37,

1888 787 2224 868 quaestione
2264 786 2469 859 unica,
2517 801 2705 862 quern
2750 782 2836 843 ibi
2884 783 3159 860 sequitur
3201 784 3445 844 Gabriel

1890 879 2229 959 quoestione
2258 877 2490 956 prima,
2532 875 2791 934 articulo
2838 876 3125 951 secundo,
3155 882 3216 936 et
3259 876 3446 937 refert

1890 973 2079 1034 etiam
2132 969 2364 1030 ibidem
2418 966 2764 1044 Almainus,
2787 966 3232 1046 distinguitque
3287 970 3448 1030 inter

1890 1067 2195 1146 proecepta
2241 1062 2455 1140 primae
2499 1065 2560 1120 et
2602 1057 2888 1118 secundas
2932 1059 3179 1120 tabulae.
3227 1062 3446 1122 Primae

1892 1156 2121 1218 tabulae
2148 1154 2442 1214 ‘dicuntur
2475 1151 2594 1211 tria
2624 1156 2925 1229 praecepta
2966 1152 3272 1230 Decalogi,
3312 1173 3447 1233 quae

1895 1254 2219 1311 versantur
2256 1248 2414 1308 circa
2453 1246 2680 1317 Deum3
2722 1243 2798 1303 de
2844 1245 3069 1322 quibus
3108 1248 3295 1307 sentit
3327 1249 3450 1309 duo

1897 1343 2122 1423 prima,
2152 1351 2287 1419 q'uae
2315 1338 2602 1416 negativa
2641 1342 2808 1410 sunt,
2840 1355 2968 1398 esse
3007 1339 3451 1417 indispensabi-

1898 1435 2013 1511 lia3
2045 1435 2296 1495 tertium
2326 1439 2557 1505 autem,
2580 1435 2884 1509 quatenus
2912 1430 3172 1491 involvit
3194 1433 3451 1492 circum-

1897 1527 2185 1587 stantiam
2230 1524 2499 1597 Sabbati,
2530 1529 2593 1583 et
2630 1522 3060 1601 dispensabile,
3100 1529 3160 1584 et
3196 1525 3450 1603 abroga-

1898 1619 2023 1678 bile
2050 1619 2234 1678 fuisse
2266 1616 2451 1695 (quod
2482 1622 2572 1676 est
2601 1615 2999 1676 manifestum
3025 1617 3190 1695 apud
3214 1636 3449 1692 omneS,

1900 1710 2046 1788 quia
2086 1708 2288 1787 quoad
2333 1709 2397 1768 id
2430 1727 2556 1769 non
2602 1708 2720 1766 fuit
2757 1706 3064 1783 naturale,
3099 1709 3201 1769 sed
3245 1711 3454 1788 positi-

1897 1802 2111 1878 vum);
2148 1807 2451 1879 quatenus
2482 1818 2628 1860 vero
2669 1799 2944 1860 absolute
2978 1800 3251 1861 continet
3291 1801 3453 1861 affir-

1897 1895 2200 1954 mativum
2238 1901 2605 1971 praeceptum
2634 1891 2835 1951 cultus
2861 1891 3078 1966 divini,
3105 1893 3348 1953 dubitat
3374 1915 3453 1955 au

1899 1985 2310 2066 dispensabile
2352 1985 2430 2044 sit
2443 2006 2459 2058 ;
2505 1991 2567 2044 et
2609 1983 2687 2044 de
2733 1989 2862 2044 tota
2901 1983 3019 2044 hac
3063 1992 3237 2064 parte
3270 1987 3457 2064 hujus

1901 2078 2210 2160 opinionis
2246 2076 2409 2137 infra
2452 2076 2675 2136 dicam.
2709 2077 3012 2155 Praecepta
3048 2078 3328 2138 secundae
3367 2086 3459 2138 ta-

1899 2171 2061 2232 bulae
2085 2171 2377 2230 dicuntur
2396 2168 2634 2246 reliqua
2656 2175 2913 2246 septem,
2936 2169 3082 2228 etin
3102 2171 3461 2230 uuiversum

1902 2262 2114 2324 omnia
2145 2278 2279 2340 quae
2308 2261 2469 2320 circa
2500 2260 2813 2339 proximos
2852 2259 2953 2318 vel
2994 2266 3303 2321 creaturas
3334 2281 3464 2323 ver-

1904 2360 2139 2430 santur,
2170 2353 2246 2415 de
2279 2353 2502 2432 quibus
2541 2351 2828 2412 omnibus
2868 2351 3056 2412 sentit
3093 2354 3307 2413 Scotus
3344 2355 3466 2415 dis-

1903 2446 2245 2528 pensabilia
2271 2464 2419 2507 asse.

1988 2544 2047 2600 7.
2093 2541 2226 2599 Duo
2254 2538 2658 2598 fundamenta
2698 2538 3008 2618 praecipua
3047 2538 3299 2600 adducit
3328 2540 3467 2599 Sco-

1906 2637 2030 2692 tuS.
2062 2632 2269 2692 Unum
2296 2636 2411 2704 est,
2446 2630 2593 2709 quia
2623 2631 2675 2692 si
2702 2636 2904 2691 essent
2942 2630 3465 2710 indispensabilia,

1909 2723 2254 2785 intellectus
2302 2723 2551 2783 divinus
2568 2768 2589 2798 ‚
2630 2729 2702 2783 ut
2746 2724 3043 2802 praevenit
3085 2724 3469 2784 voluntatem

1909 2835 2087 2877 suam
2105 2862 2126 2892 ,
2165 2816 2512 2877 necessario
2555 2815 2905 2893 judicaret,
2931 2814 3068 2876 ‘hos
3117 2822 3288 2876 actus
3343 2835 3435 2877 ess

1910 2909 2203 2968 amandos
2230 2914 2292 2968 et
2318 2907 2454 2967 illos
2483 2907 2623 2966 odio
2643 2907 2977 2982 habendos,
3010 2912 3071 2966 et
3098 2906 3472 2986 consequen·

1909 3006 2005 3060 ter
2051 3000 2476 3060 necessitatem
2521 2999 2867 3076 imponeret
2906 2999 3130 3059 divinae
3171 3000 3472 3059 voluntati

1913 3092 1992 3152 ad
2025 3091 2322 3151 amandos
2354 3095 2528 3151 actus
2566 3107 2719 3169 quos
2745 3090 3050 3169 praecipit,
3081 3095 3144 3151 et
3194 3091 3335 3153 odio
3363 3091 3475 3153 ha-

1913 3184 2148 3244 bendos
2165 3202 2316 3261 quos
2343 3182 2651 3262 prohibet,
2678 3183 2843 3261 quod
2870 3188 3115 3260 reputat
3142 3184 3474 3267 absurdum
3576 3220 3579 3223 ι

1915 3282 1977 3337 et
2003 3275 2155 3335 dicit
2194 3274 2342 3335 alibi
2368 3273 2680 3353 probasse.
2712 3274 3066 3335 Secundum
3095 3275 3228 3353 ejus
3256 3274 3475 3335 funda-

1916 3373 2197 3434 mentum
2226 3373 2343 3443 est‚
2371 3367 2519 3446 quia
2550 3367 2865 3428 beatitudo
2892 3366 3163 3427 hominis
3181 3385 3308 3427 non
3329 3387 3477 3447 pen-

1916 3463 2022 3523 det
2049 3480 2125 3524 ex
2150 3463 2357 3541 aliquo
2385 3468 2526 3522 actu
2556 3462 2716 3522 circa
2748 3468 3091 3523 creaturam
3125 3480 3141 3522 :
3172 3481 3321 3523 nam
3351 3464 3504 3540 solo.

1919 3573 2129 3615 amore
2162 3555 2257 3615 sui
2291 3555 2500 3633 'potest
2539 3555 2697 3614 Deus
2736 3554 3055 3615 hominem
3085 3554 3476 3632 beatificare3

1922 3665 2070 3725 ergo
2120 3647 2330 3707 nullus
2373 3653 2543 3707 actus
2589 3647 2923 3707 voluntatis
2976 3647 3267 3708 humanae
3320 3649 3483 3709 circa

1923 3747 2269 3804 creaturam
2318 3748 2410 3802 est
2461 3740 2738 3801 medium
2790 3741 3206 3801 necessarium
3264 3753 3483 3801 secun-

1923 3833 2076 3894 dum
2104 3834 2445 3913 potentiam
2476 3832 2585 3893 Dei
2635 3831 2979 3892 absolutam
3026 3832 3104 3891 ad
3156 3832 3485 3892 beatitudi-

1925 3944 2072 3986 nem
2112 3925 2422 3986 hominis:
2452 3942 2569 3984 nec
2610 3924 2798 3983 etiam
2827 3929 2921 3983 est
2969 3923 3486 4002 impedimentum

1927 4018 2270 4080 necessario
2303 4015 2477 4075 illam
2504 4015 2875 4097 excluden53
2904 4032 3061 4100 ergo
3097 4015 3307 4076 nullus
3349 4018 3488 4077 talis

1927 4116 2098 4169 actus
2150 4112 2314 4168 circa
2358 4112 2705 4166 creaturam
2750 4104 3092 4164 necessario
3136 4108 3489 4185 praecipitur

1929 4207 2039 4262 aut
2065 4200 2428 4280 prohibetur
2446 4217 2484 4258 a
2509 4200 2632 4258 Deo
2656 4219 2672 4270 ;
2698 4215 2844 4275 ergo
2866 4202 3066 4275 potest
3093 4199 3160 4258 in
3188 4201 3359 4259 omni
3378 4201 3488 4261 tali

1930 4299 2076 4353 actu
2120 4292 2492 4370 dispensare.
2535 4289 2710 4349 Unde
2748 4287 3060 4348 concludit
3101 4289 3316 4349 Scotus
3357 4310 3490 4370 sep-

1932 4391 2060 4447 tem
2100 4384 2209 4445 illa
2251 4388 2556 4464 praecepta
2593 4380 2881 4458 Decalogi
2911 4397 3039 4440 non
3082 4399 3211 4442 esse
3246 4383 3489 4443 conclu-

1928 4478 2152 4553 sioneS‚
2184 4496 2323 4557 quae
2349 4476 2629 4537 absoluta
2656 4473 3015 4536 necessitate
3042 4473 3390 4535 inferantur
3416 4494 3491 4536 ex

1929 4571 2248 4651 principiis
2268 4588 2377 4649 per
2394 4588 2458 4630 se
2477 4568 2639 4629 notis
2643 4613 2662 4643 ‚
2686 4567 2792 4627 sed
2810 4566 3010 4627 solum
3028 4567 3254 4627 habere
3277 4585 3491 4645 quam-

1932 4666 2079 4725 dam
2104 4662 2594 4724 convenientiam
2616 4659 2957 4720 maximam
2981 4676 3120 4720 cum
3141 4664 3365 4719 natura
3383 4660 3493 4720 ho-

1933 4758 2142 4832 miniS,
2181 4762 2252 4817 ut
2294 4756 2386 4816 illi
2419 4755 2853 4835 praecipiantur
2893 4752 2993 4814 vel
3023 4753 3487 4832 prohibeantur,

1934 4869 2007 4911 ac
2040 4850 2296 4929 proinde
2332 4867 2460 4910 esse
2483 4847 2730 4926 capacia
2762 4845 3254 4925 dispensationis.
3289 4846 3495 4905 Ponit-

1938 4960 2060 5021 que
2108 4940 2461 5019 exemplum
2510 4940 2579 4999 in
2632 4937 2933 4999 occisione
2974 4937 3265 5010 hominIS,
3324 4939 3497 5014 cujus

1937 5034 2273 5114 prohibitio
2305 5051 2433 5094 non
2460 5032 2801 5093 necessario
2851 5030 3115 5090 infertur
3151 5048 3230 5089 ex
3269 5030 3497 5107 princi-

1940 5128 2059 5204 piis
2086 5133 2346 5201 naturae,
2394 5130 2465 5185 ut
2506 5125 2573 5183 in
2613 5122 2966 5183 Abrahamo
3006 5121 3251 5199 (inquit)
3297 5129 3500 5184 osten·-

1941 5237 2080 5279 sum
2108 5223 2219 5278 est.
2247 5219 2447 5296 Atque
2488 5216 2650 5275 hanc
2678 5214 2807 5275 fere
2839 5213 3209 5274 sententiam
3232 5216 3499 5274 tenuisse

1940 5311 2186 5370 videtur
2214 5311 2646 5368 Bonaventura
2674 5307 2741 5366 in
2768 5309 2826 5380 1,
2867 5305 3006 5364 dist.
3046 5308 3148 5379 47,
3180 5306 3500 5382 solumque

1941 5400 2189 5462 differre
2215 5400 2364 5479 quia
2391 5399 2467 5459 de
2492 5397 2811 5477 praeceptis
2838 5397 3054 5474 primae
3079 5396 3305 5455 tabulae
3343 5397 3501 5454 iudi-

1942 5494 2161 5556 stincte
2187 5497 2376 5571 negat
2396 5491 2667 5572 recipere
2714 5506 2892 5569 posse
2936 5486 3496 5565 dispensationem:
