3976 6219
678 443 812 495 1111».
839 445 965 496 xlv.
997 444 1140 506 QUAE
1167 444 1265 498 311·
1291 443 1619 497 smmum
1642 442 1852 496 roan
1880 442 1943 495 m
1966 442 2228 496 1110111113
2256 441 2579 495 01111οΝ1013
2605 440 2923 492 11111Εο013.
3289 433 3411 496 389

110 544 198 604 bi
255 543 686 605 Pontificem
738 544 1123 607 introducere
1163 564 1392 607 novam
1425 546 1629 624 legem
1665 563 1764 607 ec·
1839 543 2254 606 necessarium
2295 547 2367 602 ut
2417 542 2498 602 sit
2541 542 2611 601 in
2646 558 2903 620 corpore
2943 539 3105 618 juris
3149 540 3404 616 inserta,

111 637 620 713 :lesiasticam,
646 655 770 716 qua
791 640 1151 718 praeciperet
1189 645 1262 699 ut
1293 640 1763 701 matrimonium
1839 638 1990 716 quia
2018 638 2108 697 ita
2150 640 2404 697 cautum
2432 640 2525 696 est
2566 634 2636 694 111
2662 635 2796 713 ipso
2821 635 2987 712 jure,
3036 639 3107 692 ut
3138 632 3292 708 dixi,
3334 651 3409 695 ac

110 730 328 791 ieret
389 748 530 810 per
579 728 793 804 verba,
844 732 1092 810 quando
1138 731 1274 793 fieri
1302 738 1522 812 potest,
1560 750 1762 812 neque
1838 731 2081 806 11101110,
2113 731 2262 810 quia
2293 734 2383 790 est
2410 728 2589 791 valde
2623 727 3134 801 accidentarium,
3177 732 3239 787 01
3278 745 3406 787 11011

115 843 171 883 n
221 824 384 884 hoc
415 841 618 884 sensu
645 822 870 885 dixisse
893 823 1083 886 verba
1104 843 1232 888 esse
1259 827 1600 888 necessaria
1624 844 1763 905 pro·
1838 829 2037 903 potest
2074 824 2176 902 jus
2207 822 2476 884 limitare
2506 821 2936 882 auctoritatem
2984 821 3186 899 Papae.
3232 819 3407 892 Quod

110 922 275 996 ater
315 917 716 992 Ecclesiam,
749 918 897 996 quia
914 917 1029 978 hoc
1056 925 1426 998 praeceptum
1450 919 1761 980 ecclesias-
1839 918 2110 978 maxime
2144 933 2362 977 verum
2403 914 2588 976 habet
2616 916 2683 973 in
2714 913 2811 973 his
2849 930 2987 992 quae
3024 917 3299 991 spectant
3326 912 3406 972 ad

110 1010 350 1070 sicum
397 1025 548 1070 11011
595 1016 728 1071 erat
764 1017 969 1087 antea,
1018 1029 1134 1073 nec
1165 1012 1448 1073 Pontifex
1491 1011 1579 1073 ibi
1606 1012 1760 1073 illud
1836 1009 2316 1071 declarationem
2340 1008 2500 1088 juris
2527 1006 2850 1081 naturalis,
2872 1005 2971 1067 vel
2998 1004 3216 1065 divini.
3248 1005 3406 1064 Nam

110 1103 329 1182 ponit
354 1103 453 1163 de
491 1121 678 1178 novo,
696 1122 837 1164 cum
858 1110 1102 1165 tantum
1125 1106 1492 1185 respondeat
1518 1105 1760 1166 consul·
1835 1104 1904 1163 in
1930 1103 2029 1163 his
2046 1122 2178 1165 non
2195 1108 2394 1183 potest
2413 1119 2542 1163 esse
2561 1100 2845 1175 mutatio,
2865 1117 2979 1159 nec
2995 1116 3187 1173 error,
3210 1116 3407 1176 quan-

110 1196 425 1256 tationi:
473 1196 644 1256 unde
672 1196 1051 1272 concludunt
1067 1198 1268 1258 solum
1290 1198 1621 1277 explicasse
1649 1215 1760 1277 per
1835 1198 1915 1258 do
1938 1197 2265 1258 Pontifices
2276 1202 2350 1256 ut
2366 1193 2691 1256 Pontifices
2715 1193 3044 1267 definiunt,
3075 1191 3241 1270 quod
3265 1209 3403 1270 pos-

110 1290 243 1351 1110
293 1290 528 1350 verba
576 1290 875 1351 moralem
903 1291 1350 1366 necessitatem,
1381 1310 1490 1352 seu
1525 1292 1758 1352 utilita-
1832 1296 1979 1350 sunt
2005 1291 2208 1351 facere
2225 1307 2336 1369 per
2361 1288 2475 1349 has
2500 1286 2809 1366 epistolas,
2836 1291 2898 1346 et
2928 1284 3184 1359 faciunt,
3208 1301 3405 1362 quan-

111 1390 273 1445 tem
297 1385 673 1445 verborum
710 1384 779 1444 in
798 1384 1220 1461 matrimonio,
1249 1391 1322 1446 ut
1345 1386 1608 1446 Ecclesia
1627 1403 1757 1446 cer-
1832 1383 1913 1444 do
1956 1383 2293 1445 ostendunt
2337 1400 2401 1443 se
2450 1379 2623 1460 loqui
2682 1379 2762 1439 ad
2817 1378 3159 1439 docendam
3200 1383 3263 1438 et
3309 1378 3405 1437 in-

112 1480 268 1539 tior
297 1478 392 1538 de
410 1477 533 1539 illo
558 1476 691 1553 fiat,
710 1473 964 1557 ejusque
985 1478 1310 1540 clariorem
1326 1479 1756 1558 probationem
1831 1478 2190 1540 struendam
2244 1481 2441 1537 totam
2490 1473 2841 1535 Ecclesiam.
2888 1475 2963 1532 Et
3008 1472 3149 1532 ideo
3188 1471 3257 1530 in
3303 1470 3403 1530 his

116 1571 422 1633 habeat.
1830 1571 2016 1633 rebus
2046 1576 2190 1632 sunt
2211 1569 2357 1630 talia
2385 1569 2632 1629 decreta
2649 1565 2964 1645 generalia
2990 1570 3052 1625 01
3077 1569 3400 1644 perpetua,

219 1666 293 1724 6.
347 1665 676 1744 Epistoloe
700 1665 1033 1744 pontificia»
1072 1665 1285 1727 habent
1333 1665 1754 1729 auctoritatem
1830 1664 1971 1725 licet
2012 1663 2168 1726 fiant
2192 1661 2620 1742 respondendo
2666 1661 2746 1720 ad
2774 1658 3179 1739 particulares
3209 1658 3400 1718 inter-

127 1759 557 1837 temperandi
591 1760 705 1838 jus
758 1764 813 1821 et
862 1759 1168 1838 obliyandi
1199 1758 1427 1820 adeam
1455 1759 1754 1838 interpre-
1789 1813 1796 1818 .
1829 1760 2204 1836 rogationes,
2256 1757 2404 1837 quia
2440 1755 2551 1816 illa
2576 1753 2964 1833 particularis
3009 1753 3269 1813 materia
3309 1756 3401 1812 est

130 1851 469 1912 tationem
500 1853 1004 1913 tenendam—Ex
1019 1850 1245 1930 quibus
1257 1856 1467 1929 aperte
1489 1858 1748 1929 constat,
1832 1851 2263 1928 accidentaria,
2292 1856 2355 1912 et
2381 1850 2581 1910 solum
2609 1852 2982 1909 concurrunt
3004 1864 3114 1926 per
3141 1845 3399 1906 modum

131 1961 283 2002 non
317 1962 571 2022 negare
599 1945 791 2005 dictos
818 1949 1092 2006 auctores
1128 1944 1449 2024 epistolam
1497 1944 1753 2024 pontifi·
1829 1945 2187 2020 00003101113,
2228 1944 2507 2004 doctrina
2549 1948 2757 2002 autem
2788 1941 2923 2019 ipsa
2952 1938 3254 2017 generalis
3279 1943 3393 1998 est.

135 2036 320 2096 ciam
344 2037 591 2098 habere
612 2039 737 2098 vim
764 2039 917 2118 legis
944 2039 1010 2098 in
1038 2056 1111 2100 eo
1131 2039 1295 2118 quod
1320 2039 1613 2114 decernit,
1645 2038 1751 2098 sed
1827 2041 1908 2101 At
1932 2058 2104 2116 vero,
2147 2039 2395 2119 quando
2444 2054 2808 2116 responsum
2853 2035 3167 2095 concernit
3202 2039 3397 2094 mate-

137 2147 527 2208 proponere
556 2131 837 2207 regulam
866 2132 944 2192 ad
974 2131 1443 2210 intelligendum
1472 2131 1621 2211 quid
1648 2132 1754 2193 de·
1826 2136 1986 2196 riam
2021 2135 2184 2213 Juris
2217 2133 2463 2213 positivi
2504 2130 2910 2204 ecclesiastici,
2952 2128 3118 2204 licet,
3147 2132 3217 2186 ut
3257 2145 3400 2206 pro-

143 2228 409 2282 cernat.
477 2222 802 2284 Ordinarie
847 2225 1016 2284 enim
1067 2224 1420 2303 hujusmodi
1480 2223 1752 2304 epistolae

147 2316 567 2376 continentoe
593 2334 886 2395 responsa
911 2317 1432 2378 consultationum
1467 2324 1612 2378 sunt
1641 2335 1749 2397 po-

151 2408 288 2467 tius
313 2408 726 2483 declarativa,
760 2427 948 2488 quam
976 2411 1369 2471 constitutiva
1383 2411 1562 2491 juris,
1600 2413 1749 2490 quia

154 2521 296 2563 non
351 2502 516 2563 solet
559 2502 792 2563 consuli
835 2502 1116 2563 Pontifex
1164 2520 1246 2564 an
1290 2504 1523 2583 aliquid
1550 2505 1748 2566 facere

147 2596 410 2674 jubeat,
458 2613 677 2671 necne,
726 2596 828 2657 sed
882 2614 963 2656 an
996 2595 1231 2675 aliquid
1267 2597 1617 2657 faciendum
1670 2600 1748 2658 sit

160 2690 516 2750 seeundum
540 2691 641 2768 jus
664 2690 947 2750 divinum
974 2689 1278 2765 naturale,
1303 2690 1400 2750 vel
1434 2691 1513 2751 ab
1541 2691 1748 2752 Eccle-

164 2785 262 2841 sia
285 2783 424 2861 Jam
455 2788 778 2842 statutum.
809 2784 886 2842 Et
910 2788 1061 2843 tunc
1089 2783 1512 2862 respondendo
1540 2786 1748 2845 Ponti-

168 2876 277 2935 fex
319 2876 770 2952 interpretatur
812 2875 911 2952 jus
936 2920 955 2949 ,
1009 2880 1070 2935 et
1109 2875 1176 2933 in
1217 2875 1334 2935 1100
1379 2876 1566 2937 1101101
1614 2878 1747 2956 ejus

171 2968 495 3046 responsio
531 2967 961 3028 auctoritatem
996 2967 1152 3047 legis
1186 2968 1518 3046 obligantis
1568 2971 1646 3030 ad
1673 2971 1748 3029 il-

175 3060 307 3121 lam
352 3060 925 3139 interpretationem
968 3060 1326 3137 tenendam,
1375 3061 1473 3122 vel
1514 3062 1590 3123 ad
1622 3080 1746 3123 ser-

178 3153 457 3215 vandum
486 3153 812 3232 antiquum
841 3153 965 3232 jus,
987 3154 1326 3214 secundum
1354 3154 1523 3214 illam
1555 3155 1747 3216 inter-

182 3248 614 3325 pretationem,
644 3251 705 3307 et
732 3246 847 3307 hoc
868 3253 960 3308 est
980 3247 1146 3326 quod
1171 3248 1238 3307 in
1263 3248 1521 3309 decretis
1561 3267 1749 3328 supra

183 3338 459 3417 allegatis
487 3339 759 3399 docetur.
809 3340 944 3400 Non
976 3346 1188 3400 tam'en
1231 3341 1430 3401 solent
1460 3359 1572 3420 per
1598 3342 1748 3404 talia

184 3450 470 3511 responsa
503 3431 768 3493 condere
804 3432 1129 3494 Pontifices
1173 3451 1365 3495 novas
1395 3433 1587 3513 leges,
1619 3452 1746 3496 non

190 3527 333 3606 quia
379 3545 502 3587 non
552 3527 821 3606 possint,
879 3527 988 3587 sed
1042 3528 1190 3606 quia
1244 3545 1371 3588 non
1425 3527 1544 3589 hoc
1596 3534 1748 3590 tunc

193 3625 403 3698 agunt,
437 3638 549 3680 nec
582 3620 659 3681 de
689 3620 807 3681 1100
846 3619 1083 3680 consuli
1113 3619 1332 3696 solent,
1376 3626 1445 3681 ut
1480 3621 1633 3682 dixi.
1680 3622 1745 3684 Si

197 3718 399 3773 tamen
436 3714 746 3774 occasione
778 3719 1023 3793 sumpta
1053 3732 1129 3774 ex
1158 3713 1602 3776 consultatione
1627 3715 1744 3795 ipsi

203 3805 389 3866 velint
425 3824 646 3867 novam
674 3806 878 3885 legem
919 3806 1330 3883 introducere,
1365 3807 1500 3869 31110
1553 3806 1744 3869 (1111110

205 3905 444 3978 possunt
491 3898 599 3960 illo
643 3900 829 3960 modo
865 3899 930 3959 id
974 3900 1195 3976 facere,
1234 3900 1573 3962 dummodo
1618 3903 1745 3963 suis

206 3993 394 4053 verbis
414 3994 525 4055 1100
557 3993 931 4055 sufficienter
949 3993 1284 4057 declarent.

286 4089 340 4145 7.
396 4087 631 4160 Quando
681 4087 948 4165 epistola*
998 4092 1139 4150 sunt
1193 4085 1438 4167 scriptoe
1483 4106 1601 4151 non
1668 4090 1753 4151 ad

216 4180 694 4254 consultationmm
722 4181 826 4242 sod
871 4180 1089 4243 directe
1128 4181 1210 4241 ad
1240 4182 1744 4259 quaer-nationem,

219 4274 445 4349 facilius
461 4280 705 4352 possunt
732 4274 943 4336 habere
961 4274 1084 4336 vim
1102 4274 1256 4353 leyis
1275 4298 1302 4345 ,·
1323 4276 1427 4336 sed
1444 4275 1551 4337 hoc
1575 4276 1749 4338 colli-

221 4367 444 4444 qendmn
468 4383 537 4428 ιω
561 4371 755 4428 tenore
781 4368 1199 4428 vorbomm.—
1219 4367 1532 4442 Quocirca,
1554 4387 1751 4448 quan-

226 4457 297 4517 do
327 4458 570 4536 epistolas
601 4476 726 4519 non
749 4465 896 4519 311111
925 4460 1296 4539 responsivae
1322 4460 1400 4521 ad
1441 4461 1749 4521 consulta-

225 4551 449 4627 tionem,
476 4553 577 4614 sed
596 4552 824 4614 directe
852 4554 1092 4633 scriptae
1109 4554 1187 4613 ad
1206 4554 1743 4633 gubernationem,

227 4650 355 4705 tunc
377 4645 597 4706 facilius
624 4645 852 4707 habere
878 4651 1130 4725 possunt
1173 4647 1307 4707 vim
1332 4648 1486 4726 legis
1521 4649 1746 4709 consti-

227 4738 412 4798 tutivae
450 4738 518 4800 de
566 4756 753 4813 novo,
807 4739 969 4818 quod
1020 4758 1094 4800 ex
1147 4747 1361 4801 tenore
1414 4742 1750 4803 verborum

234 4831 583 4909 spectandum
620 4837 731 4891 est.
771 4831 1196 4912 Adjungendae
1234 4833 1424 4894 etiam
1456 4841 1602 4895 sunt
1634 4835 1751 4895 cir-

235 4924 568 4983 cumstautiae
602 4924 920 5003 temporis,
967 4930 1029 4985 et
1058 4924 1200 5000 loci,
1247 4931 1311 4986 et
1346 4944 1750 5005 personarum

237 5015 302 5075 ad
324 5033 451 5093 quas
488 5015 793 5092 scribitur,
820 5017 899 5077 ad
933 5017 1404 5096 intelligendum
1428 5038 1509 5080 011
1545 5020 1644 5081 lex
1669 5021 1748 5080 sit

239 5108 546 5169 universalis
592 5127 706 5189 pro
739 5116 870 5172 tota
910 5111 1202 5183 Ecclesia,
1245 5111 1345 5172 vel
1383 5131 1495 5191 pro
1540 5114 1748 5192 aliqua

240 5206 441 5262 tantum
475 5204 810 5282 provincia,
859 5210 969 5264 aut
1011 5204 1278 5265 dioecesi.
1320 5206 1596 5285 Denique
1641 5224 1749 5267 ne·

244 5296 516 5355 cessarium
540 5303 630 5357 est
652 5303 723 5357 ut
752 5297 894 5357 talis
917 5296 1172 5377 epistola
1202 5315 1312 5376 per
1329 5299 1747 5374 traditionem,

244 5386 325 5446 vel
342 5372 778 5450 declarationem
802 5391 1211 5469 posteriorum
1235 5390 1600 5452 Pontificum
1625 5392 1753 5453 suf-

246 5479 472 5540 ficienter
492 5482 567 5540 sit
599 5489 749 5544 nota
771 5489 832 5544 et
859 5483 926 5543 in
967 5484 1327 5545 auctoritate
1364 5484 1609 5560 habita,
1635 5486 1753 5547 1100

247 5574 384 5635 0111111
406 5578 797 5638 necessarium
823 5584 917 5640 001
946 5584 1018 5640 111
1043 5576 1315 5659 obliget;
1346 5579 1487 5642 licet
1512 5598 1640 5643 11011
1669 5580 1749 5641 311

1827 2228 2005 2289 coesit
2030 2245 2067 2287 a
2091 2226 2408 2301 Pontifice,
2438 2244 2567 2285 non
2591 2223 2860 2304 potuerit
2886 2222 3201 2282 continere
3229 2238 3395 2280 erro-

1828 2339 1964 2383 rem
2014 2322 2081 2381 in
2124 2320 2421 2396 moribus,
2463 2339 2574 2399 per
2600 2316 2896 2396 temporis
2950 2317 3396 2376 successionem

1830 2419 2029 2493 potest
2060 2414 2335 2493 accipere
2363 2413 2796 2485 mutationem,
2830 2415 2891 2470 et
2918 2408 3122 2487 quoad
3148 2408 3266 2467 hoc
3290 2426 3396 2486 po-

1826 2514 1944 2569 test
2005 2509 2273 2568 multum
2324 2505 2630 2567 deservire
2684 2503 2849 2583 quod
2911 2501 3037 2563 tale
3079 2501 3395 2562 decretum

1825 2604 1906 2662 sit
1947 2602 2050 2663 vel
2095 2620 2221 2661 non
2252 2601 2331 2659 sit
2364 2598 2639 2658 moribus
2668 2601 3007 2675 receptum,
3061 2595 3161 2655 vel
3205 2595 3393 2655 etiam

1826 2695 1974 2774 quia
2014 2696 2094 2755 sit
2136 2695 2205 2754 in
2250 2710 2503 2771 corpore
2529 2690 2689 2768 juris
2720 2690 3040 2764 insertum,
3070 2689 3170 2748 vel
3192 2691 3395 2746 extra·
3501 2744 3507 2749 .

1823 2794 2124 2866 vagetur3
2155 2794 2217 2848 et
2244 2792 2392 2846 tunc
2425 2785 2610 2846 etiam
2631 2787 2873 2861 oportet
2898 2781 3283 2842 considerare
3312 2798 3396 2840 an

1824 2881 1904 2940 sit
1950 2886 2433 2942 consentaneum
2459 2877 2589 2956 juri
2634 2875 2975 2948 communi,
3006 2874 3105 2933 vel
3128 2873 3219 2932 illi
3250 2892 3395 2934 con-

1824 2975 2119 3034 trarium:
2142 2991 2290 3033 nam
2310 2973 2379 3033 in
2396 2971 2589 3051 priori
2606 2987 2751 3031 casu
2769 2967 3142 3030 servandum
3171 2973 3292 3041 est;
3325 2967 3394 3026 in

1825 3066 2149 3147 posteriori
2204 3071 2413 3126 autem
2464 3063 2749 3125 Pontifex
2798 3068 2890 3123 est
2941 3060 3389 3137 consulendus,

1819 3163 2000 3240 juxta
2042 3178 2175 3239 cap.
2221 3157 2592 3231 Pastor-alia,
2635 3157 2710 3216 de
2738 3156 2886 3216 Fide
2925 3155 3213 3215 instrum.
3245 3155 3393 3227 Quae

1825 3253 2040 3314 omnia
2065 3252 2205 3312 usui
2233 3269 2361 3312 esse
2405 3254 2663 3330 possunt
2707 3248 2783 3308 ad
2826 3247 3261 3325 intelligendas
3288 3246 3396 3307 de-

1826 3346 2084 3407 cretales
2126 3344 2432 3424 epistolas,
2475 3348 2536 3403 et
2571 3340 2807 3422 aliquid
2848 3341 3057 3400 statim
3097 3339 3394 3399 addemus

1825 3438 2120 3501 solvendo
2164 3437 2578 3518 objectionem
2626 3453 2765 3515 quae
2807 3435 2876 3495 in
2921 3434 3211 3514 praesenti
3255 3432 3392 3493 fieri

1904 3537 2046 3594 sset.

1821 3550 1964 3686 POS.
2012 3627 2333 3701 Praeterea,
2366 3628 2567 3703 potest
2609 3621 2810 3684 simile
2851 3620 3111 3682 dubium
3146 3621 3223 3685 de
3256 3640 3395 3684 sen-

1821 3719 2032 3780 tentiis
2060 3716 2555 3793 Pontificumdiic
2594 3714 2865 3790 definiri,
2896 3715 3062 3794 quod
3104 3734 3290 3795 supra
3318 3718 3396 3778 de

1822 3812 2142 3873 sententiis
2163 3812 2608 3890 imperatorum
2626 3814 2688 3871 et
2714 3826 2932 3887 regum
2956 3809 3356 3869 tractavimus
3368 3827 3391 3888 3

1824 3924 1973 3967 nam
2014 3923 2091 3966 ex
2125 3904 2213 3965 ibi
2249 3904 2428 3964 dictis
2468 3923 2507 3965 a
2537 3904 2780 3964 fortiori
2809 3903 3106 3981 sequitur,
3148 3910 3395 3966 senten-

1822 4001 1979 4061 tiam
1998 3998 2190 4059 latam
2225 4016 2263 4057 a
2290 3998 2456 4076 Papa
2481 3997 2549 4055 in
2577 3996 2937 4074 particulari
2982 4014 3170 4056 causa
3198 3998 3394 4059 intro-

1826 4094 2051 4153 ducere
2077 4091 2280 4169 legem
2316 4089 2668 4167 generalem
2698 4106 2810 4167 pro
2846 4090 3136 4149 omnibus
3176 4091 3397 4151 simili-

1826 4185 1942 4245 bus
1971 4184 2170 4245 causis
2186 4204 2205 4258 ;
2228 4199 2377 4242 nam
2399 4181 2522 4259 maj
2531 4200 2602 4241 or
2620 4186 2712 4242 est
2731 4181 3063 4242 auctoritas
3080 4183 3398 4261 pontificia

1828 4296 2018 4356 quam
2054 4276 2249 4354 regia.
2294 4276 2373 4335 Et
2416 4275 2533 4334 hoc
2560 4273 2745 4334 modo
2787 4274 3033 4334 videtur
3061 4293 3290 4353 magna
3318 4295 3396 4337 ex

1827 4375 2001 4449 parte
2051 4386 2182 4429 esse
2222 4367 2626 4428 constitutum
2667 4385 2774 4445 Jus
2814 4368 3181 4427 canonicum
3196 4384 3217 4445 3
3247 4387 3397 4430 nam

1827 4465 2010 4543 plura
2061 4462 2226 4522 illius
2273 4461 2517 4523 decreta
2557 4466 2703 4520 sunt
2744 4461 3028 4540 quaedam
3075 4464 3398 4525 sententiaa

1829 4555 2198 4616 Pontificum
2226 4555 2294 4615 in
2342 4553 2756 4632 singularibus
2780 4554 2980 4614 causis
3012 4552 3174 4617 latae.
3224 4558 3299 4617 Et
3330 4557 3399 4617 in

1825 4648 2182 4728 particulari
2217 4648 2464 4709 videtur
2497 4648 2613 4708 hoc
2643 4648 3020 4708 declaratum
3048 4649 3116 4707 in
3149 4667 3282 4729 cap.
3315 4652 3401 4713 In

1828 4742 2056 4817 causis,
2079 4740 2158 4803 de
2179 4742 2266 4802 Re
2282 4740 2417 4819 jud.
2441 4741 2562 4801 ihi:
2587 4739 2738 4803 Cum
2752 4741 2819 4802 in
2837 4741 3142 4804 similibus
3164 4746 3402 4807 casibus

1830 4836 2030 4898 coeteri
2079 4840 2391 4897 teneantur
2422 4835 2711 4897 similiter
2737 4835 3039 4914 judicare.
3081 4837 3156 4895 Et
3184 4837 3272 4897 ita
3293 4837 3402 4899 do-

1829 4935 1969 4990 cent
2008 4928 2098 4989 ibi
2145 4928 2540 5007 expositores.
2593 4928 2887 4989 Dubitant
2927 4934 3136 5007 autem
3163 4948 3245 4989 an
3283 4931 3402 4992 1100

1828 5021 2304 5100 intelligendum
2329 5020 2408 5080 sit
2430 5026 2678 5081 tantum
2708 5022 2784 5082 de
2813 5023 3404 5097 sententiadefiniti-

1829 5132 1929 5190 va,
1969 5113 2069 5174 vel
2092 5114 2282 5175 etiam
2310 5112 2388 5174 de
2419 5113 2906 5189 interlocutoria,
2953 5104 3292 5194 dummodo
3310 5110 3400 5179 'de

1829 5206 1938 5266 illa
1985 5207 2134 5266 satis
2172 5210 2448 5282 constet,
2500 5206 2578 5267 de
2619 5225 2743 5285 qua
2783 5207 2981 5267 videri
3025 5216 3277 5287 possunt
3312 5211 3402 5271 ibi
3468 5214 3469 5217 ’
3502 5276 3505 5281 ,

1830 5301 2131 5377 (10010103,
2161 5301 2503 5380 praesertim
2532 5302 2820 5361 Panorm.
2853 5319 3028 5362 num.
3062 5302 3100 5363 3
3133 5308 3195 5363 et
3229 5308 3292 5380 4,
3340 5310 3405 5365 et
3511 5344 3515 5351 ι

1831 5393 2053 5468 Felin.,
2083 5412 2149 5454 11.
2204 5394 2242 5453 3
2280 5398 2344 5453 01
2369 5411 2495 5472 seq.
2503 5438 2525 5469 ,
2566 5393 2715 5473 quia
2751 5394 2829 5455 de
2857 5394 2974 5456 1100
3004 5395 3401 5459 distinctione

1829 5487 2007 5548 1101113
2025 5487 2333 5548 sufficiant
2362 5488 2525 5549 dicta
2544 5488 2704 5549 circa
2726 5488 2928 5569 legem
2957 5490 3223 5551 civilem.
3262 5491 3399 5551 Alia

1829 5599 1975 5644 vero
1988 5581 2301 5643 distinctio
2327 5582 2406 5644 de
2431 5583 2730 5645 sententia
2762 5584 3016 5660 inserta,
3041 5583 3143 5645 vel
3156 5602 3284 5645 non
3302 5587 3399 5647 in-
