3976 6219
536 426 575 484 6
1529 427 1645 479 LlB.
1683 428 1718 477 1.
1759 427 1837 476 DE
1868 424 2119 475 NATURA
2153 425 2329 477 LEGIS
2363 425 2424 476 IN
2458 423 2747 474 commum.

532 549 644 589 ozon
684 531 928 603 obediri,
961 529 1123 606 quod
1160 534 1287 587 tam
1321 526 1395 586 de
1434 527 1738 585 sententia
1782 544 1967 603 quam
2014 525 2088 585 de

532 621 690 698 lege,
733 641 837 680 seu
882 627 1107 680 statuto
1137 620 1396 695 intelligi
1427 625 1640 696 potest.
1678 620 1825 690 11110,
1859 618 1922 675 111
1953 617 2087 692 lege

534 713 797 792 penult„
830 713 894 772 ff.
933 714 1006 770 de
1035 715 1190 772 Just.
1237 718 1296 772 et
1319 713 1477 788 jur.,
1518 710 1956 787 diciturjudex
1983 710 2087 786 jus

531 806 807 881 reddere,
837 807 1022 865 etiam
1058 824 1200 865 curn
1238 806 1446 881 inique
1484 804 1779 876 decernit,
1824 821 1946 861 non
1978 803 2085 861 ha-

531 898 661 956 bito
688 906 961 975 respectu
999 898 1073 956 ad
1102 898 1164 955 id
1194 897 1358 975 quod
1384 897 1553 968 facit,
1581 895 1684 954 sed
1727 895 1804 953 ad
1833 894 1893 952 id
1921 894 2084 972 quod

528 990 727 1049 facere
748 991 949 1049 debet.
980 993 1273 1048 Praeterea
1301 990 1413 1047 1100
1443 989 1624 1047 1110ᾶο
1654 987 1876 1045 dicitur
1890 987 2085 1062 judex

530 1083 843 1142 subditum
891 1084 954 1141 in
997 1084 1095 1160 J'us
1143 1098 1385 1154 vocare,
1430 1081 1641 1157 utique
1691 1079 1850 1156 juris
1899 1096 2083 1155 expo-

528 1176 716 1235 nendi
747 1194 951 1249 causa,
981 1181 1049 1233 ut
1071 1174 1298 1232 dicitur
1321 1175 1388 1231 in
1417 1173 1576 1232 libro
1609 1177 1666 1247 1,
1694 1172 1761 1231 ff.
1793 1173 1867 1230 de
1896 1172 1961 1229 in
1991 1173 2087 1248 jus

531 1268 825 1326 vocandO.
852 1267 1143 1339 Quamvis
1175 1273 1376 1343 posset
1404 1266 1555 1324 illud
1591 1264 1853 1341 intelligi
1880 1263 1955 1322 de
1984 1282 2088 1321 vo-

530 1361 768 1419 catione
796 1359 872 1418 ad
905 1359 1110 1419 locum
1140 1359 1377 1435 judicii.
1406 1359 1561 1417 Nam
1593 1376 1714 1416 vox
1742 1357 1873 1415 haec
1900 1359 2085 1416 etiam

532 1454 607 1514 ad
657 1452 1128 1529 significandum
1188 1451 1390 1509 locum
1416 1496 1434 1523 ,
1492 1452 1558 1509 in
1610 1469 1733 1529 quo
1783 1450 2085 1527 judicium

531 1552 866 1617 exercetur,
905 1544 1200 1603 translata
1237 1550 1349 1616 est,
1381 1550 1451 1601 ut
1482 1549 1733 1601 notatur
1774 1544 1840 1601 in
1872 1543 2086 1602 eadem

530 1638 663 1714 lege
693 1637 957 1715 penult„
989 1636 1055 1694 ff.
1083 1638 1158 1695 de
1183 1636 1430 1694 Justitia
1459 1642 1521 1693 et
1542 1636 1703 1712 jure,
1735 1635 1900 1693 unde
1924 1633 2088 1712 apud

529 1732 798 1801 Latinos,
830 1731 920 1787 ire
962 1729 1028 1787 in
1055 1730 1190 1805 jus,
1223 1727 1388 1786 idem
1423 1732 1516 1786 est
1557 1726 1717 1804 quod
1760 1726 1836 1784 ad
1868 1726 2088 1783 Praeto-

529 1822 713 1894 rium,
759 1837 863 1879 seu
901 1821 1105 1880 sedem
1141 1819 1419 1897 praetoris
1448 1819 1561 1892 ire,
1592 1824 1662 1875 ut
1694 1836 1766 1877 ex
1804 1817 2090 1876 Donatia-

531 1931 612 1971 no
641 1914 885 1971 Victore
923 1919 985 1971 et
1024 1913 1232 1971 multis
1262 1912 1493 1989 juristis
1535 1916 1708 1969 notat
1743 1910 2089 1969 Brissonius

531 2022 754 2081 supra:
813 2005 939 2062 imo
990 2010 1049 2063 et
1107 2005 1284 2063 divus
1332 2003 1597 2061 Thomas
1639 2021 1844 2079 supra,
1894 2002 1970 2060 ad
2026 2004 2082 2074 1,

531 2098 617 2156 ita
656 2098 1115 2174 interpretatur,
1145 2113 1285 2154 cum
1325 2095 1550 2153 dicitur
1587 2094 1807 2171 aliquis
1838 2111 2085 2171 compa-

528 2207 664 2249 rere
694 2190 757 2247 in
780 2190 922 2265 jure
940 2205 958 2263 3
992 2188 1098 2246 ubi
1133 2187 1302 2246 addit
1332 2187 1517 2246 etiam
1564 2185 1750 2245 aliam
1781 2187 2088 2263 significa-

526 2282 759 2340 tionem
796 2281 981 2358 hujus
1023 2281 1227 2339 vocis:
1260 2297 1405 2338 nam
1433 2280 1564 2357 ipsa
1590 2279 1778 2337 etiam
1812 2298 1930 2351 ars,
1962 2299 2086 2356 qua

527 2375 890 2433 discernitur
936 2374 1084 2452 quid
1132 2374 1211 2431 sit
1256 2374 1515 2450 justum,
1563 2371 1710 2430 dicit
1755 2371 2087 2448 aliquando

527 2468 734 2525 vocari
758 2469 882 2543 jus,
914 2468 989 2525 Et
1027 2467 1111 2523 sic
1143 2466 1321 2524 tacite
1351 2463 1594 2523 videtur
1622 2481 1925 2540 exponere
1954 2464 2087 2522 dic-

529 2565 657 2618 tam
686 2559 806 2635 leg.
837 2562 897 2632 1,
923 2557 987 2616 ff.
1022 2559 1097 2617 de
1120 2557 1367 2617 Justitia
1394 2562 1455 2614 et
1476 2556 1639 2631 jure,
1667 2554 1773 2612 ubi
1800 2554 2091 2631 Ulpianus

529 2651 716 2711 refert
757 2658 818 2710 et
858 2651 1079 2729 probat
1123 2650 1547 2709 definitionem
1590 2647 1744 2708 Celsi
1791 2648 2085 2721 (11000115,

530 2744 632 2807 ius
673 2748 758 2803 est
799 2761 903 2803 ars
948 2743 1079 2802 boni
1123 2747 1176 2802 et
1218 2742 1373 2819 ceqm'
1394 2766 1415 2798 .·
1450 2757 1596 2799 nam
1639 2739 1769 2798 11ωο
1811 2739 2088 2798 definitio

531 2853 658 2893 non
686 2841 813 2893 tam
843 2835 959 2911 ipsi
981 2834 1104 2909 legi
1133 2851 1321 2911 quam
1339 2831 1842 2910 jurisprudentiae
1870 2850 2088 2891 conve-

530 2928 665 2986 nire
712 2927 975 2999 videtur,
1021 2927 1139 2984 nisi
1180 2944 1278 2985 ars
1313 2926 1436 2984 late
1470 2930 1749 2984 sumatur
1788 2943 1898 3001 pro
1939 2942 2088 3001 qua-

532 3037 793 3095 cumque
816 3019 1075 3091 ratione,
1103 3036 1209 3077 seu
1241 3036 1525 3077 mensura
1552 3017 1941 3095 operationis,

611 3114 669 3170 9.
723 3112 1012 3184 Quomodo
1054 3113 1167 3187 jus
1226 3112 1642 3187 distinyualur
1698 3112 1769 3170 ab
1822 3129 1981 3188 oequo
2035 3116 2089 3170 et

532 3206 694 3265 bono,
739 3238 820 3248 —
866 3206 994 3264 Duo
1038 3205 1287 3264 tandem
1329 3209 1654 3280 supersunt
1695 3202 2083 3262 declaranda.

531 3295 737 3354 Unum
768 3303 878 3370 est,
905 3297 1211 3374 quomodo
1232 3297 1337 3373 jus
1374 3295 1685 3353 interdum
1723 3295 1800 3353 ab
1829 3313 2004 3372 {equo
2027 3300 2089 3354 et

532 3389 694 3445 bono
724 3388 1162 3464 distinguatur,
1188 3388 1236 3446 si
1267 3386 1423 3445 nihil
1452 3386 1621 3444 0111111
1649 3393 1737 3444 051
1765 3387 1864 3462 jus
1901 3405 2089 3463 quam

531 3478 734 3556 ipsum
771 3481 1030 3556 justum,
1060 3479 1219 3557 quod
1253 3479 1437 3536 etiam
1468 3483 1556 3535 est
1596 3478 1799 3554 ipsum
1840 3497 2090 3555 aequum

534 3577 596 3629 et
626 3570 856 3630 bonum
884 3589 898 3630 ε
926 3571 1045 3644 vel,
1075 3572 1124 3628 si
1161 3576 1437 3629 sumatur
1478 3587 1585 3646 pro
1616 3569 1773 3644 lege,
1802 3577 1890 3628 est
1930 3572 2089 3629 ratio

533 3663 720 3739 ipsius
762 3663 905 3721 boni
953 3669 1015 3722 et
1058 3662 1233 3739 justi,
1281 3667 1351 3719 ut
1400 3661 1686 3719 diximus,
1731 3661 1838 3720 Illa
1880 3669 2089 3722 autem

533 3754 842 3814 distinctio
873 3756 1054 3833 juris,
1087 3755 1165 3813 ab
1198 3772 1373 3831 aequo
1400 3760 1462 3812 et
1502 3754 1687 3827 bon0,
1734 3760 1970 3813 constat
2015 3775 2089 3814 ex

533 3848 765 3923 multis,
799 3867 934 3926 quae
970 3848 1155 3908 refert
1191 3848 1530 3907 Ludovicus
1558 3847 1695 3907 viv.
1702 3893 1722 3923 ,
1768 3849 1834 3907 in
1881 3849 2085 3909 Schol.

534 3941 610 3999 ad
653 3941 1098 4018 Augustinum,
1141 3940 1298 3999 libro
1339 3940 1641 4014 secunde,
1683 3940 1758 3998 de
1806 3940 2088 4015 Civitate,

533 4033 731 4110 capite
764 4033 1310 4110 decimo-septimo.
1344 4033 1441 4092 Sic
1476 4034 1643 4092 enim
1672 4032 1827 4092 dixit
1854 4034 2091 4105 Quinti-

533 4129 756 4201 1101105,
791 4127 949 4185 111110
981 4132 1236 4204 quarto:
1269 4128 1320 4187 J
1323 4127 1517 4187 udicis
1544 4132 1768 4188 natura
1806 4130 2091 4189 noscenda

533 4227 642 4294 est,
656 4220 798 4298 juri
828 4222 1052 4298 magis,
1082 4240 1161 4280 cm
1196 4239 1358 4299 oequo
1385 4220 1471 4281 sit
1501 4221 1770 4297 opposita
1787 4235 1806 4295 3
1834 4226 1894 4279 et
1930 4219 2090 4280 111110

533 4321 726 4387 sexto,
746 4315 785 4390 j
792 4332 892 4373 ure
913 4315 1326 4391 puqnandmn,
1348 4331 1426 4373 an
1455 4313 1657 4390 oequo?
1688 4317 1748 4371 et
1774 4313 2003 4387 Cicer0,
2024 4314 2090 4372 in

534 4409 754 4466 Bruto:
784 4406 1044 4467 Crassus
1063 4405 1252 4465 mulla
1284 4412 1408 4464 tum
1430 4410 1635 4464 eontra
1660 4405 1951 4480 seriptum
1975 4426 2089 4484 pro

534 4519 696 4579 oequo
738 4505 792 4559 et
836 4500 974 4558 bono
1021 4498 1202 4557 dimit.
1240 4498 1408 4555 Hanc
1450 4514 1595 4570 ergo
1639 4495 2089 4558 dubitationem

531 4593 818 4673 proponit
843 4589 1218 4665 AristoteleS,
1246 4589 1467 4666 quinto
1509 4588 1699 4647 Ethic.
1712 4636 1733 4667 ,
1762 4591 1957 4667 0011110
1985 4591 2088 4651 de·

533 4688 716 4758 cirne,
744 4683 899 4742 etin
938 4699 1178 4741 summa
1214 4680 1538 4758 respondet
1571 4684 1921 4758 aequitatem
1957 4701 2088 4744 esse

524 4777 676 4856 justi
705 4775 1220 4835 emendationem.
1263 4773 1354 4830 Ad
1388 4772 1551 4849 quod
1589 4772 2083 4851 intelligendum,

527 4888 706 4930 voces
740 4868 890 4945 justi
936 4872 996 4925 et
1040 4866 1231 4943 requi,
1278 4870 1338 4925 01
1376 4865 1628 4942 justitia}
1668 4884 1740 4925 ac
1782 4867 2084 4943 aequitatis

529 4959 977 5036 distinguendae
1008 4964 1171 5017 sunt.
1209 4957 1440 5034 Duplex
1483 4963 1572 5015 est
1613 4958 1778 5016 enim
1805 4959 2078 5035 justum:

530 5071 726 5111 unum
778 5051 1082 5124 naturale,
1129 5050 1293 5127 quod
1338 5055 1426 5108 est
1471 5055 1709 5108 rectum
1748 5051 2085 5109 secundum

528 5143 874 5203 naturalem
920 5143 1245 5215 rationem,
1287 5142 1448 5218 quod
1490 5159 1809 5218 nunquam
1854 5141 2080 5214 deficit,

527 5238 577 5296 si
605 5235 761 5295 ratio
790 5254 911 5292 non
950 5240 1150 5294 erret:
1182 5233 1347 5292 aliud
1386 5238 1474 5291 est
1501 5233 1735 5309 justum
1772 5232 1992 5308 legale,
2026 5233 2084 5291 id

527 5336 639 5401 est,
687 5328 849 5404 quod
893 5326 1027 5400 lege
1073 5327 1346 5384 humana
1389 5327 1799 5398 constituitur,
1844 5333 1904 5384 et
1945 5326 2080 5399 hoc,

524 5423 665 5481 licet
682 5421 745 5479 in
765 5418 1089 5478 universali
1108 5420 1340 5494 justum
1364 5420 1462 5492 sit,
1479 5419 1630 5478 solet
1647 5421 1709 5476 in
1732 5418 2086 5495 particulari

527 5513 808 5572 deficere.
855 5513 974 5570 Nec
1018 5516 1337 5587 propterea
1374 5511 1471 5569 lex
1512 5511 1740 5588 injusta
1778 5518 1892 5584 est,
1939 5512 2086 5588 quia

2170 545 2412 585 necesse
2437 531 2527 585 est
2546 522 2976 583 universaliter
3003 520 3147 580 ferri
3176 541 3188 577 :
3216 519 3487 578 defectus
3514 513 3722 577 autem

2170 620 2277 687 (ait
2306 617 2677 690 Aristoteles)
2710 633 2835 673 non
2865 633 2942 673 ex
2963 612 3328 689 legislatore,
3361 610 3464 669 sed
3494 629 3566 669 ex
3595 627 3725 668 ma-

2168 711 2321 769 teria
2354 713 2483 787 ipsa
2528 709 2830 786 provenit.
2871 708 2943 764 Et
2968 706 3144 782 juxta
3173 702 3286 762 1100
3328 702 3553 779 duplex
3590 701 3725 778 jus-

2166 808 2322 875 tum,
2354 802 2581 879 duplex
2613 818 2752 858 cum
2781 797 3172 876 proportione
3205 800 3404 872 potest
3427 794 3722 869 distingui

2161 897 2428 973 justitia:
2455 894 2791 972 eodemque
2816 891 2996 950 modo
3016 889 3339 967 dupliciter
3360 886 3512 945 solet
3529 887 3720 963 accipi

2164 990 2441 1065 aequitas,
2469 1006 2594 1046 uno
2618 986 2800 1046 modo
2827 1001 2934 1062 pro
2957 982 3244 1059 aequitate
3272 978 3560 1051 naturali,
3588 996 3723 1055 quas

2163 1080 2375 1139 eadem
2403 1086 2493 1139 est
2522 1097 2661 1138 cum
2681 1077 2922 1155 justitia
2949 1072 3241 1145 naturali,
3268 1078 3329 1130 et
3354 1071 3444 1129 illi
3473 1089 3723 1148 respon-

2167 1172 2270 1231 det
2297 1190 2567 1249 aequum,
2593 1176 2778 1249 prout
2814 1169 2979 1227 idem
3007 1173 3121 1239 est,
3148 1164 3312 1244 quod
3341 1166 3580 1240 justum
3618 1182 3726 1223 na-

2166 1264 2363 1323 turale
2378 1286 2394 1337 ;
2423 1271 2484 1323 et
2511 1264 2576 1321 in
2620 1262 2736 1321 hoc
2765 1280 2944 1320 sensu
2978 1260 3317 1336 loquuntur
3339 1273 3495 1333 saepe
3522 1256 3726 1315 civilia

2159 1357 2304 1433 jura
2344 1356 2419 1415 de
2451 1357 2738 1434 aequitate
2776 1352 3066 1421 naturali,
3094 1358 3164 1408 ut
3202 1350 3268 1407 in
3295 1347 3453 1406 libro
3498 1352 3551 1419 l,
3580 1348 3615 1425 ἓ
3643 1346 3725 1408 Si

2166 1450 2359 1524 filius,
2392 1448 2458 1507 ff.
2505 1448 2580 1507 de
2627 1448 2764 1507 Suis
2811 1454 2874 1505 et
2910 1444 3081 1521 legit.
3114 1441 3380 1501 haered:
3420 1441 3725 1514 Naturali

2169 1542 2448 1618 (equitate
2473 1546 2704 1617 nepotes
2737 1541 2803 1599 in
2840 1539 3110 1613 filiorum
3149 1535 3336 1593 locum
3379 1535 3726 1601 succedunt,-

2170 1639 2230 1693 et
2252 1634 2359 1691 lib.
2390 1638 2448 1707 1,
2475 1633 2540 1692 ff.
2569 1633 2645 1692 de
2691 1631 2937 1708 Requir.
2984 1629 3143 1688 reis:
3178 1626 3532 1703 AEquz'tatis
3563 1627 3723 1685 ratio

2168 1745 2285 1786 non
2311 1727 2554 1802 patitur
2581 1725 2861 1784 inaudita
2908 1739 3089 1782 causa
3126 1738 3292 1797 quem
3321 1719 3717 1777 condem-nari.

2168 1819 2243 1876 Et
2265 1817 2408 1876 huic
2430 1816 2705 1894 aequitati
2730 1813 3056 1892 respondet
3087 1828 3332 1888 oequum
3357 1810 3726 1887 generaliter

2169 1909 2433 1967 dictum:
2470 1910 2675 1985 sicque
2706 1908 2932 1965 dicitur
2959 1906 3024 1963 in
3050 1904 3158 1963 lib.
3197 1905 3364 1965 Nam
3394 1904 3517 1973 hoc,
3550 1901 3613 1960 ff.
3645 1902 3720 1962 de

2168 2001 2356 2060 Cond.
2391 2000 2684 2058 indebiti:
2715 2001 2848 2059 Hoc
2887 2005 3110 2058 natura
3138 2014 3367 2074 (equum
3399 2002 3502 2061 est,
3530 1997 3715 2055 nemi-

2166 2112 2293 2153 nem
2324 2112 2454 2154 cum
2484 2094 2737 2153 alterius
2758 2095 3094 2151 nocumento
3124 2088 3492 2165 locupletari.
3522 2089 3717 2164 Atque

2168 2185 2422 2263 1011111105
2448 2185 2563 2243 1100
2601 2183 2785 2242 modo
2824 2187 3068 2259 sumpta
3110 2199 3233 2239 non
3260 2185 3348 2238 est
3377 2179 3721 2237 emendatio

2165 2278 2343 2355 juriS‚
2370 2278 2470 2336 sed
2501 2278 2702 2355 potius
2736 2277 2908 2352 origo
2937 2293 3042 2333 seu
3069 2272 3281 2349 regula
3309 2272 3520 2349 ipsius,
3547 2272 3724 2349 juxta

2170 2370 2212 2429 l.
2257 2373 2369 2443 91,
2415 2370 2481 2429 ff.
2526 2371 2600 2429 de
2643 2372 2793 2445 Reg.
2829 2370 2952 2445 jur.
2979 2383 2996 2425 ε
3023 2369 3104 2427 In
3147 2366 3437 2438 omnibus,
3473 2367 3726 2425 maxime

2170 2470 2364 2523 tame-n
2394 2466 2646 2540 injure,
2678 2464 2932 2540 mquitas
2968 2461 3280 2538 spectanda
3312 2464 3416 2517 esc.

2252 2559 2349 2615 10.
2397 2556 2531 2615 Alio
2578 2574 2721 2615 vero
2776 2554 2959 2612 modo
3004 2553 3270 2610 sumitur
3316 2550 3570 2627 aequitas
3614 2569 3725 2627 pro

2171 2649 2458 2725 prudenti
2491 2647 2908 2706 moderatione
2938 2645 3090 2721 legis
3123 2644 3357 2719 scriptas·
3388 2649 3609 2719 praeter
3644 2645 3726 2702 ri-

2171 2759 2381 2817 gorem
2425 2740 2750 2799 verborum
2799 2740 2951 2815 ejuS,
2993 2742 3054 2797 01
3099 2737 3184 2794 510
3230 2735 3454 2793 dicitur
3496 2736 3725 2814 opponi

2169 2834 2374 2891 stricto
2406 2834 2554 2910 juri,
2581 2833 2646 2889 in
2675 2832 2718 2890 l.
2753 2834 2813 2901 ⁵2,
2844 2830 2879 2909 ἓ
2909 2832 3089 2902 Item,
3117 2828 3181 2887 ff.
3216 2827 3290 2887 de
3319 2835 3494 2905 Aqua
3517 2829 3727 2905 pluvia

2171 2943 2403 2999 areen.,
2450 2926 2653 3002 sieque
2699 2924 2853 2982 dixit
2906 2921 3266 2980 Terentius:
3319 2922 3489 2980 Inter
3515 2923 3632 2997 jus
3673 2928 3726 2983 et

2169 3019 2506 3095 aequitatem
2554 3018 2657 3076 lwc
2705 3018 2966 3086 interest,
3005 3015 3119 3091 jus
3169 3019 3275 3085 est,
3324 3014 3478 3090 quod
3525 3015 3728 3074 omnia

2167 3116 2328 3171 recia
2353 3117 2404 3172 ec
2439 3111 2803 3188 infleaeibiZia
2831 3108 3055 3185 κείμὴ.-
3086 3106 3340 3185 (equitas
3368 3113 3473 3179 est,
3498 3126 3629 3186 quoe
3660 3108 3727 3168 de

2153 3204 2300 3280 jure
2329 3205 2578 3262 wzullum
2609 3202 2888 3262 remittit.
2927 3202 2999 3259 Et
3027 3200 3104 3258 ab
3136 3200 3419 3277 aequitate
3448 3200 3532 3258 sic
3562 3218 3727 3258 50111-

2167 3302 2272 3374 pta
2330 3295 2551 3353 dicitur
2604 3294 2792 3353 etiam
2847 3293 3019 3371 quasi
3070 3310 3180 3368 per
3232 3293 3727 3351 antonomasiam

2169 3405 2416 3465 aequum
2441 3392 2503 3446 et
2529 3386 2786 3458 bonum,
2820 3384 2985 3462 quod
3013 3385 3162 3443 inse
3191 3385 3440 3462 quidem
3464 3384 3584 3443 tale
3610 3391 3725 3458 est,

2168 3480 2310 3540 licet
2343 3499 2381 3539 a
2409 3480 2608 3539 verbis
2636 3480 2791 3554 legis
2828 3478 3170 3537 discordare
3206 3477 3507 3537 videatur.
3541 3480 3615 3537 Et
3641 3481 3730 3539 510

2172 3573 2431 3651 sumpsit
2450 3573 2801 3631 Aristoteles
2816 3572 3189 3648 inquitatem,
3213 3588 3350 3629 cum
3371 3570 3542 3630 illam
3572 3572 3731 3630 dixit

2172 3684 2298 3725 esse
2335 3665 2828 3724 emendationem
2871 3663 3045 3739 justi,
3081 3663 3293 3740 utique
3339 3663 3573 3738 legalis,
3605 3665 3731 3722 vir-

2170 3765 2485 3836 tutemque
2537 3777 2574 3817 a
2624 3776 2746 3835 qua
2796 3757 3072 3835 procedit
3116 3756 3218 3814 1110
3274 3763 3443 3816 actus
3488 3759 3731 3816 vocavit

2171 3852 2460 3931 epikiam,
2485 3851 2560 3909 de
2589 3868 2711 3927 qua
2742 3850 3011 3927 disputat
3039 3848 3226 3908 etiam
3252 3849 3431 3908 divus
3462 3849 3731 3909 Thomas

2171 3944 2433 4003 secunda
2461 3943 2762 4016 secundae,
2798 3948 3010 4021 quaest.
3060 3944 3196 4002 120.
3230 3942 3323 4000 Ad
3354 3941 3526 4000 illam
3557 3943 3729 4001 enim

2172 4042 2401 4114 spectat
2441 4042 2651 4095 contra
2684 4035 2872 4095 verba
2910 4035 3064 4111 legis
3106 4035 3394 4095 humanae
3436 4053 3617 4111 agere
3662 4038 3730 4095 in

2170 4129 2545 4207 particulari,
2577 4128 2824 4206 quando
2851 4128 3021 4187 illam
3055 4146 3296 4187 servare
3324 4134 3480 4187 05501
3514 4133 3732 4187 000110

2170 4221 2516 4280 naturalem
2556 4221 2928 4298 aequitatem,
2975 4226 3246 4298 tuncque
3271 4220 3465 4298 judex
3502 4219 3731 4280 dieitur

2170 4333 2294 4372 non
2333 4332 2515 4388 agere
2538 4313 2712 4390 jure,
2744 4314 2956 4390 utique
2985 4313 3408 4386 materialiter,
3434 4318 3494 4371 et
3534 4318 3605 4372 ut
3631 4331 3729 4372 so-

2171 4413 2301 4479 nat,
2348 4406 2452 4464 sed
2487 4424 2669 4482 agere
2703 4424 2879 4483 aequo
2924 4411 2986 4465 et
3031 4406 3215 4480 hono,
3267 4407 3429 4483 quod
3467 4413 3578 4480 051,
3619 4407 3730 4484 jus

2170 4499 2371 4576 ipsum
2392 4499 2571 4574 juxta
2598 4499 3004 4557 intentionem
3031 4499 3162 4574 ejus
3192 4517 3457 4572 servare,
3490 4504 3550 4557 et
3579 4517 3730 4557 con-

2169 4591 2429 4648 trarium
2478 4608 2661 4666 agere
2707 4596 2861 4648 esset
2905 4590 3018 4667 jus'
3049 4590 3300 4664 violare,
3345 4592 3523 4668 juxta
3570 4590 3730 4649 illud

2166 4683 2417 4756 sustin„
2450 4683 2583 4741 cod.
2619 4683 2695 4741 de
2737 4683 2915 4757 Leg.:
2951 4683 3096 4744 Non
3129 4684 3371 4742 dubium
3419 4689 3502 4742 esc
3540 4684 3607 4742 in
3648 4684 3730 4744 le-

2166 4791 2292 4851 yem
2318 4776 2677 4836 committere
2695 4793 2821 4834 eum
2843 4775 2969 4851 qui,
2992 4775 3167 4833 verba
3192 4775 3343 4852 leyis
3366 4775 3724 4850 complana,

2166 4872 2370 4926 contra
2399 4867 2548 4943 Zeyis
2571 4867 2795 4925 nititur
2817 4867 3170 4925 voluntatem
3186 4890 3211 4934 ,·
3234 4873 3294 4925 et
3315 4866 3450 4925 ideo
3471 4866 3730 4926 fortasse

2159 4958 2646 5035 jurisprudentia
2676 4958 2836 5017 dicta
2867 4965 2954 5017 est
2973 4977 3071 5018 ars
3097 4958 3326 5018 boniet
3348 4959 3530 5036 aequi,
3555 4960 3731 5035 quod

2167 5051 2232 5108 in
2276 5050 2515 5127 legibus
2564 5050 3036 5127 interpretandis
3077 5050 3311 5109 bonum
3359 5057 3419 5110 et
3473 5069 3728 5128 aequum

2166 5161 2404 5219 semper
2433 5143 2659 5200 intueri
2683 5142 2884 5215 debet,
2914 5144 3101 5202 etiam
3129 5144 3178 5202 si
3205 5143 3514 5202 interdum
3545 5163 3726 5221 opor·

2164 5241 2290 5292 teat
2311 5234 2641 5292 verborum
2666 5235 2932 5310 rigorem
2957 5240 3324 5312 temperare,
3348 5253 3426 5293 ne
3445 5235 3522 5294 ab
3545 5253 3730 5311 aequo

2166 5333 2226 5385 et
2266 5326 2426 5384 bono
2469 5328 2731 5386 naturali
2767 5328 3133 5387 discedatur.
3185 5329 3364 5387 Plura
3407 5327 3628 5386 dehac
3659 5347 3730 5386 re

2166 5420 2307 5477 vide
2346 5420 2410 5478 in
2454 5420 2738 5494 Covarro,
2782 5420 2846 5478 in
2889 5439 3019 5496 reg.
3074 5422 3406 5495 Possessor,
3453 5426 3613 5497 part.
3661 5421 3726 5492 2,

2167 5510 2203 5590 ξ
2234 5513 2295 5587 6,
2326 5531 2387 5572 n.
2425 5515 2479 5572 3.
