3976 6219
524 416 646 476 222

526 522 828 601 loquendo,
853 526 1104 598 propter
1131 523 1304 578 actus
1324 500 1744 578 indifferentes
1770 518 1836 576 in
1863 516 2085 595 quibus

524 633 652 678 non
692 614 939 674 videtur
981 612 1243 691 supponi
1281 612 1590 686 honestas,
1634 627 1990 689 quanquam
2033 609 2084 668 si

523 712 849 767 sumantur
884 709 957 764 ιιι
983 704 1250 764 ordinati
1280 703 1356 763 ad
1398 702 1589 764 finem
1620 709 1866 782 propter
1895 719 2084 780 quem

522 798 626 859 lex
647 815 753 858 eos
774 796 1075 876 praecipit,
1121 794 1364 856 honesti
1393 796 1538 871 sint,
1571 814 1757 875 quam
1796 795 2082 855 honesta-

521 897 647 954 tem
666 891 964 952 haberent
986 891 1071 951 sic
1098 890 1262 965 facti,
1281 890 1520 950 etiamsi
1539 890 1670 951 sine
1688 890 1825 968 lege
1839 888 2079 962 flerent,

521 1003 650 1047 non
680 991 890 1045 tamen
932 983 1236 1044 haberent
1272 983 1714 1044 necessitatem.
1766 982 1968 1060 Atque
1996 981 2085 1041 ita

519 1080 588 1140 in
615 1080 971 1140 universum
997 1082 1367 1157 praeceptum
1396 1077 1836 1138 affirmativum
1865 1076 2086 1135 huma-

518 1193 672 1236 num
705 1171 853 1233 facit
881 1170 1085 1251 potius
1120 1171 1546 1233 necessitatem
1576 1189 1762 1250 quam
1798 1171 2083 1231 honesta-

520 1273 670 1328 tem.
701 1266 782 1326 At
809 1284 958 1327 vero
984 1269 1356 1343 praeceptum
1387 1265 1748 1342 negativum
1781 1281 1935 1342 pure
1963 1261 2083 1322 hu-

520 1376 780 1421 manum
808 1378 883 1421 ex
908 1377 972 1421 se
1013 1375 1141 1418 non
1169 1358 1461 1437 supponit
1501 1357 1795 1418 malitian·
1837 1357 1904 1416 in
1941 1362 2082 1417 actu

519 1471 705 1534 quem
735 1452 1042 1533 prohibet,
1087 1452 1192 1512 sed
1232 1450 1421 1513 facit:
1469 1451 1555 1512 sic
1593 1452 1761 1513 enim
1789 1451 2083 1511 dicuntur

520 1548 718 1608 multa
747 1566 876 1609 esse
916 1546 1082 1607 mala
1123 1547 1269 1625 quia
1297 1545 1636 1626 prohibita;
1679 1551 1741 1607 et
1775 1544 1932 1605 ratio
1965 1549 2080 1619 est,

520 1642 669 1720 quia
707 1641 948 1701 malitia
979 1640 1255 1701 consistit
1291 1641 1358 1700 in
1388 1640 1659 1701 carentia
1694 1637 2083 1700 rectitudinis

520 1734 744 1794 debitae
786 1752 802 1794 ε
856 1739 999 1794 ante
1045 1738 1417 1813 praeceptum
1471 1739 1678 1793 autem
1725 1730 2083 1809 hujusmodi

520 1826 767 1887 nullum
812 1832 944 1887 erat
976 1826 1277 1902 debitum,
1309 1833 1370 1887 et
1413 1827 1552 1887 ideo
1599 1825 1872 1887 carentia
1911 1830 2083 1885 actus

521 1926 655 1981 erat
677 1920 948 1998 negatio,
975 1937 1102 1979 non
1132 1919 1395 1998 privatio
1423 1918 1692 1994 moralis,
1727 1936 1796 1978 ac
1823 1916 2082 1997 proinde

518 2030 634 2073 nec
671 2012 910 2072 malitia
937 2017 1105 2072 erat:
1154 2012 1353 2089 posita
1398 2018 1607 2073 autem
1648 2011 1785 2089 lege
1814 2011 2083 2088 insurgit

519 2105 821 2180 debitum,
871 2111 930 2166 et
960 2107 1233 2166 carentia
1260 2107 1479 2167 transit
1516 2106 1582 2166 in
1620 2105 1924 2166 rationem
1954 2106 2081 2184 pri-

519 2197 806 2273 vationiS,
854 2212 1037 2276 atque
1077 2198 1165 2258 ita
1213 2200 1412 2277 surgit
1450 2199 1690 2260 malitia
1722 2217 1798 2259 ex
1835 2199 1898 2257 vi
1924 2197 2082 2276 legis

517 2291 810 2369 positivae.
831 2290 925 2351 Ad
941 2291 1073 2370 ejus
1091 2297 1301 2352 autem
1322 2293 1589 2371 speciem
1609 2291 2080 2369 intelligendam

517 2382 960 2444 consideranda
1002 2391 1095 2444 est
1133 2385 1393 2445 materia
1425 2386 1600 2463 legis,
1643 2384 1740 2445 vel
1776 2384 2079 2445 motivum

514 2475 782 2553 virtutis,
828 2475 941 2536 sub
989 2495 1110 2555 quo
1152 2476 1296 2538 talis
1342 2483 1513 2538 actus
1559 2477 1922 2557 prohibetur
1970 2495 2082 2555 per

517 2567 756 2645 legem:
807 2588 953 2630 nam
984 2575 1133 2629 tunc
1173 2571 1445 2650 pertinet
1475 2570 1714 2631 malitia
1741 2570 1819 2630 ad
1857 2570 2080 2629 vitium

518 2661 900 2720 contrarium
923 2662 1017 2721 illi
1030 2662 1279 2722 virtuti:
1306 2670 1399 2740 ut,
1421 2662 1592 2723 verbi
1617 2663 1837 2741 gratia,
1865 2661 2080 2723 effusio

516 2753 835 2830 sanguinis
865 2754 931 2813 in
968 2753 1257 2828 Ecclesia,
1284 2760 1584 2832 quatenus
1616 2773 1726 2834 per
1752 2754 1952 2832 legem
1982 2770 2079 2813 ec-

515 2843 918 2905 clesiasticam
959 2846 1347 2926 prohibetur,
1392 2866 1518 2908 non
1560 2848 1825 2926 pertinet
1864 2847 1941 2907 ad
1982 2847 2077 2906 in·

511 2936 843 3016 justitiam,
878 2939 981 2999 sed
1011 2939 1087 3000 ad
1113 2938 1526 3017 sacrilegium,
1559 2940 1704 3018 quia
1737 2939 1844 2999 illa
1871 2939 2080 3017 prohi-

514 3030 669 3091 bitio
710 3030 781 3092 fit
808 3032 1041 3093 intuitu
1075 3033 1437 3094 reverentiae
1475 3032 1695 3094 debitae
1720 3033 1855 3093 loco
1882 3050 2076 3107 sacre,

515 3124 680 3203 quod
727 3127 807 3186 ad
852 3126 1218 3204 religionem
1259 3133 1507 3206 spectat.
1555 3126 1632 3188 Et
1672 3126 1837 3187 idem
1879 3131 1971 3186 est
2013 3127 2078 3185 in

516 3233 617 3277 om
624 3217 803 3277 nibus
813 3220 1076 3297 peccatis
1089 3220 1538 3280 commissionis
1540 3266 1560 3296 ,
1576 3237 1712 3299 quae
1727 3223 2079 3299 repugnant

511 3308 852 3372 formaliter
880 3315 1197 3392 proeceptis
1225 3312 1531 3391 negativis
1561 3330 1670 3373 seu
1698 3311 2077 3391 prohibenti-

513 3402 665 3464 bus:
709 3421 857 3465 nam
887 3406 953 3464 in
986 3405 1124 3465 aliis
1165 3406 1417 3466 malitiis
1444 3405 1791 3465 omissionis
1816 3423 1952 3484 quae
1980 3422 2077 3464 rc-

511 3503 797 3575 pugnant
836 3498 1062 3558 directe
1089 3504 1389 3577 praecepto
1424 3496 1817 3573 affirmativo,
1862 3514 1938 3556 ex
1966 3496 2077 3556 ho·

512 3594 748 3650 nestate
763 3595 936 3649 actus
948 3590 1253 3650 contrarie
1273 3590 1536 3670 oppositi
1551 3591 1811 3669 insurgit
1828 3590 2078 3670 propria

516 3680 949 3743 determinatio
998 3702 1105 3743 seu
1149 3683 1518 3762 specificatio
1565 3683 1911 3744 omissionis
1945 3705 1959 3742 ε
2016 3690 2078 3745 et

513 3774 598 3834 ita
628 3774 818 3834 etiam
840 3781 1078 3835 constat
1103 3794 1226 3855 quo
1246 3776 1428 3837 modo
1456 3776 1622 3854 leges
1649 3776 1939 3836 humanae
1969 3776 2079 3836 ha-

512 3864 701 3927 beant
728 3886 841 3946 pro
879 3869 1140 3930 materia
1182 3874 1354 3929 actus
1398 3869 1693 3930 vitiorum
1736 3869 2079 3930 secundum

513 3960 744 4038 species
770 3978 931 4054 suas,

591 4055 690 4114 21.
738 4055 945 4114 Posset
993 4060 1293 4134 proeterea
1335 4055 1498 4116 circa
1541 4055 1701 4116 hanc
1750 4055 2077 4117 materiam

511 4147 758 4207 tmctari
785 4166 867 4209 an
910 4148 1130 4209 modus
1175 4148 1422 4209 virtutis
1450 4149 1626 4210 cadat
1666 4148 1780 4210 sub
1807 4167 2075 4229 praecep-

511 4243 671 4316 tum,
695 4257 776 4300 an
801 4246 977 4301 actus
996 4241 1272 4303 difficiles
1293 4248 1355 4303 et
1368 4242 1550 4303 ardui
1572 4242 1807 4322 possint
1824 4241 2074 4321 praecipi

506 4349 619 4411 per
638 4332 842 4409 legem
865 4334 1129 4396 civilem.
1159 4335 1276 4397 Sed
1296 4334 1429 4396 haec
1457 4335 1839 4396 commodius
1865 4334 2072 4395 dicen-

507 4431 613 4487 tur
638 4426 800 4487 infra
828 4428 1190 4507 explicando
1219 4429 1661 4507 obligationem
1695 4429 1881 4507 hujus
1914 4428 2070 4507 legis

508 4525 570 4579 et
611 4521 866 4580 modum
910 4521 1208 4602 implendi
1251 4522 1446 4583 illam.
1500 4522 1586 4582 De
1628 4521 1813 4582 modo
1858 4525 2070 4581 autem

506 4631 627 4691 quo
672 4613 771 4673 lex
818 4613 1016 4674 civilis
1061 4613 1307 4675 differat
1348 4634 1386 4675 a
1433 4615 1729 4676 canonica
1778 4634 1854 4677 ex
1896 4621 2070 4695 parte

506 4706 781 4767 materiae
810 4705 1088 4768 dicemus
1114 4707 1159 4768 l.
1191 4726 1346 4788 seq.,
1373 4727 1425 4770 c.
1457 4710 1518 4770 2.

1063 4897 1310 4958 CAPUT
1350 4896 1507 4957 XIII.

508 5096 591 5143 AN
621 5098 737 5142 LEX
773 5097 982 5143 clvms
1024 5097 1268 5144 TANTUM
1308 5098 1500 5143 Possm·
1540 5095 1843 5142 nummos
1884 5094 2068 5141 Ac'rtvs

848 5192 1184 5238 PRAEGIPERE
1217 5193 1336 5239 AU'r
1366 5191 1717 5239 Pnomlmnn.

585 5365 643 5422 1.
689 5359 882 5423 Actus
910 5362 1207 5425 humanus
1234 5362 1484 5443 duplex:
1516 5361 1771 5424 interior
1804 5365 1858 5422 ec
1904 5366 2065 5422 exte-

501 5458 658 5530 rior,
704 5460 759 5516 et
798 5454 938 5516 hinc
982 5462 1267 5536 tanquam
1302 5475 1340 5517 a
1388 5459 1590 5533 forma
1631 5454 1852 5515 morali
1894 5455 2067 5516 habet

501 5551 658 5631 quod
686 5550 771 5611 sit
798 5549 1096 5612 humanus
1132 5556 1187 5615 et
1212 5551 1485 5614 moralis.
1517 5584 1597 5595 —-
1628 5551 1817 5611 Actus
1844 5548 2066 5610 huma-

1498 417 1613 469 Lm.
1651 418 1732 470 111.
1768 416 1850 469 ΒΕ
1881 412 2042 468 LEGE
2074 415 2333 470 HUMANA
2366 422 2445 473 m·
2479 422 2680 474 civim.

2163 538 2280 580 nus
2323 521 2422 599 (de
2457 540 2580 601 quo
2604 519 2734 581 solo
2759 519 2862 580 lex
2889 521 3089 597 potest
3113 517 3394 597 proxime
3420 515 3599 595 ferri)
3632 517 3779 577 du-

2163 613 2305 692 plex
2336 621 2450 691 est,
2483 620 2555 674 ιιι
2582 633 2659 675 ex
2689 616 2744 675 1.
2777 615 2841 685 2,
2869 631 2931 692 q.
2965 612 3043 672 18
3070 618 3133 672 et
3159 610 3562 690 sequentibus
3596 628 3778 670 con-

2161 713 2302 783 stat,
2334 707 2592 768 interior
2615 711 2677 768 et
2703 706 2994 779 exterior,
3019 705 3128 784 qui
3151 704 3315 764 inter
3339 721 3403 763 se
3437 703 3526 763 ita
3571 720 3774 762 com-

2161 807 2484 879 parantur,
2509 806 2579 861 ιιι
2605 800 2871 861 exterior
2893 816 3018 858 non
3037 797 3228 877 possit
3256 814 3382 856 esse
3410 796 3545 856 sine
3578 796 3768 855 inte-

2162 893 2354 952 riori:
2401 895 2616 955 abillo
2659 893 2831 953 enim
2858 898 3156 969 tanquam
3196 907 3233 949 a
3264 888 3484 949 morali
3528 887 3772 949 forma

2163 987 2349 1048 habet
2383 989 2547 1067 quod
2575 988 2887 1049 humanus
2915 990 2977 1045 et
3010 983 3261 1044 moralis
3288 984 3390 1044 sit.
3425 983 3611 1044 Unde
3639 1001 3766 1043 ex-

2163 1081 2354 1142 terior
2397 1088 2570 1143 actus
2611 1081 2924 1141 humanus
2960 1083 3054 1139 est
3082 1077 3272 1138 veluti
3315 1077 3761 1156 compositum

2163 1174 2473 1253 quoddam
2535 1194 2611 1237 ex
2666 1179 2806 1234 actu
2852 1170 3177 1246 exteriori,
3234 1169 3502 1249 corporis
3549 1167 3760 1229 verbi

2162 1268 2363 1343 gratia
2378 1268 2484 1349 (ita
2506 1268 2674 1329 enim
2703 1283 2874 1327 nunc
2892 1260 3250 1342 loquimur),
3265 1268 3327 1323 et
3345 1280 3422 1322 ex
3446 1260 3758 1321 interiori

2160 1366 2306 1422 actu
2343 1361 2702 1436 voluntatis,
2737 1366 3033 1439 tauquam
3074 1375 3147 1417 ex
3180 1356 3442 1417 materia
3467 1353 3748 1429 visibili,

2166 1460 2227 1515 et
2253 1456 2452 1516 forma
2477 1473 2591 1535 per
2617 1472 2681 1515 se
2709 1451 3040 1513 invisibili:
3073 1451 3233 1512 sicut
3262 1450 3450 1510 homo
3486 1466 3755 1528 compo—

2165 1547 2336 1607 nitur
2359 1565 2434 1610 ex
2454 1564 2708 1627 corpore
2738 1550 2799 1606 et
2827 1545 3035 1605 anima
3044 1550 3137 1622 ;et
3155 1543 3231 1604 de
3249 1543 3366 1603 hoc
3384 1548 3526 1602 actu
3556 1540 3752 1600 nulla

2164 1645 2254 1700 est
2286 1640 2542 1719 quaestio
2570 1640 2720 1720 quin
2755 1638 2944 1717 possit
2979 1655 3107 1698 esse
3142 1635 3400 1697 materia
3435 1633 3746 1694 humanae

2162 1731 2337 1810 legiS.
2369 1735 2638 1794 Tantum
2674 1750 2824 1811 ergo
2860 1736 3136 1810 superest
3166 1728 3610 1808 inquirendum
3653 1745 3745 1787 an

2164 1825 2330 1886 solus
2352 1826 2456 1886 ille
2482 1826 2561 1886 sit
2588 1825 2849 1887 materia
2878 1825 3169 1885 humanae
3201 1822 3378 1900 legiS,
3403 1826 3510 1880 aut
3538 1820 3739 1880 etiam

2163 1919 2422 1979 interior
2445 1938 2574 1981 esse
2614 1920 2803 1999 possit
2830 1917 2929 1978 vel
2954 1936 3065 1997 per
3088 1935 3175 1993 se,
3205 1915 3305 1983 vel
3333 1922 3405 1976 ut
3432 1915 3737 1992 conjunc·

2163 2019 2264 2073 tus
2299 2014 2609 2074 exteriori.
2649 2013 2819 2074 Unde
2858 2011 3044 2072 simul
3080 2010 3267 2070 etiam
3298 2007 3594 2088 oportebit
3620 2008 3728 2066 in·

2163 2107 2405 2186 quirere
2450 2112 2657 2167 utrum
2701 2110 2875 2166 actus
2916 2104 3183 2165 exterior
3209 2121 3320 2182 per
3363 2102 3563 2179 legem
3600 2100 3731 2160 hu-

2163 2217 2411 2260 manam
2457 2199 2872 2278 praecipiatur,
2923 2203 2993 2257 ιιι
3037 2195 3422 2258 voluntarius
3466 2199 3580 2268 est,
3625 2192 3737 2254 vel

2164 2292 2365 2352 solum
2394 2296 2462 2351 ut
2492 2297 2660 2351 actus
2689 2290 2946 2369 quidam
2986 2289 3250 2349 exterior
3283 2292 3393 2347 est.
3426 2285 3555 2347 Sub
3585 2290 3736 2345 actu

2164 2390 2369 2446 autem
2390 2385 2481 2461 (ut
2503 2402 2660 2463 saepe
2679 2384 2919 2460 monui)
2941 2380 3523 2460 comprehendimus
3541 2378 3737 2438 omis·

2160 2477 2398 2537 sionem
2454 2482 2626 2536 actus
2674 2475 2934 2536 humani
2973 2497 2987 2534 :
3050 2479 3289 2535 constat
3342 2473 3510 2533 enim
3567 2471 3734 2531 hanc

2162 2571 2350 2630 etiam
2386 2588 2515 2630 esse
2557 2574 2923 2649 praeceptam
2958 2587 3071 2647 per
3108 2567 3309 2645 legem
3340 2565 3725 2642 negativam,

2161 2662 2260 2723 vel
2288 2662 2662 2741 prohibitam
2691 2680 2803 2741 per
2831 2660 3300 2721 affirmativam:
3321 2676 3468 2718 nam
3491 2657 3602 2736 qui
3628 2675 3731 2716 ac-

2159 2761 2295 2816 tum
2317 2755 2595 2835 praecipit
2618 2758 3067 2832 consequenter
3085 2750 3370 2832 prohibet
3387 2751 3518 2829 ejus
3536 2750 3727 2809 omis·

2160 2850 2416 2910 sionem.

2238 2945 2297 3003 2.
2343 2942 2467 3003 Lex
2506 2958 2660 3003 mere
2700 2940 2967 3001 humana
3010 2955 3128 2999 non
3164 2943 3359 3016 potest
3396 2936 3727 3016 proeoipere

2161 3041 2357 3097 actum
2382 3054 2531 3115 puro
2559 3036 2858 3095 internum
2886 3034 3103 3095 directe
3131 3038 3186 3094 et
3211 3033 3525 3095 secundum
3554 3048 3725 3093 se.—

2160 3130 2304 3190 Dico
2329 3146 2476 3207 ergo
2503 3127 2741 3206 primo:
2767 3128 2867 3188 lex
2890 3146 3059 3189 mere
3081 3127 3356 3187 humana
3377 3144 3502 3187 non
3526 3130 3724 3205 potest

2157 3222 2486 3300 praecipere
2515 3226 2723 3280 actum
2762 3239 2914 3300 pure
2941 3222 3257 3281 internum
3290 3220 3515 3280 directe
3544 3224 3604 3279 et
3630 3236 3722 3278 se·

2158 3314 2428 3374 cundum
2470 3331 2555 3374 se.
2600 3313 2743 3373 Haec
2783 3313 3034 3378 assertio
3061 3313 3126 3373 in
3170 3330 3352 3373 sensu
3382 3310 3588 3371 statim
3619 3328 3723 3371 ex·

2156 3406 2441 3485 plicando
2471 3406 2884 3466 communiter
2911 3411 3155 3485 recepta
3190 3410 3302 3480 est,
3335 3405 3719 3483 sumiturque

2157 3516 2233 3559 ex
2266 3497 2310 3558 l.
2347 3497 2753 3578 Coqitationis
2771 3516 3012 3577 poenam
3041 3516 3206 3560 nemo
3233 3503 3514 3573 meretur,
3546 3496 3610 3557 ff.
3642 3496 3718 3557 de

2156 3591 2390 3665 Poenis3
2430 3592 2680 3653 Poenam
2709 3592 2922 3670 utique
2959 3590 3226 3666 civilem,
3257 3592 3426 3671 quia,
3465 3590 3712 3664 scilicet,

2149 3685 2254 3762 jus
2282 3684 2458 3744 civile
2499 3702 2609 3763 per
2649 3702 2711 3744 se
2757 3703 2884 3743 non
2927 3690 3208 3745 versatur
3251 3685 3416 3745 circa
3448 3684 3716 3743 internos

2157 3784 2350 3838 actuS.
2397 3778 2552 3837 Nam
2598 3777 2743 3856 quia
2788 3776 2927 3837 illos
2968 3778 3334 3838 naturaliter
3380 3793 3449 3837 ac
3498 3793 3609 3856 per
3653 3793 3714 3835 se

2157 3871 2378 3951 punire
2402 3888 2528 3930 non
2559 3874 2779 3949 potest,
2804 3869 2942 3931 ideo
2959 3888 3073 3930 nec
3100 3870 3238 3931 illos
3260 3871 3588 3950 praecipere
3611 3873 3714 3928 aut

2157 3962 2482 4043 prohibere
2510 3968 2742 4041 potest:
2770 3980 2916 4023 nam
2957 3967 3217 4041 potestas
3242 3962 3584 4038 legislativa
3626 3967 3713 4022 est

2158 4058 2343 4117 etiam
2374 4056 2667 4131 coactiva,
2710 4061 2781 4115 ut
2815 4056 3105 4130 diximuS,
3146 4059 3207 4115 et
3231 4054 3317 4114 ita
3346 4053 3396 4112 si
3438 4054 3710 4113 coactiva

2157 4167 2283 4210 esse
2307 4167 2435 4209 non
2458 4152 2658 4228 potest
2676 4153 2955 4228 respectu
2974 4147 3277 4209 interioris
3300 4152 3491 4221 actus,
3511 4163 3704 4224 neque

2154 4241 2357 4321 legem
2406 4242 2566 4302 ferre
2619 4241 2778 4302 circa
2830 4241 3007 4303 illum
3059 4246 3277 4321 potest.
3320 4238 3457 4299 Dixi
3502 4244 3703 4298 autem

2154 4341 2350 4397 actum
2388 4352 2538 4412 puro
2579 4337 2901 4410 internum,
2929 4335 3080 4414 *quia
3122 4338 3361 4412 oportet
3384 4332 3550 4391 utin
3586 4331 3710 4391 sola

2152 4433 2359 4489 mente
2391 4429 2659 4488 sistatur.
2691 4428 2848 4489 Nam
2888 4430 2940 4489 si
2972 4429 3250 4506 cupienS,
3291 4424 3465 4485 verbi
3494 4425 3702 4502 gratia,

2151 4522 2464 4596 occidere,
2522 4519 2730 4599 aliquo
2787 4521 2970 4582 modo
3025 4521 3291 4580 intentet
3348 4517 3705 4578 exteriorem

2152 4620 2390 4687 actum,
2434 4618 2496 4673 et
2535 4615 2601 4673 in
2647 4612 2754 4674 illo
2806 4613 3063 4692 prodere
3104 4611 3383 4691 incipiat,
3432 4608 3705 4689 quamvis

2153 4708 2441 4770 effectum
2487 4725 2614 4768 non
2664 4712 3064 4785 assequatur,
3106 4723 3265 4784 saepe
3311 4709 3453 4782 aget
3503 4708 3704 4762 contra

2150 4803 2354 4883 legem
2387 4808 2449 4865 et
2474 4804 2750 4864 incurret
2782 4819 3031 4881 poenam
3060 4800 3214 4879 ejus.
3250 4797 3568 4871 Quomodo
3602 4794 3704 4856 ali-

2150 4896 2400 4976 quando
2421 4895 2650 4956 dicitur
2671 4896 2738 4955 in
2754 4896 2895 4974 jure
2914 4894 3187 4972 aliquem
3209 4889 3444 4970 puniri,
3462 4889 3553 4950 vel
3570 4890 3703 4969 quia

2150 4990 2458 5067 coyitavz't,
2499 4988 2731 5048 scilicet
2768 4987 3037 5048 exterius
3075 4982 3447 5057 inchoando,
3481 4981 3577 5041 vel
3602 4998 3702 5060 per

2149 5081 2498 5156 consilium,
2521 5081 2621 5142 vel
2647 5099 2759 5160 per
2779 5081 3049 5159 aliquam
3073 5079 3379 5140 actionem
3408 5097 3548 5158 quae
3570 5095 3703 5139 casu

2148 5194 2276 5236 non
2325 5174 2546 5256 habuit
2590 5174 2894 5236 effectum.
2941 5175 3160 5254 Sicque
3204 5173 3576 5252 intelligitur
3610 5172 3702 5233 lex

2154 5269 2460 5348 Quisquis,
2478 5269 2543 5330 C.
2567 5267 2644 5328 ad
2663 5266 2785 5346 leg.
2810 5267 2932 5328 Jul.
2958 5268 3321 5347 maJestatiS,
3339 5272 3401 5328 et
3418 5266 3462 5326 1.
3490 5267 3698 5349 Divus,

2147 5361 2212 5422 ff.
2249 5361 2327 5421 ad
2367 5362 2513 5439 Leg.
2546 5360 2785 5422 Cornel.
2819 5360 2893 5421 de
2932 5362 3099 5422 Sacr.
3147 5359 3382 5434 Quibus
3407 5359 3556 5420 locis
3591 5358 3710 5418 alia·

2141 5458 2284 5535 jura
2325 5457 2484 5516 circa
2522 5454 2639 5514 hoc
2666 5454 2857 5514 Gloss,
2904 5460 2966 5515 et
2993 5455 3269 5516 doctores
3298 5455 3615 5527 adnotant,
3643 5455 3698 5511 et

2146 5549 2268 5611 late
2294 5549 2490 5610 Felin.
2517 5554 2598 5610 tr.
2646 5551 2706 5624 1,
2733 5547 2991 5620 Quando
3026 5555 3283 5611 conatus
3311 5548 3608 5629 puniatur
3631 5549 3686 5605 et
