3976 6219
571 350 694 417 560

575 453 949 519 conscientia
977 468 1236 513 erronea
1248 466 1268 529 3
1301 450 1405 512 lex
1445 454 1655 512 8111001
1696 447 1878 528 punit
1914 461 2137 508 verum

578 547 1082 626 rebaptizantem,
1113 562 1241 605 non
1270 547 1578 622 putatum.
1618 542 1786 603 Idem
1829 557 1970 599 cum
1999 555 2135 617 pro-

575 640 861 721 portione
892 643 985 699 est
1009 638 1087 698 de
1119 636 1226 697 illo
1255 637 1363 715 qui
1389 634 1698 696 contrahit
1718 632 1984 695 alterum
2002 647 2136 691 ma-

576 732 943 795 trimonium
973 734 1198 809 putans
1235 746 1364 790 esse
1407 726 1768 802 secundum,
1815 730 1879 787 et
1925 728 2137 803 postea

578 824 871 903 intelligit
915 823 1190 903 primum
1231 820 1424 883 1111880
1475 820 1721 881 nullum
1728 834 1750 897 3
1787 834 1940 879 nam
1990 821 2141 877 tunc

578 937 706 980 non
731 915 994 979 incurrit
1023 932 1258 995 poenas.
1291 913 1462 975 Idem
1493 912 1624 973 dixi
1657 912 1728 973 in
1761 911 2025 972 materia
2060 909 2139 971 de

580 1009 866 1073 censuris
917 1008 995 1069 de
1039 1006 1147 1068 illo
1195 1006 1304 1086 qui
1353 1003 1622 1067 celebrat
1646 1001 1747 1065 vel
1782 1001 2141 1063 solemniter

578 1103 890 1165 ministrat
911 1104 1390 1174 sacramentum,
1412 1102 1636 1178 putans
1655 1113 1719 1157 se
1744 1112 1874 1157 esse
1896 1108 2141 1156 excom-

579 1195 970 1259 municatum
995 1208 1016 1271 3
1045 1210 1194 1255 nam
1223 1192 1275 1252 si
1297 1196 1510 1271 postea
1535 1187 1844 1266 intelligat
1869 1186 2142 1266 priorem

580 1286 1286 1349 excommunicationem
1339 1283 1528 1343 fuisse
1569 1280 1832 1354 nullam,
1879 1296 2009 1338 non
2048 1281 2142 1339 est

579 1380 776 1442 factus
801 1378 1184 1457 irregulariS,
1210 1376 1360 1456 quia
1377 1375 1510 1437 11810
1528 1391 1714 1454 poena
1747 1389 1875 1432 non
1903 1376 1997 1432 est
2022 1370 2141 1431 im·

580 1473 780 1552 posita
808 1470 1338 1533 excommunicato
1359 1472 1574 1547 putato
1599 1464 2009 1537 ministranti,
2034 1461 2142 1523 sed

578 1581 723 1627 vere
749 1564 962 1643 ligato.
1011 1564 1104 1623 lta
1145 1579 1293 1639 ergo
1337 1565 1431 1621 est
1463 1576 1608 1621 cum
1641 1556 2037 1638 proportione
2072 1556 2141 1615 in

579 1657 890 1736 praesenti.
920 1658 1122 1733 Atque
1161 1654 1251 1714 ita
1277 1651 1612 1732 ampliatur
1649 1650 1838 1711 etiam
1863 1649 2139 1729 primum

579 1750 933 1811 membrum
982 1747 1212 1827 regulae
1265 1745 1613 1807 communis
1661 1762 1848 1823 supra
1899 1742 2137 1823 positae,

580 1842 728 1919 quia
753 1840 850 1901 hae
876 1840 1044 1917 leges
1073 1838 1149 1899 de
1175 1836 1398 1916 quibus
1423 1841 1761 1897 tractamus
1786 1852 1914 1896 non
1939 1834 2143 1894 solum

579 1950 709 1993 non
730 1932 1002 2011 puniunt
1021 1935 1272 2009 propter
1298 1927 1611 2005 effectum,
1633 1927 1738 1988 sed
1765 1928 1954 1988 etiam
1981 1924 2143 1986 desi-

580 2029 742 2086 nunt
781 2024 1004 2103 punire
1043 2021 1290 2102 quando
1331 2025 1503 2081 actus
1551 2019 1804 2081 habebit
1829 2019 2139 2081 effectum.

581 2116 758 2179 Unde
806 2115 1032 2177 directe
1079 2121 1140 2177 et
1179 2114 1355 2194 quasi
1385 2112 1730 2175 formaliter
1749 2112 2022 2193 puniunt
2046 2130 2147 2173 80-

582 2214 718 2269 tum
759 2214 1062 2288 quatenus
1101 2207 1307 2267 nullus
1342 2212 1456 2281 est,
1497 2211 1560 2267 et
1596 2205 1742 2284 quia
1769 2204 1841 2265 fit
1875 2223 2018 2265 cum
2036 2204 2146 2265 1110

581 2302 822 2363 defectu
843 2301 1149 2375 irritante,
1179 2299 1288 2378 qui
1311 2318 1424 2378 per
1446 2298 1650 2377 ipsum
1677 2315 1907 2359 nomen
1933 2296 2147 2358 delicti

581 2394 972 2473 exprimitur,
1005 2392 1262 2468 scilicet,
1302 2391 1814 2470 rebaptizationiS,
1847 2389 2145 2457 secunda-

579 2505 722 2547 rum
750 2486 1138 2565 nuptiarum,
1173 2489 1235 2544 et
1261 2483 1582 2543 similium.
1609 2484 1686 2543 Et
1709 2484 1800 2543 ita
1821 2482 2002 2543 facile
2027 2481 2147 2543 tol·

579 2577 732 2639 litur
775 2578 1124 2638 admiratio.
1161 2576 1309 2655 quia
1333 2575 1697 2655 hujusmodi
1742 2575 1845 2637 lex
1877 2574 2148 2636 intendit

579 2670 800 2750 punire
840 2669 964 2731 tale
1013 2669 1305 2731 delictum
1355 2686 1595 2743 verum,
1646 2672 1709 2728 et
1733 2686 1861 2727 non
1898 2672 2145 2729 tantum

580 2767 870 2840 putatum
895 2778 913 2821 :
958 2779 1087 2821 non
1132 2765 1224 2821 est
1253 2765 1464 2819 autem
1509 2759 1631 2819 tale
1657 2759 1952 2819 delictum
1981 2760 2049 2819 10
2076 2776 2145 2819 re

581 2851 830 2932 quando
861 2856 1036 2911 actus
1067 2868 1198 2911 non
1223 2854 1316 2911 est
1337 2850 1572 2925 irritus,
1593 2848 1698 2910 sed
1716 2866 1919 2925 verus,
1949 2855 2013 2910 et
2032 2848 2145 2911 ha-

577 2946 731 3007 bens
757 2962 942 3006 suum
963 2943 1272 3005 effectum.

661 3027 757 3087 10.
803 3026 918 3088 Fit
946 3024 1102 3087 satis
1118 3022 1587 3103 quaestiunculae.
1609 3056 1689 3069 -—
1707 3020 1909 3096 Quaeri
1934 3028 2144 3084 autem

578 3124 778 3202 potest
805 3119 968 3179 circa
991 3118 1155 3178 hanc
1181 3122 1243 3178 et
1268 3115 1712 3196 praecedentem
1743 3117 2146 3178 assertionem

578 3233 662 3276 an
687 3211 1041 3293 procedant,
1085 3211 1138 3270 si
1169 3215 1340 3272 actus
1369 3210 1732 3286 intentatus,
1769 3227 1848 3270 01
1891 3208 2017 3269 8110
2047 3225 2145 3268 08-

579 3307 707 3386 pite
728 3311 952 3385 praeter
976 3304 1040 3365 id
1066 3303 1231 3384 quod
1253 3304 1354 3365 lex
1379 3303 1603 3384 punire
1624 3301 1913 3379 intendit,
1934 3301 2145 3362 nullus

581 3400 660 3460 sit
671 3415 694 3478 3
740 3399 914 3461 verbi
941 3398 1164 3478 gratia,
1207 3398 1430 3477 accipit
1463 3397 1602 3477 quis
1627 3397 1959 3458 secundam
1992 3413 2142 3456 uxo·

579 3511 712 3554 rem
745 3493 991 3555 vivente
1008 3491 1233 3571 prima,
1253 3504 1479 3571 putans
1509 3508 1637 3550 non
1661 3490 2036 3551 intervenire
2055 3487 2147 3548 ibi

580 3585 753 3647 aliud
777 3585 1293 3665 impedimentum
1316 3599 1338 3659 3
1391 3587 1606 3662 postea
1640 3600 1785 3644 vero
1829 3583 2145 3644 invenitur

579 3678 924 3739 secundum
955 3674 1426 3738 matrimonium
1463 3672 1652 3734 fuisse
1678 3674 1868 3734 etiam
1893 3674 2144 3735 nullum

581 3789 659 3833 ex
689 3771 812 3830 alio
839 3770 1062 3848 capite,
1083 3767 1258 3828 verbi
1283 3765 1506 3845 gratia,
1537 3767 1683 3845 quia
1699 3765 1969 3826 secunda
1986 3783 2144 3828 uxor

582 3869 717 3926 erat
761 3859 1242 3940 consanguinea,
1292 3858 1395 3919 vel
1432 3857 1637 3919 affinis
1670 3859 1741 3920 in
1776 3858 1976 3937 gradu
2008 3858 2146 3920 irri-

580 3962 791 4035 tante3
815 3957 1245 4016 incurreturne
1270 3957 1421 4012 tunc
1446 3970 1630 4032 90008
1651 3951 1807 4031 legis
1828 3951 2144 4032 punientis

579 4049 880 4113 secundas
906 4047 1198 4128 nuptias?
1221 4046 1392 4108 Idem
1433 4051 1526 4106 est
1552 4046 1629 4106 de
1646 4044 2067 4125 rebaptizante
2088 4046 2143 4106 si

579 4142 648 4204 in
677 4142 945 4204 secundo
972 4140 1277 4221 baptismo
1306 4138 1425 4198 fuit
1456 4137 1614 4198 alius
1639 4137 1930 4200 defectus.
1962 4138 2147 4200 Vide-

581 4237 885 4298 turenim
925 4233 1130 4296 101118
1178 4238 1241 4294 01
1282 4231 1587 4292 simihbus
1625 4231 1864 4292 casibus
1911 4231 2147 4292 incurri

581 4347 789 4410 poena,
822 4327 970 4408 quia
995 4325 1084 4386 ibi
1126 4324 1199 4385 fit
1233 4329 1406 4385 actus
1441 4323 1709 4385 exterior
1743 4341 1937 4403 purus
1964 4328 2028 4384 et
2066 4342 2148 4385 01

581 4439 773 4502 pravo
800 4420 1048 4496 affectu,
1093 4435 1282 4497 quem
1316 4417 1420 4478 lex
1445 4416 1713 4477 intendit
1742 4416 2007 4496 punire:
2052 4432 2147 4477 er-

582 4532 663 4594 go
713 4513 1031 4575 invenitur
1083 4510 1382 4591 quidquid
1448 4510 1863 4572 necessarium
1917 4513 2008 4570 est
2064 4508 2145 4570 ad

581 4625 832 4688 poenam
873 4605 1014 4666 talis
1061 4603 1215 4683 legis
1263 4603 1723 4663 incurrendam.
1763 4601 2139 4678 Declaratur,

582 4699 754 4780 quia,
801 4699 853 4759 si
897 4697 1165 4759 secunda
1211 4695 1465 4757 nullitas
1495 4714 1624 4756 uon
1652 4695 1812 4756 tollit
1844 4695 2139 4774 primam,

583 4811 731 4872 ergo
759 4809 961 4872 neque
984 4790 1220 4852 additio
1247 4807 1424 4851 novae
1450 4789 1753 4850 nullitatis
1794 4794 1996 4868 potest
2012 4807 2143 4868 poe-

582 4903 732 4948 nam
773 4885 997 4966 prioris
1023 4884 1342 4963 impedire.
1394 4881 1806 4944 Nihilominus
1826 4883 1962 4943 dico
1988 4888 2136 4944 tunc

582 4999 711 5042 non
731 4980 969 5041 incurri
997 4996 1247 5059 poenam
1274 4977 1428 5057 legis
1452 4978 1767 5057 punientis
1806 4983 1976 5038 actus
2002 4995 2143 5057 pro-

581 5080 720 5155 pter
744 5072 1074 5154 specialem
1090 5071 1437 5132 nullitatem
1465 5076 1526 5132 et
1545 5072 1917 5151 pravitatem
1945 5069 2142 5130 resul-

583 5173 821 5229 tantem
867 5186 945 5229 ex
983 5167 1092 5228 1118
1125 5165 1588 5228 circumstantia
1622 5182 1812 5245 quam
1850 5165 2145 5244 importat

582 5278 814 5322 nomen
840 5259 958 5320 sub
985 5277 1108 5339 quo
1135 5259 1237 5320 101
1258 5259 1440 5338 911011
1464 5258 1654 5320 1810111
1680 5263 1909 5319 80111111.
1931 5259 2145 5336 ltaque

581 5355 684 5416 lex
709 5354 974 5434 puniens
998 5352 1483 5431 rebaptizantem
1515 5352 1782 5413 intendit
1816 5351 2039 5432 punire
2061 5349 2144 5410 il-

581 5450 716 5511 lum
733 5450 863 5532 qui,
877 5455 1194 5531 ,quantum
1215 5465 1292 5509 ex
1310 5465 1400 5525 se,
1417 5445 1568 5509 facit
1590 5465 1702 5509 seu
1718 5447 1917 5510 facere
1933 5447 2147 5510 inten-

1471 348 1589 403 Lm.
1624 349 1685 401 V.
1720 347 1802 401 ΒΕ
1831 336 2191 399 *immam
2221 338 2433 393 metm
2466 338 2875 393 ammaum.

2214 441 2307 503 dit
2340 441 2719 522 baptismum
2760 440 3105 505 secundum
3137 440 3439 517 validum,
3482 445 3575 503 et
3616 440 3743 501 ita
3784 439 3860 500 sa-

2216 540 2382 595 ceret
2426 534 2480 595 si
2517 535 2791 614 primum
2832 552 2963 596 non
3012 534 3301 597 obstaret.
3348 534 3721 613 Idemque
3776 552 3861 593 es]

2216 644 2359 687 cum
2395 626 2790 705 proportione
2837 625 2917 687 de
2944 626 3227 688 secundis
3256 625 3529 705 nuptiis.
3590 626 3697 686 Et
3744 625 3861 685 118(

2216 719 2457 780 ratione
2486 717 2617 779 dixi
2642 718 2711 779 in
2738 718 3000 781 materia
3042 718 3121 779 de
3146 717 3459 799 Baptismo
3478 736 3677 780 eum
3742 719 3861 797 q’ui

2216 811 2485 873 exterius
2506 811 2845 892 rebaptizat
2869 811 3192 875 hominem
3217 810 3649 890 baptizatum,
3686 811 3861 871 sine

2213 902 2557 965 intentione
2600 902 2976 984 baptizandi,
3012 922 3142 975 non
3174 905 3497 965 incurrere
3546 920 3857 982 poenaS,

2216 996 2365 1075 quia
2392 1014 2611 1059 revera
2637 1014 2767 1057 non
2792 996 2941 1057 facit
2970 1015 3051 1059 01
3080 1015 3147 1059 80
3176 997 3491 1077 propriam
3518 994 3855 1073 rebapti-

2214 1088 2543 1163 zationem,
2566 1088 2673 1150 sed
2696 1087 2907 1149 fictam
2929 1104 2954 1166 3
2990 1089 3283 1169 idemque
3310 1094 3403 1151 est
3428 1088 3509 1149 de
3550 1092 3861 1148 contra-

2212 1180 2401 1243 hente
2426 1180 2695 1243 exterius
2726 1199 2870 1241 cum
2902 1181 3172 1243 secunda
3210 1180 3344 1243 sine
3384 1197 3747 1241 consensu
3780 1185 3857 1238 et

2213 1272 2557 1348 voluntate,
2596 1272 2785 1333 etiam
2830 1278 3139 1352 quantum
3174 1291 3255 1333 ex
3286 1291 3371 1334 80.
3416 1272 3621 1333 Idem
3672 1288 3853 1349 ergo

2216 1366 2337 1426 erit
2374 1365 2615 1426 etiamsi
2662 1383 2807 1426 cum
2837 1364 3184 1427 intentione
3222 1365 3389 1426 idem
3422 1364 3595 1425 facit
3626 1409 3653 1439 ,
3710 1363 3777 1422 si
3810 1381 3853 1422 a

2216 1463 2391 1537 parte
2422 1457 2518 1519 rei
2543 1458 2879 1519 intervenit
2905 1457 3062 1518 alius
3089 1456 3362 1519 defectus
3392 1458 3613 1517 etiam
3642 1456 3851 1533 igno-

2214 1555 2409 1626 ratus,
2440 1550 2588 1629 quia
2612 1556 2762 1610 tunc
2791 1550 2993 1611 solum
3025 1568 3105 1611 ex
3130 1550 3507 1611 conscientia
3528 1566 3847 1609 erronea

2217 1642 2487 1704 intendit
2508 1641 2711 1703 facere
2736 1641 3035 1703 secundas
3054 1641 3345 1721 nuptias3
3374 1641 3445 1701 in
3476 1658 3553 1701 re
3594 1644 3845 1700 autem

2218 1733 2375 1813 ipsa,
2404 1752 2507 1795 eas
2538 1752 2682 1796 vere
2704 1751 2832 1794 non
2860 1734 3150 1810 intentat,
3168 1734 3317 1813 quia
3336 1734 3637 1795 intentat
3664 1751 3843 1810 nup-

2218 1826 2338 1887 tias
2362 1826 2516 1887 alias
2540 1825 2765 1887 nullas.
2816 1826 2993 1887 Unde
3035 1826 3225 1887 etiam
3252 1825 3325 1887 fit
3352 1831 3423 1886 ut
3448 1826 3509 1886 si
3550 1824 3843 1903 religio—

2218 1936 2321 1979 sus
2379 1918 2705 1980 contrahat
2758 1919 3233 1979 matrimonium
3283 1936 3427 1979 cum
3476 1935 3561 1979 ea
3622 1935 3839 1998 quam

2218 2010 2468 2089 ignorat
2502 2028 2633 2071 0880
2678 2010 3201 2089 consanguineam
3223 2055 3246 2087 ,
3280 2010 3499 2071 animo
3542 2016 3837 2071 contra-

2218 2103 2411 2163 hendi
2437 2108 2743 2181 quantum
2780 2122 2857 2165 01
2887 2121 2951 2164 80
2990 2108 3106 2179 est,
3140 2107 3204 2164 et
3230 2103 3299 2163 in
3324 2120 3394 2163 re
3417 2101 3535 2162 illa
3560 2119 3725 2161 non
3758 2100 3835 2159 sit

2221 2196 2707 2273 consanguinea,
2738 2213 2869 2256 non
2889 2195 3151 2255 incurrit
3164 2212 3375 2273 poenas
3390 2194 3551 2255 latas
3584 2199 3835 2253 contra

2220 2287 2581 2367 religiosum
2614 2287 2943 2349 ducentem
2971 2306 3251 2363 uxorem,
3286 2288 3389 2349 sed
3434 2287 3680 2366 potius
3734 2288 3831 2345 in-

2223 2387 2429 2442 curret
2448 2398 2701 2461 poenam
2726 2381 2885 2459 legis
2904 2380 3281 2461 prohibentis
3308 2378 3827 2441 matrimonium

2225 2491 2370 2534 cum
2414 2474 2902 2553 consanguinea,
2936 2480 3235 2552 quatenus
3263 2472 3641 2551 ignorantia
3672 2471 3823 2531 talis

2224 2565 2657 2645 impedimenti
2670 2565 2993 2645 culpabilis
3004 2566 3144 2642 fuit,
3160 2566 3310 2645 quia
3322 2565 3813 2627 matrimonium

2224 2657 2402 2732 illud,
2452 2663 2638 2735 prout
2692 2662 3069 2718 intentatum
3110 2676 3151 2717 a
3194 2656 3504 2735 religioso,
3543 2674 3623 2715 01
3664 2655 3799 2715 8110

2224 2749 2421 2827 089110
2440 2749 2577 2826 jam
2609 2766 2738 2809 non
2770 2754 2907 2810 erat
2932 2766 3177 2825 verum,
3211 2748 3319 2810 sed
3360 2766 3692 2829 apparens.
3720 2748 3807 2807 Et

2220 2839 2400 2918 juxta
2421 2840 2584 2901 hanc
2610 2840 2955 2901 doctrinam
2972 2840 3443 2921 intelligendam
3450 2845 3609 2919 puto
3631 2840 3803 2917 prio—

2224 2950 2361 2995 rem
2398 2938 2641 3011 partem
2682 2933 2916 3011 regulae
2958 2934 3263 3011 generalis
3317 2951 3506 3013 supra
3552 2934 3801 3011 positae,

2226 3042 2371 3086 cum
2406 3026 2697 3106 supponit
2722 3025 2875 3087 tales
2892 3026 3061 3105 leges
3086 3026 3310 3107 punire
3334 3032 3547 3087 actum
3562 3043 3799 3105 purum

2225 3137 2367 3180 cum
2416 3137 2611 3200 pravo
2661 3118 2931 3181 affectu:
2983 3118 3253 3199 intelligi
3290 3119 3461 3181 enim
3502 3119 3695 3180 debet
3722 3119 3795 3180 de

2226 3229 2384 3293 puro
2404 3219 2549 3274 actu
2575 3210 2728 3273 alias
2746 3210 3088 3273 sufficiente
3114 3212 3193 3273 (10
3214 3231 3280 3274 80
3296 3212 3377 3272 8(1
3396 3210 3717 3287 effectum,
3742 3211 3793 3270 si

2225 3324 2354 3368 non
2380 3307 2716 3367 intervenit
2752 3305 3292 3386 impedimentum,
3333 3311 3587 3386 propter
3626 3304 3791 3384 quod

2224 3399 2427 3464 solum
2453 3399 2725 3460 intendit
2751 3397 2891 3458 talis
2920 3397 3023 3461 101
3044 3399 3267 3479 punire
3301 3398 3492 3460 talem
3540 3404 3787 3474 actum3

2224 3497 2288 3554 01
2313 3491 2596 3553 8110111101·
2624 3490 2895 3570 intelligi
2916 3489 3099 3552 debet
3118 3491 3195 3553 de
3224 3510 3419 3572 pravo
3439 3490 3671 3552 affectu
3692 3491 3787 3552 cui

2222 3584 2293 3646 in
2312 3602 2382 3645 re
2406 3583 2613 3646 subest
2637 3583 2778 3644 talis
2797 3589 2993 3661 actus,
3018 3590 3082 3646 et
3116 3602 3244 3646 non
3261 3590 3509 3646 tantum
3534 3585 3602 3645 in
3618 3583 3784 3663 cogi-

2224 3678 2458 3738 tatione
2483 3676 2585 3739 vel
2614 3695 2876 3739 erronea
2896 3678 3289 3740 conscientia.

2308 3773 2379 3831 11
2392 3815 2407 3831 .
2451 3769 2806 3831 Declaratur
2828 3775 2891 3831 et
2920 3771 3366 3834 confirmatur:
3390 3789 3536 3832 08111
3564 3771 3617 3832 si
3644 3771 3779 3851 quis

2224 3861 2492 3924 scienter
2510 3861 2921 3942 rebaptizaret
2943 3863 3013 3924 in
3030 3882 3197 3944 aqua
3218 3881 3484 3940 rosacea,
3498 3864 3693 3925 sciens
3712 3864 3777 3923 in

2224 3954 2334 4016 1118
2359 3973 2489 4016 000
2528 3973 2705 4035 90880
2732 3954 2945 4036 perfici
2978 3956 3373 4036 baptismum,
3404 3974 3533 4018 non
3570 3956 3777 4018 incur-

2225 4055 2391 4110 reret
2416 4067 2632 4129 poenas
2656 4049 3116 4130 rebaptizantis.
3142 4051 3306 4129 Ergo
3332 4049 3471 4112 licet
3499 4067 3573 4110 ex
3594 4051 3775 4128 igno—

2224 4141 2429 4202 rantia
2452 4146 2630 4221 putet
2660 4140 2961 4218 sufficere,
2992 4159 3121 4202 non
3146 4143 3440 4217 incurret,
3468 4159 3605 4203 nam
3624 4159 3773 4202 con-

2224 4235 2480 4296 scientia
2504 4252 2764 4296 erronea
2784 4252 2915 4296 non
2938 4233 3165 4296 sufficit
3183 4234 3263 4295 ad
3286 4251 3536 4316 poenam
3561 4232 3768 4294 huma-

2224 4345 2324 4388 nae
2363 4327 2545 4406 legia,
2570 4328 2625 4388 si
2650 4328 2719 4387 in
2758 4346 2829 4390 re
2869 4344 3000 4388 non
3024 4327 3238 4388 subest
3272 4334 3443 4388 801118
3473 4346 3647 4407 quem
3671 4326 3769 4388 101

2226 4421 2449 4501 punire
2478 4421 2767 4482 intendit.
2804 4421 3007 4501 Atque
3032 4419 3197 4481 11800
3230 4419 3565 4482 doctrinam
3598 4437 3763 4480 sumo

2226 4532 2304 4575 ex
2316 4514 2701 4594 'jurisperitis
2723 4514 2834 4595 qui
2859 4513 3077 4574 dicunt
3105 4513 3421 4574 notarium
3457 4513 3759 4574 facientem

2224 4608 2712 4668 instrumentum
2745 4606 2971 4668 falsum
3005 4625 3134 4668 non
3175 4607 3494 4668 incurrere
3532 4624 3759 4685 poenam

2224 4700 2483 4778 falsarii,
2518 4701 2572 4761 si
2596 4701 3081 4762 instrumentum
3112 4700 3266 4761 illud
3310 4717 3391 4760 01
3429 4699 3543 4759 alio
3578 4698 3759 4777 capite

2224 4794 2451 4856 falsum
2475 4794 2855 4871 inveniatur,
2879 4793 2987 4855 sed
3007 4793 3131 4855 alio
3156 4793 3341 4854 modo
3367 4791 3757 4854 extraordina-

2226 4889 2321 4950 rio
2340 4905 2467 4950 esse
2492 4888 2900 4968 puniendum.
2930 4888 3109 4963 Quia,
3142 4888 3287 4948 licet
3311 4887 3414 4949 101
3437 4886 3538 4948 1118
3560 4885 3755 4967 puniat

2226 4987 2437 5043 actum
2465 4981 2706 5042 ratione
2740 4980 3025 5041 falsitatis
3048 4998 3190 5060 quae
3215 4979 3439 5040 sufficit
3458 4979 3533 5040 ad
3556 4977 3755 5040 annul-

2225 5073 2486 5135 landum
2502 5068 3013 5149 instrumentum,
3036 5091 3167 5135 non
3184 5079 3397 5134 tamen
3409 5072 3577 5151 punit
3594 5071 3751 5131 illum

2226 5166 2348 5228 nisi
2374 5171 2675 5246 quatenus
2702 5166 2856 5227 alias
2879 5165 3117 5227 validus
3144 5172 3301 5227 08801
3324 5166 3379 5225 81
3402 5163 3615 5225 falsitas
3639 5181 3753 5223 non

2226 5259 2651 5320 interveniret.
2677 5261 2771 5320 Ita
2802 5259 3011 5320 docuit
3031 5259 3207 5319 Bald.
3232 5258 3302 5318 in
3332 5257 3377 5319 l.
3412 5261 3465 5333 1,
3492 5275 3541 5316 c.
3564 5256 3633 5316 de
3658 5257 3751 5316 Se-

2224 5351 2487 5431 pulchro
2523 5351 2777 5428 violato,
2809 5352 2877 5411 in
2906 5351 3053 5426 fine,
3079 5351 3226 5409 licet
3250 5348 3607 5408 contrarium
3630 5365 3753 5406 sen·

2224 5447 2346 5508 1181
2369 5445 2438 5507 10
2464 5445 2628 5507 (11010
2655 5464 2789 5527 cap.
2822 5447 2933 5509 Em
2958 5449 3179 5518 tenore,
3206 5459 3273 5504 11.
3304 5443 3367 5518 9,
3398 5441 3465 5501 10
3491 5441 3747 5521 princip„
