<?xml version="1.0" encoding="UTF-8"?>
<!DOCTYPE html PUBLIC "-//W3C//DTD XHTML 1.0 Transitional//EN"
    "http://www.w3.org/TR/xhtml1/DTD/xhtml1-transitional.dtd">
<html xmlns="http://www.w3.org/1999/xhtml" xml:lang="en" lang="en">
 <head>
  <title>
</title>
<meta http-equiv="Content-Type" content="text/html;charset=utf-8" />
  <meta name='ocr-system' content='tesseract 3.04.00' />
  <meta name='ocr-capabilities' content='ocr_page ocr_carea ocr_par ocr_line ocrx_word'/>
</head>
<body>
  <div class='ocr_page' id='page_1' title='image "./rpfranciscisuar02duvagoog_0025.png"; bbox 0 0 3976 6219; ppageno 0'>
   <div class='ocr_carea' id='block_1_1' title="bbox 1070 378 3448 437">
    <p class='ocr_par' dir='ltr' id='par_1_1' title="bbox 1070 378 3448 437">
     <span class='ocr_line' id='line_1_1' title="bbox 1070 378 3448 437; baseline 0 -2"><span class='ocrx_word' id='word_1_1' title='bbox 1070 385 1201 435; x_wconf 73' lang='lat' dir='ltr'>cAP.</span> <span class='ocrx_word' id='word_1_2' title='bbox 1237 386 1320 437; x_wconf 85' lang='lat'>111.</span> <span class='ocrx_word' id='word_1_3' title='bbox 1357 386 1437 436; x_wconf 87' lang='lat' dir='ltr'>DE</span> <span class='ocrx_word' id='word_1_4' title='bbox 1470 384 1884 436; x_wconf 76' lang='lat' dir='ltr'><strong>NECESSITATE</strong></span> <span class='ocrx_word' id='word_1_5' title='bbox 1916 384 1995 434; x_wconf 84' lang='grc' dir='ltr'>ΕΤ</span> <span class='ocrx_word' id='word_1_6' title='bbox 2026 383 2379 434; x_wconf 50' lang='lat' dir='ltr'>vitun-:THE</span> <span class='ocrx_word' id='word_1_7' title='bbox 2412 382 2636 435; x_wconf 77' lang='lat' dir='ltr'>LEGmt.</span> <span class='ocrx_word' id='word_1_8' title='bbox 3411 378 3448 435; x_wconf 82' lang='grc' dir='ltr'><strong><em>Ἰ</em></strong></span> 
     </span>
    </p>
   </div>
   <div class='ocr_carea' id='block_1_2' title="bbox 241 481 1817 4050">
    <p class='ocr_par' dir='ltr' id='par_1_2' title="bbox 241 481 1817 4050">
     <span class='ocr_line' id='line_1_2' title="bbox 344 481 1809 559; baseline -0.003 -13"><span class='ocrx_word' id='word_1_9' title='bbox 344 490 441 547; x_wconf 75' lang='lat'>11.</span> <span class='ocrx_word' id='word_1_10' title='bbox 481 488 569 547; x_wconf 89' lang='lat' dir='ltr'>De</span> <span class='ocrx_word' id='word_1_11' title='bbox 591 485 969 547; x_wconf 75' lang='lat' dir='ltr'>distinetione</span> <span class='ocrx_word' id='word_1_12' title='bbox 995 484 1152 543; x_wconf 77' lang='lat' dir='ltr'>inter</span> <span class='ocrx_word' id='word_1_13' title='bbox 1166 483 1279 559; x_wconf 78' lang='lat' dir='ltr'>jus</span> <span class='ocrx_word' id='word_1_14' title='bbox 1308 488 1360 542; x_wconf 80' lang='lat' dir='ltr'>et</span> <span class='ocrx_word' id='word_1_15' title='bbox 1387 486 1512 558; x_wconf 79' lang='lat' dir='ltr'>sas.</span> <span class='ocrx_word' id='word_1_16' title='bbox 1534 516 1615 526; x_wconf 96' lang='lat'><strong>—</strong></span> <span class='ocrx_word' id='word_1_17' title='bbox 1640 481 1809 541; x_wconf 79' lang='lat' dir='ltr'>Alte-</span> 
     </span>
     <span class='ocr_line' id='line_1_3' title="bbox 262 573 1813 652; baseline -0.004 -13"><span class='ocrx_word' id='word_1_18' title='bbox 262 598 403 639; x_wconf 89' lang='lat' dir='ltr'>rum</span> <span class='ocrx_word' id='word_1_19' title='bbox 422 577 853 637; x_wconf 87' lang='lat' dir='ltr'>declarandum</span> <span class='ocrx_word' id='word_1_20' title='bbox 884 581 997 647; x_wconf 82' lang='lat' dir='ltr'>est,</span> <span class='ocrx_word' id='word_1_21' title='bbox 1015 575 1161 652; x_wconf 88' lang='lat' dir='ltr'>quid</span> <span class='ocrx_word' id='word_1_22' title='bbox 1190 575 1267 632; x_wconf 90' lang='lat' dir='ltr'>sit</span> <span class='ocrx_word' id='word_1_23' title='bbox 1289 574 1403 647; x_wconf 87' lang='lat' dir='ltr'>fas,</span> <span class='ocrx_word' id='word_1_24' title='bbox 1427 581 1487 634; x_wconf 90' lang='lat' dir='ltr'>et</span> <span class='ocrx_word' id='word_1_25' title='bbox 1506 573 1813 650; x_wconf 81' lang='lat' dir='ltr'>quomodo</span> 
     </span>
     <span class='ocr_line' id='line_1_4' title="bbox 263 668 1810 749; baseline -0.003 -19"><span class='ocrx_word' id='word_1_26' title='bbox 263 673 338 731; x_wconf 91' lang='lat' dir='ltr'>ad</span> <span class='ocrx_word' id='word_1_27' title='bbox 352 672 455 749; x_wconf 85' lang='lat' dir='ltr'>jus</span> <span class='ocrx_word' id='word_1_28' title='bbox 477 678 537 729; x_wconf 86' lang='lat' dir='ltr'>et</span> <span class='ocrx_word' id='word_1_29' title='bbox 564 670 761 746; x_wconf 83' lang='lat' dir='ltr'>legem</span> <span class='ocrx_word' id='word_1_30' title='bbox 787 676 1195 746; x_wconf 80' lang='lat' dir='ltr'>comparetur.</span> <span class='ocrx_word' id='word_1_31' title='bbox 1211 668 1313 726; x_wconf 82' lang='lat' dir='ltr'>Ait</span> <span class='ocrx_word' id='word_1_32' title='bbox 1332 668 1497 726; x_wconf 89' lang='lat' dir='ltr'>enim</span> <span class='ocrx_word' id='word_1_33' title='bbox 1526 668 1810 740; x_wconf 79' lang='lat' dir='ltr'>Isidorus,</span> 
     </span>
     <span class='ocr_line' id='line_1_5' title="bbox 263 760 1815 842; baseline -0.002 -20"><span class='ocrx_word' id='word_1_34' title='bbox 263 765 480 842; x_wconf 89' lang='lat' dir='ltr'>quinto</span> <span class='ocrx_word' id='word_1_35' title='bbox 527 761 900 840; x_wconf 83' lang='lat' dir='ltr'>Etymolog.,</span> <span class='ocrx_word' id='word_1_36' title='bbox 946 762 1140 837; x_wconf 81' lang='lat' dir='ltr'>capite</span> <span class='ocrx_word' id='word_1_37' title='bbox 1191 761 1495 819; x_wconf 81' lang='lat' dir='ltr'>secundo:</span> <span class='ocrx_word' id='word_1_38' title='bbox 1547 762 1681 820; x_wconf 82' lang='lat' dir='ltr'>Fas</span> <span class='ocrx_word' id='word_1_39' title='bbox 1722 760 1815 819; x_wconf 67' lang='lat' dir='ltr'>lea:</span> 
     </span>
     <span class='ocr_line' id='line_1_6' title="bbox 263 851 1817 931; baseline -0.003 -15"><span class='ocrx_word' id='word_1_40' title='bbox 263 858 471 917; x_wconf 79' lang='lat' dir='ltr'>divina</span> <span class='ocrx_word' id='word_1_41' title='bbox 503 862 610 927; x_wconf 75' lang='lat' dir='ltr'>est,</span> <span class='ocrx_word' id='word_1_42' title='bbox 646 856 759 931; x_wconf 76' lang='lat' dir='ltr'>jue</span> <span class='ocrx_word' id='word_1_43' title='bbox 785 856 1069 921; x_wconf 74' lang='lat' dir='ltr'>humana,</span> <span class='ocrx_word' id='word_1_44' title='bbox 1104 857 1163 911; x_wconf 87' lang='lat' dir='ltr'>et</span> <span class='ocrx_word' id='word_1_45' title='bbox 1193 851 1452 912; x_wconf 89' lang='lat' dir='ltr'>habetur</span> <span class='ocrx_word' id='word_1_46' title='bbox 1480 853 1667 912; x_wconf 89' lang='lat' dir='ltr'>etiam</span> <span class='ocrx_word' id='word_1_47' title='bbox 1696 852 1817 911; x_wconf 88' lang='lat' dir='ltr'>dis-</span> 
     </span>
     <span class='ocr_line' id='line_1_7' title="bbox 261 945 1814 1025; baseline -0.003 -19"><span class='ocrx_word' id='word_1_48' title='bbox 261 948 556 1008; x_wconf 89' lang='lat' dir='ltr'>tinctione</span> <span class='ocrx_word' id='word_1_49' title='bbox 591 948 814 1025; x_wconf 88' lang='lat' dir='ltr'>prima,</span> <span class='ocrx_word' id='word_1_50' title='bbox 852 946 1049 1023; x_wconf 86' lang='lat' dir='ltr'>capite</span> <span class='ocrx_word' id='word_1_51' title='bbox 1077 945 1301 1023; x_wconf 88' lang='lat' dir='ltr'>primo,</span> <span class='ocrx_word' id='word_1_52' title='bbox 1337 946 1444 1005; x_wconf 90' lang='lat' dir='ltr'>ubi</span> <span class='ocrx_word' id='word_1_53' title='bbox 1468 945 1583 1003; x_wconf 91' lang='grc'><strong>1106</strong></span> <span class='ocrx_word' id='word_1_54' title='bbox 1611 962 1814 1003; x_wconf 87' lang='lat' dir='ltr'>exem-</span> 
     </span>
     <span class='ocr_line' id='line_1_8' title="bbox 259 1037 1811 1117; baseline -0.002 -19"><span class='ocrx_word' id='word_1_55' title='bbox 259 1040 361 1117; x_wconf 93' lang='lat' dir='ltr'>plo</span> <span class='ocrx_word' id='word_1_56' title='bbox 390 1040 764 1117; x_wconf 80' lang='lat' dir='ltr'>explicatur:</span> <span class='ocrx_word' id='word_1_57' title='bbox 805 1037 1098 1098; x_wconf 77' lang='lat' dir='ltr'><strong><em>Transire</em></strong></span> <span class='ocrx_word' id='word_1_58' title='bbox 1136 1055 1247 1114; x_wconf 84' lang='lat' dir='ltr'>per</span> <span class='ocrx_word' id='word_1_59' title='bbox 1291 1055 1509 1114; x_wconf 51' lang='lat' dir='ltr'>‹tyrum›</span> <span class='ocrx_word' id='word_1_60' title='bbox 1554 1038 1811 1097; x_wconf 77' lang='lat' dir='ltr'>alienum</span> 
     </span>
     <span class='ocr_line' id='line_1_9' title="bbox 259 1129 1814 1207; baseline -0.003 -15"><span class='ocrx_word' id='word_1_61' title='bbox 259 1132 365 1207; x_wconf 75' lang='lat' dir='ltr'>sas</span> <span class='ocrx_word' id='word_1_62' title='bbox 399 1137 505 1205; x_wconf 79' lang='lat' dir='ltr'>est,</span> <span class='ocrx_word' id='word_1_63' title='bbox 524 1132 637 1207; x_wconf 75' lang='lat' dir='ltr'>jus</span> <span class='ocrx_word' id='word_1_64' title='bbox 662 1150 778 1190; x_wconf 77' lang='lat' dir='ltr'>non</span> <span class='ocrx_word' id='word_1_65' title='bbox 807 1136 911 1190; x_wconf 74' lang='lat' dir='ltr'>est.</span> <span class='ocrx_word' id='word_1_66' title='bbox 964 1129 1102 1187; x_wconf 82' lang='lat' dir='ltr'>Haec</span> <span class='ocrx_word' id='word_1_67' title='bbox 1131 1141 1339 1187; x_wconf 87' lang='lat' dir='ltr'>autem</span> <span class='ocrx_word' id='word_1_68' title='bbox 1382 1130 1671 1187; x_wconf 83' lang='lat' dir='ltr'>videntur</span> <span class='ocrx_word' id='word_1_69' title='bbox 1716 1129 1814 1187; x_wconf 89' lang='lat' dir='ltr'>in-</span> 
     </span>
     <span class='ocr_line' id='line_1_10' title="bbox 259 1221 1811 1300; baseline -0.003 -18"><span class='ocrx_word' id='word_1_70' title='bbox 259 1224 591 1300; x_wconf 79' lang='lat' dir='ltr'>telligenda</span> <span class='ocrx_word' id='word_1_71' title='bbox 627 1224 805 1300; x_wconf 87' lang='lat' dir='ltr'>juxta</span> <span class='ocrx_word' id='word_1_72' title='bbox 832 1222 995 1281; x_wconf 87' lang='lat' dir='ltr'>dicta</span> <span class='ocrx_word' id='word_1_73' title='bbox 1034 1222 1100 1279; x_wconf 91' lang='lat' dir='ltr'>in</span> <span class='ocrx_word' id='word_1_74' title='bbox 1135 1221 1420 1299; x_wconf 87' lang='lat' dir='ltr'>proximo</span> <span class='ocrx_word' id='word_1_75' title='bbox 1460 1226 1710 1298; x_wconf 88' lang='lat' dir='ltr'>puncto,</span> <span class='ocrx_word' id='word_1_76' title='bbox 1742 1226 1811 1279; x_wconf 90' lang='lat' dir='ltr'>ut</span> 
     </span>
     <span class='ocr_line' id='line_1_11' title="bbox 258 1312 1811 1393; baseline -0.003 -19"><span class='ocrx_word' id='word_1_77' title='bbox 258 1316 348 1375; x_wconf 91' lang='lat' dir='ltr'>ibi</span> <span class='ocrx_word' id='word_1_78' title='bbox 376 1317 480 1393; x_wconf 89' lang='lat' dir='ltr'>jus</span> <span class='ocrx_word' id='word_1_79' title='bbox 526 1316 733 1375; x_wconf 87' lang='lat' dir='ltr'>stricte</span> <span class='ocrx_word' id='word_1_80' title='bbox 775 1320 1057 1373; x_wconf 83' lang='lat' dir='ltr'><strong>sumatur</strong></span> <span class='ocrx_word' id='word_1_81' title='bbox 1091 1332 1199 1390; x_wconf 90' lang='lat' dir='ltr'>pro</span> <span class='ocrx_word' id='word_1_82' title='bbox 1241 1314 1376 1390; x_wconf 85' lang='lat' dir='ltr'>lege</span> <span class='ocrx_word' id='word_1_83' title='bbox 1416 1313 1640 1390; x_wconf 89' lang='lat' dir='ltr'>scripta</span> <span class='ocrx_word' id='word_1_84' title='bbox 1671 1330 1686 1371; x_wconf 72' lang='grc' dir='ltr'>ε</span> <span class='ocrx_word' id='word_1_85' title='bbox 1718 1312 1811 1371; x_wconf 88' lang='lat' dir='ltr'>fas</span> 
     </span>
     <span class='ocr_line' id='line_1_12' title="bbox 259 1405 1807 1484; baseline -0.003 -17"><span class='ocrx_word' id='word_1_86' title='bbox 259 1414 466 1467; x_wconf 90' lang='lat' dir='ltr'>autem</span> <span class='ocrx_word' id='word_1_87' title='bbox 488 1425 604 1484; x_wconf 91' lang='lat' dir='ltr'>pro</span> <span class='ocrx_word' id='word_1_88' title='bbox 632 1406 935 1483; x_wconf 87' lang='lat' dir='ltr'>aequitate,</span> <span class='ocrx_word' id='word_1_89' title='bbox 961 1412 1021 1464; x_wconf 91' lang='lat' dir='ltr'>et</span> <span class='ocrx_word' id='word_1_90' title='bbox 1040 1406 1212 1482; x_wconf 88' lang='lat' dir='ltr'>quasi</span> <span class='ocrx_word' id='word_1_91' title='bbox 1234 1405 1401 1481; x_wconf 86' lang='lat' dir='ltr'>justa</span> <span class='ocrx_word' id='word_1_92' title='bbox 1429 1405 1807 1481; x_wconf 78' lang='lat' dir='ltr'>exceptione.</span> 
     </span>
     <span class='ocr_line' id='line_1_13' title="bbox 258 1496 1808 1575; baseline -0.001 -18"><span class='ocrx_word' id='word_1_93' title='bbox 258 1500 341 1558; x_wconf 91' lang='lat' dir='ltr'>Ut</span> <span class='ocrx_word' id='word_1_94' title='bbox 390 1500 457 1557; x_wconf 89' lang='lat' dir='ltr'>in</span> <span class='ocrx_word' id='word_1_95' title='bbox 510 1498 673 1557; x_wconf 88' lang='lat' dir='ltr'>dicto</span> <span class='ocrx_word' id='word_1_96' title='bbox 723 1496 1001 1575; x_wconf 85' lang='lat' dir='ltr'>exemplo</span> <span class='ocrx_word' id='word_1_97' title='bbox 1050 1499 1307 1556; x_wconf 89' lang='lat' dir='ltr'>transire</span> <span class='ocrx_word' id='word_1_98' title='bbox 1370 1516 1479 1575; x_wconf 88' lang='lat' dir='ltr'>per</span> <span class='ocrx_word' id='word_1_99' title='bbox 1537 1497 1808 1555; x_wconf 88' lang='lat' dir='ltr'>alienum</span> 
     </span>
     <span class='ocr_line' id='line_1_14' title="bbox 261 1590 1811 1668; baseline -0.002 -18"><span class='ocrx_word' id='word_1_100' title='bbox 261 1609 483 1668; x_wconf 85' lang='lat' dir='ltr'>agrum</span> <span class='ocrx_word' id='word_1_101' title='bbox 513 1590 734 1650; x_wconf 89' lang='lat' dir='ltr'>dicitur</span> <span class='ocrx_word' id='word_1_102' title='bbox 760 1608 884 1648; x_wconf 89' lang='lat' dir='ltr'>nou</span> <span class='ocrx_word' id='word_1_103' title='bbox 909 1608 1036 1649; x_wconf 86' lang='lat' dir='ltr'>esse</span> <span class='ocrx_word' id='word_1_104' title='bbox 1057 1591 1184 1666; x_wconf 90' lang='lat' dir='ltr'>jus,</span> <span class='ocrx_word' id='word_1_105' title='bbox 1218 1591 1366 1668; x_wconf 90' lang='lat' dir='ltr'>quia</span> <span class='ocrx_word' id='word_1_106' title='bbox 1388 1591 1687 1649; x_wconf 87' lang='lat' dir='ltr'>nimirum</span> <span class='ocrx_word' id='word_1_107' title='bbox 1712 1590 1811 1648; x_wconf 75' lang='lat' dir='ltr'>lex</span> 
     </span>
     <span class='ocr_line' id='line_1_15' title="bbox 258 1682 1808 1760; baseline -0.001 -18"><span class='ocrx_word' id='word_1_108' title='bbox 258 1683 534 1742; x_wconf 89' lang='lat' dir='ltr'>humana</span> <span class='ocrx_word' id='word_1_109' title='bbox 573 1701 679 1760; x_wconf 90' lang='lat' dir='ltr'>per</span> <span class='ocrx_word' id='word_1_110' title='bbox 717 1700 780 1742; x_wconf 89' lang='lat' dir='ltr'>se</span> <span class='ocrx_word' id='word_1_111' title='bbox 822 1682 1019 1760; x_wconf 88' lang='lat' dir='ltr'>potius</span> <span class='ocrx_word' id='word_1_112' title='bbox 1055 1683 1338 1759; x_wconf 88' lang='lat' dir='ltr'>prohibet</span> <span class='ocrx_word' id='word_1_113' title='bbox 1370 1682 1548 1741; x_wconf 92' lang='lat' dir='ltr'>illum</span> <span class='ocrx_word' id='word_1_114' title='bbox 1588 1682 1808 1741; x_wconf 88' lang='lat' dir='ltr'>transi-</span> 
     </span>
     <span class='ocr_line' id='line_1_16' title="bbox 261 1774 1807 1852; baseline -0.002 -17"><span class='ocrx_word' id='word_1_115' title='bbox 261 1782 396 1835; x_wconf 91' lang='lat' dir='ltr'>tum</span> <span class='ocrx_word' id='word_1_116' title='bbox 424 1792 440 1834; x_wconf 87' lang='lat'>:</span> <span class='ocrx_word' id='word_1_117' title='bbox 466 1782 671 1834; x_wconf 91' lang='lat' dir='ltr'>tamen</span> <span class='ocrx_word' id='word_1_118' title='bbox 695 1775 745 1833; x_wconf 91' lang='lat' dir='ltr'>si</span> <span class='ocrx_word' id='word_1_119' title='bbox 769 1793 844 1833; x_wconf 79' lang='lat' dir='ltr'>ex</span> <span class='ocrx_word' id='word_1_120' title='bbox 867 1774 1215 1833; x_wconf 81' lang='lat' dir='ltr'>rationabili</span> <span class='ocrx_word' id='word_1_121' title='bbox 1241 1794 1425 1835; x_wconf 89' lang='lat' dir='ltr'>eausa</span> <span class='ocrx_word' id='word_1_122' title='bbox 1446 1775 1675 1852; x_wconf 82' lang='lat' dir='ltr'>absque</span> <span class='ocrx_word' id='word_1_123' title='bbox 1704 1774 1807 1833; x_wconf 91' lang='lat' dir='ltr'>de-</span> 
     </span>
     <span class='ocr_line' id='line_1_17' title="bbox 263 1866 1807 1943; baseline -0.001 -17"><span class='ocrx_word' id='word_1_124' title='bbox 263 1869 555 1927; x_wconf 89' lang='lat' dir='ltr'>trimento</span> <span class='ocrx_word' id='word_1_125' title='bbox 583 1866 712 1939; x_wconf 86' lang='lat' dir='ltr'>fiat,</span> <span class='ocrx_word' id='word_1_126' title='bbox 760 1867 852 1925; x_wconf 83' lang='lat' dir='ltr'>fas</span> <span class='ocrx_word' id='word_1_127' title='bbox 881 1874 992 1938; x_wconf 88' lang='lat' dir='ltr'>est,</span> <span class='ocrx_word' id='word_1_128' title='bbox 1028 1884 1134 1924; x_wconf 87' lang='grc'><strong>5611</strong></span> <span class='ocrx_word' id='word_1_129' title='bbox 1169 1867 1407 1925; x_wconf 92' lang='lat' dir='ltr'>licitum</span> <span class='ocrx_word' id='word_1_130' title='bbox 1450 1872 1557 1926; x_wconf 89' lang='lat' dir='ltr'>est.</span> <span class='ocrx_word' id='word_1_131' title='bbox 1609 1868 1807 1943; x_wconf 85' lang='lat' dir='ltr'>Atque</span> 
     </span>
     <span class='ocr_line' id='line_1_18' title="bbox 261 1957 1804 2037; baseline -0.001 -18"><span class='ocrx_word' id='word_1_132' title='bbox 261 1961 349 2019; x_wconf 85' lang='lat' dir='ltr'>ita</span> <span class='ocrx_word' id='word_1_133' title='bbox 377 1960 667 2037; x_wconf 80' lang='lat' dir='ltr'>explicuit</span> <span class='ocrx_word' id='word_1_134' title='bbox 705 1957 912 2017; x_wconf 90' lang='lat' dir='ltr'>Glossa</span> <span class='ocrx_word' id='word_1_135' title='bbox 944 1958 1051 2031; x_wconf 89' lang='lat' dir='ltr'>ibi,</span> <span class='ocrx_word' id='word_1_136' title='bbox 1083 1966 1144 2017; x_wconf 90' lang='lat' dir='ltr'>et</span> <span class='ocrx_word' id='word_1_137' title='bbox 1173 1959 1489 2031; x_wconf 82' lang='lat' dir='ltr'>HenricuS,</span> <span class='ocrx_word' id='word_1_138' title='bbox 1533 1958 1804 2034; x_wconf 86' lang='lat' dir='ltr'>quodlib.</span> 
     </span>
     <span class='ocr_line' id='line_1_19' title="bbox 259 2049 1809 2128; baseline -0.003 -18"><span class='ocrx_word' id='word_1_139' title='bbox 259 2069 446 2124; x_wconf 89' lang='lat' dir='ltr'>nono,</span> <span class='ocrx_word' id='word_1_140' title='bbox 475 2050 807 2128; x_wconf 81' lang='lat' dir='ltr'>quaestione</span> <span class='ocrx_word' id='word_1_141' title='bbox 839 2050 1129 2124; x_wconf 82' lang='lat' dir='ltr'>secunda3</span> <span class='ocrx_word' id='word_1_142' title='bbox 1157 2056 1222 2107; x_wconf 91' lang='lat' dir='ltr'>at</span> <span class='ocrx_word' id='word_1_143' title='bbox 1254 2067 1399 2107; x_wconf 75' lang='lat' dir='ltr'>vero</span> <span class='ocrx_word' id='word_1_144' title='bbox 1424 2050 1490 2108; x_wconf 89' lang='lat' dir='ltr'>D.</span> <span class='ocrx_word' id='word_1_145' title='bbox 1520 2049 1809 2123; x_wconf 76' lang='lat' dir='ltr'>ThomaS,</span> 
     </span>
     <span class='ocr_line' id='line_1_20' title="bbox 259 2140 1817 2218; baseline -0.002 -17"><span class='ocrx_word' id='word_1_146' title='bbox 259 2142 525 2202; x_wconf 89' lang='lat' dir='ltr'>secunda</span> <span class='ocrx_word' id='word_1_147' title='bbox 567 2140 872 2213; x_wconf 69' lang='lat' dir='ltr'>secundae,</span> <span class='ocrx_word' id='word_1_148' title='bbox 913 2140 1249 2217; x_wconf 84' lang='lat' dir='ltr'>quaestione</span> <span class='ocrx_word' id='word_1_149' title='bbox 1279 2141 1817 2218; x_wconf 82' lang='lat' dir='ltr'>quinquagesima-</span> 
     </span>
     <span class='ocr_line' id='line_1_21' title="bbox 258 2231 1813 2312; baseline -0.001 -19"><span class='ocrx_word' id='word_1_150' title='bbox 258 2234 537 2312; x_wconf 87' lang='lat' dir='ltr'>septima‚</span> <span class='ocrx_word' id='word_1_151' title='bbox 560 2232 818 2292; x_wconf 89' lang='lat' dir='ltr'>articulo</span> <span class='ocrx_word' id='word_1_152' title='bbox 842 2232 1042 2309; x_wconf 89' lang='lat' dir='ltr'>primo</span> <span class='ocrx_word' id='word_1_153' title='bbox 1070 2231 1149 2289; x_wconf 91' lang='lat' dir='ltr'>ad</span> <span class='ocrx_word' id='word_1_154' title='bbox 1175 2231 1489 2305; x_wconf 90' lang='lat' dir='ltr'>ultimum,</span> <span class='ocrx_word' id='word_1_155' title='bbox 1510 2232 1687 2290; x_wconf 81' lang='lat' dir='ltr'>aliter</span> <span class='ocrx_word' id='word_1_156' title='bbox 1709 2232 1813 2291; x_wconf 87' lang='lat' dir='ltr'>illa</span> 
     </span>
     <span class='ocr_line' id='line_1_22' title="bbox 259 2324 1810 2403; baseline -0.002 -18"><span class='ocrx_word' id='word_1_157' title='bbox 259 2326 444 2387; x_wconf 87' lang='lat' dir='ltr'>verba</span> <span class='ocrx_word' id='word_1_158' title='bbox 477 2325 747 2403; x_wconf 83' lang='lat' dir='ltr'>exponit.</span> <span class='ocrx_word' id='word_1_159' title='bbox 774 2324 1136 2397; x_wconf 87' lang='lat' dir='ltr'>Vult-enim,</span> <span class='ocrx_word' id='word_1_160' title='bbox 1169 2341 1395 2382; x_wconf 91' lang='lat' dir='ltr'>nomen</span> <span class='ocrx_word' id='word_1_161' title='bbox 1418 2324 1572 2400; x_wconf 75' lang='lat' dir='ltr'>jin-is</span> <span class='ocrx_word' id='word_1_162' title='bbox 1596 2342 1810 2382; x_wconf 90' lang='lat' dir='ltr'>secun-</span> 
     </span>
     <span class='ocr_line' id='line_1_23' title="bbox 258 2414 1810 2495; baseline -0.003 -17"><span class='ocrx_word' id='word_1_163' title='bbox 258 2419 403 2478; x_wconf 90' lang='lat' dir='ltr'>dum</span> <span class='ocrx_word' id='word_1_164' title='bbox 433 2417 764 2495; x_wconf 89' lang='lat' dir='ltr'>quamdam</span> <span class='ocrx_word' id='word_1_165' title='bbox 798 2414 1118 2493; x_wconf 81' lang='lat' dir='ltr'>specialem</span> <span class='ocrx_word' id='word_1_166' title='bbox 1144 2415 1583 2492; x_wconf 82' lang='lat' dir='ltr'>proprietatem</span> <span class='ocrx_word' id='word_1_167' title='bbox 1614 2416 1810 2492; x_wconf 86' lang='lat' dir='ltr'>magis</span> 
     </span>
     <span class='ocr_line' id='line_1_24' title="bbox 259 2507 1809 2586; baseline -0.004 -16"><span class='ocrx_word' id='word_1_168' title='bbox 259 2511 585 2570; x_wconf 89' lang='lat' dir='ltr'>convenire</span> <span class='ocrx_word' id='word_1_169' title='bbox 625 2509 887 2586; x_wconf 79' lang='lat' dir='ltr'>legibuS,</span> <span class='ocrx_word' id='word_1_170' title='bbox 924 2526 1060 2585; x_wconf 71' lang='lat' dir='ltr'>quae</span> <span class='ocrx_word' id='word_1_171' title='bbox 1091 2508 1456 2567; x_wconf 81' lang='lat' dir='ltr'>ordinantur</span> <span class='ocrx_word' id='word_1_172' title='bbox 1493 2507 1570 2565; x_wconf 91' lang='lat' dir='ltr'>ad</span> <span class='ocrx_word' id='word_1_173' title='bbox 1611 2507 1809 2565; x_wconf 89' lang='lat' dir='ltr'>homi-</span> 
     </span>
     <span class='ocr_line' id='line_1_25' title="bbox 258 2598 1807 2679; baseline -0.004 -16"><span class='ocrx_word' id='word_1_174' title='bbox 258 2621 365 2664; x_wconf 89' lang='lat' dir='ltr'>nes</span> <span class='ocrx_word' id='word_1_175' title='bbox 388 2604 549 2662; x_wconf 88' lang='lat' dir='ltr'>inter</span> <span class='ocrx_word' id='word_1_176' title='bbox 575 2620 660 2677; x_wconf 86' lang='lat' dir='ltr'>se,</span> <span class='ocrx_word' id='word_1_177' title='bbox 687 2620 873 2679; x_wconf 88' lang='lat' dir='ltr'>quam</span> <span class='ocrx_word' id='word_1_178' title='bbox 900 2600 1161 2678; x_wconf 78' lang='lat' dir='ltr'>legibus,</span> <span class='ocrx_word' id='word_1_179' title='bbox 1203 2617 1339 2678; x_wconf 81' lang='lat' dir='ltr'>quae</span> <span class='ocrx_word' id='word_1_180' title='bbox 1374 2599 1660 2658; x_wconf 91' lang='lat' dir='ltr'>ordinant</span> <span class='ocrx_word' id='word_1_181' title='bbox 1698 2598 1807 2658; x_wconf 90' lang='lat' dir='ltr'>ho-</span> 
     </span>
     <span class='ocr_line' id='line_1_26' title="bbox 259 2695 1807 2771; baseline -0.004 -15"><span class='ocrx_word' id='word_1_182' title='bbox 259 2698 487 2757; x_wconf 89' lang='lat' dir='ltr'>minem</span> <span class='ocrx_word' id='word_1_183' title='bbox 537 2696 616 2755; x_wconf 88' lang='lat' dir='ltr'>ad</span> <span class='ocrx_word' id='word_1_184' title='bbox 666 2697 895 2769; x_wconf 90' lang='lat' dir='ltr'>Deum,</span> <span class='ocrx_word' id='word_1_185' title='bbox 947 2695 1093 2771; x_wconf 83' lang='lat' dir='ltr'>quia</span> <span class='ocrx_word' id='word_1_186' title='bbox 1137 2696 1260 2753; x_wconf 91' lang='lat' dir='ltr'>Deo</span> <span class='ocrx_word' id='word_1_187' title='bbox 1311 2711 1437 2752; x_wconf 92' lang='lat' dir='ltr'>non</span> <span class='ocrx_word' id='word_1_188' title='bbox 1484 2711 1807 2770; x_wconf 90' lang='lat' dir='ltr'>possumus</span> 
     </span>
     <span class='ocr_line' id='line_1_27' title="bbox 258 2785 1805 2867; baseline -0.005 -17"><span class='ocrx_word' id='word_1_189' title='bbox 258 2790 511 2850; x_wconf 89' lang='lat' dir='ltr'>reddere</span> <span class='ocrx_word' id='word_1_190' title='bbox 542 2789 798 2867; x_wconf 79' lang='lat' dir='ltr'>aequale,</span> <span class='ocrx_word' id='word_1_191' title='bbox 838 2794 899 2847; x_wconf 89' lang='lat' dir='ltr'>et</span> <span class='ocrx_word' id='word_1_192' title='bbox 926 2787 1086 2861; x_wconf 85' lang='lat' dir='ltr'>ideo,</span> <span class='ocrx_word' id='word_1_193' title='bbox 1130 2786 1352 2864; x_wconf 87' lang='lat' dir='ltr'>inquit,</span> <span class='ocrx_word' id='word_1_194' title='bbox 1392 2793 1668 2863; x_wconf 83' lang='lat' dir='ltr'>respectu</span> <span class='ocrx_word' id='word_1_195' title='bbox 1698 2785 1805 2844; x_wconf 88' lang='lat' dir='ltr'>Dei</span> 
     </span>
     <span class='ocr_line' id='line_1_28' title="bbox 256 2877 1803 2962; baseline -0.003 -21"><span class='ocrx_word' id='word_1_196' title='bbox 256 2884 460 2962; x_wconf 90' lang='lat' dir='ltr'>potius</span> <span class='ocrx_word' id='word_1_197' title='bbox 483 2883 573 2942; x_wconf 87' lang='lat' dir='ltr'>fas</span> <span class='ocrx_word' id='word_1_198' title='bbox 603 2899 787 2959; x_wconf 90' lang='lat' dir='ltr'>quam</span> <span class='ocrx_word' id='word_1_199' title='bbox 809 2882 912 2957; x_wconf 89' lang='lat' dir='ltr'>jus</span> <span class='ocrx_word' id='word_1_200' title='bbox 955 2879 1298 2957; x_wconf 84' lang='lat' dir='ltr'>appellatur</span> <span class='ocrx_word' id='word_1_201' title='bbox 1330 2878 1451 2937; x_wconf 83' lang='lat' dir='ltr'>lex.</span> <span class='ocrx_word' id='word_1_202' title='bbox 1483 2878 1599 2937; x_wconf 89' lang='lat' dir='ltr'>Sed</span> <span class='ocrx_word' id='word_1_203' title='bbox 1628 2877 1803 2956; x_wconf 80' lang='lat' dir='ltr'>quid-</span> 
     </span>
     <span class='ocr_line' id='line_1_29' title="bbox 255 2970 1806 3052; baseline -0.003 -19"><span class='ocrx_word' id='word_1_204' title='bbox 255 2975 404 3052; x_wconf 88' lang='lat' dir='ltr'>quid</span> <span class='ocrx_word' id='word_1_205' title='bbox 429 2976 505 3034; x_wconf 89' lang='lat' dir='ltr'>sit</span> <span class='ocrx_word' id='word_1_206' title='bbox 525 2974 600 3033; x_wconf 92' lang='lat' dir='ltr'>de</span> <span class='ocrx_word' id='word_1_207' title='bbox 621 2973 736 3032; x_wconf 90' lang='lat' dir='ltr'>hac</span> <span class='ocrx_word' id='word_1_208' title='bbox 754 2972 1149 3051; x_wconf 84' lang='lat' dir='ltr'>proprietate,</span> <span class='ocrx_word' id='word_1_209' title='bbox 1170 2989 1304 3049; x_wconf 86' lang='lat' dir='ltr'>quae</span> <span class='ocrx_word' id='word_1_210' title='bbox 1330 2988 1453 3029; x_wconf 90' lang='lat' dir='ltr'>non</span> <span class='ocrx_word' id='word_1_211' title='bbox 1479 2976 1567 3029; x_wconf 88' lang='lat' dir='ltr'>est</span> <span class='ocrx_word' id='word_1_212' title='bbox 1591 2970 1668 3029; x_wconf 93' lang='lat' dir='ltr'>ab</span> <span class='ocrx_word' id='word_1_213' title='bbox 1691 2988 1806 3028; x_wconf 87' lang='lat' dir='ltr'>usu</span> 
     </span>
     <span class='ocr_line' id='line_1_30' title="bbox 252 3061 1809 3141; baseline -0.003 -15"><span class='ocrx_word' id='word_1_214' title='bbox 252 3068 613 3127; x_wconf 82' lang='lat' dir='ltr'>Latinorum</span> <span class='ocrx_word' id='word_1_215' title='bbox 654 3065 880 3139; x_wconf 88' lang='lat' dir='ltr'>aliena,</span> <span class='ocrx_word' id='word_1_216' title='bbox 930 3064 1193 3123; x_wconf 86' lang='lat' dir='ltr'>Isidorus</span> <span class='ocrx_word' id='word_1_217' title='bbox 1240 3081 1364 3122; x_wconf 91' lang='lat' dir='ltr'>non</span> <span class='ocrx_word' id='word_1_218' title='bbox 1412 3061 1679 3141; x_wconf 86' lang='lat' dir='ltr'>appellat</span> <span class='ocrx_word' id='word_1_219' title='bbox 1718 3061 1809 3121; x_wconf 82' lang='lat' dir='ltr'>fas</span> 
     </span>
     <span class='ocr_line' id='line_1_31' title="bbox 251 3155 1806 3235; baseline -0.003 -17"><span class='ocrx_word' id='word_1_220' title='bbox 251 3160 459 3234; x_wconf 85' lang='lat' dir='ltr'>legem</span> <span class='ocrx_word' id='word_1_221' title='bbox 500 3159 798 3231; x_wconf 88' lang='lat' dir='ltr'>divinam,</span> <span class='ocrx_word' id='word_1_222' title='bbox 847 3175 919 3216; x_wconf 91' lang='lat' dir='ltr'>eo</span> <span class='ocrx_word' id='word_1_223' title='bbox 956 3157 1121 3235; x_wconf 93' lang='lat' dir='ltr'>quod</span> <span class='ocrx_word' id='word_1_224' title='bbox 1164 3157 1323 3215; x_wconf 85' lang='lat' dir='ltr'>circa</span> <span class='ocrx_word' id='word_1_225' title='bbox 1365 3155 1642 3214; x_wconf 90' lang='lat' dir='ltr'>debitum</span> <span class='ocrx_word' id='word_1_226' title='bbox 1684 3156 1806 3215; x_wconf 89' lang='lat' dir='ltr'>Deo</span> 
     </span>
     <span class='ocr_line' id='line_1_32' title="bbox 249 3248 1804 3328; baseline -0.003 -17"><span class='ocrx_word' id='word_1_227' title='bbox 249 3252 639 3311; x_wconf 88' lang='lat' dir='ltr'>reddendum</span> <span class='ocrx_word' id='word_1_228' title='bbox 686 3251 1005 3328; x_wconf 86' lang='lat' dir='ltr'>disponat;</span> <span class='ocrx_word' id='word_1_229' title='bbox 1058 3248 1162 3307; x_wconf 90' lang='lat' dir='ltr'>sed</span> <span class='ocrx_word' id='word_1_230' title='bbox 1217 3248 1363 3326; x_wconf 86' lang='lat' dir='ltr'>quia</span> <span class='ocrx_word' id='word_1_231' title='bbox 1416 3249 1481 3306; x_wconf 89' lang='lat' dir='ltr'>in</span> <span class='ocrx_word' id='word_1_232' title='bbox 1538 3248 1804 3307; x_wconf 88' lang='lat' dir='ltr'>naturali</span> 
     </span>
     <span class='ocr_line' id='line_1_33' title="bbox 250 3341 1806 3423; baseline -0.004 -18"><span class='ocrx_word' id='word_1_233' title='bbox 250 3346 563 3423; x_wconf 66' lang='lat' dir='ltr'>aequitate,</span> <span class='ocrx_word' id='word_1_234' title='bbox 592 3349 775 3421; x_wconf 90' lang='lat' dir='ltr'>atque</span> <span class='ocrx_word' id='word_1_235' title='bbox 808 3343 960 3402; x_wconf 89' lang='lat' dir='ltr'>adeo</span> <span class='ocrx_word' id='word_1_236' title='bbox 984 3342 1048 3400; x_wconf 94' lang='lat' dir='ltr'>in</span> <span class='ocrx_word' id='word_1_237' title='bbox 1076 3341 1314 3399; x_wconf 87' lang='lat' dir='ltr'>ratione</span> <span class='ocrx_word' id='word_1_238' title='bbox 1339 3341 1629 3414; x_wconf 90' lang='lat' dir='ltr'>naturali,</span> <span class='ocrx_word' id='word_1_239' title='bbox 1669 3359 1806 3419; x_wconf 75' lang='lat' dir='ltr'>quae</span> 
     </span>
     <span class='ocr_line' id='line_1_34' title="bbox 249 3435 1807 3509; baseline -0.003 -12"><span class='ocrx_word' id='word_1_240' title='bbox 249 3438 356 3497; x_wconf 85' lang='lat' dir='ltr'>lex</span> <span class='ocrx_word' id='word_1_241' title='bbox 403 3437 611 3496; x_wconf 84' lang='lat' dir='ltr'>divina</span> <span class='ocrx_word' id='word_1_242' title='bbox 640 3442 752 3509; x_wconf 89' lang='lat' dir='ltr'>est,</span> <span class='ocrx_word' id='word_1_243' title='bbox 801 3436 1040 3494; x_wconf 89' lang='lat' dir='ltr'>nititur.</span> <span class='ocrx_word' id='word_1_244' title='bbox 1086 3435 1335 3493; x_wconf 88' lang='lat' dir='ltr'>Omissis</span> <span class='ocrx_word' id='word_1_245' title='bbox 1378 3440 1585 3493; x_wconf 89' lang='lat' dir='ltr'>autem</span> <span class='ocrx_word' id='word_1_246' title='bbox 1616 3440 1807 3493; x_wconf 87' lang='lat' dir='ltr'>meta-</span> 
     </span>
     <span class='ocr_line' id='line_1_35' title="bbox 248 3526 1801 3608; baseline -0.002 -21"><span class='ocrx_word' id='word_1_247' title='bbox 248 3528 524 3608; x_wconf 89' lang='lat' dir='ltr'>phoricis</span> <span class='ocrx_word' id='word_1_248' title='bbox 567 3526 1116 3604; x_wconf 83' lang='lat' dir='ltr'>significationibus</span> <span class='ocrx_word' id='word_1_249' title='bbox 1176 3532 1236 3585; x_wconf 89' lang='lat' dir='ltr'>et</span> <span class='ocrx_word' id='word_1_250' title='bbox 1286 3526 1801 3600; x_wconf 74' lang='lat' dir='ltr'>distinctionibuS,</span> 
     </span>
     <span class='ocr_line' id='line_1_36' title="bbox 246 3618 1807 3700; baseline -0.001 -21"><span class='ocrx_word' id='word_1_251' title='bbox 246 3639 393 3700; x_wconf 59' lang='lat' dir='ltr'>quie</span> <span class='ocrx_word' id='word_1_252' title='bbox 417 3621 484 3679; x_wconf 92' lang='lat' dir='ltr'>in</span> <span class='ocrx_word' id='word_1_253' title='bbox 503 3620 787 3697; x_wconf 83' lang='lat' dir='ltr'>praesenti</span> <span class='ocrx_word' id='word_1_254' title='bbox 804 3620 1082 3678; x_wconf 86' lang='lat' dir='ltr'>instituto</span> <span class='ocrx_word' id='word_1_255' title='bbox 1105 3637 1230 3677; x_wconf 93' lang='lat' dir='ltr'>non</span> <span class='ocrx_word' id='word_1_256' title='bbox 1251 3618 1621 3692; x_wconf 86' lang='lat' dir='ltr'>deserviunt,</span> <span class='ocrx_word' id='word_1_257' title='bbox 1642 3636 1807 3677; x_wconf 89' lang='lat' dir='ltr'>nunc</span> 
     </span>
     <span class='ocr_line' id='line_1_37' title="bbox 246 3710 1807 3790; baseline -0.001 -17"><span class='ocrx_word' id='word_1_258' title='bbox 246 3714 331 3773; x_wconf 90' lang='lat' dir='ltr'>de</span> <span class='ocrx_word' id='word_1_259' title='bbox 376 3712 517 3789; x_wconf 88' lang='lat' dir='ltr'>jure</span> <span class='ocrx_word' id='word_1_260' title='bbox 563 3712 628 3771; x_wconf 91' lang='lat' dir='ltr'>in</span> <span class='ocrx_word' id='word_1_261' title='bbox 668 3713 932 3771; x_wconf 89' lang='lat' dir='ltr'>secunda</span> <span class='ocrx_word' id='word_1_262' title='bbox 973 3718 1035 3772; x_wconf 89' lang='lat' dir='ltr'>et</span> <span class='ocrx_word' id='word_1_263' title='bbox 1074 3711 1320 3790; x_wconf 88' lang='lat' dir='ltr'>propria</span> <span class='ocrx_word' id='word_1_264' title='bbox 1361 3710 1807 3789; x_wconf 85' lang='lat' dir='ltr'>significatione</span> 
     </span>
     <span class='ocr_line' id='line_1_38' title="bbox 244 3803 1808 3883; baseline 0 -20"><span class='ocrx_word' id='word_1_265' title='bbox 244 3803 626 3883; x_wconf 84' lang='lat' dir='ltr'>generaliter</span> <span class='ocrx_word' id='word_1_266' title='bbox 652 3805 984 3882; x_wconf 89' lang='lat' dir='ltr'>loquimur,</span> <span class='ocrx_word' id='word_1_267' title='bbox 998 3805 1208 3881; x_wconf 87' lang='lat' dir='ltr'>sicque</span> <span class='ocrx_word' id='word_1_268' title='bbox 1231 3821 1370 3862; x_wconf 91' lang='lat' dir='ltr'>cum</span> <span class='ocrx_word' id='word_1_269' title='bbox 1397 3803 1533 3880; x_wconf 86' lang='lat' dir='ltr'>lege</span> <span class='ocrx_word' id='word_1_270' title='bbox 1557 3821 1808 3863; x_wconf 85' lang='lat' dir='ltr'>conver—</span> 
     </span>
     <span class='ocr_line' id='line_1_39' title="bbox 242 3894 1807 3974; baseline -0.002 -17"><span class='ocrx_word' id='word_1_271' title='bbox 242 3898 433 3970; x_wconf 84' lang='lat' dir='ltr'>titur,</span> <span class='ocrx_word' id='word_1_272' title='bbox 480 3902 660 3974; x_wconf 88' lang='lat' dir='ltr'>prout</span> <span class='ocrx_word' id='word_1_273' title='bbox 703 3914 869 3956; x_wconf 89' lang='lat' dir='ltr'>nunc</span> <span class='ocrx_word' id='word_1_274' title='bbox 905 3896 1091 3955; x_wconf 85' lang='lat' dir='ltr'>ctiam</span> <span class='ocrx_word' id='word_1_275' title='bbox 1134 3896 1208 3955; x_wconf 86' lang='lat' dir='ltr'>de</span> <span class='ocrx_word' id='word_1_276' title='bbox 1251 3894 1356 3953; x_wconf 87' lang='lat' dir='ltr'>illa</span> <span class='ocrx_word' id='word_1_277' title='bbox 1383 3895 1807 3955; x_wconf 85' lang='lat' dir='ltr'>universaliter</span> 
     </span>
     <span class='ocr_line' id='line_1_40' title="bbox 241 3994 610 4050; baseline 0 -2"><span class='ocrx_word' id='word_1_278' title='bbox 241 3994 610 4050; x_wconf 81' lang='lat' dir='ltr'>tractamus.</span> 
     </span>
    </p>
   </div>
   <div class='ocr_carea' id='block_1_3' title="bbox 291 4172 1766 4428">
    <p class='ocr_par' dir='ltr' id='par_1_3' title="bbox 291 4172 1766 4428">
     <span class='ocr_line' id='line_1_41' title="bbox 836 4172 1223 4232; baseline -0.005 0"><span class='ocrx_word' id='word_1_279' title='bbox 836 4172 1083 4232; x_wconf 85' lang='lat' dir='ltr'>CAPUT</span> <span class='ocrx_word' id='word_1_280' title='bbox 1123 4173 1202 4231; x_wconf 84' lang='lat'>111</span> <span class='ocrx_word' id='word_1_281' title='bbox 1210 4215 1223 4230; x_wconf 90' lang='lat'><strong>.</strong></span> 
     </span>
     <span class='ocr_line' id='line_1_42' title="bbox 291 4371 1766 4428; baseline -0.004 -7"><span class='ocrx_word' id='word_1_282' title='bbox 291 4374 536 4428; x_wconf 68' lang='lat' dir='ltr'>cumn</span> <span class='ocrx_word' id='word_1_283' title='bbox 577 4373 666 4418; x_wconf 80' lang='grc'><strong>511·</strong></span> <span class='ocrx_word' id='word_1_284' title='bbox 707 4373 1052 4418; x_wconf 60' lang='grc'><strong>3666551115</strong></span> <span class='ocrx_word' id='word_1_285' title='bbox 1093 4373 1169 4417; x_wconf 75' lang='grc' dir='ltr'>ΒΤ</span> <span class='ocrx_word' id='word_1_286' title='bbox 1212 4371 1510 4417; x_wconf 69' lang='lat' dir='ltr'>namus</span> <span class='ocrx_word' id='word_1_287' title='bbox 1550 4371 1766 4416; x_wconf 72' lang='lat' dir='ltr'>maun.</span> 
     </span>
    </p>
   </div>
   <div class='ocr_carea' id='block_1_4' title="bbox 242 4542 1824 5529">
    <p class='ocr_par' dir='ltr' id='par_1_4' title="bbox 242 4542 1824 5529">
     <span class='ocr_line' id='line_1_43' title="bbox 335 4542 1811 4621; baseline -0.001 -17"><span class='ocrx_word' id='word_1_288' title='bbox 335 4549 363 4604; x_wconf 82' lang='lat'><strong>1</strong></span> <span class='ocrx_word' id='word_1_289' title='bbox 383 4590 398 4604; x_wconf 91' lang='lat'><strong>.</strong></span> <span class='ocrx_word' id='word_1_290' title='bbox 433 4543 760 4621; x_wconf 81' lang='lat' dir='ltr'>Explicatis</span> <span class='ocrx_word' id='word_1_291' title='bbox 786 4542 1140 4602; x_wconf 91' lang='lat' dir='ltr'>nominibus</span> <span class='ocrx_word' id='word_1_292' title='bbox 1164 4544 1321 4619; x_wconf 89' lang='lat' dir='ltr'>juris</span> <span class='ocrx_word' id='word_1_293' title='bbox 1347 4548 1409 4602; x_wconf 90' lang='lat' dir='ltr'>et</span> <span class='ocrx_word' id='word_1_294' title='bbox 1438 4542 1616 4619; x_wconf 80' lang='lat' dir='ltr'>legiS,</span> <span class='ocrx_word' id='word_1_295' title='bbox 1639 4548 1811 4603; x_wconf 86' lang='lat' dir='ltr'>ante-</span> 
     </span>
     <span class='ocr_line' id='line_1_44' title="bbox 242 4635 1812 4719; baseline -0.004 -20"><span class='ocrx_word' id='word_1_296' title='bbox 242 4656 449 4719; x_wconf 87' lang='lat' dir='ltr'>quam</span> <span class='ocrx_word' id='word_1_297' title='bbox 487 4637 870 4714; x_wconf 87' lang='lat' dir='ltr'>inquiramus</span> <span class='ocrx_word' id='word_1_298' title='bbox 901 4636 1049 4714; x_wconf 88' lang='lat' dir='ltr'>quid</span> <span class='ocrx_word' id='word_1_299' title='bbox 1093 4635 1192 4695; x_wconf 86' lang='lat' dir='ltr'>lex</span> <span class='ocrx_word' id='word_1_300' title='bbox 1227 4636 1327 4707; x_wconf 88' lang='lat' dir='ltr'>sit,</span> <span class='ocrx_word' id='word_1_301' title='bbox 1370 4640 1607 4711; x_wconf 86' lang='lat' dir='ltr'>oportet</span> <span class='ocrx_word' id='word_1_302' title='bbox 1643 4636 1812 4712; x_wconf 88' lang='lat' dir='ltr'>prius</span> 
     </span>
     <span class='ocr_line' id='line_1_45' title="bbox 243 4726 1813 4805; baseline -0.001 -16"><span class='ocrx_word' id='word_1_303' title='bbox 243 4729 581 4792; x_wconf 82' lang='lat' dir='ltr'>ostendere</span> <span class='ocrx_word' id='word_1_304' title='bbox 621 4728 792 4787; x_wconf 87' lang='lat' dir='ltr'>illam</span> <span class='ocrx_word' id='word_1_305' title='bbox 835 4746 962 4792; x_wconf 87' lang='lat' dir='ltr'>csse</span> <span class='ocrx_word' id='word_1_306' title='bbox 984 4744 1002 4802; x_wconf 90' lang='lat'>;</span> <span class='ocrx_word' id='word_1_307' title='bbox 1055 4726 1220 4805; x_wconf 91' lang='lat' dir='ltr'>quod</span> <span class='ocrx_word' id='word_1_308' title='bbox 1265 4727 1492 4804; x_wconf 89' lang='lat' dir='ltr'>optime</span> <span class='ocrx_word' id='word_1_309' title='bbox 1539 4726 1646 4786; x_wconf 86' lang='lat' dir='ltr'>fiet</span> <span class='ocrx_word' id='word_1_310' title='bbox 1682 4727 1813 4803; x_wconf 87' lang='lat' dir='ltr'>ejus</span> 
     </span>
     <span class='ocr_line' id='line_1_46' title="bbox 242 4817 1813 4898; baseline -0.004 -14"><span class='ocrx_word' id='word_1_311' title='bbox 242 4821 682 4884; x_wconf 84' lang='lat' dir='ltr'>necessitatem</span> <span class='ocrx_word' id='word_1_312' title='bbox 710 4819 1099 4894; x_wconf 89' lang='lat' dir='ltr'>declarando,</span> <span class='ocrx_word' id='word_1_313' title='bbox 1129 4819 1276 4898; x_wconf 88' lang='lat' dir='ltr'>quia</span> <span class='ocrx_word' id='word_1_314' title='bbox 1302 4819 1367 4876; x_wconf 89' lang='lat' dir='ltr'>in</span> <span class='ocrx_word' id='word_1_315' title='bbox 1405 4817 1500 4877; x_wconf 90' lang='lat' dir='ltr'>his</span> <span class='ocrx_word' id='word_1_316' title='bbox 1528 4817 1708 4878; x_wconf 89' lang='lat' dir='ltr'>rebus</span> <span class='ocrx_word' id='word_1_317' title='bbox 1736 4818 1813 4877; x_wconf 91' lang='lat' dir='ltr'>ad</span> 
     </span>
     <span class='ocr_line' id='line_1_47' title="bbox 243 4910 1814 4991; baseline -0.005 -15"><span class='ocrx_word' id='word_1_318' title='bbox 243 4914 713 4976; x_wconf 87' lang='lat' dir='ltr'>institutionem</span> <span class='ocrx_word' id='word_1_319' title='bbox 752 4931 997 4972; x_wconf 92' lang='lat' dir='ltr'>morum</span> <span class='ocrx_word' id='word_1_320' title='bbox 1035 4910 1508 4991; x_wconf 80' lang='lat' dir='ltr'>pertinentibuS,</span> <span class='ocrx_word' id='word_1_321' title='bbox 1550 4929 1663 4969; x_wconf 90' lang='lat' dir='ltr'>nec</span> <span class='ocrx_word' id='word_1_322' title='bbox 1703 4910 1814 4968; x_wconf 91' lang='lat' dir='ltr'>ali-</span> 
     </span>
     <span class='ocr_line' id='line_1_48' title="bbox 243 5003 1816 5087; baseline -0.003 -20"><span class='ocrx_word' id='word_1_323' title='bbox 243 5007 406 5087; x_wconf 87' lang='lat' dir='ltr'>quid</span> <span class='ocrx_word' id='word_1_324' title='bbox 442 5006 823 5084; x_wconf 90' lang='lat' dir='ltr'>superssuum</span> <span class='ocrx_word' id='word_1_325' title='bbox 861 5005 1314 5065; x_wconf 90' lang='lat' dir='ltr'>admittendum</span> <span class='ocrx_word' id='word_1_326' title='bbox 1346 5009 1458 5076; x_wconf 87' lang='lat' dir='ltr'>est,</span> <span class='ocrx_word' id='word_1_327' title='bbox 1505 5021 1706 5080; x_wconf 89' lang='lat' dir='ltr'>neque</span> <span class='ocrx_word' id='word_1_328' title='bbox 1753 5003 1816 5062; x_wconf 92' lang='lat' dir='ltr'>id</span> 
     </span>
     <span class='ocr_line' id='line_1_49' title="bbox 245 5095 1816 5179; baseline -0.003 -20"><span class='ocrx_word' id='word_1_329' title='bbox 245 5099 423 5179; x_wconf 88' lang='lat' dir='ltr'>quod</span> <span class='ocrx_word' id='word_1_330' title='bbox 466 5098 875 5157; x_wconf 89' lang='lat' dir='ltr'>necessarium</span> <span class='ocrx_word' id='word_1_331' title='bbox 902 5104 993 5156; x_wconf 90' lang='lat' dir='ltr'>est</span> <span class='ocrx_word' id='word_1_332' title='bbox 1028 5097 1235 5157; x_wconf 83' lang='lat' dir='ltr'>deesse</span> <span class='ocrx_word' id='word_1_333' title='bbox 1262 5101 1482 5174; x_wconf 90' lang='lat' dir='ltr'>potest.</span> <span class='ocrx_word' id='word_1_334' title='bbox 1510 5095 1676 5155; x_wconf 90' lang='lat' dir='ltr'>Solet</span> <span class='ocrx_word' id='word_1_335' title='bbox 1707 5113 1816 5154; x_wconf 89' lang='lat' dir='ltr'>au-</span> 
     </span>
     <span class='ocr_line' id='line_1_50' title="bbox 244 5186 1813 5267; baseline -0.004 -15"><span class='ocrx_word' id='word_1_336' title='bbox 244 5199 379 5252; x_wconf 88' lang='lat' dir='ltr'>tem</span> <span class='ocrx_word' id='word_1_337' title='bbox 406 5189 711 5266; x_wconf 81' lang='lat' dir='ltr'>distingui</span> <span class='ocrx_word' id='word_1_338' title='bbox 742 5189 967 5267; x_wconf 88' lang='lat' dir='ltr'>duplex</span> <span class='ocrx_word' id='word_1_339' title='bbox 990 5189 1344 5248; x_wconf 87' lang='lat' dir='ltr'>necessitas:</span> <span class='ocrx_word' id='word_1_340' title='bbox 1369 5206 1494 5247; x_wconf 86' lang='lat' dir='ltr'>una</span> <span class='ocrx_word' id='word_1_341' title='bbox 1512 5186 1813 5260; x_wconf 83' lang='lat' dir='ltr'>absoluta,</span> 
     </span>
     <span class='ocr_line' id='line_1_51' title="bbox 247 5279 1823 5358; baseline -0.004 -14"><span class='ocrx_word' id='word_1_342' title='bbox 247 5280 601 5346; x_wconf 90' lang='lat' dir='ltr'>secundum</span> <span class='ocrx_word' id='word_1_343' title='bbox 638 5298 820 5358; x_wconf 89' lang='lat' dir='ltr'>quam</span> <span class='ocrx_word' id='word_1_344' title='bbox 865 5280 1091 5339; x_wconf 90' lang='lat' dir='ltr'>dicitur</span> <span class='ocrx_word' id='word_1_345' title='bbox 1127 5298 1223 5338; x_wconf 89' lang='lat' dir='ltr'>res</span> <span class='ocrx_word' id='word_1_346' title='bbox 1256 5279 1463 5356; x_wconf 89' lang='lat' dir='ltr'>aliqua</span> <span class='ocrx_word' id='word_1_347' title='bbox 1505 5297 1614 5356; x_wconf 91' lang='lat' dir='ltr'>per</span> <span class='ocrx_word' id='word_1_348' title='bbox 1644 5296 1731 5351; x_wconf 90' lang='lat' dir='ltr'>se,</span> <span class='ocrx_word' id='word_1_349' title='bbox 1762 5284 1823 5337; x_wconf 89' lang='grc' dir='ltr'><strong>6ι</strong></span> 
     </span>
     <span class='ocr_line' id='line_1_52' title="bbox 246 5370 1824 5455; baseline -0.004 -20"><span class='ocrx_word' id='word_1_350' title='bbox 246 5380 513 5455; x_wconf 89' lang='lat' dir='ltr'>propter</span> <span class='ocrx_word' id='word_1_351' title='bbox 559 5391 624 5432; x_wconf 86' lang='grc'>56</span> <span class='ocrx_word' id='word_1_352' title='bbox 673 5372 1028 5451; x_wconf 88' lang='lat' dir='ltr'>simpliciter</span> <span class='ocrx_word' id='word_1_353' title='bbox 1084 5371 1463 5430; x_wconf 86' lang='lat' dir='ltr'>necessaria:</span> <span class='ocrx_word' id='word_1_354' title='bbox 1516 5370 1824 5448; x_wconf 89' lang='lat' dir='ltr'>quomodo</span> 
     </span>
     <span class='ocr_line' id='line_1_53' title="bbox 248 5463 1824 5529; baseline -0.005 0"><span class='ocrx_word' id='word_1_355' title='bbox 248 5470 419 5529; x_wconf 88' lang='lat' dir='ltr'>Deus</span> <span class='ocrx_word' id='word_1_356' title='bbox 470 5465 659 5527; x_wconf 89' lang='lat' dir='ltr'>habet</span> <span class='ocrx_word' id='word_1_357' title='bbox 709 5467 1127 5524; x_wconf 85' lang='lat' dir='ltr'>necessitatem</span> <span class='ocrx_word' id='word_1_358' title='bbox 1183 5463 1424 5522; x_wconf 89' lang='lat' dir='ltr'>essendi</span> <span class='ocrx_word' id='word_1_359' title='bbox 1484 5463 1824 5522; x_wconf 86' lang='lat' dir='ltr'>secundum</span> 
     </span>
    </p>
   </div>
   <div class='ocr_carea' id='block_1_5' title="bbox 1885 479 3467 5538">
    <p class='ocr_par' dir='ltr' id='par_1_5' title="bbox 1885 479 3467 5538">
     <span class='ocr_line' id='line_1_54' title="bbox 1893 479 3450 559; baseline -0.003 -15"><span class='ocrx_word' id='word_1_360' title='bbox 1893 486 2280 545; x_wconf 83' lang='lat' dir='ltr'>existentiam</span> <span class='ocrx_word' id='word_1_361' title='bbox 2325 482 2654 556; x_wconf 87' lang='lat' dir='ltr'>actualem,</span> <span class='ocrx_word' id='word_1_362' title='bbox 2689 481 2766 541; x_wconf 90' lang='lat' dir='ltr'>de</span> <span class='ocrx_word' id='word_1_363' title='bbox 2805 499 2926 559; x_wconf 87' lang='lat' dir='ltr'>qua</span> <span class='ocrx_word' id='word_1_364' title='bbox 2953 479 3299 558; x_wconf 87' lang='lat' dir='ltr'>loquimur:</span> <span class='ocrx_word' id='word_1_365' title='bbox 3327 479 3450 539; x_wconf 84' lang='lat' dir='ltr'>alia</span> 
     </span>
     <span class='ocr_line' id='line_1_55' title="bbox 1894 572 3446 653; baseline -0.005 -16"><span class='ocrx_word' id='word_1_366' title='bbox 1894 584 1984 637; x_wconf 86' lang='lat' dir='ltr'>est</span> <span class='ocrx_word' id='word_1_367' title='bbox 2007 580 2335 638; x_wconf 87' lang='lat' dir='ltr'>necessitas</span> <span class='ocrx_word' id='word_1_368' title='bbox 2358 575 2690 653; x_wconf 75' lang='lat' dir='ltr'>respectiva</span> <span class='ocrx_word' id='word_1_369' title='bbox 2725 574 2790 632; x_wconf 88' lang='lat' dir='ltr'>in</span> <span class='ocrx_word' id='word_1_370' title='bbox 2819 574 3036 632; x_wconf 87' lang='lat' dir='ltr'>ordine</span> <span class='ocrx_word' id='word_1_371' title='bbox 3061 572 3138 630; x_wconf 88' lang='lat' dir='ltr'>ad</span> <span class='ocrx_word' id='word_1_372' title='bbox 3175 572 3446 648; x_wconf 86' lang='lat' dir='ltr'>aliquem</span> 
     </span>
     <span class='ocr_line' id='line_1_56' title="bbox 1895 664 3449 744; baseline -0.005 -16"><span class='ocrx_word' id='word_1_373' title='bbox 1895 669 2109 743; x_wconf 88' lang='lat' dir='ltr'>finem,</span> <span class='ocrx_word' id='word_1_374' title='bbox 2141 670 2237 729; x_wconf 86' lang='lat' dir='ltr'>vel</span> <span class='ocrx_word' id='word_1_375' title='bbox 2263 666 2569 739; x_wconf 80' lang='lat' dir='ltr'>effectum,</span> <span class='ocrx_word' id='word_1_376' title='bbox 2594 684 2729 744; x_wconf 76' lang='lat' dir='ltr'>quae</span> <span class='ocrx_word' id='word_1_377' title='bbox 2754 666 2977 743; x_wconf 80' lang='lat' dir='ltr'>duplex</span> <span class='ocrx_word' id='word_1_378' title='bbox 3011 664 3449 737; x_wconf 74' lang='lat' dir='ltr'>subdistingui·</span> 
     </span>
     <span class='ocr_line' id='line_1_57' title="bbox 1900 757 3444 839; baseline -0.005 -18"><span class='ocrx_word' id='word_1_379' title='bbox 1900 769 2001 821; x_wconf 86' lang='lat' dir='ltr'>tur</span> <span class='ocrx_word' id='word_1_380' title='bbox 2029 784 2043 820; x_wconf 91' lang='lat'>:</span> <span class='ocrx_word' id='word_1_381' title='bbox 2086 781 2232 822; x_wconf 86' lang='lat' dir='ltr'>nam</span> <span class='ocrx_word' id='word_1_382' title='bbox 2267 762 2548 839; x_wconf 80' lang='lat' dir='ltr'>quaedam</span> <span class='ocrx_word' id='word_1_383' title='bbox 2581 768 2670 819; x_wconf 87' lang='lat' dir='ltr'>est</span> <span class='ocrx_word' id='word_1_384' title='bbox 2704 760 3025 818; x_wconf 74' lang='lat' dir='ltr'>necessitas</span> <span class='ocrx_word' id='word_1_385' title='bbox 3056 757 3444 833; x_wconf 75' lang='lat' dir='ltr'>simplicitet-3</span> 
     </span>
     <span class='ocr_line' id='line_1_58' title="bbox 1897 848 3401 930; baseline -0.005 -16"><span class='ocrx_word' id='word_1_386' title='bbox 1897 854 2019 914; x_wconf 88' lang='lat' dir='ltr'>alia</span> <span class='ocrx_word' id='word_1_387' title='bbox 2042 854 2116 913; x_wconf 90' lang='lat' dir='ltr'>ad</span> <span class='ocrx_word' id='word_1_388' title='bbox 2150 854 2369 914; x_wconf 89' lang='lat' dir='ltr'>melius</span> <span class='ocrx_word' id='word_1_389' title='bbox 2390 872 2540 926; x_wconf 83' lang='lat' dir='ltr'>esse,</span> <span class='ocrx_word' id='word_1_390' title='bbox 2567 871 2704 930; x_wconf 83' lang='lat' dir='ltr'>quae</span> <span class='ocrx_word' id='word_1_391' title='bbox 2728 852 3009 929; x_wconf 87' lang='lat' dir='ltr'>proprius</span> <span class='ocrx_word' id='word_1_392' title='bbox 3032 856 3120 908; x_wconf 82' lang='lat' dir='ltr'>est</span> <span class='ocrx_word' id='word_1_393' title='bbox 3150 848 3401 907; x_wconf 76' lang='lat' dir='ltr'>utilitas,</span> 
     </span>
     <span class='ocr_line' id='line_1_59' title="bbox 1975 939 3447 1019; baseline -0.005 -13"><span class='ocrx_word' id='word_1_394' title='bbox 1975 950 2037 1006; x_wconf 69' lang='lat'>2.</span> <span class='ocrx_word' id='word_1_395' title='bbox 2081 948 2204 1008; x_wconf 67' lang='lat' dir='ltr'>Lea:</span> <span class='ocrx_word' id='word_1_396' title='bbox 2244 947 2502 1006; x_wconf 62' lang='lat' dir='ltr'>absolute</span> <span class='ocrx_word' id='word_1_397' title='bbox 2535 964 2650 1004; x_wconf 76' lang='lat' dir='ltr'>non</span> <span class='ocrx_word' id='word_1_398' title='bbox 2681 945 2812 1019; x_wconf 71' lang='lat' dir='ltr'>suit</span> <span class='ocrx_word' id='word_1_399' title='bbox 2839 943 3187 1003; x_wconf 75' lang='lat' dir='ltr'>necessaria.</span> <span class='ocrx_word' id='word_1_400' title='bbox 3211 972 3292 984; x_wconf 90' lang='lat'>-</span> <span class='ocrx_word' id='word_1_401' title='bbox 3318 939 3447 998; x_wconf 87' lang='lat' dir='ltr'>Duo</span> 
     </span>
     <span class='ocr_line' id='line_1_60' title="bbox 1896 1035 3444 1115; baseline -0.006 -17"><span class='ocrx_word' id='word_1_402' title='bbox 1896 1057 2044 1115; x_wconf 82' lang='lat' dir='ltr'>ergo</span> <span class='ocrx_word' id='word_1_403' title='bbox 2072 1039 2138 1096; x_wconf 91' lang='lat' dir='ltr'>in</span> <span class='ocrx_word' id='word_1_404' title='bbox 2168 1037 2438 1115; x_wconf 78' lang='lat' dir='ltr'>generali</span> <span class='ocrx_word' id='word_1_405' title='bbox 2477 1037 2767 1097; x_wconf 86' lang='lat' dir='ltr'>videntur</span> <span class='ocrx_word' id='word_1_406' title='bbox 2794 1041 2983 1094; x_wconf 80' lang='lat' dir='ltr'>certa.</span> <span class='ocrx_word' id='word_1_407' title='bbox 3026 1035 3299 1093; x_wconf 85' lang='lat' dir='ltr'>Primum</span> <span class='ocrx_word' id='word_1_408' title='bbox 3332 1037 3444 1104; x_wconf 91' lang='lat' dir='ltr'>est,</span> 
     </span>
     <span class='ocr_line' id='line_1_61' title="bbox 1893 1126 3444 1205; baseline -0.006 -15"><span class='ocrx_word' id='word_1_409' title='bbox 1893 1132 2317 1191; x_wconf 87' lang='lat' dir='ltr'>necessitatem</span> <span class='ocrx_word' id='word_1_410' title='bbox 2365 1130 2705 1188; x_wconf 87' lang='lat' dir='ltr'>absolutam</span> <span class='ocrx_word' id='word_1_411' title='bbox 2746 1129 2869 1205; x_wconf 83' lang='lat' dir='ltr'>legi</span> <span class='ocrx_word' id='word_1_412' title='bbox 2914 1145 3038 1185; x_wconf 87' lang='lat' dir='ltr'>non</span> <span class='ocrx_word' id='word_1_413' title='bbox 3090 1126 3444 1196; x_wconf 76' lang='lat' dir='ltr'>convenire,</span> 
     </span>
     <span class='ocr_line' id='line_1_62' title="bbox 1893 1216 3446 1302; baseline -0.006 -19"><span class='ocrx_word' id='word_1_414' title='bbox 1893 1230 2193 1302; x_wconf 88' lang='lat' dir='ltr'>quatenus</span> <span class='ocrx_word' id='word_1_415' title='bbox 2220 1223 2319 1282; x_wconf 84' lang='lat' dir='ltr'>lex</span> <span class='ocrx_word' id='word_1_416' title='bbox 2346 1228 2456 1282; x_wconf 88' lang='lat' dir='ltr'>est.</span> <span class='ocrx_word' id='word_1_417' title='bbox 2494 1222 2816 1294; x_wconf 87' lang='lat' dir='ltr'>Probatur,</span> <span class='ocrx_word' id='word_1_418' title='bbox 2845 1220 2990 1298; x_wconf 89' lang='lat' dir='ltr'>quia</span> <span class='ocrx_word' id='word_1_419' title='bbox 3019 1218 3157 1277; x_wconf 87' lang='lat' dir='ltr'>talis</span> <span class='ocrx_word' id='word_1_420' title='bbox 3191 1216 3446 1276; x_wconf 80' lang='lat' dir='ltr'>necessi-</span> 
     </span>
     <span class='ocr_line' id='line_1_63' title="bbox 1894 1314 3446 1393; baseline -0.006 -17"><span class='ocrx_word' id='word_1_421' title='bbox 1894 1323 1987 1376; x_wconf 85' lang='lat' dir='ltr'>tas</span> <span class='ocrx_word' id='word_1_422' title='bbox 2016 1321 2106 1375; x_wconf 82' lang='lat' dir='ltr'>est</span> <span class='ocrx_word' id='word_1_423' title='bbox 2130 1316 2377 1393; x_wconf 88' lang='lat' dir='ltr'>propria</span> <span class='ocrx_word' id='word_1_424' title='bbox 2401 1315 2532 1387; x_wconf 90' lang='lat' dir='ltr'>Dei,</span> <span class='ocrx_word' id='word_1_425' title='bbox 2556 1314 2661 1392; x_wconf 87' lang='lat' dir='ltr'>qui</span> <span class='ocrx_word' id='word_1_426' title='bbox 2694 1314 2855 1372; x_wconf 89' lang='lat' dir='ltr'>solus</span> <span class='ocrx_word' id='word_1_427' title='bbox 2883 1317 2974 1371; x_wconf 91' lang='lat' dir='ltr'>est</span> <span class='ocrx_word' id='word_1_428' title='bbox 3003 1329 3111 1369; x_wconf 88' lang='lat' dir='ltr'>ens</span> <span class='ocrx_word' id='word_1_429' title='bbox 3136 1328 3245 1388; x_wconf 92' lang='lat' dir='ltr'>per</span> <span class='ocrx_word' id='word_1_430' title='bbox 3271 1327 3357 1382; x_wconf 90' lang='grc'>56,</span> <span class='ocrx_word' id='word_1_431' title='bbox 3385 1314 3446 1366; x_wconf 87' lang='grc' dir='ltr'><strong>6ι</strong></span> 
     </span>
     <span class='ocr_line' id='line_1_64' title="bbox 1894 1399 3444 1469; baseline -0.006 -1"><span class='ocrx_word' id='word_1_432' title='bbox 1894 1407 2170 1469; x_wconf 86' lang='lat' dir='ltr'>absolute</span> <span class='ocrx_word' id='word_1_433' title='bbox 2208 1407 2657 1467; x_wconf 84' lang='lat' dir='ltr'>necessarium:</span> <span class='ocrx_word' id='word_1_434' title='bbox 2708 1406 2804 1464; x_wconf 83' lang='lat' dir='ltr'>lex</span> <span class='ocrx_word' id='word_1_435' title='bbox 2852 1410 3061 1463; x_wconf 89' lang='lat' dir='ltr'>autem</span> <span class='ocrx_word' id='word_1_436' title='bbox 3100 1402 3301 1460; x_wconf 90' lang='lat' dir='ltr'>omnis</span> <span class='ocrx_word' id='word_1_437' title='bbox 3347 1399 3444 1459; x_wconf 86' lang='lat' dir='ltr'>vel</span> 
     </span>
     <span class='ocr_line' id='line_1_65' title="bbox 1892 1495 3442 1581; baseline -0.008 -17"><span class='ocrx_word' id='word_1_438' title='bbox 1892 1510 1982 1564; x_wconf 89' lang='lat' dir='ltr'>est</span> <span class='ocrx_word' id='word_1_439' title='bbox 2007 1502 2238 1581; x_wconf 86' lang='lat' dir='ltr'>aliquid</span> <span class='ocrx_word' id='word_1_440' title='bbox 2258 1505 2528 1560; x_wconf 86' lang='lat' dir='ltr'>creatum</span> <span class='ocrx_word' id='word_1_441' title='bbox 2535 1498 2668 1574; x_wconf 80' lang='lat' dir='ltr'>,vel</span> <span class='ocrx_word' id='word_1_442' title='bbox 2685 1504 2844 1557; x_wconf 84' lang='lat' dir='ltr'>certe</span> <span class='ocrx_word' id='word_1_443' title='bbox 2867 1496 3154 1574; x_wconf 86' lang='lat' dir='ltr'>supponit</span> <span class='ocrx_word' id='word_1_444' title='bbox 3172 1495 3442 1571; x_wconf 84' lang='lat' dir='ltr'>aliquam</span> 
     </span>
     <span class='ocr_line' id='line_1_66' title="bbox 1891 1584 3442 1671; baseline -0.01 -16"><span class='ocrx_word' id='word_1_445' title='bbox 1891 1603 2259 1667; x_wconf 88' lang='lat' dir='ltr'>creaturam,</span> <span class='ocrx_word' id='word_1_446' title='bbox 2299 1598 2547 1671; x_wconf 88' lang='lat' dir='ltr'>propter</span> <span class='ocrx_word' id='word_1_447' title='bbox 2572 1609 2757 1669; x_wconf 89' lang='lat' dir='ltr'>quam</span> <span class='ocrx_word' id='word_1_448' title='bbox 2799 1590 3055 1661; x_wconf 83' lang='lat' dir='ltr'>feratur,</span> <span class='ocrx_word' id='word_1_449' title='bbox 3090 1588 3244 1645; x_wconf 84' lang='lat' dir='ltr'>Deus</span> <span class='ocrx_word' id='word_1_450' title='bbox 3274 1584 3442 1643; x_wconf 88' lang='lat' dir='ltr'>enim</span> 
     </span>
     <span class='ocr_line' id='line_1_67' title="bbox 1890 1683 3442 1763; baseline -0.007 -18"><span class='ocrx_word' id='word_1_451' title='bbox 1890 1705 2015 1746; x_wconf 89' lang='lat' dir='ltr'>non</span> <span class='ocrx_word' id='word_1_452' title='bbox 2057 1692 2146 1745; x_wconf 86' lang='lat' dir='ltr'>est</span> <span class='ocrx_word' id='word_1_453' title='bbox 2175 1704 2366 1763; x_wconf 83' lang='lat' dir='ltr'>capax</span> <span class='ocrx_word' id='word_1_454' title='bbox 2393 1684 2581 1761; x_wconf 85' lang='lat' dir='ltr'>legis:</span> <span class='ocrx_word' id='word_1_455' title='bbox 2626 1701 2773 1759; x_wconf 80' lang='lat' dir='ltr'>ergo</span> <span class='ocrx_word' id='word_1_456' title='bbox 2803 1683 2961 1740; x_wconf 90' lang='lat' dir='ltr'>sicut</span> <span class='ocrx_word' id='word_1_457' title='bbox 3001 1685 3284 1738; x_wconf 87' lang='lat' dir='ltr'>creatura</span> <span class='ocrx_word' id='word_1_458' title='bbox 3316 1694 3442 1734; x_wconf 91' lang='lat' dir='ltr'>non</span> 
     </span>
     <span class='ocr_line' id='line_1_68' title="bbox 1888 1769 3442 1857; baseline -0.008 -18"><span class='ocrx_word' id='word_1_459' title='bbox 1888 1784 1976 1839; x_wconf 87' lang='lat' dir='ltr'>est</span> <span class='ocrx_word' id='word_1_460' title='bbox 2013 1777 2373 1857; x_wconf 90' lang='lat' dir='ltr'>simpliciter</span> <span class='ocrx_word' id='word_1_461' title='bbox 2402 1776 2762 1848; x_wconf 87' lang='lat' dir='ltr'>necessaria,</span> <span class='ocrx_word' id='word_1_462' title='bbox 2805 1776 2892 1833; x_wconf 86' lang='lat' dir='ltr'>ita</span> <span class='ocrx_word' id='word_1_463' title='bbox 2929 1790 3129 1850; x_wconf 87' lang='lat' dir='ltr'>neque</span> <span class='ocrx_word' id='word_1_464' title='bbox 3167 1771 3286 1830; x_wconf 90' lang='lat' dir='ltr'>lex.</span> <span class='ocrx_word' id='word_1_465' title='bbox 3320 1769 3442 1827; x_wconf 89' lang='lat' dir='ltr'>Ad-</span> 
     </span>
     <span class='ocr_line' id='line_1_69' title="bbox 1887 1863 3446 1948; baseline -0.008 -18"><span class='ocrx_word' id='word_1_466' title='bbox 1887 1870 1964 1930; x_wconf 93' lang='lat' dir='ltr'>do</span> <span class='ocrx_word' id='word_1_467' title='bbox 1988 1879 2306 1948; x_wconf 81' lang='lat' dir='ltr'>praeterea,</span> <span class='ocrx_word' id='word_1_468' title='bbox 2332 1868 2636 1947; x_wconf 89' lang='lat' dir='ltr'>loquendo</span> <span class='ocrx_word' id='word_1_469' title='bbox 2664 1869 2739 1927; x_wconf 90' lang='lat' dir='ltr'>de</span> <span class='ocrx_word' id='word_1_470' title='bbox 2759 1867 3005 1945; x_wconf 88' lang='lat' dir='ltr'>propria</span> <span class='ocrx_word' id='word_1_471' title='bbox 3030 1865 3188 1941; x_wconf 84' lang='lat' dir='ltr'>lege,</span> <span class='ocrx_word' id='word_1_472' title='bbox 3219 1863 3294 1920; x_wconf 91' lang='lat' dir='ltr'>de</span> <span class='ocrx_word' id='word_1_473' title='bbox 3318 1877 3446 1943; x_wconf 23' lang='lat' dir='ltr'>qua·</span> 
     </span>
     <span class='ocr_line' id='line_1_70' title="bbox 1890 1963 3439 2039; baseline -0.007 -17"><span class='ocrx_word' id='word_1_474' title='bbox 1890 1982 2054 2022; x_wconf 88' lang='grc'><strong>1111116</strong></span> <span class='ocrx_word' id='word_1_475' title='bbox 2083 1964 2346 2039; x_wconf 84' lang='lat' dir='ltr'>agimus,</span> <span class='ocrx_word' id='word_1_476' title='bbox 2371 1969 2615 2022; x_wconf 89' lang='lat' dir='ltr'>tantum</span> <span class='ocrx_word' id='word_1_477' title='bbox 2643 1979 2773 2020; x_wconf 88' lang='lat' dir='ltr'>esse</span> <span class='ocrx_word' id='word_1_478' title='bbox 2801 1978 2973 2037; x_wconf 86' lang='lat' dir='ltr'>posse</span> <span class='ocrx_word' id='word_1_479' title='bbox 3001 1963 3251 2036; x_wconf 86' lang='lat' dir='ltr'>propter</span> <span class='ocrx_word' id='word_1_480' title='bbox 3273 1972 3439 2012; x_wconf 88' lang='lat' dir='ltr'>crea-</span> 
     </span>
     <span class='ocr_line' id='line_1_71' title="bbox 1893 2047 3434 2125; baseline -0.007 -12"><span class='ocrx_word' id='word_1_481' title='bbox 1893 2060 2097 2113; x_wconf 89' lang='lat' dir='ltr'>turam</span> <span class='ocrx_word' id='word_1_482' title='bbox 2132 2054 2530 2113; x_wconf 87' lang='lat' dir='ltr'>rationalem:</span> <span class='ocrx_word' id='word_1_483' title='bbox 2581 2071 2729 2112; x_wconf 89' lang='lat' dir='ltr'>nam</span> <span class='ocrx_word' id='word_1_484' title='bbox 2768 2052 2867 2111; x_wconf 86' lang='lat' dir='ltr'>lex</span> <span class='ocrx_word' id='word_1_485' title='bbox 2904 2070 3028 2110; x_wconf 93' lang='lat' dir='ltr'>non</span> <span class='ocrx_word' id='word_1_486' title='bbox 3069 2047 3434 2125; x_wconf 87' lang='lat' dir='ltr'>imponitur,</span> 
     </span>
     <span class='ocr_line' id='line_1_72' title="bbox 1893 2136 3440 2220; baseline -0.008 -15"><span class='ocrx_word' id='word_1_487' title='bbox 1893 2146 2015 2205; x_wconf 89' lang='lat' dir='ltr'>nisi</span> <span class='ocrx_word' id='word_1_488' title='bbox 2056 2151 2293 2204; x_wconf 83' lang='lat' dir='ltr'>naturae</span> <span class='ocrx_word' id='word_1_489' title='bbox 2341 2145 2548 2204; x_wconf 85' lang='lat' dir='ltr'>liberae</span> <span class='ocrx_word' id='word_1_490' title='bbox 2572 2190 2591 2218; x_wconf 88' lang='lat'>,</span> <span class='ocrx_word' id='word_1_491' title='bbox 2639 2163 2750 2203; x_wconf 86' lang='lat' dir='ltr'>nec</span> <span class='ocrx_word' id='word_1_492' title='bbox 2792 2144 2978 2202; x_wconf 86' lang='lat' dir='ltr'>habet</span> <span class='ocrx_word' id='word_1_493' title='bbox 3026 2160 3136 2220; x_wconf 89' lang='lat' dir='ltr'>pro</span> <span class='ocrx_word' id='word_1_494' title='bbox 3180 2136 3440 2198; x_wconf 86' lang='lat' dir='ltr'>materia</span> 
     </span>
     <span class='ocr_line' id='line_1_73' title="bbox 1892 2236 3440 2310; baseline -0.007 -13"><span class='ocrx_word' id='word_1_495' title='bbox 1892 2240 2010 2298; x_wconf 93' lang='lat' dir='ltr'>nisi</span> <span class='ocrx_word' id='word_1_496' title='bbox 2053 2244 2227 2298; x_wconf 89' lang='lat' dir='ltr'>actus</span> <span class='ocrx_word' id='word_1_497' title='bbox 2267 2237 2515 2310; x_wconf 78' lang='lat' dir='ltr'>liberOS,</span> <span class='ocrx_word' id='word_1_498' title='bbox 2564 2243 2633 2295; x_wconf 90' lang='lat' dir='ltr'>ut</span> <span class='ocrx_word' id='word_1_499' title='bbox 2666 2236 2827 2295; x_wconf 70' lang='lat' dir='ltr'>intra</span> <span class='ocrx_word' id='word_1_500' title='bbox 2859 2236 3243 2303; x_wconf 76' lang='lat' dir='ltr'>videbimus3</span> <span class='ocrx_word' id='word_1_501' title='bbox 3291 2246 3440 2304; x_wconf 82' lang='lat' dir='ltr'>ergo</span> 
     </span>
     <span class='ocr_line' id='line_1_74' title="bbox 1890 2322 3443 2408; baseline -0.008 -17"><span class='ocrx_word' id='word_1_502' title='bbox 1890 2351 2017 2392; x_wconf 90' lang='lat' dir='ltr'>non</span> <span class='ocrx_word' id='word_1_503' title='bbox 2046 2335 2244 2408; x_wconf 89' lang='lat' dir='ltr'>potest</span> <span class='ocrx_word' id='word_1_504' title='bbox 2267 2348 2397 2388; x_wconf 86' lang='lat' dir='ltr'>esse</span> <span class='ocrx_word' id='word_1_505' title='bbox 2428 2329 2625 2405; x_wconf 85' lang='lat' dir='ltr'>magis</span> <span class='ocrx_word' id='word_1_506' title='bbox 2653 2329 2987 2388; x_wconf 84' lang='lat' dir='ltr'>necessaria</span> <span class='ocrx_word' id='word_1_507' title='bbox 3009 2328 3130 2401; x_wconf 84' lang='lat' dir='ltr'>lex,</span> <span class='ocrx_word' id='word_1_508' title='bbox 3160 2340 3344 2403; x_wconf 91' lang='lat' dir='ltr'>quam</span> <span class='ocrx_word' id='word_1_509' title='bbox 3365 2322 3443 2379; x_wconf 89' lang='lat' dir='ltr'>sit</span> 
     </span>
     <span class='ocr_line' id='line_1_75' title="bbox 1888 2420 3442 2495; baseline -0.006 -12"><span class='ocrx_word' id='word_1_510' title='bbox 1888 2421 2229 2495; x_wconf 79' lang='lat' dir='ltr'>rationaliS,</span> <span class='ocrx_word' id='word_1_511' title='bbox 2262 2422 2359 2481; x_wconf 86' lang='lat' dir='ltr'>vel</span> <span class='ocrx_word' id='word_1_512' title='bbox 2388 2420 2816 2480; x_wconf 85' lang='lat' dir='ltr'>intellectualis</span> <span class='ocrx_word' id='word_1_513' title='bbox 2844 2426 3121 2479; x_wconf 88' lang='lat' dir='ltr'>creatura</span> <span class='ocrx_word' id='word_1_514' title='bbox 3145 2434 3161 2476; x_wconf 88' lang='lat'>:</span> <span class='ocrx_word' id='word_1_515' title='bbox 3191 2424 3255 2475; x_wconf 92' lang='lat' dir='ltr'>at</span> <span class='ocrx_word' id='word_1_516' title='bbox 3278 2433 3442 2475; x_wconf 86' lang='lat' dir='ltr'>crea·</span> 
     </span>
     <span class='ocr_line' id='line_1_76' title="bbox 1888 2507 3443 2575; baseline -0.006 -1"><span class='ocrx_word' id='word_1_517' title='bbox 1888 2521 2027 2575; x_wconf 89' lang='lat' dir='ltr'>tura</span> <span class='ocrx_word' id='word_1_518' title='bbox 2054 2513 2373 2573; x_wconf 89' lang='lat' dir='ltr'>rationalis</span> <span class='ocrx_word' id='word_1_519' title='bbox 2399 2532 2524 2572; x_wconf 90' lang='lat' dir='ltr'>non</span> <span class='ocrx_word' id='word_1_520' title='bbox 2553 2512 2738 2571; x_wconf 88' lang='lat' dir='ltr'>babet</span> <span class='ocrx_word' id='word_1_521' title='bbox 2754 2512 3091 2571; x_wconf 83' lang='lat' dir='ltr'>absolutam</span> <span class='ocrx_word' id='word_1_522' title='bbox 3123 2507 3443 2569; x_wconf 88' lang='lat' dir='ltr'>necessita-</span> 
     </span>
     <span class='ocr_line' id='line_1_77' title="bbox 1889 2599 3437 2683; baseline -0.006 -16"><span class='ocrx_word' id='word_1_523' title='bbox 1889 2615 2013 2668; x_wconf 90' lang='lat' dir='ltr'>tem</span> <span class='ocrx_word' id='word_1_524' title='bbox 2053 2607 2325 2666; x_wconf 88' lang='lat' dir='ltr'>essendi:</span> <span class='ocrx_word' id='word_1_525' title='bbox 2375 2625 2525 2683; x_wconf 84' lang='lat' dir='ltr'>ergo</span> <span class='ocrx_word' id='word_1_526' title='bbox 2562 2624 2672 2664; x_wconf 90' lang='lat' dir='ltr'>nec</span> <span class='ocrx_word' id='word_1_527' title='bbox 2714 2606 2813 2664; x_wconf 83' lang='lat' dir='ltr'>lex</span> <span class='ocrx_word' id='word_1_528' title='bbox 2855 2604 3039 2663; x_wconf 84' lang='lat' dir='ltr'>habet</span> <span class='ocrx_word' id='word_1_529' title='bbox 3084 2599 3437 2680; x_wconf 87' lang='lat' dir='ltr'>hujusmodi</span> 
     </span>
     <span class='ocr_line' id='line_1_78' title="bbox 1885 2694 3435 2776; baseline -0.006 -16"><span class='ocrx_word' id='word_1_530' title='bbox 1885 2701 2328 2762; x_wconf 86' lang='lat' dir='ltr'>necessitatem.</span> <span class='ocrx_word' id='word_1_531' title='bbox 2363 2699 2572 2758; x_wconf 89' lang='lat' dir='ltr'>Solum</span> <span class='ocrx_word' id='word_1_532' title='bbox 2601 2704 2842 2776; x_wconf 89' lang='lat' dir='ltr'>poterat</span> <span class='ocrx_word' id='word_1_533' title='bbox 2866 2697 2965 2755; x_wconf 90' lang='grc'><strong>1116</strong></span> <span class='ocrx_word' id='word_1_534' title='bbox 3001 2697 3149 2755; x_wconf 87' lang='lat' dir='ltr'>oriri</span> <span class='ocrx_word' id='word_1_535' title='bbox 3175 2694 3435 2753; x_wconf 80' lang='lat' dir='ltr'>dubium</span> 
     </span>
     <span class='ocr_line' id='line_1_79' title="bbox 1886 2785 3436 2869; baseline -0.006 -16"><span class='ocrx_word' id='word_1_536' title='bbox 1886 2793 1961 2853; x_wconf 90' lang='lat' dir='ltr'>de</span> <span class='ocrx_word' id='word_1_537' title='bbox 1991 2793 2127 2869; x_wconf 86' lang='lat' dir='ltr'>lege</span> <span class='ocrx_word' id='word_1_538' title='bbox 2157 2797 2409 2865; x_wconf 85' lang='lat' dir='ltr'>aeterna,</span> <span class='ocrx_word' id='word_1_539' title='bbox 2437 2808 2620 2868; x_wconf 90' lang='lat' dir='ltr'>quam</span> <span class='ocrx_word' id='word_1_540' title='bbox 2643 2809 2806 2848; x_wconf 90' lang='lat' dir='ltr'>nunc</span> <span class='ocrx_word' id='word_1_541' title='bbox 2834 2807 2960 2849; x_wconf 88' lang='lat' dir='ltr'>esse</span> <span class='ocrx_word' id='word_1_542' title='bbox 2989 2805 3295 2867; x_wconf 90' lang='lat' dir='ltr'>suppono:</span> <span class='ocrx_word' id='word_1_543' title='bbox 3331 2785 3436 2844; x_wconf 89' lang='lat' dir='ltr'>illa</span> 
     </span>
     <span class='ocr_line' id='line_1_80' title="bbox 1886 2881 3436 2960; baseline -0.007 -14"><span class='ocrx_word' id='word_1_544' title='bbox 1886 2885 2054 2946; x_wconf 90' lang='lat' dir='ltr'>enim</span> <span class='ocrx_word' id='word_1_545' title='bbox 2082 2890 2172 2944; x_wconf 89' lang='lat' dir='ltr'>est</span> <span class='ocrx_word' id='word_1_546' title='bbox 2209 2885 2366 2943; x_wconf 90' lang='lat' dir='ltr'>Deus</span> <span class='ocrx_word' id='word_1_547' title='bbox 2403 2884 2553 2960; x_wconf 84' lang='lat' dir='ltr'>ipse,</span> <span class='ocrx_word' id='word_1_548' title='bbox 2590 2888 2650 2941; x_wconf 86' lang='lat' dir='ltr'>et</span> <span class='ocrx_word' id='word_1_549' title='bbox 2682 2882 2820 2941; x_wconf 91' lang='lat' dir='ltr'>ideo</span> <span class='ocrx_word' id='word_1_550' title='bbox 2853 2887 2946 2941; x_wconf 89' lang='lat' dir='ltr'>est</span> <span class='ocrx_word' id='word_1_551' title='bbox 2976 2888 3103 2939; x_wconf 88' lang='lat' dir='ltr'>tam</span> <span class='ocrx_word' id='word_1_552' title='bbox 3147 2881 3436 2939; x_wconf 89' lang='lat' dir='ltr'>immuta-</span> 
     </span>
     <span class='ocr_line' id='line_1_81' title="bbox 1887 2971 3432 3050; baseline -0.006 -14"><span class='ocrx_word' id='word_1_553' title='bbox 1887 2976 2026 3036; x_wconf 88' lang='lat' dir='ltr'>bilis</span> <span class='ocrx_word' id='word_1_554' title='bbox 2077 2981 2139 3034; x_wconf 88' lang='lat' dir='ltr'>et</span> <span class='ocrx_word' id='word_1_555' title='bbox 2174 2982 2435 3048; x_wconf 82' lang='lat' dir='ltr'>aeterna,</span> <span class='ocrx_word' id='word_1_556' title='bbox 2484 2974 2639 3032; x_wconf 88' lang='lat' dir='ltr'>sicut</span> <span class='ocrx_word' id='word_1_557' title='bbox 2681 2974 2832 3050; x_wconf 85' lang='lat' dir='ltr'>ipse,</span> <span class='ocrx_word' id='word_1_558' title='bbox 2881 2990 2951 3032; x_wconf 92' lang='lat' dir='ltr'>ac</span> <span class='ocrx_word' id='word_1_559' title='bbox 2997 2971 3253 3030; x_wconf 84' lang='lat' dir='ltr'>subinde</span> <span class='ocrx_word' id='word_1_560' title='bbox 3305 2977 3432 3027; x_wconf 84' lang='lat' dir='ltr'>tam</span> 
     </span>
     <span class='ocr_line' id='line_1_82' title="bbox 1887 3063 3436 3139; baseline -0.006 -9"><span class='ocrx_word' id='word_1_561' title='bbox 1887 3068 2249 3130; x_wconf 88' lang='lat' dir='ltr'>necessaria.</span> <span class='ocrx_word' id='word_1_562' title='bbox 2283 3067 2400 3127; x_wconf 86' lang='lat' dir='ltr'>Sed</span> <span class='ocrx_word' id='word_1_563' title='bbox 2434 3066 2568 3126; x_wconf 86' lang='lat' dir='ltr'>dico</span> <span class='ocrx_word' id='word_1_564' title='bbox 2600 3067 2866 3126; x_wconf 83' lang='lat' dir='ltr'>breviter</span> <span class='ocrx_word' id='word_1_565' title='bbox 2902 3083 3034 3125; x_wconf 89' lang='lat' dir='ltr'>rem</span> <span class='ocrx_word' id='word_1_566' title='bbox 3077 3063 3269 3136; x_wconf 85' lang='lat' dir='ltr'>illam,</span> <span class='ocrx_word' id='word_1_567' title='bbox 3301 3079 3436 3139; x_wconf 82' lang='lat' dir='ltr'>quae</span> 
     </span>
     <span class='ocr_line' id='line_1_83' title="bbox 1888 3157 3438 3232; baseline -0.006 -11"><span class='ocrx_word' id='word_1_568' title='bbox 1888 3169 1978 3222; x_wconf 88' lang='lat' dir='ltr'>est</span> <span class='ocrx_word' id='word_1_569' title='bbox 2006 3162 2105 3220; x_wconf 84' lang='lat' dir='ltr'>lex</span> <span class='ocrx_word' id='word_1_570' title='bbox 2138 3166 2390 3232; x_wconf 82' lang='lat' dir='ltr'>aeterna,</span> <span class='ocrx_word' id='word_1_571' title='bbox 2423 3177 2551 3218; x_wconf 88' lang='lat' dir='ltr'>esse</span> <span class='ocrx_word' id='word_1_572' title='bbox 2587 3158 2862 3217; x_wconf 87' lang='lat' dir='ltr'>absolute</span> <span class='ocrx_word' id='word_1_573' title='bbox 2897 3157 3326 3229; x_wconf 88' lang='lat' dir='ltr'>necessariam,</span> <span class='ocrx_word' id='word_1_574' title='bbox 3369 3160 3438 3213; x_wconf 90' lang='lat' dir='ltr'>ut</span> 
     </span>
     <span class='ocr_line' id='line_1_84' title="bbox 1886 3248 3438 3334; baseline -0.006 -20"><span class='ocrx_word' id='word_1_575' title='bbox 1886 3254 2104 3334; x_wconf 89' lang='lat' dir='ltr'>probat</span> <span class='ocrx_word' id='word_1_576' title='bbox 2132 3258 2566 3330; x_wconf 82' lang='lat' dir='ltr'>argumentum</span> <span class='ocrx_word' id='word_1_577' title='bbox 2590 3269 2604 3310; x_wconf 89' lang='lat'>:</span> <span class='ocrx_word' id='word_1_578' title='bbox 2636 3258 2846 3310; x_wconf 87' lang='lat' dir='ltr'>tamen</span> <span class='ocrx_word' id='word_1_579' title='bbox 2876 3250 2989 3309; x_wconf 90' lang='lat' dir='ltr'>sub</span> <span class='ocrx_word' id='word_1_580' title='bbox 3019 3251 3256 3309; x_wconf 89' lang='lat' dir='ltr'>ratione</span> <span class='ocrx_word' id='word_1_581' title='bbox 3283 3248 3438 3324; x_wconf 78' lang='lat' dir='ltr'>legis</span> 
     </span>
     <span class='ocr_line' id='line_1_85' title="bbox 1886 3341 3438 3418; baseline -0.005 -12"><span class='ocrx_word' id='word_1_582' title='bbox 1886 3366 2011 3406; x_wconf 91' lang='lat' dir='ltr'>non</span> <span class='ocrx_word' id='word_1_583' title='bbox 2054 3346 2279 3405; x_wconf 88' lang='lat' dir='ltr'>habere</span> <span class='ocrx_word' id='word_1_584' title='bbox 2308 3345 2650 3403; x_wconf 89' lang='lat' dir='ltr'>absolutam</span> <span class='ocrx_word' id='word_1_585' title='bbox 2679 3344 3123 3415; x_wconf 88' lang='lat' dir='ltr'>necessitatem,</span> <span class='ocrx_word' id='word_1_586' title='bbox 3173 3341 3319 3418; x_wconf 88' lang='lat' dir='ltr'>quia</span> <span class='ocrx_word' id='word_1_587' title='bbox 3344 3341 3438 3398; x_wconf 90' lang='lat' dir='ltr'>in-</span> 
     </span>
     <span class='ocr_line' id='line_1_86' title="bbox 1887 3433 3434 3516; baseline -0.006 -16"><span class='ocrx_word' id='word_1_588' title='bbox 1887 3440 2077 3501; x_wconf 85' lang='lat' dir='ltr'>cludit</span> <span class='ocrx_word' id='word_1_589' title='bbox 2103 3443 2446 3516; x_wconf 87' lang='lat' dir='ltr'>respectum</span> <span class='ocrx_word' id='word_1_590' title='bbox 2482 3435 2768 3510; x_wconf 89' lang='lat' dir='ltr'>liberum,</span> <span class='ocrx_word' id='word_1_591' title='bbox 2801 3441 2868 3494; x_wconf 92' lang='lat' dir='ltr'>ut</span> <span class='ocrx_word' id='word_1_592' title='bbox 2901 3434 3064 3493; x_wconf 85' lang='lat' dir='ltr'>infra</span> <span class='ocrx_word' id='word_1_593' title='bbox 3096 3433 3434 3492; x_wconf 86' lang='lat' dir='ltr'>ostendam.</span> 
     </span>
     <span class='ocr_line' id='line_1_87' title="bbox 1968 3527 3441 3606; baseline -0.007 -14"><span class='ocrx_word' id='word_1_594' title='bbox 1968 3535 2027 3592; x_wconf 88' lang='lat'>3.</span> <span class='ocrx_word' id='word_1_595' title='bbox 2070 3531 2195 3592; x_wconf 74' lang='lat' dir='ltr'>Lex</span> <span class='ocrx_word' id='word_1_596' title='bbox 2216 3530 2525 3606; x_wconf 78' lang='lat' dir='ltr'>supposita</span> <span class='ocrx_word' id='word_1_597' title='bbox 2549 3530 2839 3589; x_wconf 77' lang='lat' dir='ltr'>creatione</span> <span class='ocrx_word' id='word_1_598' title='bbox 2862 3533 3150 3588; x_wconf 68' lang='lat' dir='ltr'>ereatura!²</span> <span class='ocrx_word' id='word_1_599' title='bbox 3172 3527 3441 3584; x_wconf 76' lang='lat' dir='ltr'>rationa-</span> 
     </span>
     <span class='ocr_line' id='line_1_88' title="bbox 1888 3619 3441 3700; baseline -0.006 -16"><span class='ocrx_word' id='word_1_600' title='bbox 1888 3625 1969 3686; x_wconf 76' lang='lat' dir='ltr'>lis</span> <span class='ocrx_word' id='word_1_601' title='bbox 2000 3625 2127 3700; x_wconf 77' lang='lat' dir='ltr'>fait</span> <span class='ocrx_word' id='word_1_602' title='bbox 2153 3623 2350 3695; x_wconf 81' lang='lat' dir='ltr'>utilis,</span> <span class='ocrx_word' id='word_1_603' title='bbox 2381 3626 2435 3681; x_wconf 84' lang='lat' dir='ltr'>et</span> <span class='ocrx_word' id='word_1_604' title='bbox 2458 3621 2718 3680; x_wconf 78' lang='lat' dir='ltr'>absolute</span> <span class='ocrx_word' id='word_1_605' title='bbox 2750 3621 3082 3680; x_wconf 79' lang='lat' dir='ltr'>necessaria</span> <span class='ocrx_word' id='word_1_606' title='bbox 3101 3619 3441 3679; x_wconf 77' lang='lat' dir='ltr'>necessitate</span> 
     </span>
     <span class='ocr_line' id='line_1_89' title="bbox 1885 3711 3439 3793; baseline -0.006 -17"><span class='ocrx_word' id='word_1_607' title='bbox 1885 3718 2055 3793; x_wconf 72' lang='lat' dir='ltr'>finis.</span> <span class='ocrx_word' id='word_1_608' title='bbox 2106 3749 2186 3758; x_wconf 90' lang='lat'>—</span> <span class='ocrx_word' id='word_1_609' title='bbox 2223 3715 2368 3772; x_wconf 89' lang='lat' dir='ltr'>Dico</span> <span class='ocrx_word' id='word_1_610' title='bbox 2422 3713 2715 3771; x_wconf 87' lang='lat' dir='ltr'>secundo:</span> <span class='ocrx_word' id='word_1_611' title='bbox 2766 3712 3088 3790; x_wconf 87' lang='lat' dir='ltr'>Supposita</span> <span class='ocrx_word' id='word_1_612' title='bbox 3133 3711 3439 3770; x_wconf 84' lang='lat' dir='ltr'>creatione</span> 
     </span>
     <span class='ocr_line' id='line_1_90' title="bbox 1886 3801 3443 3878; baseline -0.006 -10"><span class='ocrx_word' id='word_1_613' title='bbox 1886 3807 2278 3868; x_wconf 88' lang='lat' dir='ltr'>rationalium</span> <span class='ocrx_word' id='word_1_614' title='bbox 2319 3810 2760 3878; x_wconf 87' lang='lat' dir='ltr'>creaturarum,</span> <span class='ocrx_word' id='word_1_615' title='bbox 2803 3803 2903 3864; x_wconf 88' lang='lat' dir='ltr'>lex</span> <span class='ocrx_word' id='word_1_616' title='bbox 2941 3803 3060 3861; x_wconf 87' lang='lat' dir='ltr'>fuit</span> <span class='ocrx_word' id='word_1_617' title='bbox 3104 3801 3443 3862; x_wconf 84' lang='lat' dir='ltr'>necessaria</span> 
     </span>
     <span class='ocr_line' id='line_1_91' title="bbox 1887 3896 3444 3974; baseline -0.006 -12"><span class='ocrx_word' id='word_1_618' title='bbox 1887 3902 2241 3961; x_wconf 85' lang='lat' dir='ltr'>necessitate</span> <span class='ocrx_word' id='word_1_619' title='bbox 2270 3897 2433 3971; x_wconf 83' lang='lat' dir='ltr'>finis,</span> <span class='ocrx_word' id='word_1_620' title='bbox 2460 3903 2586 3956; x_wconf 90' lang='lat' dir='ltr'>tam</span> <span class='ocrx_word' id='word_1_621' title='bbox 2615 3897 2973 3974; x_wconf 83' lang='lat' dir='ltr'>simpliciter</span> <span class='ocrx_word' id='word_1_622' title='bbox 2999 3914 3185 3974; x_wconf 90' lang='lat' dir='ltr'>quam</span> <span class='ocrx_word' id='word_1_623' title='bbox 3216 3896 3292 3955; x_wconf 81' lang='lat' dir='ltr'>ad</span> <span class='ocrx_word' id='word_1_624' title='bbox 3317 3913 3444 3953; x_wconf 88' lang='lat' dir='ltr'>me-</span> 
     </span>
     <span class='ocr_line' id='line_1_92' title="bbox 1886 3989 3443 4067; baseline -0.006 -14"><span class='ocrx_word' id='word_1_625' title='bbox 1886 3994 2004 4053; x_wconf 90' lang='lat' dir='ltr'>lius</span> <span class='ocrx_word' id='word_1_626' title='bbox 2033 4011 2185 4052; x_wconf 89' lang='lat' dir='ltr'>esse.</span> <span class='ocrx_word' id='word_1_627' title='bbox 2221 3993 2362 4050; x_wconf 83' lang='lat' dir='ltr'>Haec</span> <span class='ocrx_word' id='word_1_628' title='bbox 2389 3991 2612 4049; x_wconf 81' lang='lat' dir='ltr'>veritas</span> <span class='ocrx_word' id='word_1_629' title='bbox 2635 3996 2723 4048; x_wconf 87' lang='lat' dir='ltr'>est</span> <span class='ocrx_word' id='word_1_630' title='bbox 2746 3997 3041 4067; x_wconf 87' lang='lat' dir='ltr'>tanquam</span> <span class='ocrx_word' id='word_1_631' title='bbox 3071 3989 3443 4066; x_wconf 82' lang='lat' dir='ltr'>principium</span> 
     </span>
     <span class='ocr_line' id='line_1_93' title="bbox 1887 4078 3445 4163; baseline -0.004 -19"><span class='ocrx_word' id='word_1_632' title='bbox 1887 4104 1998 4163; x_wconf 88' lang='lat' dir='ltr'>per</span> <span class='ocrx_word' id='word_1_633' title='bbox 2033 4103 2096 4144; x_wconf 90' lang='lat' dir='ltr'>se</span> <span class='ocrx_word' id='word_1_634' title='bbox 2123 4090 2341 4142; x_wconf 91' lang='lat' dir='ltr'>notum</span> <span class='ocrx_word' id='word_1_635' title='bbox 2383 4082 2450 4141; x_wconf 88' lang='lat' dir='ltr'>in</span> <span class='ocrx_word' id='word_1_636' title='bbox 2478 4080 2594 4139; x_wconf 90' lang='lat' dir='ltr'>hac</span> <span class='ocrx_word' id='word_1_637' title='bbox 2640 4082 2921 4153; x_wconf 90' lang='lat' dir='ltr'>materia,</span> <span class='ocrx_word' id='word_1_638' title='bbox 2957 4086 3019 4138; x_wconf 88' lang='lat' dir='ltr'>et</span> <span class='ocrx_word' id='word_1_639' title='bbox 3049 4080 3248 4156; x_wconf 89' lang='lat' dir='ltr'>quoad</span> <span class='ocrx_word' id='word_1_640' title='bbox 3283 4078 3445 4155; x_wconf 87' lang='lat' dir='ltr'>prio·</span> 
     </span>
     <span class='ocr_line' id='line_1_94' title="bbox 1887 4170 3449 4251; baseline -0.005 -16"><span class='ocrx_word' id='word_1_641' title='bbox 1887 4194 2020 4235; x_wconf 87' lang='lat' dir='ltr'>rem</span> <span class='ocrx_word' id='word_1_642' title='bbox 2046 4182 2280 4251; x_wconf 90' lang='lat' dir='ltr'>partem</span> <span class='ocrx_word' id='word_1_643' title='bbox 2300 4173 2374 4230; x_wconf 88' lang='lat' dir='ltr'>de</span> <span class='ocrx_word' id='word_1_644' title='bbox 2401 4171 2753 4228; x_wconf 86' lang='lat' dir='ltr'>necessitate</span> <span class='ocrx_word' id='word_1_645' title='bbox 2778 4170 3137 4246; x_wconf 87' lang='lat' dir='ltr'>simpliciter</span> <span class='ocrx_word' id='word_1_646' title='bbox 3149 4170 3449 4228; x_wconf 87' lang='lat' dir='ltr'>declarari</span> 
     </span>
     <span class='ocr_line' id='line_1_95' title="bbox 1891 4260 3446 4346; baseline -0.005 -21"><span class='ocrx_word' id='word_1_647' title='bbox 1891 4272 2109 4346; x_wconf 89' lang='lat' dir='ltr'>potest,</span> <span class='ocrx_word' id='word_1_648' title='bbox 2128 4264 2269 4342; x_wconf 90' lang='lat' dir='ltr'>quia</span> <span class='ocrx_word' id='word_1_649' title='bbox 2291 4260 2720 4322; x_wconf 81' lang='lat' dir='ltr'>intellectualis</span> <span class='ocrx_word' id='word_1_650' title='bbox 2742 4266 3022 4319; x_wconf 89' lang='lat' dir='ltr'>creatura</span> <span class='ocrx_word' id='word_1_651' title='bbox 3037 4278 3108 4318; x_wconf 87' lang='grc'>60</span> <span class='ocrx_word' id='word_1_652' title='bbox 3127 4261 3257 4336; x_wconf 88' lang='lat' dir='ltr'>ipso</span> <span class='ocrx_word' id='word_1_653' title='bbox 3280 4261 3446 4338; x_wconf 90' lang='lat' dir='ltr'>quod</span> 
     </span>
     <span class='ocr_line' id='line_1_96' title="bbox 1892 4353 3442 4431; baseline -0.005 -12"><span class='ocrx_word' id='word_1_654' title='bbox 1892 4364 2170 4419; x_wconf 87' lang='lat' dir='ltr'>creatura</span> <span class='ocrx_word' id='word_1_655' title='bbox 2206 4361 2319 4430; x_wconf 88' lang='lat' dir='ltr'>est,</span> <span class='ocrx_word' id='word_1_656' title='bbox 2369 4353 2745 4431; x_wconf 86' lang='lat' dir='ltr'>superiorem</span> <span class='ocrx_word' id='word_1_657' title='bbox 2788 4353 2996 4425; x_wconf 88' lang='lat' dir='ltr'>habet,</span> <span class='ocrx_word' id='word_1_658' title='bbox 3041 4353 3215 4430; x_wconf 88' lang='lat' dir='ltr'>cujus</span> <span class='ocrx_word' id='word_1_659' title='bbox 3242 4354 3442 4431; x_wconf 90' lang='lat' dir='ltr'>provi-</span> 
     </span>
     <span class='ocr_line' id='line_1_97' title="bbox 1891 4447 3449 4524; baseline -0.004 -12"><span class='ocrx_word' id='word_1_660' title='bbox 1891 4453 2113 4512; x_wconf 80' lang='lat' dir='ltr'>dentiae</span> <span class='ocrx_word' id='word_1_661' title='bbox 2139 4457 2201 4510; x_wconf 90' lang='lat' dir='ltr'>et</span> <span class='ocrx_word' id='word_1_662' title='bbox 2222 4448 2424 4508; x_wconf 90' lang='lat' dir='ltr'>ordini</span> <span class='ocrx_word' id='word_1_663' title='bbox 2450 4447 2781 4523; x_wconf 85' lang='lat' dir='ltr'>subjaceat,</span> <span class='ocrx_word' id='word_1_664' title='bbox 2815 4453 2876 4507; x_wconf 90' lang='lat' dir='ltr'>et</span> <span class='ocrx_word' id='word_1_665' title='bbox 2900 4447 3045 4524; x_wconf 91' lang='lat' dir='ltr'>quia</span> <span class='ocrx_word' id='word_1_666' title='bbox 3068 4448 3449 4507; x_wconf 87' lang='lat' dir='ltr'>intellectua-</span> 
     </span>
     <span class='ocr_line' id='line_1_98' title="bbox 1891 4540 3447 4620; baseline -0.003 -15"><span class='ocrx_word' id='word_1_667' title='bbox 1891 4545 1968 4605; x_wconf 91' lang='lat' dir='ltr'>lis</span> <span class='ocrx_word' id='word_1_668' title='bbox 1996 4551 2109 4618; x_wconf 89' lang='lat' dir='ltr'>est,</span> <span class='ocrx_word' id='word_1_669' title='bbox 2141 4561 2332 4620; x_wconf 84' lang='lat' dir='ltr'>capax</span> <span class='ocrx_word' id='word_1_670' title='bbox 2375 4548 2464 4601; x_wconf 89' lang='lat' dir='ltr'>est</span> <span class='ocrx_word' id='word_1_671' title='bbox 2505 4540 2967 4618; x_wconf 82' lang='lat' dir='ltr'>gubernationis</span> <span class='ocrx_word' id='word_1_672' title='bbox 2996 4540 3265 4614; x_wconf 90' lang='lat' dir='ltr'>moralis,</span> <span class='ocrx_word' id='word_1_673' title='bbox 3310 4560 3447 4618; x_wconf 83' lang='lat' dir='ltr'>quae</span> 
     </span>
     <span class='ocr_line' id='line_1_99' title="bbox 1892 4633 3448 4715; baseline -0.003 -19"><span class='ocrx_word' id='word_1_674' title='bbox 1892 4636 1963 4696; x_wconf 88' lang='lat' dir='ltr'>fit</span> <span class='ocrx_word' id='word_1_675' title='bbox 1984 4655 2095 4715; x_wconf 91' lang='lat' dir='ltr'>per</span> <span class='ocrx_word' id='word_1_676' title='bbox 2124 4636 2454 4713; x_wconf 82' lang='lat' dir='ltr'>imperium</span> <span class='ocrx_word' id='word_1_677' title='bbox 2479 4650 2494 4691; x_wconf 92' lang='lat'>:</span> <span class='ocrx_word' id='word_1_678' title='bbox 2543 4651 2690 4709; x_wconf 80' lang='lat' dir='ltr'>ergo</span> <span class='ocrx_word' id='word_1_679' title='bbox 2719 4633 3116 4693; x_wconf 89' lang='lat' dir='ltr'>connaturale</span> <span class='ocrx_word' id='word_1_680' title='bbox 3143 4640 3233 4692; x_wconf 86' lang='lat' dir='ltr'>est</span> <span class='ocrx_word' id='word_1_681' title='bbox 3258 4638 3316 4692; x_wconf 89' lang='lat' dir='ltr'>et</span> <span class='ocrx_word' id='word_1_682' title='bbox 3343 4650 3448 4691; x_wconf 86' lang='lat' dir='ltr'>ne·</span> 
     </span>
     <span class='ocr_line' id='line_1_100' title="bbox 1893 4725 3451 4801; baseline -0.003 -13"><span class='ocrx_word' id='word_1_683' title='bbox 1893 4730 2219 4789; x_wconf 87' lang='lat' dir='ltr'>cessarium</span> <span class='ocrx_word' id='word_1_684' title='bbox 2264 4726 2371 4786; x_wconf 89' lang='lat' dir='ltr'>tali</span> <span class='ocrx_word' id='word_1_685' title='bbox 2409 4734 2703 4785; x_wconf 78' lang='lat' dir='ltr'>creaturae</span> <span class='ocrx_word' id='word_1_686' title='bbox 2732 4772 2750 4801; x_wconf 93' lang='lat'>,</span> <span class='ocrx_word' id='word_1_687' title='bbox 2810 4735 2877 4785; x_wconf 90' lang='lat' dir='ltr'>ut</span> <span class='ocrx_word' id='word_1_688' title='bbox 2926 4727 3224 4785; x_wconf 82' lang='lat' dir='ltr'>subdatur</span> <span class='ocrx_word' id='word_1_689' title='bbox 3268 4725 3451 4784; x_wconf 89' lang='lat' dir='ltr'>alicui</span> 
     </span>
     <span class='ocr_line' id='line_1_101' title="bbox 1894 4818 3454 4899; baseline -0.003 -19"><span class='ocrx_word' id='word_1_690' title='bbox 1894 4822 2213 4899; x_wconf 88' lang='lat' dir='ltr'>superiori,</span> <span class='ocrx_word' id='word_1_691' title='bbox 2244 4839 2281 4880; x_wconf 90' lang='lat' dir='ltr'>a</span> <span class='ocrx_word' id='word_1_692' title='bbox 2328 4837 2449 4897; x_wconf 90' lang='lat' dir='ltr'>quo</span> <span class='ocrx_word' id='word_1_693' title='bbox 2479 4838 2589 4896; x_wconf 89' lang='lat' dir='ltr'>per</span> <span class='ocrx_word' id='word_1_694' title='bbox 2625 4820 2953 4897; x_wconf 89' lang='lat' dir='ltr'>imperium</span> <span class='ocrx_word' id='word_1_695' title='bbox 2994 4838 3100 4878; x_wconf 86' lang='lat' dir='ltr'>seu</span> <span class='ocrx_word' id='word_1_696' title='bbox 3131 4818 3331 4895; x_wconf 84' lang='lat' dir='ltr'>legem</span> <span class='ocrx_word' id='word_1_697' title='bbox 3358 4835 3454 4876; x_wconf 91' lang='lat' dir='ltr'>re-</span> 
     </span>
     <span class='ocr_line' id='line_1_102' title="bbox 1895 4909 3456 4991; baseline -0.004 -17"><span class='ocrx_word' id='word_1_698' title='bbox 1895 4920 2097 4991; x_wconf 85' lang='lat' dir='ltr'>gatur.</span> <span class='ocrx_word' id='word_1_699' title='bbox 2150 4915 2334 4972; x_wconf 65' lang='lat' dir='ltr'>Iteme</span> <span class='ocrx_word' id='word_1_700' title='bbox 2361 4912 2497 4970; x_wconf 86' lang='lat' dir='ltr'>talis</span> <span class='ocrx_word' id='word_1_701' title='bbox 2546 4918 2823 4970; x_wconf 86' lang='lat' dir='ltr'>creatura</span> <span class='ocrx_word' id='word_1_702' title='bbox 2872 4930 2945 4971; x_wconf 88' lang='lat' dir='ltr'>eo</span> <span class='ocrx_word' id='word_1_703' title='bbox 3008 4912 3139 4989; x_wconf 86' lang='lat' dir='ltr'>ipso</span> <span class='ocrx_word' id='word_1_704' title='bbox 3181 4909 3343 4987; x_wconf 88' lang='lat' dir='ltr'>quod</span> <span class='ocrx_word' id='word_1_705' title='bbox 3380 4927 3456 4969; x_wconf 86' lang='lat' dir='ltr'>ex</span> 
     </span>
     <span class='ocr_line' id='line_1_103' title="bbox 1896 5003 3457 5080; baseline -0.003 -14"><span class='ocrx_word' id='word_1_706' title='bbox 1896 5006 2090 5066; x_wconf 91' lang='lat' dir='ltr'>nihilo</span> <span class='ocrx_word' id='word_1_707' title='bbox 2118 5005 2279 5064; x_wconf 87' lang='lat' dir='ltr'>facta</span> <span class='ocrx_word' id='word_1_708' title='bbox 2308 5011 2419 5072; x_wconf 84' lang='lat' dir='ltr'>est,</span> <span class='ocrx_word' id='word_1_709' title='bbox 2457 5003 2618 5062; x_wconf 91' lang='lat' dir='ltr'>ssecti</span> <span class='ocrx_word' id='word_1_710' title='bbox 2643 5008 2842 5080; x_wconf 89' lang='lat' dir='ltr'>potest</span> <span class='ocrx_word' id='word_1_711' title='bbox 2873 5003 2951 5060; x_wconf 93' lang='lat' dir='ltr'>ad</span> <span class='ocrx_word' id='word_1_712' title='bbox 2975 5003 3207 5061; x_wconf 88' lang='lat' dir='ltr'>bonum</span> <span class='ocrx_word' id='word_1_713' title='bbox 3237 5008 3297 5061; x_wconf 91' lang='lat' dir='ltr'>et</span> <span class='ocrx_word' id='word_1_714' title='bbox 3327 5021 3457 5061; x_wconf 91' lang='lat' dir='ltr'>ma-</span> 
     </span>
     <span class='ocr_line' id='line_1_104' title="bbox 1895 5098 3460 5166; baseline -0.001 -8"><span class='ocrx_word' id='word_1_715' title='bbox 1895 5099 2049 5166; x_wconf 90' lang='lat' dir='ltr'>lum,</span> <span class='ocrx_word' id='word_1_716' title='bbox 2100 5105 2169 5157; x_wconf 91' lang='lat' dir='ltr'>ut</span> <span class='ocrx_word' id='word_1_717' title='bbox 2204 5115 2280 5157; x_wconf 85' lang='lat' dir='ltr'>ex</span> <span class='ocrx_word' id='word_1_718' title='bbox 2321 5099 2635 5156; x_wconf 89' lang='lat' dir='ltr'>communi</span> <span class='ocrx_word' id='word_1_719' title='bbox 2667 5100 2914 5157; x_wconf 88' lang='lat' dir='ltr'>Patrum</span> <span class='ocrx_word' id='word_1_720' title='bbox 2954 5098 3259 5156; x_wconf 89' lang='lat' dir='ltr'>sententia</span> <span class='ocrx_word' id='word_1_721' title='bbox 3295 5117 3460 5157; x_wconf 89' lang='lat' dir='ltr'>nunc</span> 
     </span>
     <span class='ocr_line' id='line_1_105' title="bbox 1901 5191 3462 5270; baseline -0.002 -18"><span class='ocrx_word' id='word_1_722' title='bbox 1901 5209 2178 5269; x_wconf 90' lang='lat' dir='ltr'>suppono</span> <span class='ocrx_word' id='word_1_723' title='bbox 2205 5208 2221 5250; x_wconf 76' lang='lat' dir='ltr'>t</span> <span class='ocrx_word' id='word_1_724' title='bbox 2252 5209 2399 5267; x_wconf 84' lang='lat' dir='ltr'>ergo</span> <span class='ocrx_word' id='word_1_725' title='bbox 2429 5208 2552 5248; x_wconf 92' lang='lat' dir='ltr'>non</span> <span class='ocrx_word' id='word_1_726' title='bbox 2581 5191 2778 5249; x_wconf 89' lang='lat' dir='ltr'>solum</span> <span class='ocrx_word' id='word_1_727' title='bbox 2815 5209 2876 5250; x_wconf 88' lang='lat' dir='ltr'>es</span> <span class='ocrx_word' id='word_1_728' title='bbox 2909 5210 3102 5269; x_wconf 86' lang='lat' dir='ltr'>capax</span> <span class='ocrx_word' id='word_1_729' title='bbox 3129 5192 3306 5269; x_wconf 65' lang='lat' dir='ltr'>legiS,</span> <span class='ocrx_word' id='word_1_730' title='bbox 3339 5210 3462 5270; x_wconf 91' lang='lat' dir='ltr'>qua</span> 
     </span>
     <span class='ocr_line' id='line_1_106' title="bbox 1902 5282 3461 5356; baseline -0.001 -14"><span class='ocrx_word' id='word_1_731' title='bbox 1902 5283 2206 5356; x_wconf 80' lang='lat' dir='ltr'>dirigatur</span> <span class='ocrx_word' id='word_1_732' title='bbox 2236 5282 2314 5340; x_wconf 94' lang='lat' dir='ltr'>ad</span> <span class='ocrx_word' id='word_1_733' title='bbox 2353 5282 2608 5355; x_wconf 91' lang='lat' dir='ltr'>bonum,</span> <span class='ocrx_word' id='word_1_734' title='bbox 2659 5289 2720 5342; x_wconf 90' lang='lat' dir='ltr'>et</span> <span class='ocrx_word' id='word_1_735' title='bbox 2755 5289 3039 5343; x_wconf 86' lang='lat' dir='ltr'>arceatur</span> <span class='ocrx_word' id='word_1_736' title='bbox 3074 5303 3110 5343; x_wconf 89' lang='lat' dir='ltr'>a</span> <span class='ocrx_word' id='word_1_737' title='bbox 3144 5285 3328 5356; x_wconf 93' lang='lat' dir='ltr'>malo,</span> <span class='ocrx_word' id='word_1_738' title='bbox 3356 5282 3461 5341; x_wconf 88' lang='lat' dir='ltr'>sed</span> 
     </span>
     <span class='ocr_line' id='line_1_107' title="bbox 1904 5373 3465 5454; baseline -0.002 -19"><span class='ocrx_word' id='word_1_739' title='bbox 1904 5376 2092 5435; x_wconf 89' lang='lat' dir='ltr'>etiam</span> <span class='ocrx_word' id='word_1_740' title='bbox 2120 5373 2326 5450; x_wconf 89' lang='lat' dir='ltr'>aliqua</span> <span class='ocrx_word' id='word_1_741' title='bbox 2369 5374 2510 5433; x_wconf 89' lang='lat' dir='ltr'>talis</span> <span class='ocrx_word' id='word_1_742' title='bbox 2544 5374 2645 5433; x_wconf 87' lang='lat' dir='ltr'>lex</span> <span class='ocrx_word' id='word_1_743' title='bbox 2689 5381 2781 5435; x_wconf 89' lang='lat' dir='ltr'>est</span> <span class='ocrx_word' id='word_1_744' title='bbox 2815 5376 2907 5434; x_wconf 91' lang='lat' dir='ltr'>illi</span> <span class='ocrx_word' id='word_1_745' title='bbox 2958 5377 3313 5454; x_wconf 89' lang='lat' dir='ltr'>simpliciter</span> <span class='ocrx_word' id='word_1_746' title='bbox 3358 5391 3465 5433; x_wconf 89' lang='lat' dir='ltr'>ne-</span> 
     </span>
     <span class='ocr_line' id='line_1_108' title="bbox 1906 5466 3467 5538; baseline -0.001 -13"><span class='ocrx_word' id='word_1_747' title='bbox 1906 5466 2184 5538; x_wconf 86' lang='lat' dir='ltr'>cessaria,</span> <span class='ocrx_word' id='word_1_748' title='bbox 2234 5472 2302 5523; x_wconf 89' lang='lat' dir='ltr'>ut</span> <span class='ocrx_word' id='word_1_749' title='bbox 2340 5467 2774 5527; x_wconf 85' lang='lat' dir='ltr'>convenienter</span> <span class='ocrx_word' id='word_1_750' title='bbox 2814 5485 2938 5527; x_wconf 84' lang='lat' dir='ltr'>suae</span> <span class='ocrx_word' id='word_1_751' title='bbox 2979 5474 3216 5526; x_wconf 82' lang='lat' dir='ltr'>naturae</span> <span class='ocrx_word' id='word_1_752' title='bbox 3260 5466 3467 5525; x_wconf 83' lang='lat' dir='ltr'>vivere</span> 
     </span>
    </p>
   </div>
  </div>
 </body>
</html>
