3976 6219
493 498 756 562 dubium
783 500 874 557 est
905 493 1268 573 negativum
1284 541 1305 573 ‚
1349 501 1442 558 est
1481 494 1671 557 etiam
1709 491 2064 572 ignorantia

494 588 748 671 aequalis
779 586 1040 665 justitiae
1082 590 1144 647 et
1187 587 1534 666 injustitiae,
1570 590 1633 646 et
1659 583 2063 645 nihilominus

494 682 773 746 subditus
797 679 1038 758 cogitur
1063 678 1341 757 obedire,
1370 685 1443 740 ut
1468 684 1781 740 ostensum
1809 683 1933 739 est:
1967 696 2063 738 er-

494 795 574 857 go
593 794 631 837 a
651 772 892 834 fortiori
910 770 1158 852 quando
1182 777 1274 832 est
1291 772 1596 852 J‘udicium
1613 769 2064 851 speculativum

495 867 728 948 aequale
754 882 866 946 pro
895 869 1158 943 utraque
1186 870 1383 944 parte,
1407 863 1590 925 debet
1615 862 1882 944 practice
1909 880 2065 942 prae-

497 959 689 1023 ferri
664 976 768 1038 Jus
797 956 1166 1037 superioris·
1193 962 1286 1018 est
1313 957 1481 1018 enim
1513 954 1729 1018 eadem
1750 954 1934 1031 ratio,
1966 952 2068 1015 vel

500 1053 724 1132 major,
754 1051 900 1131 quia
934 1051 1003 1110 in
1030 1051 1319 1131 praesenti
1345 1056 1511 1112 certo
1537 1053 1772 1110 constat
1798 1047 2067 1127 practice

498 1147 576 1213 de
597 1144 866 1225 justitia
878 1143 1068 1222 legis·
1048 1187 1070 1222 ,
1115 1143 1203 1204 ibi
1237 1150 1449 1206 autem
1500 1148 1795 1204 neutrum
1832 1146 2073 1205 constat

498 1238 768 1320 practice
827 1235 928 1296 vel
979 1236 1389 1315 speculative,
1436 1236 1542 1298 sed
1588 1234 2069 1314 praesumptione

497 1336 742 1392 tantum
760 1328 989 1407 agitur.
1009 1327 1423 1390 Confirmatur
1440 1327 1732 1403 secundo,
1753 1327 1900 1406 quia
1913 1326 2064 1387 alias

497 1425 566 1484 in
597 1423 887 1484 omnibus
926 1421 1167 1500 legibus
1208 1423 1376 1484 idem
1414 1427 1569 1484 esset
1611 1420 1967 1496 dicendum,
2001 1425 2063 1481 et

498 1518 587 1578 ita
611 1515 1119 1595 quotiescumque
1160 1515 1443 1576 subditus
1469 1512 1871 1595 probabiliter
1894 1512 2063 1591 judi-

497 1614 667 1671 caret
691 1606 1022 1668 Praelatum
1045 1607 1272 1687 injuste
1298 1608 1654 1688 praecipere,
1680 1605 1922 1667 etiamsi
1946 1604 2065 1665 sibi

500 1705 806 1762 constaret
850 1698 1179 1760 Proelatum
1227 1700 1372 1761 duci
1391 1699 1630 1778 judicio
1670 1696 1976 1778 probabili
2004 1700 2067 1758 et

500 1793 863 1868 sufficiente,
905 1797 1107 1871 posset
1138 1791 1231 1852 illi
1258 1810 1387 1854 non
1419 1790 1691 1867 obedire,
1740 1808 1878 1870 quae
1906 1795 2064 1851 esset

498 1885 698 1946 nimia
748 1883 999 1945 licentia
1016 1928 1038 1959 ,
1101 1889 1164 1944 ct
1208 1884 1474 1945 multam
1534 1882 1959 1944 confusionem
2004 1888 2067 1943 et

502 1978 794 2041 scandala
823 1982 1088 2057 pareret.
1115 1978 1392 2039 Tandem
1421 1977 1574 2038 illud
1587 1975 1961 2057 principium
1988 1975 2067 2038 de

505 2090 624 2132 usu
652 2070 959 2150 opinionis
1002 2069 1340 2149 probabilis
1373 2070 1478 2130 hic
1505 2088 1633 2130 non
1675 2076 1840 2129 recte
1870 2068 2068 2150 appli-

501 2168 698 2239 catur,
732 2162 880 2241 quia
905 2178 1032 2220 non
1063 2179 1307 2240 semper
1332 2161 1543 2242 opinio
1569 2160 1905 2241 probabilis
1933 2178 2068 2240 spe-

503 2255 764 2317 culativa
790 2253 867 2313 de
884 2253 1180 2332 qualitate
1207 2253 1503 2327 materias,
1530 2252 1629 2314 vel
1648 2253 1725 2314 de
1745 2253 1941 2313 causis
1957 2258 2068 2313 aut

504 2344 821 2407 effectibus
852 2345 1005 2423 ejus,
1036 2345 1258 2406 sufficit
1300 2346 1379 2407 ad
1409 2345 1655 2407 licitum
1704 2362 1890 2406 usum
1935 2345 2069 2423 ejus

501 2439 571 2498 in
598 2438 798 2517 praxi,
834 2438 1084 2517 quando
1108 2438 1174 2497 in
1195 2438 1428 2499 caeteris
1456 2456 1584 2498 non
1608 2443 1700 2499 est
1724 2436 2066 2516 aequalitas,

502 2535 575 2590 ut
602 2528 852 2609 quando
884 2529 953 2588 in
980 2547 1047 2590 re
1074 2530 1207 2609 ipsa
1225 2548 1468 2609 semper
1494 2530 1701 2593 subest
1718 2529 2070 2609 periculum

502 2622 669 2702 quod
717 2621 1143 2701 imprudenter
1178 2622 1529 2702 suscipitm,
1567 2622 1667 2683 vel
1710 2621 1957 2702 quando
1988 2620 2070 2681 sit

504 2719 719 2775 contra
748 2712 832 2774 ali
920 2713 1000 2773 od
1028 2715 1231 2792 majus
1253 2715 1381 2792 jus.
1409 2716 1488 2775 Ut
1518 2713 1664 2775 licet
1686 2714 1824 2792 quis
1842 2713 2070 2793 proba-

503 2805 712 2867 biliter
748 2732 1038 2884 opffietur
1075 2822 1209 2866 rem
1239 2822 1428 2884 quam
1458 2804 1613 2866 alius
1638 2805 1910 2885 possidet
1939 2823 2069 2867 esse

504 2896 710 2975 suam,
736 2917 862 2959 non
898 2904 1100 2978 potest
1134 2917 1247 2960 sua
1289 2900 1651 2959 auctoritate
1680 2898 1853 2959 illam
1881 2900 2069 2961 surri-

501 3009 672 3072 pere,
715 2991 964 3070 quando
1008 2991 1287 3052 conscius
1327 2990 1519 3052 etiam
1574 2996 1665 3052 est
1706 2990 1887 3052 alteri
1938 3010 2068 3052 non

501 3084 712 3146 deesse
736 3084 1042 3145 rationem
1063 3082 1448 3164 probabilem
1470 3083 1550 3145 ad
1570 3082 1964 3145 retinendam
1993 3083 2069 3145 il-

500 3179 651 3254 lam,
693 3179 839 3258 quia
884 3182 1035 3238 tunc
1066 3195 1192 3238 non
1220 3183 1421 3257 potest
1469 3178 1779 3258 applicare
1807 3178 1887 3239 ad
1914 3197 2069 3260 opus

500 3271 672 3351 prius
714 3269 870 3330 illud
898 3270 1207 3348 judicium
1251 3269 1590 3349 probabile,
1634 3291 1779 3333 cum
1808 3271 1961 3333 sciat
2000 3273 2067 3332 in

502 3363 690 3424 shnili
716 3369 944 3426 eventu
969 3363 1292 3424 meliorem
1318 3381 1449 3424 esse
1478 3364 1897 3427 conditionem
1931 3384 2070 3445 pos-

501 3456 756 3519 sidentis
786 3473 803 3517 2
833 3457 924 3517 ita
952 3473 1101 3535 ergo
1148 3461 1241 3518 est
1269 3457 1336 3517 in
1367 3460 1681 3538 praesenti,
1717 3460 1864 3539 quia
1890 3477 2070 3540 supe·

503 3549 632 3610 rior
658 3554 751 3610 est
794 3548 898 3610 hic
942 3548 1359 3628 praeferendus
1398 3555 1699 3630 tanquam
1754 3551 2070 3630 possidens

503 3640 909 3722 principalius
909 3642 1058 3720 jus,
1081 3646 1153 3701 ut
1175 3641 1644 3704 declaravimus.
1665 3644 1743 3705 Ut
1764 3661 1911 3722 ergo
1925 3661 2070 3704 con·

503 3733 697 3794 traria
740 3733 1047 3794 sententia
1086 3733 1154 3793 in
1195 3733 1374 3812 praxi
1425 3734 1506 3795 sit
1545 3752 1781 3811 secura,
1824 3735 2073 3797 videtur

507 3824 934 3902 intelligenda,
961 3824 1212 3905 quando
1240 3825 1511 3889 rationes
1534 3832 1748 3888 contra
1764 3827 2075 3933 justitiam

505 3914 728 3977 tributi
775 3922 921 3978 sunt
964 3917 1144 3978 valde
1172 3923 1484 3996 urgentes,
1534 3924 1597 3981 et
1643 3921 1984 3999 praesertim
2021 3920 2074 3982 si

499 4008 803 4116 juvantur
838 4008 1082 4089 publico
1130 4027 1405 4087 rumore,
1443 4016 1506 4072 et
1529 4011 1699 4073 fama
1728 4011 1830 4074 vel
1870 4012 2076 4092 suspi-

425 4171 438 4178 fl
473 4123 486 4130 ·
507 4104 682 4165 cione
730 4102 921 4164 etiam
955 4102 1233 4163 virorum
1260 4103 1657 4183 sapientium,
1689 4104 1790 4165 vel
1827 4105 2076 4211 quando

507 4196 646 4257 aliae
672 4196 1148 4257 circumstantiae
1193 4202 1601 4275 concurrunt,
1629 4197 1707 4260 dc
1757 4197 2025 4280 quibus
2007 4216 2075 4261 m

509 4287 793 4369 sequenti
812 4287 1202 4368 conclusione
1228 4287 1452 4352 dicam.

510 4480 793 4545 Possitne
838 4480 1165 4564 aliquando
1226 4500 1344 4637 ἐἴ
1393 4481 1547 4547 solvi
1601 4482 1896 4547 tributwm
1943 4429 2077 4548 'nisi

1153 4591 1232 4655 pe
1323 4591 1426 4637 m·-

595 4757 694 4820 21.
741 4757 887 4818 Dico
917 4761 1137 4836 quarto
1170 4772 1187 4818 ε
1218 4755 1610 4835 regulariter,
1647 4775 1721 4819 ac
1750 4776 1862 4839 per
1891 4777 1956 4821 se
1986 4759 2077 4820 lo-

512 4850 782 4933 quendo,
798 4850 1037 4929 quoties
1052 4847 1154 4909 lex
1172 4848 1389 4914 tributi
1416 4849 1652 4930 obligat
1673 4851 1739 4912 in
1761 4853 2077 4914 conscien-

511 4947 622 5021 tia,
669 4942 859 5005 etiam
903 4941 1137 5021 obligat
1179 4941 1258 5003 ad
1289 4941 1456 5010 illius
1505 4943 1876 5006 solutionem
1905 4951 2078 5008 ante-

513 5055 704 5119 quam
746 5040 994 5116 petatur
1027 5050 1045 5095 ε
1085 5040 1146 5097 et
1194 5053 1229 5096 e
1276 5052 1595 5112 converso,
1639 5037 1910 5116 quando,
1947 5056 2076 5099 non

514 5131 797 5194 obstante
841 5128 1001 5208 lege,
1054 5129 1217 5208 juste
1254 5136 1582 5192 excusatur
1620 5130 1902 5192 subditus
1947 5151 2077 5194 non

513 5223 804 5286 solvendo
830 5222 1136 5283 tributum
1155 5223 1357 5285 sinon
1379 5230 1647 5304 petatur,
1663 5229 1862 5304 potest
1887 5225 2078 5287 etiam

515 5336 582 5379 se
613 5315 919 5377 occultare
949 5333 1029 5376 ne
1055 5321 1326 5395 petatur,
1354 5316 1456 5379 vel
1485 5336 1614 5378 non
1643 5316 1825 5378 fateri
1850 5319 2076 5379 verita-

514 5416 667 5486 tem,
712 5407 764 5468 si
818 5407 1048 5486 absque
1093 5409 1415 5472 mendacio
1462 5409 1705 5488 valeat,
1749 5410 1903 5487 imo,
1929 5410 2077 5471 licet

517 5500 878 5576 mentiatur,
905 5497 1006 5559 vel
1031 5501 1290 5579 pejeret,
1340 5508 1448 5564 aut
1476 5502 1740 5580 resistat,
1765 5520 1894 5564 nou
1931 5507 2078 5583 aget

1402 393 1518 447 Lm.
1556 392 1615 445 V.
1650 392 1732 445 DE
1763 388 2122 444 mmmmm
2153 388 2366 444 metm
2395 388 2806 445 summm.

2141 496 2358 555 contra
2372 492 2676 573 ‚iustitiam
2712 487 3077 568 denegando
3098 486 3428 564 tributum,
3460 486 3701 550 etiamsi

2142 585 2293 646 alias
2328 591 2556 665 peccet.
2589 585 2660 645 In
2686 582 2893 663 aliquo
2919 599 3066 644 vero
3099 599 3244 642 casu
3271 581 3549 642 accidere
3594 600 3702 660 po-

2140 683 2260 739 test
2280 685 2350 739 ut
2371 678 2495 754 lex,
2511 677 2656 738 licet
2668 674 3028 755 simpliciter
3048 674 3309 754 imperet
3331 673 3702 735 solutionem

2140 771 2384 848 tributi,
2416 790 2544 832 non
2569 769 2802 848 obliget
2826 768 3023 830 donec
3049 773 3317 849 petatur,
3335 773 3396 827 et
3419 773 3576 828 tunc
3607 785 3703 828 re-

2141 881 2291 925 vera
2312 863 2547 943 obligat
2571 864 2640 923 in
2672 862 3045 924 conscientia
3076 860 3156 922 ad
3187 860 3548 921 solvendum
3571 859 3705 921 sine

2143 957 2510 1033 resistentia,
2532 956 2634 1018 vel
2654 957 2841 1018 etiam
2856 957 2937 1016 ad
2952 955 3280 1016 veritatem
3299 953 3702 1034 prodendam,

2148 1049 2201 1110 si
2222 1048 2300 1111 de
2321 1050 2431 1110 illa
2449 1049 2589 1129 quis
2615 1049 3033 1128 interrogetur
3058 1047 3137 1108 ab
3161 1052 3445 1108 exactore
3462 1046 3700 1107 tributi.

2150 1143 2305 1203 Tota
2346 1142 2480 1203 haeo
2504 1142 2759 1203 assertio
2788 1141 2919 1204 fere
2960 1140 3241 1220 sequitur
3265 1156 3341 1200 ex
3378 1138 3579 1215 dictis,
3610 1156 3706 1199 so-

2145 1234 2400 1314 lumque
2443 1235 2665 1295 ultima
2729 1252 2870 1314 pars
2912 1233 3187 1312 aliquam
3231 1231 3705 1293 declarationem

2143 1326 2434 1407 postulat.
2476 1326 2822 1388 Probantur
2852 1343 3000 1405 ergo
3030 1325 3282 1405 reliquae
3309 1330 3535 1403 partes,
3559 1324 3707 1402 quia

2143 1420 2195 1481 si
2234 1425 2475 1481 constat
2515 1419 2888 1481 sufficienter
2924 1418 3234 1480 tributum
3261 1435 3391 1478 esse
3412 1416 3595 1476 omni
3629 1434 3707 1477 ex

2141 1519 2318 1595 parte
2338 1514 2602 1592 justum,
2618 1512 2718 1574 lex
2740 1531 2853 1593 per
2874 1530 2939 1573 se
2966 1510 3203 1590 obligat
3227 1510 3307 1571 ad
3338 1510 3707 1571 solutionem

2143 1606 2319 1668 nulla
2344 1611 2662 1686 expectata
2700 1605 3023 1685 petitione,
3052 1610 3124 1666 ut
3150 1605 3219 1665 in
3242 1603 3467 1683 prima
3514 1621 3705 1664 asser-

2143 1700 2314 1760 tione
2339 1699 2574 1759 diotum
2602 1707 2695 1760 est
2731 1713 2748 1759 ε
2780 1698 2834 1758 si
2858 1715 3006 1760 vero
3029 1703 3270 1759 constat
3294 1696 3372 1756 de
3405 1696 3709 1775 injustitia

2144 1791 2366 1854 tributi
2388 1837 2410 1868 ,
2455 1792 2558 1853 lex
2593 1809 2720 1851 non
2764 1789 3001 1869 obligat
3044 1789 3288 1852 etiamsi
3339 1793 3609 1869 petatur,
3637 1792 3710 1849 ιιι

2145 1885 2413 1966 probant
2428 1883 2696 1947 adducta
2718 1883 2788 1944 in
2802 1884 3138 1945 assertione
3164 1882 3452 1944 secunda.
3476 1882 3541 1942 Si
3561 1899 3706 1942 vero

2147 1979 2229 2039 sit
2272 1984 2465 2040 status
2491 1976 2757 2052 medius,
2800 1994 2908 2037 seu
2963 1976 3211 2051 dubius,
3257 1974 3707 2054 inspiciendum

2147 2077 2240 2132 est
2285 2088 2397 2152 per
2426 2088 2565 2151 quae
2596 2068 2903 2149 principia
2928 2068 3116 2148 possit
3158 2073 3220 2129 et
3253 2068 3474 2127 debeat
3498 2067 3709 2127 reduci

2148 2162 2228 2224 ad
2255 2163 2691 2224 certitudinem
2734 2161 3067 2242 practicam
3082 2205 3103 2236 ,
3142 2159 3242 2221 vel
3293 2159 3706 2237 obligationis,

2147 2256 2249 2317 vel
2275 2256 2708 2331 excusationis,
2756 2255 2935 2334 juxta
2983 2252 3148 2314 dicta
3193 2254 3260 2313 in
3301 2252 3483 2313 tertia
3516 2270 3711 2312 asser-

2148 2348 2338 2409 tione.
2372 2350 2447 2409 Et
2469 2347 2717 2427 quando
2756 2365 2884 2407 non
2943 2346 3226 2406 obstante
3257 2345 3448 2406 dubio
3499 2347 3712 2404 manet

2149 2442 2419 2521 practica
2454 2440 2775 2519 obligatio,
2824 2457 2953 2499 non
3001 2438 3199 2499 solum
3239 2444 3334 2499 est
3364 2437 3443 2498 ad
3471 2436 3711 2497 solven-

2148 2533 2300 2593 dum
2326 2533 2591 2612 petitum
2619 2531 2942 2607 tributum,
2974 2530 3079 2591 sed
3109 2531 3471 2611 simpliciter
3496 2529 3574 2589 ad
3595 2528 3713 2589 sol-

2146 2626 2443 2701 vendum,
2475 2626 2623 2705 quia
2654 2630 2748 2685 est
2785 2624 3080 2702 obligatio
3114 2625 3193 2684 ad
3231 2623 3603 2685 servandam
3628 2620 3717 2682 le-

2148 2736 2317 2797 gem,
2359 2723 2423 2778 et
2460 2718 2562 2779 lex
2587 2734 2699 2797 per
2726 2734 2792 2777 se
2824 2716 2903 2776 ad
2935 2716 3054 2777 hoc
3101 2715 3350 2795 obligat.
3401 2715 3467 2777 Si
3494 2733 3646 2775 vero
3678 2731 3715 2775 e

2150 2827 2443 2871 converso
2472 2827 2550 2870 ex
2579 2809 2770 2870 dubio
2794 2809 3065 2870 nascitur
3109 2808 3442 2884 excusatio,
3467 2825 3597 2868 non
3618 2825 3715 2867 so-

2148 2901 2281 2963 lum
2307 2903 2425 2964 erit
2456 2903 2536 2963 ad
2571 2920 2700 2962 non
2723 2901 3087 2963 solvendum
3114 2900 3280 2980 quod
3306 2919 3432 2961 non
3457 2901 3712 2980 petitur,

2149 2995 2256 3056 sed
2284 2997 2474 3056 etiam
2505 2995 2649 3057 licet
2682 3000 2950 3075 petatur,
2985 2994 3037 3055 si
3069 2995 3388 3055 commode
3413 2993 3544 3055 fieri
3570 3012 3717 3074 pos-

2147 3087 2250 3164 sit,
2282 3088 2430 3169 quia
2457 3088 2769 3150 excusatio
2793 3087 2900 3149 illa
2928 3087 3292 3168 simpliciter
3323 3093 3415 3150 est
3451 3087 3528 3149 ab
3555 3087 3717 3149 obli·

2146 3181 2397 3259 gatione
2428 3181 2584 3261 legis
2614 3203 2630 3242 ε
2666 3199 2815 3260 ergo
2841 3180 3148 3260 loquendo
3178 3199 3293 3261 per
3318 3199 3383 3242 se
3417 3199 3487 3242 ac
3528 3199 3716 3259 regu-

2146 3272 2363 3335 lariter
2388 3291 2515 3335 non
2556 3281 2648 3335 est
2683 3273 3033 3335 differentia
3076 3274 3241 3335 inter
3272 3273 3714 3352 obligationem

2150 3366 2229 3426 ad
2257 3365 2623 3428 solvendum
2671 3364 2978 3427 tributum
3004 3372 3142 3446 post
3188 3367 3573 3448 petitionem,
3613 3366 3716 3428 vel

2148 3459 2284 3521 sine
2312 3458 2442 3521 illa.

2230 3553 2332 3613 22.
2389 3550 2803 3613 Nihilominus
2858 3550 3208 3613 declaratur
3254 3551 3478 3614 ultima
3520 3570 3663 3632 pars
3692 3571 3707 3611 ι

2151 3663 2299 3706 nam
2348 3645 2708 3723 contingere
2753 3649 2953 3723 potest
2997 3651 3068 3705 ιιι
3115 3644 3366 3725 aliquod
3407 3645 3714 3707 tributum

2151 3737 2429 3799 absolute
2465 3743 2805 3817 spectatum
2846 3744 3164 3799 censeatur
3189 3739 3377 3800 nimis
3408 3756 3618 3817 grave,
3654 3747 3719 3801 et

2158 3829 2226 3889 in
2253 3829 2661 3909 suspicionem
2702 3829 3023 3908 injustitiae
3053 3831 3285 3907 veniat,
3323 3832 3412 3892 ita
3448 3837 3520 3892 ut
3551 3851 3720 3893 com-

2158 3922 2432 3984 muniter
2457 3921 2686 3982 subditi
2712 3922 2873 3984 male
2896 3921 2974 3983 de
2991 3922 3236 4001 justitia
3268 3923 3433 3984 illius
3459 3925 3719 4003 opinen-

2153 4019 2280 4090 tur,
2306 4019 2369 4075 et
2411 4014 2818 4075 nihilominus
2848 4015 3014 4094 quod
3040 4033 3181 4076 cum
3211 4016 3320 4077 illa
3345 4016 3721 4078 moderatio-
3828 4074 3833 4077 .

2155 4124 2258 4183 ne,
2280 4105 2531 4182 scilicet,
2552 4105 2718 4185 quod
2744 4106 3046 4168 tributum
3074 4109 3201 4188 peti
3220 4108 3440 4171 debeat
3474 4121 3537 4171 et
3563 4108 3722 4170 alias

2154 4216 2284 4260 non
2314 4206 2638 4261 censeatur
2659 4197 2959 4278 obligare,
2980 4206 3302 4280 reputetur
3316 4202 3635 4264 tolerabile
3655 4209 3720 4264 et

2152 4291 2333 4352 facile
2372 4291 2757 4354 admittatur.
2788 4283 3134 4372 Ergffhihil
3161 4294 3363 4356 obstat
3388 4302 3461 4356 ut
3501 4298 3570 4356 in
3604 4294 3719 4356 tali

2154 4403 2301 4447 casu
2329 4384 2433 4446 lex
2460 4403 2590 4445 non
2615 4385 2845 4465 obliget
2871 4385 2951 4447 ad
2974 4385 3296 4448 ferendam
3321 4388 3716 4463 solutionem,

2154 4477 2388 4557 obliget
2421 4483 2633 4539 autem
2656 4477 2736 4538 ad
2769 4478 3113 4558 parendum
3136 4479 3431 4560 exigenti.
3465 4481 3721 4542 Duobus

2155 4575 2364 4632 autem
2384 4569 2586 4631 modis
2609 4570 2726 4631 hoc
2752 4571 3029 4634 accidere
3063 4578 3303 4652 potest:
3334 4591 3497 4633 unus
3528 4579 3644 4649 est,
3667 4572 3723 4632 si

2154 4663 2373 4724 tributi
2413 4663 2724 4743 quantitas
2766 4663 2869 4725 vel
2908 4663 3047 4725 alite
3078 4665 3553 4727 circumstantias
3581 4666 3725 4744 ejus

2156 4762 2382 4836 cogant
2413 4757 2493 4817 ad
2520 4757 2608 4818 ita
2633 4757 3163 4837 interpretandam
3206 4759 3409 4838 legem
3441 4765 3513 4819 ut
3549 4760 3727 4838 justa

2156 4849 2259 4924 sit,
2289 4848 2547 4917 arbitrio
2583 4849 2860 4910 virorum
2905 4851 3307 4929 prudentum,
3336 4851 3729 4912 considerata

2154 4943 2552 5022 proportione
2581 4942 2799 5002 tributi
2830 4942 2909 5002 ad
2934 4960 3033 5002 res
3060 4962 3247 5025 super
3274 4962 3427 5022 quas
3452 4944 3730 5025 imponi-

2156 5039 2279 5110 tur,
2315 5040 2377 5096 et
2408 5035 2487 5095 ad
2528 5053 2820 5115 personas
2845 5034 3070 5114 quibus
3112 5036 3477 5116 imponitur.
3509 5037 3731 5116 Neque

2156 5126 2422 5188 obstabit
2468 5128 2635 5207 quod
2674 5127 2863 5188 verba
2904 5126 3059 5206 legis
3105 5128 3170 5189 id
3209 5147 3339 5190 non
3383 5128 3727 5205 declarent,

2156 5226 2266 5281 aut
2303 5220 2469 5301 quod
2518 5220 2594 5282 de
2640 5221 2751 5281 tali
2792 5222 3137 5283 intentione
3176 5222 3544 5302 legislatoris
3590 5242 3733 5284 non

2155 5313 2347 5392 possit
2369 5332 2445 5374 ex
2472 5314 2675 5374 verbis
2693 5314 2848 5394 legis
2870 5320 3171 5391 constare,
3184 5316 3356 5394 quia,
3373 5322 3445 5376 ut
3464 5315 3567 5377 lex
3592 5335 3733 5378 non

2156 5406 2236 5466 sit
2281 5406 2653 5484 exorbitans,
2705 5407 2945 5469 licitum
2990 5414 3084 5469 est
3130 5410 3502 5490 restringere
3529 5410 3734 5472 verba

2154 5500 2289 5582 ejus
2306 5499 2485 5580 juxta
2506 5503 2782 5565 materiae
2802 5501 3203 5583 exigentiam,
3224 5508 3289 5565 ct
3308 5504 3400 5568 ita
3416 5511 3564 5568 tunc
3580 5503 3737 5568 talis
