3976 6219
996 448 1130 501 GAP.
1166 450 1273 502 xn.
1310 448 1522 503 UTRUM
1555 448 1935 504 IGNORANTIA
1968 448 2249 501 EXCUSET
2281 446 2519 499 POENAM
2552 445 2745 499 LEGIS.

259 566 443 610 mum
470 553 678 610 autem
706 547 826 610 dici
847 566 973 609 non
1001 554 1221 629 potest,
1243 555 1316 610 ut
1336 567 1447 628 per
1472 568 1535 611 se
1559 555 1826 612 constat:

259 659 416 718 ergo
443 640 809 702 secundum.
836 642 960 703 Nec
989 642 1178 702 etiam
1205 641 1326 701 dici
1352 649 1574 721 potest,
1600 642 1833 703 incurri

259 734 459 794 solam
506 751 756 813 poenam
805 734 1158 813 impositam
1207 752 1246 794 a
1292 736 1614 813 posteriori
1657 736 1795 814 lege
1808 780 1828 810 ,

259 828 413 907 quia
441 828 741 906 posterior
775 829 876 889 lex
904 828 1161 907 poenalis
1191 847 1318 889 non
1346 835 1591 890 revocat
1627 830 1832 890 diver-

261 938 399 979 sam
429 938 680 1000 poenam
711 921 973 1000 positam
1002 939 1040 981 a
1062 920 1256 1000 priori
1280 921 1441 1000 lege,
1471 922 1592 982 nisi
1619 921 1728 981 ubi
1755 940 1832 982 ex

260 1012 495 1088 verbis,
526 1019 633 1074 aut
663 1012 848 1073 modo
873 1014 1030 1091 legis
1047 1018 1283 1074 constat
1311 1012 1473 1075 hanc
1496 1032 1625 1075 esse
1658 1031 1831 1074 men-

260 1111 393 1165 tem
442 1106 828 1184 legislatoris,
881 1112 953 1167 ut
1000 1124 1186 1186 supra
1235 1108 1454 1167 Navar.
1498 1125 1576 1168 ex
1620 1107 1830 1167 multis

257 1197 478 1271 tradit,
510 1203 572 1259 et
600 1198 877 1259 dicemus
911 1198 1075 1259 infra
1100 1198 1421 1259 tractando
1456 1198 1532 1259 (16
1563 1198 1830 1277 abroga-

257 1290 430 1351 tione
449 1289 684 1367 legum.
706 1292 788 1351 At
806 1309 976 1366 vero,
998 1288 1245 1370 quando
1266 1308 1450 1369 poena
1468 1296 1559 1352 est
1574 1290 1830 1352 ferenda

257 1401 373 1462 per
413 1382 719 1461 judicem,
759 1384 993 1463 juristae
1037 1383 1421 1462 frequentius
1465 1384 1710 1459 dicunt,
1760 1384 1828 1443 in

258 1474 518 1535 arbitrio
539 1475 770 1554 judicis
797 1494 926 1537 esse
949 1493 1142 1536 unam
1169 1475 1270 1535 vel
1296 1475 1555 1537 alteram
1575 1494 1827 1556 poenam

258 1567 475 1645 legum
513 1568 853 1646 imponere,
896 1586 1024 1628 non
1059 1585 1207 1629 vero
1248 1567 1471 1628 debere
1507 1568 1826 1647 imponere

259 1660 468 1739 plures
498 1659 704 1719 simul.
729 1660 900 1733 Quod
928 1659 1117 1721 etiam
1145 1659 1620 1738 intelligendum
1646 1666 1821 1739 puto,

258 1751 383 1811 nisi
422 1751 793 1812 sufficienter
831 1758 1065 1814 constet
1106 1752 1181 1813 de
1219 1758 1425 1812 mente
1472 1753 1825 1832 posterioris

258 1841 649 1920 legislatoriS,
681 1844 944 1905 voluisse
971 1844 1195 1906 addere
1223 1863 1473 1924 poenam
1500 1863 1722 1925 poenae,
1750 1845 1825 1905 il-

259 1934 352 1995 las
400 1936 894 2016 multiplicando,
943 1938 1109 2017 quod
1158 1938 1295 1999 fieri
1343 1956 1500 2018 saepe
1549 1938 1703 1999 solet
1745 1937 1822 1999 ad

259 2028 661 2089 coercendam
686 2030 1052 2092 delictorum
1073 2030 1510 2111 frequentiam,
1537 2036 1600 2092 et
1629 2030 1825 2092 delin-

257 2120 586 2198 quentium
618 2123 1095 2184 contumaciam.

831 2310 1078 2374 CAPUT
1120 2312 1246 2373 XII.

360 2506 559 2553 mmm
596 2506 953 2555 IGNOMNTIA
991 2509 1252 2557 Excusm
1290 2510 1513 2558 mmm
1551 2512 1735 2559 LEGIS.

345 2682 400 2740 1.
449 2678 781 2759 Dupliciter
826 2686 1025 2760 potest
1066 2682 1204 2761 quis
1250 2684 1525 2744 excusari
1565 2702 1603 2745 a
1633 2702 1820 2764 poena

258 2769 414 2849 legis
446 2772 825 2847 sustinenda,
867 2773 967 2834 vel
1001 2774 1202 2852 quoad
1230 2776 1655 2837 executionem
1681 2782 1818 2837 tan-

259 2869 422 2939 tum,
451 2863 551 2924 vel
582 2863 784 2942 quoad
826 2871 1070 2925 reatum
1097 2868 1159 2926 et
1186 2865 1499 2945 debitum3
1544 2868 1817 2947 priorem

261 2956 516 3017 modum
545 2956 865 3035 attigimus
892 2958 1090 3036 capite
1127 2958 1515 3037 praecedenti,
1562 2960 1814 3037 scilicet,

258 3067 369 3129 per
381 3049 923 3129 dispensationem,
946 3050 1370 3112 remissionem
1388 3051 1456 3112 in
1474 3052 1815 3132 integrum,

259 3142 357 3202 vel
381 3143 448 3203 in
471 3148 666 3222 parte,
691 3142 791 3204 vel
812 3161 923 3223 per
945 3144 1511 3206 commutationem.
1537 3147 1627 3206 Ita
1648 3146 1818 3206 enim

259 3252 478 3295 revera
503 3234 595 3311 fit,
618 3235 865 3314 quando
894 3236 1258 3314 delinquens
1286 3237 1592 3299 contraxit
1616 3243 1819 3298 totum

261 3327 537 3388 debitum
583 3346 803 3407 paenae,
848 3334 1059 3409 postea
1082 3347 1229 3390 vero
1254 3329 1354 3390 vel
1389 3335 1640 3410 propter
1665 3349 1818 3410 pau·

257 3425 581 3500 pertatem,
628 3420 729 3482 vel
773 3421 1153 3483 debilitatem
1199 3421 1429 3482 virium
1444 3467 1465 3498 ‚
1514 3429 1622 3483 aut
1664 3423 1816 3484 alias

253 3513 447 3591 justas
473 3531 705 3588 causas,
735 3514 834 3574 vel
862 3532 988 3574 non
1022 3519 1221 3593 potest
1246 3532 1430 3593 poena
1471 3515 1816 3576 executioni

260 3607 565 3682 mandari,
594 3606 694 3668 vel
721 3625 848 3667 non
875 3607 1145 3687 expedit,
1171 3612 1233 3668 et
1258 3607 1398 3669 ideo
1417 3607 1517 3669 vel
1554 3609 1816 3669 remitti·

259 3703 384 3774 tur,
422 3698 522 3759 vel
557 3704 991 3761 commutatur.
1041 3701 1125 3761 De
1168 3699 1290 3761 alio
1319 3718 1466 3780 ergo
1508 3701 1693 3762 modo
1720 3701 1814 3762 di-

259 3791 523 3851 cendum
550 3796 642 3852 est
675 3792 744 3852 in
778 3793 1087 3871 praesenti,
1124 3792 1429 3869 videlicet,
1460 3793 1708 3874 quando
1737 3813 1814 3856 ex

258 3884 736 3960 circumstantia,
777 3884 877 3946 vel
920 3885 1102 3946 modo
1151 3886 1448 3966 operandi
1489 3892 1814 3948 excusatur

261 3976 396 4055 quis
442 3995 520 4038 ne
568 3976 681 4037 fiat
719 3978 909 4039 etiam
937 3977 1178 4039 debitor
1219 3996 1442 4057 poenae,
1468 3978 1569 4039 vel
1593 3978 1811 4039 saltem

259 4087 382 4130 non
416 4074 607 4130 tantae
649 4087 872 4149 poenae,
911 4069 1155 4130 etiamsi
1190 4069 1377 4130 fuerit
1418 4069 1573 4148 legis
1614 4075 1814 4131 trans—

258 4180 518 4241 gressor.
550 4163 628 4222 Et
651 4161 935 4241 quamvis
962 4179 1036 4222 ex
1072 4161 1353 4241 pluribus
1388 4163 1585 4223 causis
1622 4163 1815 4243 possit

257 4255 388 4316 haec
430 4254 740 4315 excusatio
785 4253 956 4329 oriri,
993 4253 1400 4315 nihilominus
1440 4255 1586 4334 quia
1627 4257 1813 4334 igno-

258 4348 457 4407 rantia
482 4346 865 4425 frequentius
893 4345 1171 4424 allegari,
1197 4346 1299 4407 vel
1319 4347 1696 4409 intercedere
1719 4366 1813 4408 so-

259 4441 363 4516 let,
405 4439 545 4500 ideo
586 4438 662 4499 de
694 4438 803 4498 illa
819 4439 886 4498 in
913 4438 1272 4518 particulari
1292 4438 1587 4517 dicemuS,
1616 4447 1678 4503 et
1703 4460 1816 4521 per

261 4531 730 4593 similitudinem
749 4531 1028 4607 rationis,
1040 4532 1266 4612 poterit
1278 4531 1555 4594 doctrina
1568 4534 1645 4594 ad
1663 4533 1814 4594 alias

260 4624 673 4686 excusationes
717 4622 896 4684 facile
942 4624 1256 4704 applicari.
1311 4626 1561 4705 Oportet
1603 4632 1812 4687 autem

260 4718 586 4779 nonnullas
618 4716 1042 4779 distinctiones
1065 4718 1433 4796 ignorantiae
1464 4737 1590 4799 prae
1623 4720 1814 4780 oculis

260 4811 507 4887 habere,
558 4829 695 4891 quae
745 4810 931 4871 latius
977 4811 1044 4870 in
1092 4813 1152 4872 1.
1202 4813 1264 4886 2,
1304 4817 1518 4890 quaest.
1559 4815 1598 4874 6
1624 4817 1687 4873 et
1707 4813 1809 4888 76,

262 4905 607 4966 traduntur.
662 4906 819 4966 Nam
867 4923 946 4965 ex
993 4911 1167 4984 parte
1211 4904 1382 4966 modi
1413 4910 1506 4968 est
1541 4906 1814 4985 vulgaris

261 4998 569 5059 distinctio
599 4998 967 5076 ignorantiae
1004 4998 1073 5059 in
1119 4998 1522 5078 probabilem,
1554 5018 1690 5079 quse
1721 5002 1817 5062 in-

261 5091 581 5167 vincibilis,
630 5098 692 5152 et
738 5090 1151 5170 inculpabili5‚
1199 5097 1262 5152 et
1296 5093 1660 5154 antecedens
1692 5094 1815 5155 dici

263 5182 430 5259 solet,
458 5188 521 5244 et
544 5183 610 5243 in
636 5183 1133 5262 improbabilem,
1161 5202 1269 5245 seu
1291 5185 1681 5265 culpabilem,
1706 5190 1813 5246 aut

262 5276 638 5352 vincibilem,
655 5294 763 5337 seu
775 5282 1256 5356 consequentem
1272 5279 1809 5355 (concomitantem

262 5375 466 5430 autem
484 5370 726 5445 omitto,
753 5370 921 5448 quia,
942 5375 1013 5430 ut
1034 5369 1174 5430 talis
1193 5377 1306 5448 est,
1325 5389 1465 5432 mea
1483 5373 1810 5447 sententia,

264 5479 458 5541 neque
477 5468 724 5524 accusat
738 5481 940 5543 neque
962 5469 1215 5524 excusat
1228 5463 1432 5544 quoad
1451 5465 1816 5527 exteriorem

264 5557 514 5634 actum).
553 5555 723 5617 Solet
747 5561 958 5618 autem
979 5555 1332 5635 ignorantia
1357 5556 1677 5637 culpabilis
1696 5557 1817 5618 dis-

3357 440 3477 499 469

1910 548 2119 627 tingui
2160 547 2227 607 in
2277 529 2649 620 affectatam,
2698 558 2985 618 crassam,
3012 546 3075 603 et
3097 543 3458 620 generaliter

1911 641 2287 704 vincibilem.
2324 640 2769 701 Verumtamen
2794 635 2870 697 (16
2903 635 3189 696 affectata
3229 654 3356 696 non
3383 636 3473 696 lo-

1911 754 2091 816 quor,
2119 735 2266 814 quia
2300 732 2458 794 nihil
2490 736 2780 805 excusat;
2810 728 3021 791 omnis
3056 746 3205 790 vero
3242 727 3388 804 alia,
3421 729 3473 788 si

1910 829 2051 890 talis
2071 828 2173 904 sit,
2193 833 2263 887 ut
2285 845 2413 887 non
2431 830 2679 887 excuset
2698 843 2737 885 a
2754 823 2935 902 culpa
2953 821 3224 897 mortali,
3244 839 3469 897 crassa,

1912 927 1974 982 et
1997 921 2221 1000 supina
2246 920 2314 979 in
2361 918 2721 979 universum
2761 915 2881 977 dici
2916 919 3149 995 potest:
3178 914 3232 974 si
3263 918 3473 973 autem

1911 1015 2116 1077 solum
2157 1014 2382 1075 habeat
2422 1012 2761 1073 admixtam
2788 1008 3232 1087 negligentiam
3260 1006 3472 1067 venia·

1909 1109 2059 1185 lem,
2109 1126 2237 1168 non
2264 1113 2356 1168 est
2392 1104 2734 1184 culpabilis,
2772 1103 2891 1165 nisi
2930 1102 3268 1163 secundum
3299 1100 3470 1180 quid,

1910 1207 2199 1281 recteque
2217 1199 2454 1259 dicetur
2488 1196 2844 1275 ignorantia
2867 1194 3041 1256 levis,
3089 1194 3333 1271 Loquor
3360 1209 3470 1252 au-

1908 1298 2036 1354 tem
2066 1291 2446 1369 theologice:
2476 1308 2624 1349 nam
2637 1289 2876 1369 juiistae
2906 1286 2974 1347 in
3003 1285 3217 1347 ordine
3250 1282 3327 1343 ad
3356 1281 3469 1342 ali-

1906 1404 2060 1465 quos
2102 1384 2348 1446 effectus
2368 1381 2529 1461 juris
2559 1380 2739 1441 aliter
2760 1379 2958 1441 solent
2989 1380 3151 1440 hanc
3175 1377 3467 1455 ignoran-

1906 1478 2057 1538 tiam
2089 1475 2456 1556 culpabilem
2485 1474 2865 1552 distinguere
2893 1474 2959 1534 in
2987 1471 3183 1547 illam,
3223 1487 3359 1547 quae
3388 1485 3466 1527 ex

1905 1571 2055 1645 lata,
2093 1570 2238 1644 levi,
2270 1568 2370 1629 vel
2395 1567 2704 1630 levissima
2730 1566 2914 1647 culpa
2953 1563 3249 1645 procedit,
3280 1566 3350 1621 ut
3374 1560 3467 1621 vi·

1887 1663 2039 1724 'deri
2082 1667 2284 1742 potest
2325 1662 2391 1721 in
2424 1661 2666 1736 Covar.,
2694 1660 2763 1720 in
2786 1662 2848 1736 4,
2879 1661 2918 1719 2
2955 1676 3046 1737 p.,
3075 1674 3206 1734 cap.
3241 1655 3301 1713 6.
3337 1652 3462 1731 §Q

1904 1774 1967 1816 n.
2000 1757 2100 1830 12,
2124 1760 2185 1815 61
2209 1754 2277 1814 111
2303 1770 2433 1832 reg.
2457 1755 2824 1828 Possessor.:,
2849 1753 2888 1810 2
2912 1770 3001 1830 p.,
3029 1748 3065 1829 ξ
3090 1751 3127 1809 7
3142 1770 3159 1823 3
3186 1764 3322 1826 quse
3345 1744 3467 1804 dis-

1905 1848 2124 1909 tinctio
2150 1864 2319 1907 nunc
2340 1844 2518 1906 nobis
2545 1844 2886 1906 necessaria
2913 1860 3040 1902 non
3068 1845 3181 1902 est.

1984 1944 2046 2001 2.
2093 1940 2359 2001 Ulterius
2382 1958 2459 2001 ex
2479 1945 2653 2019 parte
2674 1939 2766 2000 rei
2782 1938 3085 2015 ignoratae
3112 1935 3311 2012 potest
3328 1927 3465 1991 dari

1905 2033 2282 2112 ignorantia,
2324 2032 2422 2093 vel
2467 2033 2657 2093 totius
2714 2030 2870 2109 legis
2920 2033 2982 2089 et
3035 2020 3465 2106 prohibitionis

1908 2128 2064 2207 eiua,
2108 2126 2208 2187 vel
2252 2124 2441 2187 solius
2486 2142 2709 2206 poenae,
2753 2127 2826 2183 ut
2869 2120 3118 2201 quando
3154 2117 3294 2197 quis
3335 2131 3464 2175 non

1905 2218 2153 2297 ignorat
2184 2236 2313 2281 esse
2358 2217 2763 2298 prohibitum,
2801 2213 2975 2277 verbi
3007 2210 3227 2292 gratia,
3274 2206 3461 2269 hodie

1904 2311 2222 2374 comedere
2240 2329 2455 2373 carnes
2472 2355 2494 2387 ,
2520 2311 2767 2390 ignorat
2786 2313 3000 2369 tamen
3018 2304 3291 2382 aliquam
3318 2317 3461 2361 cen-

1902 2425 2115 2468 suram
2160 2407 2261 2469 vel
2305 2424 2555 2487 poenam
2598 2404 2693 2465 illi
2731 2407 2982 2484 peccato
3018 2414 3348 2461 annexam.
3384 2394 3462 2453 Et

1900 2499 2125 2561 deinde
2144 2500 2390 2579 quando
2408 2500 2734 2577 ignoratur
2750 2493 3084 2576 prohibitio
3102 2490 3292 2571 ipsius
3302 2486 3460 2564 legis

1900 2592 2192 2654 humanae
2206 2638 2227 2669 ,
2279 2597 2479 2672 potest
2516 2596 2688 2652 actus
2742 2607 2870 2650 esse
2922 2588 3074 2648 alias
3127 2582 3457 2644 intrinsece

1899 2685 2125 2760 maluS,
2165 2685 2266 2746 vel
2292 2684 2506 2745 divina
2554 2682 2691 2761 lege
2718 2681 3086 2762 prohibituS,
3135 2675 3302 2757 quod
3328 2690 3456 2733 non

1896 2778 2252 2856 ignoratur:
2285 2783 2392 2837 aut
2417 2780 2619 2857 potest
2644 2781 2890 2835 tantum
2913 2791 3042 2833 esse
3064 2770 3285 2843 maluS,
3308 2766 3456 2846 quia

1896 2870 2286 2949 prohibitus;
2318 2888 2387 2930 66
2408 2868 2689 2948 proinde,
2719 2866 2773 2926 si
2800 2863 3134 2945 probabilis
3161 2863 3453 2941 ignoran-

1896 2962 1985 3022 tia
2011 2962 2302 3022 humanae
2327 2961 2482 3038 legis
2507 2959 2901 3032 interveniat,
2926 2959 3043 3018 erit
3068 2973 3197 3016 non
3228 2952 3452 3025 maluS,

1897 3071 1970 3114 ac
2017 3053 2275 3114 subinde
2329 3051 2528 3112 bonus
2545 3096 2566 3129 ,
2610 3050 2712 3111 vel
2757 3049 3132 3111 indifferens.
3182 3046 3455 3125 Denique

1897 3146 2071 3207 nulla
2114 3145 2564 3207 interveniente
2610 3143 2965 3223 ignorantia
3008 3140 3164 3220 juris
3183 3184 3204 3214 ,
3255 3142 3456 3217 potest

1896 3238 2279 3301 intercedere
2328 3237 2683 3314 ignorantia
2730 3236 2900 3311 iacti,
2953 3235 3101 3314 quia
3152 3233 3454 3293 nimirum

1899 3350 2054 3412 opus
2082 3350 2210 3392 non
2258 3336 2514 3410 putatur
2538 3348 2670 3391 esse
2696 3328 2844 3404 tale,
2889 3325 3071 3406 quale
3116 3342 3229 3405 per
3252 3323 3454 3401 legem

1896 3424 2279 3504 prohibitum
2304 3429 2415 3485 est.
2461 3424 2605 3483 Hoec
2630 3422 2708 3482 de
2741 3419 3113 3499 ignorantia.
3155 3419 3240 3478 De
3273 3434 3456 3478 excu-

1896 3518 2135 3579 satione
2153 3535 2301 3579 vero
2323 3516 2622 3594 distingui
2646 3519 2848 3595 potest
2873 3519 3084 3573 utrum
3118 3511 3197 3572 sit
3228 3511 3295 3570 in
3320 3509 3454 3570 foro

1895 3610 2305 3685 conscientiae,
2334 3609 2435 3671 vel
2455 3609 2523 3669 in
2551 3614 2828 3684 externo,
2859 3606 2958 3668 vel
2985 3606 3053 3666 in
3080 3609 3343 3683 utroque
3375 3602 3453 3662 si-

1893 3702 2047 3764 mul.
2086 3701 2184 3763 Ad
2218 3708 2547 3780 utramque
2589 3700 3048 3762 excusationem
3094 3697 3451 3775 intelligen-

1891 3794 2059 3872 dam,
2090 3795 2362 3857 conferet
2383 3793 2875 3856 animadvertere
2897 3811 2979 3854 an
3001 3808 3187 3873 poena
3218 3791 3296 3851 sit
3322 3789 3453 3869 ipso

1888 3889 2031 3967 jure
2052 3887 2202 3962 lata,
2232 3886 2334 3949 vel
2359 3892 2605 3947 tantum
2627 3885 2905 3947 ferenda.

1974 3982 2033 4040 3.
2083 3979 2290 4042 Omnis
2346 3978 2700 4059 ianoe-antia
2745 3995 2877 4058 quoe
2922 3982 3163 4040 excusat
3217 3978 3455 4052 faetmn

1891 4089 1963 4134 ne
2002 4077 2306 4150 peecatum
2354 4071 2479 4145 sit,
2528 4076 2770 4132 eoeeusat
2808 4087 3044 4149 pomam
3085 4069 3341 4131 debitam
3387 4070 3455 4132 in

1890 4168 2140 4242 utroque
2157 4165 2295 4240 soro
2317 4179 2428 4241 per
2456 4180 2539 4237 se,
2569 4162 2695 4224 nisi
2716 4160 2893 4224 aliud
2914 4161 2982 4223 iu
3004 4161 3128 4240 ἶσαι
3151 4161 3453 4239 exprima-

1893 4261 2017 4319 tur.
2037 4255 2237 4316 —His
2264 4254 2501 4335 positis,
2532 4259 2625 4316 est
2647 4254 2850 4334 prima
2867 4252 3174 4333 generalis
3192 4253 3447 4332 regula:

1895 4349 2108 4410 Omnis
2125 4348 2478 4428 ignorantia
2500 4365 2636 4427 quae
2659 4353 2909 4409 excusat
2925 4348 3186 4423 factum,
3212 4365 3292 4408 ne
3315 4366 3452 4427 pec-

1895 4448 2103 4503 catum
2148 4442 2228 4502 sit
2246 4488 2268 4518 ,
2311 4447 2565 4502 excusat
2611 4440 2799 4502 etiam
2836 4440 3122 4502 *debitum
3154 4457 3352 4521 poenae
3384 4440 3452 4499 in

1892 4541 2161 4615 utroque
2198 4535 2355 4596 for0.
2390 4535 2496 4594 Est
2534 4533 2883 4595 communis
2911 4533 3215 4595 sententia
3247 4532 3453 4593 docto-

1893 4648 2038 4689 rum
2065 4628 2147 4710 ·in
2200 4645 2331 4707 cap.
2381 4630 2420 4688 2
2465 4626 2541 4688 (16
2589 4626 2871 4702 Constit.,
2917 4632 2981 4687 et
3019 4626 3217 4686 videri
3254 4631 3454 4705 potest

1892 4722 2152 4796 Castra,
2183 4718 2293 4780 lib.
2324 4722 2363 4780 2
2394 4719 2469 4780 (16
2493 4720 2640 4798 Leg.
2671 4736 2863 4798 poen.‚
2894 4738 3029 4800 cap.
3066 4720 3142 4779 14
3165 4734 3187 4796 3
3216 4718 3452 4796 Tiraq.,

1892 4813 2003 4875 lib.
2032 4817 2063 4874 1
2090 4813 2168 4874 (16
2191 4818 2454 4892 utroque
2474 4817 2749 4892 retract„
2773 4812 2811 4892 ἓ
2834 4814 2948 4888 35,
2974 4811 3137 4874 Glos,
3164 4813 3227 4888 4,
3253 4831 3317 4872 n.
3346 4813 3449 4886 27,

1892 4908 2003 4986 qui
2020 4906 2211 4968 refert
2237 4905 2412 4982 alios,
2446 4910 2508 4966 et
2528 4904 2827 4984 probatur
2862 4924 2937 4966 ex
2964 4906 3110 4967 dict.
3138 4923 3273 4985 cap.
3309 4907 3347 4965 2
3377 4904 3454 4966 (16

1895 5000 2220 5062 Constitut.
2255 4998 2496 5060 dicente
2524 5018 2539 5058 :
2577 4997 2746 5072 Quod
2769 4999 2947 5078 eulpa
2972 5004 3157 5075 caret,
3188 4999 3255 5062 in
3278 5001 3454 5061 dam-

1892 5111 2037 5156 num
2058 5091 2263 5156 vocari
2284 5109 2403 5153 non
2425 5091 2584 5153 debet
2597 5116 2624 5163 ,·
2645 5096 2707 5151 et
2726 5090 2875 5150 facit
2892 5082 3107 5169 regul!⁴
3130 5112 3144 5150 :
3179 5089 3459 5154 Cessante

1895 5203 2102 5260 eausa,
2147 5190 2337 5247 cessat
2377 5186 2655 5264 effeetus,
2694 5200 2826 5262 cap.
2869 5181 3019 5245 Cum
3049 5189 3328 5257 cessante,
3378 5180 3455 5243 de

1891 5277 2202 5357 Appellat.
2236 5274 2535 5336 Probatur
2562 5274 2751 5335 etiam
2778 5293 2856 5336 ex
2885 5293 3018 5354 cap.
3050 5273 3409 5353 Apostolicoe
3428 5319 3449 5348 ,

1896 5371 1974 5431 de
1994 5370 2227 5431 Clerico
2248 5367 2780 5430 excommunicato
2798 5368 3209 5442 ministrante,
3234 5372 3295 5428 et
3312 5384 3447 5444 cap.

1908 5465 1992 5529 Ut
2018 5463 2385 5535 animarwm,
2427 5459 2505 5521 (16
2543 5460 2825 5537 Constit.,
2863 5460 2932 5521 in
2955 5461 3016 5536 6,
3053 5477 3184 5538 cap.
3223 5460 3453 5538 Propo-

1899 5555 2117 5630 misti,
2162 5553 2303 5616 dist.
2359 5553 2483 5614 82:
2532 5551 2973 5632 lynce-antibus
2993 5598 3013 5630 ,
3057 5550 3293 5631 inquit,
3340 5568 3457 5615 non
