3976 6219
755 360 891 413 CAP.
922 360 983 413 X.
1018 360 1231 413 imum
1264 360 1380 412 LEX
1417 359 1764 412 NATURALIS
1797 358 2058 411 OBLIGET
2089 360 2213 411 NON
2241 360 2445 413 soum
2476 362 2559 413 An
2588 361 2817 414 Acron.
2846 360 2980 413 ETC.

3348 358 3463 417 125

275 479 405 522 esse
450 459 712 519 dubium
745 478 826 519 an
863 460 1003 520 talis
1048 461 1319 538 cognitio
1364 461 1444 520 sit
1491 458 1829 520 necessaria
1905 459 2069 534 liter,
2120 460 2199 519 ad
2241 460 2404 539 quod
2440 479 2685 521 necesse
2717 467 2810 521 est
2855 466 2926 520 ut
2963 461 3043 520 sit
3091 478 3220 521 non
3263 462 3465 522 solum

273 553 350 614 ad
379 552 765 632 implendum
806 559 1206 631 praeceptum,
1237 553 1385 631 quia
1424 552 1556 613 sine
1584 551 1695 612 tali
1733 568 1833 611 co-

273 645 550 724 gnitione
576 649 779 723 potest
797 643 933 704 fieri
955 652 1123 705 actus
1149 643 1461 705 humanus
1480 650 1541 705 et
1558 642 1829 716 moraIiS,

274 738 382 817 qui
404 742 741 816 praeceptus
768 742 880 796 est.
909 736 1028 796 Sed
1045 736 1159 797 hoc
1179 737 1336 797 forte
1352 737 1541 798 habet
1561 736 1832 815 aliquam

275 830 705 890 difficultatem
753 828 822 888 in
873 827 1008 907 lege
1057 829 1343 908 positiva,
1380 829 1457 889 de
1508 847 1631 908 qua
1673 827 1837 887 infra

275 923 568 983 dicemus,
597 923 667 981 In
695 921 981 1000 praesenti
1003 927 1211 982 autem
1232 921 1502 982 breviter
1524 920 1682 995 dicO,
1705 920 1838 980 sine

274 1014 384 1074 tali
446 1013 799 1092 cognitione
855 1031 1029 1091 posse
1089 1013 1399 1074 observari
1464 1018 1837 1093 praeceptum

276 1106 450 1187 quasi
493 1105 915 1179 materialiter,
946 1106 1107 1184 quod
1137 1105 1396 1166 sufficiet
1422 1106 1501 1165 ad
1542 1123 1669 1164 non
1697 1122 1838 1182 pec-

276 1198 545 1259 candum
576 1198 804 1258 directe
843 1203 1061 1256 contra
1088 1204 1487 1276 praeceptum,
1515 1202 1586 1256 ιιι
1621 1195 1840 1274 probat

276 1291 435 1351 ratio
478 1289 674 1364 facta3
722 1289 1129 1349 nihilominus
1172 1295 1381 1349 tamen
1427 1306 1554 1348 non
1595 1287 1843 1367 impleri

278 1388 427 1443 tunc
450 1388 826 1462 praeceptum
848 1381 1211 1456 formaliter,
1242 1387 1304 1442 et
1331 1382 1606 1441 humano
1629 1381 1835 1456 modo,

279 1479 463 1552 atque
487 1475 575 1534 ita
603 1473 1020 1552 cognitionem
1048 1473 1221 1533 illam
1250 1491 1379 1534 esse
1407 1472 1835 1546 necessariam,

280 1572 351 1626 ut
372 1565 512 1626 talis
534 1572 707 1627 actus
736 1567 814 1625 sit
838 1565 1147 1626 humanus
1174 1567 1239 1627 in
1268 1566 1482 1627 ordine
1506 1565 1586 1626 ad
1613 1583 1837 1644 praece-

280 1661 373 1739 pti
405 1660 911 1734 observationem,
948 1659 1129 1737 juxta
1166 1660 1329 1720 dicta
1359 1660 1425 1719 in
1466 1658 1836 1738 praecedenti

282 1753 614 1813 assertione
637 1773 650 1811 ε
680 1752 843 1812 unde
866 1751 917 1811 si
939 1753 1258 1830 contingat
1284 1751 1554 1830 aliquem
1576 1752 1838 1811 scienter

283 1844 431 1906 dare
451 1846 905 1924 eleemosynam
928 1862 1001 1905 eo
1023 1849 1298 1924 tempore
1320 1862 1441 1923 quo
1462 1848 1839 1923 praeceptum

282 1938 563 1998 naturale
595 1936 931 2015 obligabat,
970 1937 1263 2013 ignorans
1307 1936 1478 1995 illam
1523 1935 1840 2013 obligatio-

280 2049 448 2106 nem,
476 2031 759 2109 quamvis
782 2049 908 2090 non
927 2030 1418 2108 transgrediatur
1441 2033 1837 2107 praeceptum,

278 2141 406 2183 non
444 2129 642 2202 potest
677 2122 796 2182 dici
823 2122 1071 2201 proprie
1103 2122 1258 2182 illud
1292 2121 1572 2200 implere,
1600 2121 1748 2199 quia
1775 2121 1842 2180 in

279 2216 497 2276 ordine
524 2216 599 2275 ad
630 2219 1030 2293 praeceptum,
1057 2231 1222 2288 casu,
1251 2220 1311 2274 et
1343 2215 1515 2292 quasi
1552 2232 1662 2292 per
1688 2213 1844 2273 acci-

279 2308 430 2376 dens
453 2308 517 2367 id
538 2307 708 2367 facit.
731 2307 860 2365 Imo
884 2311 1082 2385 posset
1101 2305 1398 2374 accidere,
1415 2306 1465 2364 si
1491 2306 1843 2383 ignorantia

280 2407 438 2461 esset
466 2398 790 2475 vincibiIiS,
815 2404 887 2457 ut
914 2404 1193 2477 peccaret
1220 2403 1367 2457 tunc
1389 2403 1603 2457 contra
1634 2398 1841 2476 ipsum

280 2497 676 2572 praeceptum,
722 2491 868 2570 quia
909 2509 985 2550 ex
1025 2489 1090 2550 vi
1117 2490 1552 2570 (lispositioniS,
1596 2508 1701 2550 seu
1741 2509 1840 2550 co-

285 2585 582 2665 gnitionis
599 2584 912 2663 praesentis
934 2584 1131 2661 potuit
1152 2601 1215 2644 se
1234 2600 1539 2660 exponere
1567 2582 1839 2660 periculo

285 2679 772 2757 transgrediendi
803 2682 1199 2758 praeceptum,
1248 2694 1320 2736 eo
1366 2675 1531 2754 quod
1576 2676 1842 2736 nesciret

284 2771 723 2848 obligationem
744 2771 897 2847 ojus,
922 2771 1092 2830 Dices
1117 2785 1132 2829 :
1157 2769 1265 2847 qui
1282 2767 1649 2846 ignorandO,
1666 2767 1839 2827 verbi

283 2865 520 2943 gratia,
563 2869 932 2942 praeceptum
987 2862 1417 2938 eleemosynae,
1453 2866 1660 2920 actum
1709 2862 1841 2938 ejus

282 2957 452 3031 fecit,
482 2962 689 3035 postea
716 2973 842 3015 non
874 2960 1121 3014 tenetur
1146 2954 1374 3013 iterum
1409 2952 1554 3012 dare
1582 2953 1843 3013 eleemo-

284 3066 504 3129 synam
522 3094 542 3125 ,
592 3048 831 3109 etiamsi
881 3051 1173 3126 agnoscat
1226 3050 1599 3126 praeceptum
1626 3061 1643 3103 ε
1693 3063 1841 3125 ergo

283 3143 533 3220 signum
575 3148 667 3202 est
702 3141 1049 3220 implevisse
1092 3138 1267 3199 illud.
1301 3137 1725 3217 Respondetur
1765 3157 1839 3199 ex

282 3234 461 3295 dictis
497 3234 780 3311 negando
816 3232 1336 3310 consequentiam,
1368 3229 1513 3308 quia
1540 3238 1842 3310 praecepta

282 3326 648 3387 affirmativa
687 3343 812 3386 non
853 3324 1128 3403 obligant
1156 3340 1266 3403 pro
1303 3340 1568 3401 semper,
1601 3325 1705 3384 sed
1732 3343 1842 3386 ne-

282 3418 575 3479 cessitatis
600 3424 908 3495 tempore:
939 3434 1051 3496 per
1077 3416 1249 3475 illam
1273 3421 1479 3475 autem
1508 3416 1841 3496 eleemosy-

282 3528 431 3571 nam
455 3512 686 3571 factum
717 3510 859 3584 fuit,
889 3514 961 3569 ut
996 3508 1260 3588 proximi
1288 3508 1614 3569 necessitas
1650 3526 1841 3570 cessa·-

282 3603 478 3664 verit:
515 3610 577 3664 et
609 3603 749 3663 ideo
777 3601 1034 3662 cessavit
1057 3599 1348 3678 obligatio
1370 3600 1685 3679 praecepti,
1710 3619 1838 3661 non

281 3696 429 3775 quia
454 3696 711 3775 impleta
735 3693 940 3768 fuerit,
967 3694 1072 3754 sed
1096 3691 1243 3771 quia
1275 3692 1557 3768 materia,
1583 3698 1644 3753 et
1666 3696 1838 3754 occa'-

283 3789 374 3849 sio
409 3789 635 3864 defuit3
667 3785 833 3847 unde
861 3786 912 3845 si
939 3785 1155 3846 eadem
1182 3785 1419 3844 occasio
1445 3802 1554 3844 seu
1580 3786 1839 3846 necessi-

285 3886 379 3941 tas
422 3881 625 3954 durat,
668 3879 857 3940 etiam
894 3877 1186 3957 praecepti
1229 3876 1522 3954 obligatio
1567 3877 1835 3938 durabit.

283 3973 376 4032 Ex
397 3990 520 4051 quo
541 3969 794 4031 tandem
820 3969 1017 4030 obiter
1042 3968 1431 4047 intelligitur,
1458 3985 1535 4028 ex
1561 3985 1840 4048 unoquo-

283 4082 404 4143 que
431 4069 732 4144 praecepto
759 4062 909 4123 oriri
942 4061 1380 4139 obligationem
1404 4058 1636 4119 sciendi
1658 4058 1837 4133 illud,

284 4157 434 4236 quia
459 4174 586 4216 non
612 4160 812 4234 potest
846 4153 1027 4214 aliter
1052 4151 1369 4213 moraliter
1401 4149 1732 4210 observari.
1762 4149 1845 4209 Ut

283 4254 446 4309 recte
489 4249 678 4309 sensit
705 4248 774 4306 D.
806 4246 1097 4319 Thomas,
1127 4242 1291 4303 dicto
1332 4241 1503 4302 artic.
1541 4241 1603 4316 9,
1635 4239 1844 4300 dicens

283 4360 427 4402 eum
451 4341 561 4420 qui
581 4340 875 4418 ignorans
890 4337 1043 4397 facit
1062 4340 1266 4397 actum
1287 4333 1397 4412 qui
1414 4333 1550 4411 lege
1563 4331 1839 4411 jubetur,

282 4451 426 4494 casu
462 4438 526 4493 et
558 4451 669 4512 per
695 4430 976 4491 accidens
1014 4428 1219 4489 facere
1247 4444 1398 4505 opus
1425 4430 1838 4504 praeceptum:

283 4534 348 4587 at
373 4530 749 4607 praeceptum
768 4522 1000 4601 obligat
1017 4527 1088 4581 ut
1112 4538 1221 4601 per
1236 4538 1300 4580 se
1320 4524 1384 4579 et
1403 4537 1479 4579 ex
1499 4518 1842 4579 intentione

281 4624 559 4681 servetur
573 4662 593 4693 ,
639 4621 712 4677 ut
755 4622 1067 4677 ostensum
1112 4618 1238 4674 est:
1289 4629 1438 4690 ergo
1483 4611 1719 4689 obligat
1761 4611 1841 4671 ad

281 4711 635 4772 habendam
669 4709 1107 4789 cognitionem,
1135 4706 1264 4766 imo
1305 4710 1367 4766 et
1406 4703 1841 4765 consideratio-

284 4823 430 4866 nem
463 4803 650 4864 illius.
1177 4854 1180 4857 ,

325 4892 332 4897 ”
367 4900 463 4958 11.
515 4896 726 4959 Tertia
753 4893 1121 4957 assertio.—
1136 4891 1261 4953 Lex
1279 4888 1590 4952 natm-alis
1614 4886 1842 4967 obligat

281 4991 366 5053 ad
386 4990 618 5050 modum
638 4985 1143 5049 virtutis.-Dico
1164 4983 1348 5044 tertio
1375 4981 1720 5042 naturalem
1755 4979 1841 5040 le-

280 5098 424 5159 gem
474 5080 664 5141 ctiam
704 5077 978 5157 obligare
1022 5076 1102 5137 ad
1134 5074 1390 5135 modum
1431 5072 1678 5133 virtutis
1710 5087 1726 5131 2
1771 5076 1843 5131 ιιι

278 5174 665 5252 intelligatur
689 5172 962 5247 assertio,
993 5167 1427 5248 explicandum
1457 5170 1556 5226 est
1568 5165 1717 5244 quid
1745 5164 1843 5224 in-

277 5267 631 5345 telligamus
662 5283 773 5344 per
804 5264 1057 5324 modum
1085 5259 1351 5321 virtutis.
1385 5258 1510 5318 Sub
1539 5257 1645 5316 illo
1673 5257 1841 5317 enim

279 5358 860 5438 comprehendimus
882 5353 1180 5435 quidquid
1215 5349 1627 5412 necessarium
1655 5355 1746 5409 est
1769 5353 1842 5408 ut

281 5457 457 5513 actus
483 5451 562 5512 sit
587 5451 905 5523 honestuS,
935 5454 998 5510 et
1024 5443 1382 5525 simpliciter
1411 5441 1610 5504 bonus
1636 5457 1838 5503 mora-

1909 549 1985 610 de
2033 550 2198 611 bono
2248 551 2486 630 objecto
2528 553 2702 630 quasi
2748 552 3077 626 materiali,
3121 552 3226 614 sed
3277 553 3467 613 etiam

1910 641 2182 718 formali,
2239 644 2304 704 id
2337 651 2449 720 est,
2483 651 2733 725 propter
2772 646 3100 706 honestum
3132 647 3462 707 motivum.

1912 734 2088 807 Quod
2116 736 2488 812 significavit
2523 729 2878 799 Aristoteles
2913 741 2952 798 2
2978 738 3204 812 Ethic.,
3236 757 3369 817 cap.
3402 742 3465 814 4,

1911 829 2054 887 cum
2082 827 2263 903 dixit,
2293 834 2365 888 ιιι
2391 847 2544 908 opus
2570 830 2817 891 virtutis
2866 829 3134 891 studiose
3163 830 3296 904 fiat,
3343 849 3471 891 non

1910 921 2057 981 satis
2085 938 2213 982 esse
2240 928 2311 982 ut
2324 923 2492 1001 justa
2514 924 2615 983 vel
2630 930 2972 1003 temperata
2989 924 3112 983 sint
3129 941 3266 1003 quae
3283 923 3467 999 fiunt,

1911 1013 2017 1073 sed
2053 1020 2349 1092 praeterea
2391 1016 2645 1094 requiri,
2675 1022 2746 1078 ut
2785 1034 2969 1095 aglons
3013 1017 3103 1078 sio
3146 1035 3207 1078 se
3254 1017 3474 1079 habens

1912 1111 2082 1184 aqut.
2112 1107 2327 1169 Primo
2363 1109 2599 1187 quidem
2636 1109 2692 1170 si
2714 1110 2905 1171 sciens
2928 1134 2949 1168 .·
2982 1109 3250 1182 secundo,
3279 1109 3337 1170 si
3366 1109 3472 1170 eli-

1912 1214 2058 1275 qens
2090 1205 2337 1277 propter
2366 1201 2504 1279 ipsa
2534 1214 2552 1259 t
2595 1201 2793 1273 tertio,
2840 1201 2899 1262 si
2925 1200 3103 1276 firmo
3147 1200 3370 1276 animo,
3403 1218 3475 1263 ac

1912 1290 2281 1353 immutabili
2308 1297 2475 1371 aqat.
2507 1293 2599 1352 Ex
2624 1292 2849 1370 quibus
2895 1291 3351 1352 conditionibus
3379 1311 3473 1353 se-

1913 1382 2115 1442 cunda
2155 1389 2249 1443 est
2293 1402 2431 1462 quae
2476 1385 2767 1464 praesenti
2821 1384 3104 1444 instituto
3158 1385 3467 1459 deservit:

1913 1492 2061 1534 nam
2079 1475 2145 1535 in
2163 1475 2269 1536 illa
2291 1476 2538 1537 videtur
2556 1476 2912 1537 Aristoteles
2941 1476 3473 1556 comprehendisse

1910 1566 2179 1644 primam
2207 1569 2628 1645 assertionem,
2656 1575 2717 1628 et
2743 1569 2906 1630 hanc
2933 1571 3217 1646 tertiam3
3244 1577 3307 1632 et
3333 1572 3471 1632 ideo

1912 1659 2104 1739 aliqui
2147 1660 2318 1721 illam
2368 1662 2785 1723 conditionem
2834 1662 2901 1721 in
2946 1662 3100 1723 duas
3144 1664 3475 1725 subdistin-

1914 1757 2133 1829 guunt,
2160 1757 2232 1812 ut
2253 1771 2382 1813 una
2399 1754 2480 1814 sit
2495 1755 2738 1832 operari
2762 1753 3137 1815 voluntarie:
3162 1756 3278 1816 hoc
3304 1758 3472 1818 enim

1916 1851 2006 1905 est
2033 1845 2274 1923 operari
2314 1864 2392 1905 ex
2439 1845 2768 1922 electione3
2799 1846 2921 1906 alia
2949 1848 3027 1907 sit
3072 1848 3313 1927 operari
3333 1867 3474 1927 pro-

1915 1941 2055 2016 pter
2112 1937 2541 2000 honestatem:
2578 1943 2641 1999 et
2691 1939 2835 1999 licet
2888 1940 3055 2015 Soto,
3102 1941 3261 2002 libro
3310 1944 3349 2002 2
3397 1943 3473 2006 de

1917 2028 2155 2099 Justit„
2192 2048 2253 2107 q.
2287 2031 2347 2104 3,
2384 2034 2500 2090 art.
2534 2032 2595 2099 9,
2628 2029 2745 2089 hoc
2775 2030 3101 2109 improbet,
3136 2034 3284 2111 quia
3311 2034 3474 2094 Aris-

1917 2120 2137 2180 toteles
2165 2121 2632 2182 condititionem
2668 2121 2841 2180 illam
2863 2128 2933 2182 ιιι
2955 2141 3146 2183 unam
3194 2125 3471 2200 tradidit,

1918 2212 2327 2272 nihilominus
2353 2213 2631 2273 doctrina
2669 2214 2803 2292 ipsa
2829 2231 2975 2274 vera
3001 2221 3112 2291 est,
3141 2220 3201 2275 et
3226 2217 3295 2276 in
3323 2235 3476 2294 prae-

1920 2305 2082 2364 senti
2102 2303 2337 2365 confert
2363 2305 2500 2365 illas
2527 2305 2926 2382 distinguere,
2949 2307 3028 2366 ad
3051 2307 3476 2386 explicandam

1919 2395 2363 2474 obligationem
2415 2396 2715 2456 naturalis
2761 2397 2935 2475 legiS.
2984 2398 3182 2476 Igitur
3232 2402 3479 2480 operari

1918 2488 2142 2565 eliyens
2169 2488 2435 2566 pertinet
2458 2488 2536 2548 ad
2565 2489 2833 2567 primam
2869 2491 3303 2566 assertionem3
3336 2512 3479 2572 ope-

1915 2578 2041 2638 rari
2086 2597 2234 2640 vero
2272 2585 2521 2657 propter
2554 2581 2774 2658 ipsam,
2819 2580 2884 2640 id
2921 2587 3032 2657 est,
3064 2583 3473 2662 honestatem,

1915 2671 2181 2749 pertinet
2225 2670 2305 2730 ad
2350 2671 2513 2732 hanc
2533 2672 2802 2746 tertiam,
2837 2679 2898 2732 et
2926 2673 3040 2733 sub
3063 2675 3171 2735 illa
3196 2676 3475 2756 intelligo

1916 2762 2353 2841 comprehendi
2394 2769 2594 2823 totum
2639 2762 2704 2822 id
2732 2765 2896 2842 quod
2928 2767 3337 2828 necessarium
3389 2777 3479 2830 est

1915 2861 1985 2914 ut
2013 2861 2185 2915 actus
2212 2854 2438 2915 habeat
2461 2872 2675 2914 omnes
2701 2856 3083 2917 conditiones
3110 2862 3479 2922 necessarias

1917 2946 1996 3006 ad
2033 2947 2421 3007 honestatem
2447 2945 2826 3024 simpliciter,
2862 2948 3009 3025 quia
3045 2966 3229 3010 nemo
3264 2969 3480 3030 opera-

1918 3044 2021 3098 tur
2048 3040 2375 3101 intendens
2402 3038 2480 3099 ad
2517 3037 2926 3116 honestatem,
2962 3041 3084 3100 nisi
3111 3041 3334 3103 debitis
3359 3046 3479 3104 cir-

1921 3133 2306 3192 cumstantiis
2357 3137 2684 3209 operetur3
2730 3131 2922 3209 igitur
2970 3133 3193 3194 modus
3234 3137 3480 3198 virtutis

1919 3227 2120 3282 totum
2143 3223 2259 3283 hoc
2276 3221 2764 3301 comprehendit,
2791 3227 2852 3282 et
2871 3222 2960 3283 ita
2982 3224 3245 3286 dicimus
3264 3228 3480 3291 cadere

1917 3315 2032 3376 sub
2059 3316 2260 3393 legem
2293 3314 2663 3375 naturalem.

2001 3410 2098 3469 12.
2144 3409 2233 3467 Ita
2261 3425 2406 3485 ergo
2435 3406 2736 3486 explicata
2771 3408 3079 3469 conclusio
3107 3410 3376 3471 sumitur
3403 3430 3480 3473 cx

1916 3502 1988 3560 D.
2026 3501 2284 3576 Thoma,
2338 3500 2469 3560 loco
2515 3500 2721 3572 citato,
2765 3500 2872 3578 qui
2899 3500 2967 3560 in
3004 3502 3121 3562 hoc
3164 3505 3481 3566 constituit

1917 3592 2331 3653 differentiam
2376 3593 2540 3652 inter
2571 3591 2916 3652 naturalem
2944 3593 3150 3673 legem
3186 3602 3250 3657 et
3271 3599 3482 3676 positi-

1914 3701 2082 3758 vam,
2121 3703 2258 3763 quae
2312 3683 2661 3746 differentia
2693 3684 2814 3744 alio
2851 3687 3035 3746 modo
3059 3688 3327 3767 intelligi
3354 3709 3482 3752 non

1915 3782 2156 3854 potest:
2209 3776 2396 3838 sentit
2449 3795 2596 3856 ergo
2637 3778 2740 3855 jus
2787 3779 3070 3840 naturale
3108 3798 3237 3841 non
3281 3782 3483 3847 solum

1916 3868 2214 3947 obligare,
2267 3874 2340 3928 ut
2384 3869 2522 3946 quis
2560 3872 2845 3948 operetur
2886 3870 3122 3946 volens,
3152 3873 3260 3933 sed
3292 3877 3480 3936 etiam

1917 3961 2128 4021 volens
2151 3966 2402 4039 propter
2422 3960 2562 4035 hoc,
2580 3961 2645 4020 id
2668 3968 2779 4035 est,
2804 3968 3054 4040 propter
3072 3965 3479 4043 honestatem,

1918 4053 1984 4112 in
2034 4070 2156 4129 quo
2210 4051 2549 4112 includitur
2589 4054 2808 4112 modus
2854 4054 3102 4114 virtutis
3130 4073 3147 4117 :
3208 4064 3289 4117 et·
3315 4059 3482 4121 idem

1920 4143 2081 4203 clare
2124 4142 2301 4202 docet
2345 4142 2432 4201 ibi
2469 4143 2613 4201 Soto
2669 4142 2750 4202 ad
2806 4144 2866 4216 3,
2909 4144 2997 4203 ita
3051 4163 3364 4225 exponens
3408 4152 3477 4211 D.

1921 4233 2245 4294 Thomam.
2300 4232 2713 4293 Nihilominus
2760 4251 2887 4294 non
2943 4235 3162 4297 desunt
3202 4247 3483 4305 auctores

1919 4327 2148 4408 quibus
2194 4327 2326 4388 haec
2353 4326 2703 4388 differentia
2730 4346 2856 4389 non
2874 4329 3135 4409 placeat,
3167 4336 3273 4395 sed
3309 4336 3482 4399 abso-

1917 4422 2047 4482 lute
2100 4422 2375 4482 sentiant
2401 4422 2661 4481 modum
2687 4422 2934 4483 virtutis
2966 4442 3093 4485 non
3120 4427 3336 4490 cadere
3367 4432 3482 4492 sub

1919 4514 2361 4593 obligationem
2392 4514 2546 4592 legis
2569 4516 2891 4576 naturalis
2937 4516 3109 4590 Quod
3137 4522 3365 4583 sentire
3391 4525 3483 4585 vi-

1917 4608 2097 4669 detur
2118 4608 2387 4684 Medina,
2420 4608 2611 4669 codic.
2635 4608 2712 4671 de
2739 4610 2906 4670 Orat.
2914 4655 2934 4686 ,
2961 4629 3023 4690 q.
3059 4614 3158 4688 16,
3190 4614 3268 4674 de
3302 4617 3483 4678 Horis

1919 4701 2194 4761 canonic.
2227 4700 2522 4760 iterandis
2527 4745 2547 4775 ,
2573 4704 2636 4761 et
2656 4702 2986 4778 Navarrus,
3011 4709 3188 4766 tract.
3212 4707 3289 4768 de
3312 4709 3479 4771 Orat.

1918 4798 1983 4853 et
2022 4793 2200 4853 Horis
2238 4793 2574 4868 canoniciS,
2603 4811 2736 4873 cap.
2770 4796 2871 4869 ΞΟ,
2904 4813 2970 4854 n.
3002 4798 3104 4871 29,
3137 4804 3201 4857 et
3230 4798 3298 4859 in
3343 4818 3477 4880 cap.

1917 4884 2094 4957 Inter
2128 4885 2324 4958 verba,
2355 4887 2457 4959 Μ,
2492 4903 2554 4963 q.
2594 4887 2653 4959 3,
2699 4891 2761 4945 et
2801 4886 2869 4946 in
2920 4904 3166 4947 summa
3207 4907 3343 4968 cap.
3375 4894 3478 4967 21,

1917 4994 2095 5036 num.
2132 4975 2214 5053 73
2248 4993 2396 5036 nam
2428 4976 2536 5055 qui
2580 4977 2847 5036 restituit
2874 4977 3174 5054 debitum,
3202 4984 3480 5045 naturale

1916 5075 2294 5149 praeceptum
2321 5068 2685 5128 restituendi
2703 5074 2926 5145 servat,
2948 5071 3190 5131 etiamsi
3207 5073 3272 5133 id
3298 5073 3480 5137 faciat

1916 5164 2102 5224 modo
2143 5161 2418 5224 indebito
2434 5177 2454 5237 3
2488 5167 2551 5221 et
2594 5162 2701 5239 qui
2748 5162 2854 5221 dat
2885 5163 3342 5244 eleemosynam
3370 5188 3481 5230 na-

1916 5255 2114 5316 turale
2143 5257 2516 5333 praeceptum
2536 5253 2968 5315 misericordiae
2981 5265 3206 5337 servat,
3236 5262 3481 5322 etiamsi

1915 5350 2165 5427 propter
2192 5360 2418 5404 vanam
2441 5343 2703 5421 gloriam
2732 5346 2932 5410 faciat.

1999 5439 2097 5498 43.
2146 5434 2522 5502 conciliatur
2553 5440 2808 5521 utraque
2850 5441 3072 5522 opinio.
3103 5476 3185 5492 —
3204 5445 3325 5507 Sed
3345 5445 3477 5510 haec
