<?xml version="1.0" encoding="UTF-8"?>
<!DOCTYPE html PUBLIC "-//W3C//DTD XHTML 1.0 Transitional//EN"
    "http://www.w3.org/TR/xhtml1/DTD/xhtml1-transitional.dtd">
<html xmlns="http://www.w3.org/1999/xhtml" xml:lang="en" lang="en">
 <head>
  <title>
</title>
<meta http-equiv="Content-Type" content="text/html;charset=utf-8" />
  <meta name='ocr-system' content='tesseract 3.04.00' />
  <meta name='ocr-capabilities' content='ocr_page ocr_carea ocr_par ocr_line ocrx_word'/>
</head>
<body>
  <div class='ocr_page' id='page_1' title='image "./rpfranciscisuar02duvagoog_0242.png"; bbox 0 0 3976 6219; ppageno 0'>
   <div class='ocr_carea' id='block_1_1' title="bbox 477 296 601 357">
    <p class='ocr_par' dir='ltr' id='par_1_1' title="bbox 477 296 601 357">
     <span class='ocr_line' id='line_1_1' title="bbox 477 296 601 357; baseline 0.008 -1"><span class='ocrx_word' id='word_1_1' title='bbox 477 296 601 357; x_wconf 72' lang='lat'><strong>224</strong></span> 
     </span>
    </p>
   </div>
   <div class='ocr_carea' id='block_1_2' title="bbox 468 396 2046 2336">
    <p class='ocr_par' dir='ltr' id='par_1_2' title="bbox 468 396 2046 2242">
     <span class='ocr_line' id='line_1_2' title="bbox 480 396 2039 476; baseline -0.004 -14"><span class='ocrx_word' id='word_1_2' title='bbox 480 400 643 462; x_wconf 80' lang='lat' dir='ltr'>cedit</span> <span class='ocrx_word' id='word_1_3' title='bbox 672 397 746 457; x_wconf 91' lang='lat' dir='ltr'><strong>de</strong></span> <span class='ocrx_word' id='word_1_4' title='bbox 770 396 1008 458; x_wconf 87' lang='lat' dir='ltr'><strong>actibus</strong></span> <span class='ocrx_word' id='word_1_5' title='bbox 1027 398 1295 459; x_wconf 86' lang='lat' dir='ltr'><strong>externis</strong></span> <span class='ocrx_word' id='word_1_6' title='bbox 1317 416 1427 476; x_wconf 92' lang='lat' dir='ltr'><strong>per</strong></span> <span class='ocrx_word' id='word_1_7' title='bbox 1457 398 1738 460; x_wconf 90' lang='lat' dir='ltr'><strong>accidens</strong></span> <span class='ocrx_word' id='word_1_8' title='bbox 1763 396 2039 470; x_wconf 89' lang='lat' dir='ltr'><strong>occultis,</strong></span> 
     </span>
     <span class='ocr_line' id='line_1_3' title="bbox 481 488 2044 571; baseline -0.004 -18"><span class='ocrx_word' id='word_1_9' title='bbox 481 493 558 553; x_wconf 90' lang='lat' dir='ltr'><strong>de</strong></span> <span class='ocrx_word' id='word_1_10' title='bbox 599 491 823 570; x_wconf 88' lang='lat' dir='ltr'><strong>quibus</strong></span> <span class='ocrx_word' id='word_1_11' title='bbox 860 488 1131 550; x_wconf 85' lang='lat' dir='ltr'><strong>fatemur</strong></span> <span class='ocrx_word' id='word_1_12' title='bbox 1162 508 1292 551; x_wconf 89' lang='lat' dir='ltr'><strong>esse</strong></span> <span class='ocrx_word' id='word_1_13' title='bbox 1323 509 1498 571; x_wconf 87' lang='lat' dir='ltr'><strong>posse</strong></span> <span class='ocrx_word' id='word_1_14' title='bbox 1534 490 1860 551; x_wconf 80' lang='lat' dir='ltr'><strong>materiam</strong></span> <span class='ocrx_word' id='word_1_15' title='bbox 1888 488 2044 567; x_wconf 91' lang='lat' dir='ltr'><strong>legis</strong></span> 
     </span>
     <span class='ocr_line' id='line_1_4' title="bbox 479 582 2046 664; baseline -0.004 -17"><span class='ocrx_word' id='word_1_16' title='bbox 479 586 769 647; x_wconf 74' lang='lat' dir='ltr'><strong>humanae</strong></span> <span class='ocrx_word' id='word_1_17' title='bbox 792 630 811 660; x_wconf 91' lang='lat'><strong>,</strong></span> <span class='ocrx_word' id='word_1_18' title='bbox 854 590 917 644; x_wconf 92' lang='lat' dir='ltr'><strong>et</strong></span> <span class='ocrx_word' id='word_1_19' title='bbox 949 603 1059 664; x_wconf 90' lang='lat' dir='ltr'><strong>per</strong></span> <span class='ocrx_word' id='word_1_20' title='bbox 1085 584 1259 646; x_wconf 89' lang='lat' dir='ltr'><strong>illam</strong></span> <span class='ocrx_word' id='word_1_21' title='bbox 1286 584 1621 664; x_wconf 84' lang='lat' dir='ltr'>prohiberi,</span> <span class='ocrx_word' id='word_1_22' title='bbox 1669 590 1740 644; x_wconf 87' lang='lat' dir='ltr'><strong>ut</strong></span> <span class='ocrx_word' id='word_1_23' title='bbox 1778 582 2046 662; x_wconf 88' lang='lat' dir='ltr'><strong>probant</strong></span> 
     </span>
     <span class='ocr_line' id='line_1_5' title="bbox 477 674 2044 752; baseline -0.003 -13"><span class='ocrx_word' id='word_1_24' title='bbox 477 678 750 739; x_wconf 88' lang='lat' dir='ltr'><strong>rationes</strong></span> <span class='ocrx_word' id='word_1_25' title='bbox 775 677 974 752; x_wconf 81' lang='lat' dir='ltr'><strong>factae,</strong></span> <span class='ocrx_word' id='word_1_26' title='bbox 1021 684 1082 738; x_wconf 89' lang='grc'><strong>81</strong></span> <span class='ocrx_word' id='word_1_27' title='bbox 1107 683 1272 739; x_wconf 89' lang='grc'><strong>18818</strong></span> <span class='ocrx_word' id='word_1_28' title='bbox 1321 678 1541 739; x_wconf 90' lang='lat' dir='ltr'><strong>docent</strong></span> <span class='ocrx_word' id='word_1_29' title='bbox 1585 682 1861 737; x_wconf 84' lang='lat' dir='ltr'><strong>auctores</strong></span> <span class='ocrx_word' id='word_1_30' title='bbox 1887 674 2006 735; x_wconf 88' lang='lat' dir='ltr'><strong>alle</strong></span> <span class='ocrx_word' id='word_1_31' title='bbox 2027 708 2044 717; x_wconf 93' lang='lat'><strong>·</strong></span> 
     </span>
     <span class='ocr_line' id='line_1_6' title="bbox 480 766 2045 850; baseline -0.003 -19"><span class='ocrx_word' id='word_1_32' title='bbox 480 770 631 850; x_wconf 89' lang='lat' dir='ltr'><strong>gati,</strong></span> <span class='ocrx_word' id='word_1_33' title='bbox 680 776 742 831; x_wconf 87' lang='lat' dir='ltr'><strong>et</strong></span> <span class='ocrx_word' id='word_1_34' title='bbox 791 769 1003 830; x_wconf 87' lang='lat' dir='ltr'><strong>Palud.</strong></span> <span class='ocrx_word' id='word_1_35' title='bbox 1038 771 1101 843; x_wconf 74' lang='lat'><strong>4,</strong></span> <span class='ocrx_word' id='word_1_36' title='bbox 1149 770 1290 830; x_wconf 91' lang='lat' dir='ltr'><strong>dist.</strong></span> <span class='ocrx_word' id='word_1_37' title='bbox 1339 774 1436 845; x_wconf 84' lang='lat'><strong>17,</strong></span> <span class='ocrx_word' id='word_1_38' title='bbox 1477 789 1537 849; x_wconf 90' lang='lat' dir='ltr'><strong>q.</strong></span> <span class='ocrx_word' id='word_1_39' title='bbox 1571 771 1646 847; x_wconf 72' lang='lat'><strong>23</strong></span> <span class='ocrx_word' id='word_1_40' title='bbox 1698 771 1922 830; x_wconf 87' lang='lat' dir='ltr'><strong>Navar.</strong></span> <span class='ocrx_word' id='word_1_41' title='bbox 1967 766 2045 827; x_wconf 92' lang='lat' dir='ltr'><strong>de</strong></span> 
     </span>
     <span class='ocr_line' id='line_1_7' title="bbox 480 861 2044 942; baseline -0.003 -18"><span class='ocrx_word' id='word_1_42' title='bbox 480 864 704 924; x_wconf 86' lang='lat' dir='ltr'><strong>Poenit.</strong></span> <span class='ocrx_word' id='word_1_43' title='bbox 743 863 885 923; x_wconf 88' lang='lat' dir='ltr'><strong>dist.</strong></span> <span class='ocrx_word' id='word_1_44' title='bbox 924 865 985 939; x_wconf 80' lang='lat'><strong>5,</strong></span> <span class='ocrx_word' id='word_1_45' title='bbox 1038 863 1105 922; x_wconf 91' lang='lat' dir='ltr'><strong>in</strong></span> <span class='ocrx_word' id='word_1_46' title='bbox 1133 863 1333 942; x_wconf 89' lang='lat' dir='ltr'><strong>princ.</strong></span> <span class='ocrx_word' id='word_1_47' title='bbox 1379 882 1444 923; x_wconf 92' lang='lat' dir='ltr'><strong>n.</strong></span> <span class='ocrx_word' id='word_1_48' title='bbox 1489 865 1591 939; x_wconf 72' lang='lat'><strong>27,</strong></span> <span class='ocrx_word' id='word_1_49' title='bbox 1648 862 1755 921; x_wconf 89' lang='lat' dir='ltr'><strong>ubi</strong></span> <span class='ocrx_word' id='word_1_50' title='bbox 1795 862 1947 923; x_wconf 90' lang='lat' dir='ltr'><strong>alios</strong></span> <span class='ocrx_word' id='word_1_51' title='bbox 1975 861 2044 920; x_wconf 92' lang='lat' dir='ltr'><strong>in</strong></span> 
     </span>
     <span class='ocr_line' id='line_1_8' title="bbox 479 956 2038 1036; baseline -0.003 -17"><span class='ocrx_word' id='word_1_52' title='bbox 479 958 761 1019; x_wconf 86' lang='lat' dir='ltr'><strong>eamdem</strong></span> <span class='ocrx_word' id='word_1_53' title='bbox 788 957 1160 1018; x_wconf 88' lang='lat' dir='ltr'><strong>sententiam</strong></span> <span class='ocrx_word' id='word_1_54' title='bbox 1195 957 1404 1018; x_wconf 79' lang='lat' dir='ltr'><strong>refert.</strong></span> <span class='ocrx_word' id='word_1_55' title='bbox 1453 957 1698 1036; x_wconf 84' lang='lat' dir='ltr'><strong>Allegat</strong></span> <span class='ocrx_word' id='word_1_56' title='bbox 1728 961 1937 1016; x_wconf 83' lang='lat' dir='ltr'><strong>autem</strong></span> <span class='ocrx_word' id='word_1_57' title='bbox 1967 956 2038 1015; x_wconf 93' lang='lat' dir='ltr'><strong>D.</strong></span> 
     </span>
     <span class='ocr_line' id='line_1_9' title="bbox 478 1048 2041 1130; baseline -0.003 -18"><span class='ocrx_word' id='word_1_58' title='bbox 478 1050 780 1112; x_wconf 79' lang='lat' dir='ltr'><strong>&#39;rhomam</strong></span> <span class='ocrx_word' id='word_1_59' title='bbox 823 1049 1099 1130; x_wconf 88' lang='lat' dir='ltr'><strong>quodlib.</strong></span> <span class='ocrx_word' id='word_1_60' title='bbox 1152 1053 1214 1126; x_wconf 73' lang='lat'><strong>4,</strong></span> <span class='ocrx_word' id='word_1_61' title='bbox 1263 1055 1382 1111; x_wconf 88' lang='lat' dir='ltr'><strong>art.</strong></span> <span class='ocrx_word' id='word_1_62' title='bbox 1444 1052 1543 1125; x_wconf 76' lang='lat'><strong>12,</strong></span> <span class='ocrx_word' id='word_1_63' title='bbox 1590 1048 2041 1127; x_wconf 89' lang='lat' dir='ltr'><strong>significantem</strong></span> 
     </span>
     <span class='ocr_line' id='line_1_10' title="bbox 476 1143 2042 1224; baseline -0.003 -20"><span class='ocrx_word' id='word_1_64' title='bbox 476 1150 797 1224; x_wconf 85' lang='lat' dir='ltr'><strong>peccatum</strong></span> <span class='ocrx_word' id='word_1_65' title='bbox 835 1144 1141 1204; x_wconf 90' lang='lat' dir='ltr'><strong>occultum</strong></span> <span class='ocrx_word' id='word_1_66' title='bbox 1194 1143 1380 1203; x_wconf 88' lang='lat' dir='ltr'><strong>etiam</strong></span> <span class='ocrx_word' id='word_1_67' title='bbox 1423 1148 1748 1203; x_wconf 85' lang='lat' dir='ltr'><strong>externum</strong></span> <span class='ocrx_word' id='word_1_68' title='bbox 1784 1159 1911 1200; x_wconf 92' lang='lat' dir='ltr'><strong>non</strong></span> <span class='ocrx_word' id='word_1_69' title='bbox 1943 1158 2042 1200; x_wconf 92' lang='grc'><strong>88-</strong></span> 
     </span>
     <span class='ocr_line' id='line_1_11' title="bbox 477 1233 2041 1315; baseline -0.003 -19"><span class='ocrx_word' id='word_1_70' title='bbox 477 1237 623 1298; x_wconf 87' lang='lat' dir='ltr'><strong>dere</strong></span> <span class='ocrx_word' id='word_1_71' title='bbox 651 1237 764 1298; x_wconf 90' lang='lat' dir='ltr'><strong>sub</strong></span> <span class='ocrx_word' id='word_1_72' title='bbox 792 1236 1132 1297; x_wconf 82' lang='lat' dir='ltr'><strong>humanam</strong></span> <span class='ocrx_word' id='word_1_73' title='bbox 1153 1236 1646 1315; x_wconf 90' lang='lat' dir='ltr'><strong>jurisdictionem</strong></span> <span class='ocrx_word' id='word_1_74' title='bbox 1674 1256 1688 1296; x_wconf 91' lang='lat'><strong>:</strong></span> <span class='ocrx_word' id='word_1_75' title='bbox 1723 1235 1828 1295; x_wconf 90' lang='lat' dir='ltr'><strong>sed</strong></span> <span class='ocrx_word' id='word_1_76' title='bbox 1862 1233 2041 1294; x_wconf 88' lang='lat' dir='ltr'><strong>divus</strong></span> 
     </span>
     <span class='ocr_line' id='line_1_12' title="bbox 477 1326 2041 1408; baseline -0.003 -17"><span class='ocrx_word' id='word_1_77' title='bbox 477 1330 744 1391; x_wconf 88' lang='lat' dir='ltr'><strong>Thomas</strong></span> <span class='ocrx_word' id='word_1_78' title='bbox 789 1349 916 1391; x_wconf 93' lang='lat' dir='ltr'><strong>non</strong></span> <span class='ocrx_word' id='word_1_79' title='bbox 944 1334 1131 1408; x_wconf 83' lang='lat' dir='ltr'><strong>negat</strong></span> <span class='ocrx_word' id='word_1_80' title='bbox 1158 1329 1519 1408; x_wconf 89' lang='lat' dir='ltr'><strong>simpliciter</strong></span> <span class='ocrx_word' id='word_1_81' title='bbox 1549 1328 1763 1389; x_wconf 88' lang='lat' dir='ltr'><strong>cadere</strong></span> <span class='ocrx_word' id='word_1_82' title='bbox 1801 1326 1914 1387; x_wconf 89' lang='lat' dir='ltr'><strong>sub</strong></span> <span class='ocrx_word' id='word_1_83' title='bbox 1939 1326 2041 1404; x_wconf 91' lang='lat' dir='ltr'><strong>ju-</strong></span> 
     </span>
     <span class='ocr_line' id='line_1_13' title="bbox 473 1420 2042 1500; baseline -0.002 -18"><span class='ocrx_word' id='word_1_84' title='bbox 473 1422 895 1485; x_wconf 79' lang='lat' dir='ltr'><strong>risdictionem</strong></span> <span class='ocrx_word' id='word_1_85' title='bbox 920 1423 1212 1497; x_wconf 79' lang='lat' dir='ltr'><strong>hominiS,</strong></span> <span class='ocrx_word' id='word_1_86' title='bbox 1235 1422 1343 1483; x_wconf 91' lang='lat' dir='ltr'><strong>sed</strong></span> <span class='ocrx_word' id='word_1_87' title='bbox 1373 1422 1573 1482; x_wconf 90' lang='lat' dir='ltr'><strong>solum</strong></span> <span class='ocrx_word' id='word_1_88' title='bbox 1600 1420 1804 1500; x_wconf 89' lang='lat' dir='ltr'><strong>quoad</strong></span> <span class='ocrx_word' id='word_1_89' title='bbox 1833 1425 2042 1481; x_wconf 88' lang='lat' dir='ltr'><strong>actum</strong></span> 
     </span>
     <span class='ocr_line' id='line_1_14' title="bbox 468 1512 2042 1595; baseline -0.001 -22"><span class='ocrx_word' id='word_1_90' title='bbox 468 1513 790 1593; x_wconf 85' lang='lat' dir='ltr'><strong>judicandi</strong></span> <span class='ocrx_word' id='word_1_91' title='bbox 835 1515 912 1577; x_wconf 88' lang='lat' dir='ltr'><strong>de</strong></span> <span class='ocrx_word' id='word_1_92' title='bbox 954 1515 1062 1576; x_wconf 91' lang='lat' dir='ltr'><strong>illo</strong></span> <span class='ocrx_word' id='word_1_93' title='bbox 1106 1515 1500 1595; x_wconf 88' lang='lat' dir='ltr'><strong>inquirendo,</strong></span> <span class='ocrx_word' id='word_1_94' title='bbox 1546 1514 1644 1574; x_wconf 80' lang='lat' dir='ltr'><strong>vel</strong></span> <span class='ocrx_word' id='word_1_95' title='bbox 1685 1513 1808 1574; x_wconf 89' lang='lat' dir='ltr'><strong>alio</strong></span> <span class='ocrx_word' id='word_1_96' title='bbox 1852 1512 2042 1573; x_wconf 87' lang='lat' dir='ltr'><strong>simili</strong></span> 
     </span>
     <span class='ocr_line' id='line_1_15' title="bbox 477 1605 2043 1688; baseline -0.003 -21"><span class='ocrx_word' id='word_1_97' title='bbox 477 1607 683 1683; x_wconf 91' lang='lat' dir='ltr'><strong>mod0,</strong></span> <span class='ocrx_word' id='word_1_98' title='bbox 715 1608 862 1687; x_wconf 90' lang='lat' dir='ltr'><strong>quia</strong></span> <span class='ocrx_word' id='word_1_99' title='bbox 909 1608 1011 1669; x_wconf 91' lang='grc'><strong>1118</strong></span> <span class='ocrx_word' id='word_1_100' title='bbox 1061 1614 1233 1669; x_wconf 86' lang='grc'><strong>881115</strong></span> <span class='ocrx_word' id='word_1_101' title='bbox 1283 1608 1573 1688; x_wconf 85' lang='lat' dir='ltr'>supponit</span> <span class='ocrx_word' id='word_1_102' title='bbox 1616 1607 1901 1666; x_wconf 83' lang='lat' dir='ltr'><strong>notitiam</strong></span> <span class='ocrx_word' id='word_1_103' title='bbox 1932 1605 2043 1666; x_wconf 88' lang='lat' dir='ltr'><strong>ali-</strong></span> 
     </span>
     <span class='ocr_line' id='line_1_16' title="bbox 478 1698 2041 1780; baseline -0.001 -21"><span class='ocrx_word' id='word_1_104' title='bbox 478 1717 668 1778; x_wconf 86' lang='lat' dir='ltr'><strong>quam</strong></span> <span class='ocrx_word' id='word_1_105' title='bbox 714 1699 1052 1762; x_wconf 88' lang='lat' dir='ltr'><strong>humanam</strong></span> <span class='ocrx_word' id='word_1_106' title='bbox 1100 1707 1398 1780; x_wconf 89' lang='lat' dir='ltr'><strong>tanquam</strong></span> <span class='ocrx_word' id='word_1_107' title='bbox 1435 1700 1912 1761; x_wconf 87' lang='lat' dir='ltr'><strong>fundamentum</strong></span> <span class='ocrx_word' id='word_1_108' title='bbox 1944 1698 2041 1757; x_wconf 90' lang='lat' dir='ltr'><strong>in-</strong></span> 
     </span>
     <span class='ocr_line' id='line_1_17' title="bbox 479 1790 2042 1871; baseline 0 -20"><span class='ocrx_word' id='word_1_109' title='bbox 479 1792 827 1870; x_wconf 89' lang='lat' dir='ltr'><strong>quisitionis</strong></span> <span class='ocrx_word' id='word_1_110' title='bbox 851 1798 913 1853; x_wconf 93' lang='lat' dir='ltr'><strong>et</strong></span> <span class='ocrx_word' id='word_1_111' title='bbox 932 1793 1189 1871; x_wconf 88' lang='lat' dir='ltr'><strong>judicii:</strong></span> <span class='ocrx_word' id='word_1_112' title='bbox 1223 1811 1395 1854; x_wconf 89' lang='lat' dir='ltr'><strong>secus</strong></span> <span class='ocrx_word' id='word_1_113' title='bbox 1418 1812 1564 1854; x_wconf 86' lang='lat' dir='ltr'><strong>vero</strong></span> <span class='ocrx_word' id='word_1_114' title='bbox 1588 1797 1679 1854; x_wconf 90' lang='lat' dir='ltr'><strong>est</strong></span> <span class='ocrx_word' id='word_1_115' title='bbox 1699 1793 1776 1852; x_wconf 92' lang='lat' dir='ltr'><strong>de</strong></span> <span class='ocrx_word' id='word_1_116' title='bbox 1803 1790 2042 1852; x_wconf 90' lang='lat' dir='ltr'><strong>actibus</strong></span> 
     </span>
     <span class='ocr_line' id='line_1_18' title="bbox 468 1882 2042 1964; baseline -0.001 -21"><span class='ocrx_word' id='word_1_117' title='bbox 468 1883 943 1962; x_wconf 81' lang='lat' dir='ltr'><strong>jurisdictionis,</strong></span> <span class='ocrx_word' id='word_1_118' title='bbox 992 1885 1101 1964; x_wconf 92' lang='lat' dir='ltr'><strong>qui</strong></span> <span class='ocrx_word' id='word_1_119' title='bbox 1146 1903 1255 1964; x_wconf 91' lang='lat' dir='ltr'><strong>per</strong></span> <span class='ocrx_word' id='word_1_120' title='bbox 1294 1885 1662 1946; x_wconf 80' lang='lat' dir='ltr'><strong>sententiam</strong></span> <span class='ocrx_word' id='word_1_121' title='bbox 1690 1882 2042 1963; x_wconf 82' lang='lat' dir='ltr'><strong>generalem</strong></span> 
     </span>
     <span class='ocr_line' id='line_1_19' title="bbox 477 1976 2043 2057; baseline -0.001 -20"><span class='ocrx_word' id='word_1_122' title='bbox 477 1982 541 2037; x_wconf 87' lang='lat' dir='ltr'><strong>et</strong></span> <span class='ocrx_word' id='word_1_123' title='bbox 568 1994 676 2055; x_wconf 90' lang='lat' dir='ltr'><strong>per</strong></span> <span class='ocrx_word' id='word_1_124' title='bbox 703 1976 870 2055; x_wconf 88' lang='lat' dir='ltr'><strong>leges</strong></span> <span class='ocrx_word' id='word_1_125' title='bbox 904 1977 1171 2039; x_wconf 85' lang='lat' dir='ltr'><strong>exerceri</strong></span> <span class='ocrx_word' id='word_1_126' title='bbox 1209 1984 1484 2057; x_wconf 86' lang='lat' dir='ltr'><strong>possunt,</strong></span> <span class='ocrx_word' id='word_1_127' title='bbox 1518 1977 1662 2056; x_wconf 89' lang='lat' dir='ltr'><strong>quia</strong></span> <span class='ocrx_word' id='word_1_128' title='bbox 1691 1977 1782 2037; x_wconf 91' lang='lat' dir='ltr'><strong>illi</strong></span> <span class='ocrx_word' id='word_1_129' title='bbox 1811 1977 2043 2055; x_wconf 89' lang='lat' dir='ltr'><strong>optime</strong></span> 
     </span>
     <span class='ocr_line' id='line_1_20' title="bbox 475 2068 2037 2150; baseline -0.001 -20"><span class='ocrx_word' id='word_1_130' title='bbox 475 2070 690 2130; x_wconf 90' lang='lat' dir='ltr'><strong>cadere</strong></span> <span class='ocrx_word' id='word_1_131' title='bbox 733 2076 984 2150; x_wconf 85' lang='lat' dir='ltr'><strong>possunt</strong></span> <span class='ocrx_word' id='word_1_132' title='bbox 1019 2072 1085 2131; x_wconf 92' lang='lat' dir='ltr'><strong>in</strong></span> <span class='ocrx_word' id='word_1_133' title='bbox 1126 2078 1294 2131; x_wconf 87' lang='lat' dir='ltr'><strong>actus</strong></span> <span class='ocrx_word' id='word_1_134' title='bbox 1338 2089 1447 2150; x_wconf 91' lang='lat' dir='ltr'><strong>per</strong></span> <span class='ocrx_word' id='word_1_135' title='bbox 1474 2090 1535 2131; x_wconf 88' lang='lat' dir='ltr'><strong>se</strong></span> <span class='ocrx_word' id='word_1_136' title='bbox 1581 2068 2037 2150; x_wconf 78' lang='lat' dir='ltr'><strong>cognoscibileS,</strong></span> 
     </span>
     <span class='ocr_line' id='line_1_21' title="bbox 473 2163 1771 2242; baseline -0.001 -19"><span class='ocrx_word' id='word_1_137' title='bbox 473 2163 717 2224; x_wconf 88' lang='lat' dir='ltr'><strong>etiamsi</strong></span> <span class='ocrx_word' id='word_1_138' title='bbox 748 2182 859 2242; x_wconf 90' lang='lat' dir='ltr'><strong>per</strong></span> <span class='ocrx_word' id='word_1_139' title='bbox 895 2165 1174 2226; x_wconf 90' lang='lat' dir='ltr'><strong>accidens</strong></span> <span class='ocrx_word' id='word_1_140' title='bbox 1203 2164 1598 2225; x_wconf 82' lang='lat' dir='ltr'><strong>occultissimi</strong></span> <span class='ocrx_word' id='word_1_141' title='bbox 1625 2163 1771 2223; x_wconf 91' lang='lat' dir='ltr'><strong>sint.</strong></span> 
     </span>
    </p>

    <p class='ocr_par' dir='ltr' id='par_1_3' title="bbox 557 2255 2040 2336">
     <span class='ocr_line' id='line_1_22' title="bbox 557 2255 2040 2336; baseline -0.001 -21"><span class='ocrx_word' id='word_1_142' title='bbox 557 2258 614 2316; x_wconf 84' lang='lat'><strong>7.</strong></span> <span class='ocrx_word' id='word_1_143' title='bbox 645 2255 740 2315; x_wconf 88' lang='lat' dir='ltr'><strong>Ad</strong></span> <span class='ocrx_word' id='word_1_144' title='bbox 764 2255 1174 2334; x_wconf 87' lang='lat' dir='ltr'><strong>objectionem</strong></span> <span class='ocrx_word' id='word_1_145' title='bbox 1199 2276 1345 2336; x_wconf 89' lang='lat' dir='ltr'><strong>ergo</strong></span> <span class='ocrx_word' id='word_1_146' title='bbox 1372 2263 1637 2335; x_wconf 85' lang='lat' dir='ltr'><strong>negatur</strong></span> <span class='ocrx_word' id='word_1_147' title='bbox 1663 2272 2040 2334; x_wconf 90' lang='lat' dir='ltr'><strong>consequen-</strong></span> 
     </span>
    </p>
   </div>
   <div class='ocr_carea' id='block_1_3' title="bbox 474 2348 2071 2428">
    <p class='ocr_par' dir='ltr' id='par_1_4' title="bbox 474 2348 2071 2428">
     <span class='ocr_line' id='line_1_23' title="bbox 474 2348 2071 2428; baseline 0 -21"><span class='ocrx_word' id='word_1_148' title='bbox 474 2348 584 2424; x_wconf 90' lang='lat' dir='ltr'><strong>tia,</strong></span> <span class='ocrx_word' id='word_1_149' title='bbox 614 2354 676 2408; x_wconf 87' lang='lat' dir='ltr'><strong>et</strong></span> <span class='ocrx_word' id='word_1_150' title='bbox 705 2350 862 2409; x_wconf 89' lang='lat' dir='ltr'><strong>ratio</strong></span> <span class='ocrx_word' id='word_1_151' title='bbox 889 2350 1251 2412; x_wconf 75' lang='lat' dir='ltr'><strong>differentias</strong></span> <span class='ocrx_word' id='word_1_152' title='bbox 1275 2352 1440 2411; x_wconf 90' lang='lat' dir='ltr'><strong>inter</strong></span> <span class='ocrx_word' id='word_1_153' title='bbox 1469 2357 1799 2428; x_wconf 90' lang='lat' dir='ltr'><strong>utrumque</strong></span> <span class='ocrx_word' id='word_1_154' title='bbox 1832 2358 2071 2408; x_wconf 88' lang='lat' dir='ltr'><strong>actum·</strong></span> 
     </span>
    </p>
   </div>
   <div class='ocr_carea' id='block_1_4' title="bbox 462 2440 2047 5506">
    <p class='ocr_par' dir='ltr' id='par_1_5' title="bbox 472 2440 2044 3991">
     <span class='ocr_line' id='line_1_24' title="bbox 475 2440 2041 2520; baseline -0.002 -19"><span class='ocrx_word' id='word_1_155' title='bbox 475 2446 589 2516; x_wconf 91' lang='lat' dir='ltr'><strong>est,</strong></span> <span class='ocrx_word' id='word_1_156' title='bbox 624 2441 772 2520; x_wconf 90' lang='lat' dir='ltr'><strong>quia</strong></span> <span class='ocrx_word' id='word_1_157' title='bbox 817 2442 1086 2503; x_wconf 83' lang='lat' dir='ltr'><strong>multum</strong></span> <span class='ocrx_word' id='word_1_158' title='bbox 1134 2444 1321 2504; x_wconf 83' lang='lat' dir='ltr'><strong>refert</strong></span> <span class='ocrx_word' id='word_1_159' title='bbox 1357 2443 1436 2503; x_wconf 90' lang='lat' dir='ltr'><strong>ad</strong></span> <span class='ocrx_word' id='word_1_160' title='bbox 1477 2441 1739 2502; x_wconf 89' lang='lat' dir='ltr'><strong>morales</strong></span> <span class='ocrx_word' id='word_1_161' title='bbox 1790 2440 2041 2500; x_wconf 88' lang='lat' dir='ltr'><strong>effectus</strong></span> 
     </span>
     <span class='ocr_line' id='line_1_25' title="bbox 476 2532 2041 2611; baseline -0.001 -18"><span class='ocrx_word' id='word_1_162' title='bbox 476 2532 642 2611; x_wconf 91' lang='lat' dir='ltr'><strong>quod</strong></span> <span class='ocrx_word' id='word_1_163' title='bbox 668 2535 828 2595; x_wconf 90' lang='lat' dir='ltr'><strong>actio</strong></span> <span class='ocrx_word' id='word_1_164' title='bbox 869 2536 948 2596; x_wconf 90' lang='lat' dir='ltr'><strong>sit</strong></span> <span class='ocrx_word' id='word_1_165' title='bbox 982 2542 1207 2597; x_wconf 88' lang='lat' dir='ltr'><strong>natura</strong></span> <span class='ocrx_word' id='word_1_166' title='bbox 1233 2554 1345 2597; x_wconf 89' lang='lat' dir='ltr'><strong>sua</strong></span> <span class='ocrx_word' id='word_1_167' title='bbox 1376 2534 1749 2596; x_wconf 88' lang='lat' dir='ltr'><strong>insensibilis</strong></span> <span class='ocrx_word' id='word_1_168' title='bbox 1777 2533 1876 2594; x_wconf 83' lang='lat' dir='ltr'><strong>vel</strong></span> <span class='ocrx_word' id='word_1_169' title='bbox 1904 2551 2041 2594; x_wconf 91' lang='lat' dir='ltr'><strong>sen-</strong></span> 
     </span>
     <span class='ocr_line' id='line_1_26' title="bbox 475 2626 2042 2708; baseline -0.001 -22"><span class='ocrx_word' id='word_1_170' title='bbox 475 2626 692 2703; x_wconf 83' lang='lat' dir='ltr'><strong>sibilis,</strong></span> <span class='ocrx_word' id='word_1_171' title='bbox 740 2629 887 2707; x_wconf 90' lang='lat' dir='ltr'><strong>quia</strong></span> <span class='ocrx_word' id='word_1_172' title='bbox 925 2629 1270 2708; x_wconf 88' lang='lat' dir='ltr'><strong>jurisdictio</strong></span> <span class='ocrx_word' id='word_1_173' title='bbox 1304 2630 1437 2690; x_wconf 81' lang='lat' dir='ltr'><strong>haec</strong></span> <span class='ocrx_word' id='word_1_174' title='bbox 1466 2629 1647 2689; x_wconf 88' lang='lat' dir='ltr'><strong>datur</strong></span> <span class='ocrx_word' id='word_1_175' title='bbox 1683 2626 2042 2688; x_wconf 89' lang='lat' dir='ltr'><strong>hominibus</strong></span> 
     </span>
     <span class='ocr_line' id='line_1_27' title="bbox 478 2719 2042 2800; baseline -0.001 -22"><span class='ocrx_word' id='word_1_176' title='bbox 478 2719 663 2780; x_wconf 90' lang='lat' dir='ltr'><strong>modo</strong></span> <span class='ocrx_word' id='word_1_177' title='bbox 695 2722 1083 2783; x_wconf 87' lang='lat' dir='ltr'><strong>connaturali</strong></span> <span class='ocrx_word' id='word_1_178' title='bbox 1097 2768 1117 2798; x_wconf 94' lang='lat'><strong>,</strong></span> <span class='ocrx_word' id='word_1_179' title='bbox 1164 2741 1236 2783; x_wconf 89' lang='lat' dir='ltr'><strong>ac</strong></span> <span class='ocrx_word' id='word_1_180' title='bbox 1274 2722 1534 2783; x_wconf 85' lang='lat' dir='ltr'><strong>subinde</strong></span> <span class='ocrx_word' id='word_1_181' title='bbox 1578 2720 2042 2800; x_wconf 88' lang='lat' dir='ltr'><strong>proportionato</strong></span> 
     </span>
     <span class='ocr_line' id='line_1_28' title="bbox 476 2813 2042 2894; baseline 0 -23"><span class='ocrx_word' id='word_1_182' title='bbox 476 2817 737 2888; x_wconf 79' lang='lat' dir='ltr'><strong>naturae,</strong></span> <span class='ocrx_word' id='word_1_183' title='bbox 774 2819 835 2874; x_wconf 93' lang='lat' dir='ltr'><strong>et</strong></span> <span class='ocrx_word' id='word_1_184' title='bbox 879 2813 1017 2875; x_wconf 91' lang='lat' dir='ltr'><strong>ideo</strong></span> <span class='ocrx_word' id='word_1_185' title='bbox 1040 2815 1224 2876; x_wconf 89' lang='lat' dir='ltr'><strong>datur</strong></span> <span class='ocrx_word' id='word_1_186' title='bbox 1245 2833 1429 2894; x_wconf 91' lang='lat' dir='ltr'><strong>super</strong></span> <span class='ocrx_word' id='word_1_187' title='bbox 1454 2833 1556 2875; x_wconf 90' lang='lat' dir='ltr'><strong>eas</strong></span> <span class='ocrx_word' id='word_1_188' title='bbox 1596 2814 1865 2874; x_wconf 87' lang='lat' dir='ltr'><strong>actiones</strong></span> <span class='ocrx_word' id='word_1_189' title='bbox 1905 2829 2042 2891; x_wconf 81' lang='lat' dir='ltr'><strong>quae</strong></span> 
     </span>
     <span class='ocr_line' id='line_1_29' title="bbox 476 2905 2043 2987; baseline 0.001 -23"><span class='ocrx_word' id='word_1_190' title='bbox 476 2922 588 2982; x_wconf 89' lang='lat' dir='ltr'><strong>per</strong></span> <span class='ocrx_word' id='word_1_191' title='bbox 610 2923 675 2965; x_wconf 91' lang='lat' dir='ltr'><strong>se</strong></span> <span class='ocrx_word' id='word_1_192' title='bbox 698 2911 760 2966; x_wconf 89' lang='lat' dir='ltr'><strong>et</strong></span> <span class='ocrx_word' id='word_1_193' title='bbox 788 2911 1010 2968; x_wconf 87' lang='lat' dir='ltr'><strong>natura</strong></span> <span class='ocrx_word' id='word_1_194' title='bbox 1035 2926 1147 2969; x_wconf 87' lang='lat' dir='ltr'><strong>sua</strong></span> <span class='ocrx_word' id='word_1_195' title='bbox 1179 2907 1619 2987; x_wconf 85' lang='lat' dir='ltr'><strong>cognoscibiles</strong></span> <span class='ocrx_word' id='word_1_196' title='bbox 1650 2912 1797 2968; x_wconf 91' lang='lat' dir='ltr'><strong>sunt</strong></span> <span class='ocrx_word' id='word_1_197' title='bbox 1821 2905 2043 2966; x_wconf 88' lang='lat' dir='ltr'><strong>huma-</strong></span> 
     </span>
     <span class='ocr_line' id='line_1_30' title="bbox 477 2998 2038 3080; baseline 0 -23"><span class='ocrx_word' id='word_1_198' title='bbox 477 3015 560 3057; x_wconf 91' lang='lat' dir='ltr'><strong>no</strong></span> <span class='ocrx_word' id='word_1_199' title='bbox 581 2998 786 3074; x_wconf 90' lang='lat' dir='ltr'><strong>modo,</strong></span> <span class='ocrx_word' id='word_1_200' title='bbox 814 3018 942 3060; x_wconf 89' lang='lat' dir='ltr'><strong>non</strong></span> <span class='ocrx_word' id='word_1_201' title='bbox 963 3019 1108 3062; x_wconf 84' lang='lat' dir='ltr'><strong>vero</strong></span> <span class='ocrx_word' id='word_1_202' title='bbox 1135 3019 1317 3080; x_wconf 91' lang='lat' dir='ltr'><strong>super</strong></span> <span class='ocrx_word' id='word_1_203' title='bbox 1340 3001 1492 3061; x_wconf 89' lang='lat' dir='ltr'><strong>alias</strong></span> <span class='ocrx_word' id='word_1_204' title='bbox 1523 3019 1631 3080; x_wconf 90' lang='lat' dir='ltr'><strong>per</strong></span> <span class='ocrx_word' id='word_1_205' title='bbox 1656 3019 1720 3061; x_wconf 86' lang='lat' dir='ltr'><strong>se</strong></span> <span class='ocrx_word' id='word_1_206' title='bbox 1749 2998 2038 3072; x_wconf 87' lang='lat' dir='ltr'><strong>occultas,</strong></span> 
     </span>
     <span class='ocr_line' id='line_1_31' title="bbox 475 3088 2042 3168; baseline 0.001 -18"><span class='ocrx_word' id='word_1_207' title='bbox 475 3088 623 3168; x_wconf 88' lang='lat' dir='ltr'><strong>quia</strong></span> <span class='ocrx_word' id='word_1_208' title='bbox 649 3109 725 3152; x_wconf 90' lang='lat' dir='ltr'><strong>ex</strong></span> <span class='ocrx_word' id='word_1_209' title='bbox 752 3111 817 3154; x_wconf 90' lang='lat' dir='ltr'><strong>se</strong></span> <span class='ocrx_word' id='word_1_210' title='bbox 837 3098 982 3154; x_wconf 90' lang='lat' dir='ltr'><strong>sunt</strong></span> <span class='ocrx_word' id='word_1_211' title='bbox 1009 3100 1183 3155; x_wconf 89' lang='lat' dir='ltr'><strong>extra</strong></span> <span class='ocrx_word' id='word_1_212' title='bbox 1204 3094 1552 3156; x_wconf 90' lang='lat' dir='ltr'><strong>humanum</strong></span> <span class='ocrx_word' id='word_1_213' title='bbox 1580 3094 1806 3156; x_wconf 86' lang='lat' dir='ltr'><strong>forum.</strong></span> <span class='ocrx_word' id='word_1_214' title='bbox 1836 3093 1957 3153; x_wconf 83' lang='lat' dir='ltr'><strong>Nec</strong></span> <span class='ocrx_word' id='word_1_215' title='bbox 1974 3091 2042 3151; x_wconf 94' lang='lat' dir='ltr'><strong>in</strong></span> 
     </span>
     <span class='ocr_line' id='line_1_32' title="bbox 475 3179 2042 3267; baseline 0.001 -25"><span class='ocrx_word' id='word_1_216' title='bbox 475 3179 784 3261; x_wconf 88' lang='lat' dir='ltr'><strong>prioribus</strong></span> <span class='ocrx_word' id='word_1_217' title='bbox 840 3186 1215 3249; x_wconf 90' lang='lat' dir='ltr'><strong>considerari</strong></span> <span class='ocrx_word' id='word_1_218' title='bbox 1262 3193 1463 3267; x_wconf 90' lang='lat' dir='ltr'><strong>potest</strong></span> <span class='ocrx_word' id='word_1_219' title='bbox 1511 3186 1901 3248; x_wconf 86' lang='lat' dir='ltr'><strong>accidentalis</strong></span> <span class='ocrx_word' id='word_1_220' title='bbox 1936 3184 2042 3244; x_wconf 90' lang='lat' dir='ltr'><strong>ille</strong></span> 
     </span>
     <span class='ocr_line' id='line_1_33' title="bbox 472 3279 2042 3357; baseline 0.003 -23"><span class='ocrx_word' id='word_1_221' title='bbox 472 3281 664 3337; x_wconf 86' lang='lat' dir='ltr'><strong>status</strong></span> <span class='ocrx_word' id='word_1_222' title='bbox 697 3279 969 3340; x_wconf 79' lang='lat' dir='ltr'><strong>occultus</strong></span> <span class='ocrx_word' id='word_1_223' title='bbox 999 3281 1065 3339; x_wconf 92' lang='lat' dir='ltr'><strong>in</strong></span> <span class='ocrx_word' id='word_1_224' title='bbox 1105 3280 1320 3342; x_wconf 90' lang='lat' dir='ltr'><strong>ordine</strong></span> <span class='ocrx_word' id='word_1_225' title='bbox 1361 3281 1439 3341; x_wconf 91' lang='lat' dir='ltr'><strong>ad</strong></span> <span class='ocrx_word' id='word_1_226' title='bbox 1477 3280 1888 3341; x_wconf 84' lang='lat' dir='ltr'><strong>universalem</strong></span> <span class='ocrx_word' id='word_1_227' title='bbox 1934 3296 2042 3357; x_wconf 90' lang='lat' dir='ltr'><strong>po·</strong></span> 
     </span>
     <span class='ocr_line' id='line_1_34' title="bbox 473 3371 2042 3451; baseline 0.001 -22"><span class='ocrx_word' id='word_1_228' title='bbox 473 3372 757 3430; x_wconf 87' lang='lat' dir='ltr'><strong>testatem</strong></span> <span class='ocrx_word' id='word_1_229' title='bbox 794 3388 810 3430; x_wconf 77' lang='lat' dir='ltr'><strong>t</strong></span> <span class='ocrx_word' id='word_1_230' title='bbox 842 3377 977 3432; x_wconf 89' lang='lat' dir='ltr'><strong>tum</strong></span> <span class='ocrx_word' id='word_1_231' title='bbox 1029 3374 1175 3451; x_wconf 89' lang='lat' dir='ltr'><strong>quia</strong></span> <span class='ocrx_word' id='word_1_232' title='bbox 1216 3373 1315 3433; x_wconf 94' lang='lat' dir='ltr'><strong>lex</strong></span> <span class='ocrx_word' id='word_1_233' title='bbox 1345 3373 1716 3449; x_wconf 82' lang='lat' dir='ltr'><strong>generaliter</strong></span> <span class='ocrx_word' id='word_1_234' title='bbox 1751 3372 1935 3432; x_wconf 88' lang='lat' dir='ltr'><strong>datur</strong></span> <span class='ocrx_word' id='word_1_235' title='bbox 1965 3371 2042 3430; x_wconf 90' lang='lat' dir='ltr'><strong>de</strong></span> 
     </span>
     <span class='ocr_line' id='line_1_35' title="bbox 474 3461 2043 3525; baseline 0.003 -5"><span class='ocrx_word' id='word_1_236' title='bbox 474 3461 714 3522; x_wconf 84' lang='lat' dir='ltr'><strong>actibus</strong></span> <span class='ocrx_word' id='word_1_237' title='bbox 738 3464 1075 3524; x_wconf 88' lang='lat' dir='ltr'><strong>secundum</strong></span> <span class='ocrx_word' id='word_1_238' title='bbox 1119 3465 1536 3525; x_wconf 88' lang='lat' dir='ltr'><strong>conditionem</strong></span> <span class='ocrx_word' id='word_1_239' title='bbox 1565 3465 1911 3525; x_wconf 89' lang='lat' dir='ltr'><strong>naturalem</strong></span> <span class='ocrx_word' id='word_1_240' title='bbox 1941 3481 2043 3525; x_wconf 88' lang='lat' dir='ltr'><strong>eo-</strong></span> 
     </span>
     <span class='ocr_line' id='line_1_36' title="bbox 472 3556 2042 3630; baseline 0.001 -15"><span class='ocrx_word' id='word_1_241' title='bbox 472 3572 641 3630; x_wconf 87' lang='lat' dir='ltr'><strong>rum,</strong></span> <span class='ocrx_word' id='word_1_242' title='bbox 685 3560 748 3615; x_wconf 90' lang='lat' dir='ltr'><strong>et</strong></span> <span class='ocrx_word' id='word_1_243' title='bbox 774 3556 1250 3619; x_wconf 79' lang='lat' dir='ltr'><strong>circumstantiae</strong></span> <span class='ocrx_word' id='word_1_244' title='bbox 1295 3557 1719 3618; x_wconf 84' lang='lat' dir='ltr'><strong>accidentariae</strong></span> <span class='ocrx_word' id='word_1_245' title='bbox 1754 3576 1879 3617; x_wconf 91' lang='lat' dir='ltr'><strong>non</strong></span> <span class='ocrx_word' id='word_1_246' title='bbox 1904 3575 2042 3617; x_wconf 92' lang='lat' dir='ltr'><strong>mu·</strong></span> 
     </span>
     <span class='ocr_line' id='line_1_37' title="bbox 474 3649 2044 3729; baseline 0.003 -23"><span class='ocrx_word' id='word_1_247' title='bbox 474 3652 634 3722; x_wconf 83' lang='lat' dir='ltr'><strong>tant,</strong></span> <span class='ocrx_word' id='word_1_248' title='bbox 650 3665 767 3708; x_wconf 90' lang='grc'><strong>1188</strong></span> <span class='ocrx_word' id='word_1_249' title='bbox 778 3649 1129 3728; x_wconf 87' lang='lat' dir='ltr'><strong>impediunt</strong></span> <span class='ocrx_word' id='word_1_250' title='bbox 1149 3650 1480 3711; x_wconf 87' lang='lat' dir='ltr'><strong>efficaciam</strong></span> <span class='ocrx_word' id='word_1_251' title='bbox 1491 3649 1676 3729; x_wconf 88' lang='lat' dir='ltr'><strong>legis:</strong></span> <span class='ocrx_word' id='word_1_252' title='bbox 1703 3656 1834 3710; x_wconf 88' lang='lat' dir='ltr'><strong>tum</strong></span> <span class='ocrx_word' id='word_1_253' title='bbox 1856 3650 2044 3711; x_wconf 88' lang='lat' dir='ltr'><strong>etiam</strong></span> 
     </span>
     <span class='ocr_line' id='line_1_38' title="bbox 474 3740 2044 3824; baseline 0.003 -26"><span class='ocrx_word' id='word_1_254' title='bbox 474 3740 622 3819; x_wconf 89' lang='lat' dir='ltr'><strong>quia</strong></span> <span class='ocrx_word' id='word_1_255' title='bbox 671 3759 800 3801; x_wconf 89' lang='lat' dir='ltr'><strong>non</strong></span> <span class='ocrx_word' id='word_1_256' title='bbox 841 3742 1011 3803; x_wconf 89' lang='lat' dir='ltr'><strong>deest</strong></span> <span class='ocrx_word' id='word_1_257' title='bbox 1049 3744 1268 3804; x_wconf 90' lang='lat' dir='ltr'><strong>modus</strong></span> <span class='ocrx_word' id='word_1_258' title='bbox 1310 3743 1619 3804; x_wconf 88' lang='lat' dir='ltr'><strong>humanus</strong></span> <span class='ocrx_word' id='word_1_259' title='bbox 1654 3762 1776 3823; x_wconf 90' lang='lat' dir='ltr'><strong>quo</strong></span> <span class='ocrx_word' id='word_1_260' title='bbox 1809 3744 2044 3824; x_wconf 87' lang='lat' dir='ltr'><strong>possint</strong></span> 
     </span>
     <span class='ocr_line' id='line_1_39' title="bbox 474 3831 2044 3917; baseline 0.003 -26"><span class='ocrx_word' id='word_1_261' title='bbox 474 3831 628 3892; x_wconf 87' lang='lat' dir='ltr'><strong>tales</strong></span> <span class='ocrx_word' id='word_1_262' title='bbox 655 3841 827 3895; x_wconf 88' lang='lat' dir='ltr'><strong>actus</strong></span> <span class='ocrx_word' id='word_1_263' title='bbox 860 3834 1046 3915; x_wconf 82' lang='lat' dir='ltr'><strong>dirigi</strong></span> <span class='ocrx_word' id='word_1_264' title='bbox 1068 3842 1130 3897; x_wconf 88' lang='lat' dir='ltr'><strong>et</strong></span> <span class='ocrx_word' id='word_1_265' title='bbox 1149 3836 1424 3899; x_wconf 90' lang='lat' dir='ltr'><strong>cohiberi</strong></span> <span class='ocrx_word' id='word_1_266' title='bbox 1453 3856 1562 3917; x_wconf 89' lang='lat' dir='ltr'><strong>per</strong></span> <span class='ocrx_word' id='word_1_267' title='bbox 1579 3837 1781 3917; x_wconf 85' lang='lat' dir='ltr'><strong>legem</strong></span> <span class='ocrx_word' id='word_1_268' title='bbox 1808 3836 2044 3897; x_wconf 87' lang='lat' dir='ltr'><strong>abstra-</strong></span> 
     </span>
     <span class='ocr_line' id='line_1_40' title="bbox 473 3919 1426 3991; baseline 0.007 -7"><span class='ocrx_word' id='word_1_269' title='bbox 473 3919 679 3986; x_wconf 90' lang='lat' dir='ltr'><strong>hendo</strong></span> <span class='ocrx_word' id='word_1_270' title='bbox 708 3927 786 3987; x_wconf 89' lang='lat' dir='ltr'><strong>ab</strong></span> <span class='ocrx_word' id='word_1_271' title='bbox 815 3928 923 3989; x_wconf 89' lang='lat' dir='ltr'><strong>illa</strong></span> <span class='ocrx_word' id='word_1_272' title='bbox 945 3929 1426 3991; x_wconf 85' lang='lat' dir='ltr'><strong>circumstantia.</strong></span> 
     </span>
    </p>

    <p class='ocr_par' dir='ltr' id='par_1_6' title="bbox 462 4019 2047 5506">
     <span class='ocr_line' id='line_1_41' title="bbox 552 4019 2047 4104; baseline 0.005 -26"><span class='ocrx_word' id='word_1_273' title='bbox 552 4019 613 4079; x_wconf 90' lang='lat'><strong>8.</strong></span> <span class='ocrx_word' id='word_1_274' title='bbox 658 4020 784 4082; x_wconf 68' lang='lat' dir='ltr'><strong>Lem</strong></span> <span class='ocrx_word' id='word_1_275' title='bbox 810 4023 1119 4099; x_wconf 78' lang='lat' dir='ltr'><strong>indefinite</strong></span> <span class='ocrx_word' id='word_1_276' title='bbox 1158 4025 1288 4087; x_wconf 78' lang='lat' dir='ltr'><strong>lata</strong></span> <span class='ocrx_word' id='word_1_277' title='bbox 1327 4043 1435 4104; x_wconf 81' lang='lat' dir='ltr'><strong>per</strong></span> <span class='ocrx_word' id='word_1_278' title='bbox 1476 4043 1537 4088; x_wconf 76' lang='lat' dir='ltr'><strong>se</strong></span> <span class='ocrx_word' id='word_1_279' title='bbox 1576 4026 1915 4088; x_wconf 73' lang='lat' dir='ltr'><strong>extenditur</strong></span> <span class='ocrx_word' id='word_1_280' title='bbox 1964 4025 2047 4086; x_wconf 88' lang='lat' dir='ltr'><strong>ad</strong></span> 
     </span>
     <span class='ocr_line' id='line_1_42' title="bbox 472 4113 2044 4199; baseline 0.003 -27"><span class='ocrx_word' id='word_1_281' title='bbox 472 4113 675 4174; x_wconf 76' lang='lat' dir='ltr'><strong>omnia</strong></span> <span class='ocrx_word' id='word_1_282' title='bbox 699 4131 833 4199; x_wconf 81' lang='lat' dir='ltr'><strong>quoe</strong></span> <span class='ocrx_word' id='word_1_283' title='bbox 864 4116 972 4177; x_wconf 74' lang='lat' dir='ltr'><strong>sub</strong></span> <span class='ocrx_word' id='word_1_284' title='bbox 995 4117 1126 4195; x_wconf 74' lang='lat' dir='ltr'><strong>ejus</strong></span> <span class='ocrx_word' id='word_1_285' title='bbox 1146 4118 1342 4180; x_wconf 72' lang='lat' dir='ltr'><strong>verbis</strong></span> <span class='ocrx_word' id='word_1_286' title='bbox 1369 4119 2044 4197; x_wconf 73' lang='lat' dir='ltr'><strong>comprehenduntur.—</strong></span> 
     </span>
     <span class='ocr_line' id='line_1_43' title="bbox 472 4200 2038 4290; baseline 0.004 -27"><span class='ocrx_word' id='word_1_287' title='bbox 472 4200 646 4273; x_wconf 86' lang='lat' dir='ltr'><strong>Unde</strong></span> <span class='ocrx_word' id='word_1_288' title='bbox 691 4206 950 4268; x_wconf 90' lang='lat' dir='ltr'><strong>ulterius</strong></span> <span class='ocrx_word' id='word_1_289' title='bbox 998 4208 1305 4285; x_wconf 92' lang='lat' dir='ltr'><strong>addimus,</strong></span> <span class='ocrx_word' id='word_1_290' title='bbox 1345 4212 1583 4290; x_wconf 89' lang='lat' dir='ltr'><strong>quoties</strong></span> <span class='ocrx_word' id='word_1_291' title='bbox 1627 4211 1727 4271; x_wconf 84' lang='lat' dir='ltr'><strong>lex</strong></span> <span class='ocrx_word' id='word_1_292' title='bbox 1764 4210 2038 4271; x_wconf 90' lang='lat' dir='ltr'><strong>absolute</strong></span> 
     </span>
     <span class='ocr_line' id='line_1_44' title="bbox 470 4294 2040 4382; baseline 0.005 -28"><span class='ocrx_word' id='word_1_293' title='bbox 470 4294 741 4375; x_wconf 89' lang='lat' dir='ltr'><strong>disponit</strong></span> <span class='ocrx_word' id='word_1_294' title='bbox 772 4298 848 4360; x_wconf 91' lang='lat' dir='ltr'><strong>de</strong></span> <span class='ocrx_word' id='word_1_295' title='bbox 885 4300 1242 4380; x_wconf 86' lang='lat' dir='ltr'><strong>hujusmodi</strong></span> <span class='ocrx_word' id='word_1_296' title='bbox 1269 4309 1437 4378; x_wconf 89' lang='grc'><strong>88111,</strong></span> <span class='ocrx_word' id='word_1_297' title='bbox 1472 4303 1649 4364; x_wconf 89' lang='grc'><strong>11111111</strong></span> <span class='ocrx_word' id='word_1_298' title='bbox 1680 4302 2040 4382; x_wconf 87' lang='lat' dir='ltr'><strong>simpliciter</strong></span> 
     </span>
     <span class='ocr_line' id='line_1_45' title="bbox 470 4391 2038 4476; baseline 0.004 -27"><span class='ocrx_word' id='word_1_299' title='bbox 470 4391 879 4470; x_wconf 69' lang='lat' dir='ltr'><strong>praecipiendo</strong></span> <span class='ocrx_word' id='word_1_300' title='bbox 912 4401 1020 4455; x_wconf 87' lang='lat' dir='ltr'><strong>aut</strong></span> <span class='ocrx_word' id='word_1_301' title='bbox 1051 4396 1337 4471; x_wconf 84' lang='lat' dir='ltr'><strong>vetand0,</strong></span> <span class='ocrx_word' id='word_1_302' title='bbox 1387 4396 1903 4476; x_wconf 89' lang='lat' dir='ltr'><strong>comprehendere</strong></span> <span class='ocrx_word' id='word_1_303' title='bbox 1941 4414 2038 4456; x_wconf 86' lang='grc'><strong>88-</strong></span> 
     </span>
     <span class='ocr_line' id='line_1_46' title="bbox 469 4479 2036 4566; baseline 0.006 -25"><span class='ocrx_word' id='word_1_304' title='bbox 469 4486 604 4542; x_wconf 83' lang='grc'><strong>111111</strong></span> <span class='ocrx_word' id='word_1_305' title='bbox 633 4479 961 4546; x_wconf 83' lang='lat' dir='ltr'><strong>externum</strong></span> <span class='ocrx_word' id='word_1_306' title='bbox 982 4488 1314 4564; x_wconf 89' lang='lat' dir='ltr'><strong>occultum,</strong></span> <span class='ocrx_word' id='word_1_307' title='bbox 1340 4490 1461 4549; x_wconf 91' lang='lat' dir='ltr'><strong>nisi</strong></span> <span class='ocrx_word' id='word_1_308' title='bbox 1482 4490 1787 4550; x_wconf 88' lang='lat' dir='ltr'><strong>addantur</strong></span> <span class='ocrx_word' id='word_1_309' title='bbox 1807 4489 1873 4548; x_wconf 91' lang='lat' dir='ltr'><strong>in</strong></span> <span class='ocrx_word' id='word_1_310' title='bbox 1900 4488 2036 4566; x_wconf 87' lang='lat' dir='ltr'><strong>lege</strong></span> 
     </span>
     <span class='ocr_line' id='line_1_47' title="bbox 468 4576 2037 4662; baseline 0.004 -27"><span class='ocrx_word' id='word_1_311' title='bbox 468 4576 655 4637; x_wconf 86' lang='lat' dir='ltr'><strong>verba</strong></span> <span class='ocrx_word' id='word_1_312' title='bbox 688 4577 1023 4640; x_wconf 90' lang='lat' dir='ltr'><strong>limitantia</strong></span> <span class='ocrx_word' id='word_1_313' title='bbox 1056 4581 1228 4641; x_wconf 92' lang='lat' dir='ltr'><strong>illam</strong></span> <span class='ocrx_word' id='word_1_314' title='bbox 1256 4583 1334 4642; x_wconf 89' lang='lat' dir='ltr'><strong>ad</strong></span> <span class='ocrx_word' id='word_1_315' title='bbox 1363 4588 1567 4643; x_wconf 87' lang='lat' dir='ltr'><strong>actum</strong></span> <span class='ocrx_word' id='word_1_316' title='bbox 1591 4582 1907 4662; x_wconf 89' lang='lat' dir='ltr'><strong>publicum</strong></span> <span class='ocrx_word' id='word_1_317' title='bbox 1937 4582 2037 4642; x_wconf 86' lang='lat' dir='ltr'><strong>vel</strong></span> 
     </span>
     <span class='ocr_line' id='line_1_48' title="bbox 468 4671 2038 4754; baseline 0.004 -27"><span class='ocrx_word' id='word_1_318' title='bbox 468 4671 818 4732; x_wconf 88' lang='lat' dir='ltr'><strong>notorium:</strong></span> <span class='ocrx_word' id='word_1_319' title='bbox 857 4674 1014 4734; x_wconf 88' lang='lat' dir='ltr'><strong>ratio</strong></span> <span class='ocrx_word' id='word_1_320' title='bbox 1033 4680 1146 4750; x_wconf 88' lang='lat' dir='ltr'><strong>est,</strong></span> <span class='ocrx_word' id='word_1_321' title='bbox 1176 4677 1322 4754; x_wconf 89' lang='lat' dir='ltr'><strong>quia</strong></span> <span class='ocrx_word' id='word_1_322' title='bbox 1346 4677 1445 4737; x_wconf 92' lang='lat' dir='ltr'><strong>lex</strong></span> <span class='ocrx_word' id='word_1_323' title='bbox 1466 4675 1784 4737; x_wconf 86' lang='lat' dir='ltr'><strong>indefinite</strong></span> <span class='ocrx_word' id='word_1_324' title='bbox 1821 4676 1947 4736; x_wconf 88' lang='lat' dir='ltr'><strong>lata</strong></span> <span class='ocrx_word' id='word_1_325' title='bbox 1975 4680 2038 4735; x_wconf 88' lang='lat' dir='ltr'><strong>et</strong></span> 
     </span>
     <span class='ocr_line' id='line_1_49' title="bbox 466 4762 2038 4848; baseline 0.005 -27"><span class='ocrx_word' id='word_1_326' title='bbox 466 4762 625 4822; x_wconf 91' lang='lat' dir='ltr'><strong>nihil</strong></span> <span class='ocrx_word' id='word_1_327' title='bbox 652 4762 1059 4844; x_wconf 77' lang='lat' dir='ltr'><strong>distinguenS,</strong></span> <span class='ocrx_word' id='word_1_328' title='bbox 1119 4786 1228 4846; x_wconf 91' lang='lat' dir='ltr'><strong>per</strong></span> <span class='ocrx_word' id='word_1_329' title='bbox 1260 4787 1324 4829; x_wconf 92' lang='lat' dir='ltr'><strong>se</strong></span> <span class='ocrx_word' id='word_1_330' title='bbox 1356 4769 1662 4848; x_wconf 88' lang='lat' dir='ltr'><strong>loquendo</strong></span> <span class='ocrx_word' id='word_1_331' title='bbox 1685 4769 2038 4830; x_wconf 83' lang='lat' dir='ltr'><strong>extenditur</strong></span> 
     </span>
     <span class='ocr_line' id='line_1_50' title="bbox 467 4855 2035 4942; baseline 0.004 -28"><span class='ocrx_word' id='word_1_332' title='bbox 467 4855 545 4915; x_wconf 90' lang='lat' dir='ltr'><strong>ad</strong></span> <span class='ocrx_word' id='word_1_333' title='bbox 576 4858 789 4919; x_wconf 86' lang='lat' dir='ltr'><strong>omnia</strong></span> <span class='ocrx_word' id='word_1_334' title='bbox 815 4877 953 4937; x_wconf 84' lang='lat' dir='ltr'><strong>quae</strong></span> <span class='ocrx_word' id='word_1_335' title='bbox 987 4861 1101 4920; x_wconf 91' lang='lat' dir='ltr'><strong>sub</strong></span> <span class='ocrx_word' id='word_1_336' title='bbox 1121 4861 1324 4922; x_wconf 88' lang='lat' dir='ltr'><strong>verbis</strong></span> <span class='ocrx_word' id='word_1_337' title='bbox 1347 4863 1480 4941; x_wconf 85' lang='lat' dir='ltr'><strong>ejus</strong></span> <span class='ocrx_word' id='word_1_338' title='bbox 1502 4862 2035 4942; x_wconf 90' lang='lat' dir='ltr'><strong>comprehendun-</strong></span> 
     </span>
     <span class='ocr_line' id='line_1_51' title="bbox 465 4951 2033 5016; baseline 0.004 -7"><span class='ocrx_word' id='word_1_339' title='bbox 465 4954 590 5010; x_wconf 88' lang='lat' dir='ltr'><strong>tur.</strong></span> <span class='ocrx_word' id='word_1_340' title='bbox 617 4951 713 5012; x_wconf 89' lang='lat' dir='ltr'><strong>Ad</strong></span> <span class='ocrx_word' id='word_1_341' title='bbox 734 4952 1157 5015; x_wconf 87' lang='lat' dir='ltr'><strong>difficultatem</strong></span> <span class='ocrx_word' id='word_1_342' title='bbox 1173 4961 1383 5016; x_wconf 91' lang='lat' dir='ltr'><strong>autem</strong></span> <span class='ocrx_word' id='word_1_343' title='bbox 1411 4956 1476 5015; x_wconf 92' lang='lat' dir='ltr'><strong>in</strong></span> <span class='ocrx_word' id='word_1_344' title='bbox 1492 4957 1869 5016; x_wconf 91' lang='lat' dir='ltr'><strong>contrarium</strong></span> <span class='ocrx_word' id='word_1_345' title='bbox 1890 4973 2033 5015; x_wconf 90' lang='lat' dir='ltr'><strong>cum</strong></span> 
     </span>
     <span class='ocr_line' id='line_1_52' title="bbox 466 5044 2033 5129; baseline 0.003 -26"><span class='ocrx_word' id='word_1_346' title='bbox 466 5044 681 5104; x_wconf 85' lang='lat' dir='ltr'><strong>eadem</strong></span> <span class='ocrx_word' id='word_1_347' title='bbox 710 5053 1103 5125; x_wconf 90' lang='lat' dir='ltr'><strong>proportione</strong></span> <span class='ocrx_word' id='word_1_348' title='bbox 1132 5055 1194 5110; x_wconf 85' lang='lat' dir='ltr'><strong>et</strong></span> <span class='ocrx_word' id='word_1_349' title='bbox 1211 5050 1600 5110; x_wconf 87' lang='lat' dir='ltr'><strong>distinctione</strong></span> <span class='ocrx_word' id='word_1_350' title='bbox 1627 5049 2033 5129; x_wconf 84' lang='lat' dir='ltr'><strong>respondetur</strong></span> 
     </span>
     <span class='ocr_line' id='line_1_53' title="bbox 465 5140 2032 5223; baseline 0.005 -29"><span class='ocrx_word' id='word_1_351' title='bbox 465 5141 675 5197; x_wconf 88' lang='lat' dir='ltr'><strong>actum</strong></span> <span class='ocrx_word' id='word_1_352' title='bbox 713 5140 902 5201; x_wconf 86' lang='lat' dir='ltr'><strong>talem</strong></span> <span class='ocrx_word' id='word_1_353' title='bbox 935 5161 1041 5220; x_wconf 84' lang='lat' dir='ltr'><strong>per</strong></span> <span class='ocrx_word' id='word_1_354' title='bbox 1074 5162 1138 5205; x_wconf 85' lang='lat' dir='ltr'><strong>se</strong></span> <span class='ocrx_word' id='word_1_355' title='bbox 1168 5161 1299 5204; x_wconf 91' lang='lat' dir='ltr'><strong>esse</strong></span> <span class='ocrx_word' id='word_1_356' title='bbox 1331 5143 1672 5223; x_wconf 88' lang='lat' dir='ltr'><strong>punibilem</strong></span> <span class='ocrx_word' id='word_1_357' title='bbox 1695 5162 1806 5223; x_wconf 89' lang='lat' dir='ltr'><strong>per</strong></span> <span class='ocrx_word' id='word_1_358' title='bbox 1825 5142 2032 5221; x_wconf 90' lang='lat' dir='ltr'><strong>legem</strong></span> 
     </span>
     <span class='ocr_line' id='line_1_54' title="bbox 464 5225 2033 5315; baseline 0.007 -29"><span class='ocrx_word' id='word_1_359' title='bbox 464 5225 828 5308; x_wconf 87' lang='lat' dir='ltr'><strong>humanam,</strong></span> <span class='ocrx_word' id='word_1_360' title='bbox 857 5233 1001 5294; x_wconf 88' lang='lat' dir='ltr'><strong>licet</strong></span> <span class='ocrx_word' id='word_1_361' title='bbox 1035 5255 1145 5315; x_wconf 92' lang='lat' dir='ltr'><strong>per</strong></span> <span class='ocrx_word' id='word_1_362' title='bbox 1171 5237 1452 5298; x_wconf 89' lang='lat' dir='ltr'><strong>accidens</strong></span> <span class='ocrx_word' id='word_1_363' title='bbox 1495 5255 1573 5297; x_wconf 85' lang='lat' dir='ltr'><strong>ex</strong></span> <span class='ocrx_word' id='word_1_364' title='bbox 1611 5237 1853 5297; x_wconf 87' lang='lat' dir='ltr'><strong>defectu</strong></span> <span class='ocrx_word' id='word_1_365' title='bbox 1894 5254 2033 5314; x_wconf 90' lang='lat' dir='ltr'><strong>pro-</strong></span> 
     </span>
     <span class='ocr_line' id='line_1_55' title="bbox 462 5317 2033 5410; baseline 0.004 -30"><span class='ocrx_word' id='word_1_366' title='bbox 462 5317 731 5382; x_wconf 89' lang='lat' dir='ltr'><strong>bationis</strong></span> <span class='ocrx_word' id='word_1_367' title='bbox 752 5326 960 5402; x_wconf 90' lang='lat' dir='ltr'><strong>puniri</strong></span> <span class='ocrx_word' id='word_1_368' title='bbox 990 5346 1102 5406; x_wconf 88' lang='lat' dir='ltr'><strong>per</strong></span> <span class='ocrx_word' id='word_1_369' title='bbox 1122 5329 1406 5390; x_wconf 89' lang='lat' dir='ltr'><strong>homines</strong></span> <span class='ocrx_word' id='word_1_370' title='bbox 1441 5349 1569 5390; x_wconf 92' lang='lat' dir='ltr'><strong>non</strong></span> <span class='ocrx_word' id='word_1_371' title='bbox 1596 5330 1801 5410; x_wconf 89' lang='lat' dir='ltr'><strong>possit.</strong></span> <span class='ocrx_word' id='word_1_372' title='bbox 1848 5329 2033 5407; x_wconf 86' lang='lat' dir='ltr'><strong>Cujus</strong></span> 
     </span>
     <span class='ocr_line' id='line_1_56' title="bbox 462 5414 2034 5506; baseline 0.007 -32"><span class='ocrx_word' id='word_1_373' title='bbox 462 5414 713 5495; x_wconf 91' lang='lat' dir='ltr'><strong>signum</strong></span> <span class='ocrx_word' id='word_1_374' title='bbox 746 5418 1011 5500; x_wconf 87' lang='lat' dir='ltr'><strong>est,quia</strong></span> <span class='ocrx_word' id='word_1_375' title='bbox 1037 5440 1421 5506; x_wconf 86' lang='lat' dir='ltr'><strong>quacumque</strong></span> <span class='ocrx_word' id='word_1_376' title='bbox 1446 5424 1686 5489; x_wconf 83' lang='lat' dir='ltr'><strong>ratione</strong></span> <span class='ocrx_word' id='word_1_377' title='bbox 1713 5423 2034 5506; x_wconf 81' lang='lat' dir='ltr'><strong>perveniat</strong></span> 
     </span>
    </p>
   </div>
   <div class='ocr_carea' id='block_1_5' title="bbox 1488 298 2669 356">
    <p class='ocr_par' dir='ltr' id='par_1_7' title="bbox 1488 298 2669 356">
     <span class='ocr_line' id='line_1_57' title="bbox 1488 298 2669 356; baseline 0 -3"><span class='ocrx_word' id='word_1_378' title='bbox 1488 302 1603 354; x_wconf 76' lang='lat' dir='ltr'><strong>Lm.</strong></span> <span class='ocrx_word' id='word_1_379' title='bbox 1642 303 1724 354; x_wconf 85' lang='grc'><strong>111.</strong></span> <span class='ocrx_word' id='word_1_380' title='bbox 1760 300 1841 352; x_wconf 84' lang='lat' dir='ltr'><strong>DE</strong></span> <span class='ocrx_word' id='word_1_381' title='bbox 1872 298 2033 350; x_wconf 83' lang='lat' dir='ltr'><strong>LEGE</strong></span> <span class='ocrx_word' id='word_1_382' title='bbox 2065 298 2325 351; x_wconf 63' lang='lat' dir='ltr'><strong>numa</strong></span> <span class='ocrx_word' id='word_1_383' title='bbox 2355 302 2435 353; x_wconf 82' lang='grc' dir='ltr'><strong>ΕΤ</strong></span> <span class='ocrx_word' id='word_1_384' title='bbox 2468 301 2669 356; x_wconf 73' lang='lat' dir='ltr'><strong>cmm.</strong></span> 
     </span>
    </p>
   </div>
   <div class='ocr_carea' id='block_1_6' title="bbox 2115 394 3712 2521">
    <p class='ocr_par' dir='ltr' id='par_1_8' title="bbox 2120 394 3712 1389">
     <span class='ocr_line' id='line_1_58' title="bbox 2126 394 3710 468; baseline -0.002 -11"><span class='ocrx_word' id='word_1_385' title='bbox 2126 397 2421 458; x_wconf 88' lang='lat' dir='ltr'><strong>delictum</strong></span> <span class='ocrx_word' id='word_1_386' title='bbox 2467 399 2545 458; x_wconf 88' lang='lat' dir='ltr'><strong>ad</strong></span> <span class='ocrx_word' id='word_1_387' title='bbox 2584 397 2990 459; x_wconf 86' lang='lat' dir='ltr'><strong>sufficientem</strong></span> <span class='ocrx_word' id='word_1_388' title='bbox 3021 396 3345 458; x_wconf 91' lang='lat' dir='ltr'><strong>homiuum</strong></span> <span class='ocrx_word' id='word_1_389' title='bbox 3372 394 3710 468; x_wconf 82' lang='lat' dir='ltr'><strong>notitiam,</strong></span> 
     </span>
     <span class='ocr_line' id='line_1_59' title="bbox 2123 487 3712 570; baseline -0.004 -20"><span class='ocrx_word' id='word_1_390' title='bbox 2123 491 2331 570; x_wconf 89' lang='lat' dir='ltr'><strong>puniri</strong></span> <span class='ocrx_word' id='word_1_391' title='bbox 2357 491 2604 569; x_wconf 88' lang='lat' dir='ltr'><strong>poterit,</strong></span> <span class='ocrx_word' id='word_1_392' title='bbox 2629 491 2774 551; x_wconf 88' lang='lat' dir='ltr'><strong>licet</strong></span> <span class='ocrx_word' id='word_1_393' title='bbox 2794 491 2861 551; x_wconf 90' lang='lat' dir='ltr'><strong>in</strong></span> <span class='ocrx_word' id='word_1_394' title='bbox 2880 491 3182 570; x_wconf 90' lang='lat' dir='ltr'><strong>principio</strong></span> <span class='ocrx_word' id='word_1_395' title='bbox 3205 490 3393 549; x_wconf 85' lang='lat' dir='ltr'><strong>fuerit</strong></span> <span class='ocrx_word' id='word_1_396' title='bbox 3410 487 3712 548; x_wconf 82' lang='lat' dir='ltr'><strong>occultis-</strong></span> 
     </span>
     <span class='ocr_line' id='line_1_60' title="bbox 2122 582 3712 662; baseline -0.003 -19"><span class='ocrx_word' id='word_1_397' title='bbox 2122 583 2275 643; x_wconf 87' lang='lat' dir='ltr'><strong>sime</strong></span> <span class='ocrx_word' id='word_1_398' title='bbox 2316 586 2734 659; x_wconf 90' lang='lat' dir='ltr'><strong>commissum,</strong></span> <span class='ocrx_word' id='word_1_399' title='bbox 2791 584 2955 662; x_wconf 90' lang='lat' dir='ltr'><strong>quod</strong></span> <span class='ocrx_word' id='word_1_400' title='bbox 2992 602 3119 643; x_wconf 92' lang='lat' dir='ltr'><strong>non</strong></span> <span class='ocrx_word' id='word_1_401' title='bbox 3171 583 3260 643; x_wconf 89' lang='grc'><strong>118</strong></span> <span class='ocrx_word' id='word_1_402' title='bbox 3302 588 3393 643; x_wconf 89' lang='lat' dir='ltr'><strong>est</strong></span> <span class='ocrx_word' id='word_1_403' title='bbox 3430 582 3510 641; x_wconf 92' lang='lat' dir='ltr'><strong>de</strong></span> <span class='ocrx_word' id='word_1_404' title='bbox 3555 586 3712 640; x_wconf 84' lang='lat' dir='ltr'><strong>actu</strong></span> 
     </span>
     <span class='ocr_line' id='line_1_61' title="bbox 2124 672 3705 755; baseline -0.003 -19"><span class='ocrx_word' id='word_1_405' title='bbox 2124 694 2293 736; x_wconf 83' lang='lat' dir='ltr'><strong>mere</strong></span> <span class='ocrx_word' id='word_1_406' title='bbox 2328 677 2615 738; x_wconf 83' lang='lat' dir='ltr'><strong>interno:</strong></span> <span class='ocrx_word' id='word_1_407' title='bbox 2650 676 2815 736; x_wconf 89' lang='lat' dir='ltr'><strong>unde</strong></span> <span class='ocrx_word' id='word_1_408' title='bbox 2848 677 3162 737; x_wconf 87' lang='lat' dir='ltr'><strong>interdum</strong></span> <span class='ocrx_word' id='word_1_409' title='bbox 3186 675 3412 755; x_wconf 90' lang='lat' dir='ltr'><strong>poterit</strong></span> <span class='ocrx_word' id='word_1_410' title='bbox 3443 673 3548 734; x_wconf 83' lang='lat' dir='ltr'><strong>lex</strong></span> <span class='ocrx_word' id='word_1_411' title='bbox 3574 672 3705 732; x_wconf 88' lang='lat' dir='ltr'><strong>hu-</strong></span> 
     </span>
     <span class='ocr_line' id='line_1_62' title="bbox 2124 764 3709 851; baseline -0.003 -23"><span class='ocrx_word' id='word_1_412' title='bbox 2124 787 2312 832; x_wconf 89' lang='lat' dir='ltr'><strong>mana</strong></span> <span class='ocrx_word' id='word_1_413' title='bbox 2337 789 2448 851; x_wconf 89' lang='lat' dir='ltr'><strong>per</strong></span> <span class='ocrx_word' id='word_1_414' title='bbox 2476 771 2738 848; x_wconf 88' lang='lat' dir='ltr'><strong>seipsam</strong></span> <span class='ocrx_word' id='word_1_415' title='bbox 2788 769 3009 849; x_wconf 89' lang='lat' dir='ltr'><strong>punire</strong></span> <span class='ocrx_word' id='word_1_416' title='bbox 3040 768 3331 828; x_wconf 88' lang='lat' dir='ltr'><strong>delictum</strong></span> <span class='ocrx_word' id='word_1_417' title='bbox 3377 766 3464 826; x_wconf 92' lang='grc'><strong>518</strong></span> <span class='ocrx_word' id='word_1_418' title='bbox 3490 764 3709 825; x_wconf 85' lang='grc'><strong>888111-</strong></span> 
     </span>
     <span class='ocr_line' id='line_1_63' title="bbox 2126 859 3710 942; baseline -0.004 -19"><span class='ocrx_word' id='word_1_419' title='bbox 2126 870 2283 937; x_wconf 83' lang='grc'><strong>111111,</strong></span> <span class='ocrx_word' id='word_1_420' title='bbox 2332 862 2705 942; x_wconf 89' lang='lat' dir='ltr'><strong>imponendo</strong></span> <span class='ocrx_word' id='word_1_421' title='bbox 2735 879 2983 940; x_wconf 89' lang='lat' dir='ltr'><strong>poenam</strong></span> <span class='ocrx_word' id='word_1_422' title='bbox 3023 861 3157 940; x_wconf 88' lang='lat' dir='ltr'><strong>ipso</strong></span> <span class='ocrx_word' id='word_1_423' title='bbox 3201 860 3362 920; x_wconf 89' lang='lat' dir='ltr'><strong>facto</strong></span> <span class='ocrx_word' id='word_1_424' title='bbox 3399 859 3520 918; x_wconf 90' lang='lat' dir='ltr'><strong>sibi</strong></span> <span class='ocrx_word' id='word_1_425' title='bbox 3556 875 3710 936; x_wconf 82' lang='lat' dir='ltr'><strong>pro-</strong></span> 
     </span>
     <span class='ocr_line' id='line_1_64' title="bbox 2124 951 3706 1035; baseline -0.003 -20"><span class='ocrx_word' id='word_1_426' title='bbox 2124 957 2565 1035; x_wconf 88' lang='lat' dir='ltr'><strong>portionatam,</strong></span> <span class='ocrx_word' id='word_1_427' title='bbox 2601 959 2673 1013; x_wconf 92' lang='lat' dir='ltr'><strong>ut</strong></span> <span class='ocrx_word' id='word_1_428' title='bbox 2698 954 2884 1014; x_wconf 87' lang='lat' dir='ltr'><strong>latius</strong></span> <span class='ocrx_word' id='word_1_429' title='bbox 2906 954 3181 1014; x_wconf 85' lang='lat' dir='ltr'><strong>dicemus</strong></span> <span class='ocrx_word' id='word_1_430' title='bbox 3203 958 3382 1012; x_wconf 87' lang='lat' dir='ltr'><strong>tract.</strong></span> <span class='ocrx_word' id='word_1_431' title='bbox 3410 951 3487 1011; x_wconf 91' lang='lat' dir='ltr'><strong>de</strong></span> <span class='ocrx_word' id='word_1_432' title='bbox 3531 952 3706 1029; x_wconf 84' lang='lat' dir='ltr'><strong>Lege</strong></span> 
     </span>
     <span class='ocr_line' id='line_1_65' title="bbox 2122 1045 3705 1127; baseline -0.004 -18"><span class='ocrx_word' id='word_1_433' title='bbox 2122 1050 2374 1127; x_wconf 78' lang='lat' dir='ltr'><strong>poenali,</strong></span> <span class='ocrx_word' id='word_1_434' title='bbox 2421 1049 2679 1126; x_wconf 90' lang='lat' dir='ltr'><strong>ideoque</strong></span> <span class='ocrx_word' id='word_1_435' title='bbox 2722 1053 2884 1108; x_wconf 85' lang='lat' dir='ltr'><strong>recte</strong></span> <span class='ocrx_word' id='word_1_436' title='bbox 2942 1052 3140 1127; x_wconf 89' lang='lat' dir='ltr'><strong>potest</strong></span> <span class='ocrx_word' id='word_1_437' title='bbox 3174 1046 3327 1107; x_wconf 92' lang='lat' dir='ltr'><strong>oriri</strong></span> <span class='ocrx_word' id='word_1_438' title='bbox 3354 1045 3705 1124; x_wconf 83' lang='lat' dir='ltr'><strong>aliquando</strong></span> 
     </span>
     <span class='ocr_line' id='line_1_66' title="bbox 2121 1139 3704 1218; baseline -0.002 -17"><span class='ocrx_word' id='word_1_439' title='bbox 2121 1142 2418 1218; x_wconf 87' lang='lat' dir='ltr'><strong>obligatio</strong></span> <span class='ocrx_word' id='word_1_440' title='bbox 2443 1141 2519 1201; x_wconf 90' lang='lat' dir='ltr'><strong>ad</strong></span> <span class='ocrx_word' id='word_1_441' title='bbox 2548 1140 2999 1201; x_wconf 86' lang='lat' dir='ltr'><strong>restituendum</strong></span> <span class='ocrx_word' id='word_1_442' title='bbox 3016 1159 3092 1201; x_wconf 90' lang='lat' dir='ltr'><strong>ex</strong></span> <span class='ocrx_word' id='word_1_443' title='bbox 3106 1141 3169 1199; x_wconf 87' lang='lat' dir='ltr'><strong>vi</strong></span> <span class='ocrx_word' id='word_1_444' title='bbox 3184 1139 3325 1199; x_wconf 84' lang='lat' dir='ltr'><strong>talis</strong></span> <span class='ocrx_word' id='word_1_445' title='bbox 3346 1145 3704 1215; x_wconf 82' lang='lat' dir='ltr'><strong>transgres-</strong></span> 
     </span>
     <span class='ocr_line' id='line_1_67' title="bbox 2120 1234 3704 1313; baseline -0.003 -18"><span class='ocrx_word' id='word_1_446' title='bbox 2120 1235 2310 1295; x_wconf 88' lang='lat' dir='ltr'><strong>sionis</strong></span> <span class='ocrx_word' id='word_1_447' title='bbox 2349 1235 2638 1295; x_wconf 85' lang='lat' dir='ltr'><strong>humanae</strong></span> <span class='ocrx_word' id='word_1_448' title='bbox 2681 1234 2835 1313; x_wconf 82' lang='lat' dir='ltr'><strong>legis</strong></span> <span class='ocrx_word' id='word_1_449' title='bbox 2845 1280 2865 1311; x_wconf 93' lang='lat'><strong>,</strong></span> <span class='ocrx_word' id='word_1_450' title='bbox 2906 1240 2975 1293; x_wconf 91' lang='lat' dir='ltr'><strong>ut</strong></span> <span class='ocrx_word' id='word_1_451' title='bbox 3016 1239 3178 1294; x_wconf 88' lang='lat' dir='ltr'><strong>recte</strong></span> <span class='ocrx_word' id='word_1_452' title='bbox 3224 1234 3292 1292; x_wconf 91' lang='lat' dir='ltr'><strong>in</strong></span> <span class='ocrx_word' id='word_1_453' title='bbox 3320 1237 3704 1310; x_wconf 84' lang='lat' dir='ltr'><strong>argumento</strong></span> 
     </span>
     <span class='ocr_line' id='line_1_68' title="bbox 2120 1327 2458 1389; baseline -0.003 0"><span class='ocrx_word' id='word_1_454' title='bbox 2120 1327 2458 1389; x_wconf 87' lang='lat' dir='ltr'><strong>dicebatur.</strong></span> 
     </span>
    </p>

    <p class='ocr_par' dir='ltr' id='par_1_9' title="bbox 2115 1417 3706 2521">
     <span class='ocr_line' id='line_1_69' title="bbox 2201 1417 3705 1499; baseline -0.003 -17"><span class='ocrx_word' id='word_1_455' title='bbox 2201 1422 2262 1482; x_wconf 88' lang='lat'><strong>9.</strong></span> <span class='ocrx_word' id='word_1_456' title='bbox 2307 1421 2430 1482; x_wconf 67' lang='lat' dir='ltr'><strong>Lero</strong></span> <span class='ocrx_word' id='word_1_457' title='bbox 2466 1438 2617 1499; x_wconf 77' lang='lat' dir='ltr'><strong>pure</strong></span> <span class='ocrx_word' id='word_1_458' title='bbox 2654 1420 2916 1482; x_wconf 73' lang='lat' dir='ltr'><strong>humana</strong></span> <span class='ocrx_word' id='word_1_459' title='bbox 2946 1423 3137 1498; x_wconf 79' lang='lat' dir='ltr'><strong>potest</strong></span> <span class='ocrx_word' id='word_1_460' title='bbox 3163 1417 3451 1479; x_wconf 73' lang='lat' dir='ltr'><strong>indirecte</strong></span> <span class='ocrx_word' id='word_1_461' title='bbox 3472 1418 3705 1494; x_wconf 59' lang='grc' dir='ltr'><strong>ρωποι·-</strong></span> 
     </span>
     <span class='ocr_line' id='line_1_70' title="bbox 2115 1508 3706 1593; baseline -0.004 -16"><span class='ocrx_word' id='word_1_462' title='bbox 2115 1532 2256 1593; x_wconf 79' lang='lat' dir='ltr'><strong>pere</strong></span> <span class='ocrx_word' id='word_1_463' title='bbox 2301 1519 2500 1576; x_wconf 76' lang='lat' dir='ltr'><strong>actum</strong></span> <span class='ocrx_word' id='word_1_464' title='bbox 2546 1512 2911 1574; x_wconf 77' lang='lat' dir='ltr'><strong>interiorem.</strong></span> <span class='ocrx_word' id='word_1_465' title='bbox 2937 1544 3019 1556; x_wconf 93' lang='lat'><strong>—</strong></span> <span class='ocrx_word' id='word_1_466' title='bbox 3045 1511 3188 1572; x_wconf 90' lang='lat' dir='ltr'><strong>Dico</strong></span> <span class='ocrx_word' id='word_1_467' title='bbox 3221 1508 3522 1570; x_wconf 88' lang='lat' dir='ltr'><strong>secundo:</strong></span> <span class='ocrx_word' id='word_1_468' title='bbox 3572 1511 3706 1571; x_wconf 82' lang='lat' dir='ltr'><strong>Lex</strong></span> 
     </span>
     <span class='ocr_line' id='line_1_71' title="bbox 2123 1602 3701 1686; baseline -0.002 -20"><span class='ocrx_word' id='word_1_469' title='bbox 2123 1625 2274 1686; x_wconf 92' lang='lat' dir='ltr'><strong>pure</strong></span> <span class='ocrx_word' id='word_1_470' title='bbox 2307 1605 2583 1667; x_wconf 87' lang='lat' dir='ltr'><strong>humana</strong></span> <span class='ocrx_word' id='word_1_471' title='bbox 2611 1623 2718 1666; x_wconf 92' lang='lat' dir='ltr'><strong>seu</strong></span> <span class='ocrx_word' id='word_1_472' title='bbox 2764 1605 2962 1665; x_wconf 88' lang='lat' dir='ltr'><strong>civilis</strong></span> <span class='ocrx_word' id='word_1_473' title='bbox 3002 1609 3199 1684; x_wconf 86' lang='lat' dir='ltr'><strong>potest</strong></span> <span class='ocrx_word' id='word_1_474' title='bbox 3232 1602 3554 1677; x_wconf 87' lang='lat' dir='ltr'><strong>indirecte,</strong></span> <span class='ocrx_word' id='word_1_475' title='bbox 3585 1622 3701 1665; x_wconf 90' lang='lat' dir='ltr'><strong>seu</strong></span> 
     </span>
     <span class='ocr_line' id='line_1_72' title="bbox 2121 1698 3702 1780; baseline -0.002 -20"><span class='ocrx_word' id='word_1_476' title='bbox 2121 1718 2232 1780; x_wconf 89' lang='lat' dir='ltr'><strong>per</strong></span> <span class='ocrx_word' id='word_1_477' title='bbox 2269 1700 2602 1779; x_wconf 90' lang='lat' dir='ltr'><strong>quamdam</strong></span> <span class='ocrx_word' id='word_1_478' title='bbox 2649 1699 3169 1772; x_wconf 76' lang='lat' dir='ltr'><strong>consecutionem,</strong></span> <span class='ocrx_word' id='word_1_479' title='bbox 3221 1698 3551 1777; x_wconf 81' lang='lat' dir='ltr'><strong>praecipere</strong></span> <span class='ocrx_word' id='word_1_480' title='bbox 3593 1717 3702 1758; x_wconf 88' lang='lat' dir='ltr'><strong>ac-</strong></span> 
     </span>
     <span class='ocr_line' id='line_1_73' title="bbox 2122 1790 3698 1869; baseline -0.001 -16"><span class='ocrx_word' id='word_1_481' title='bbox 2122 1799 2257 1853; x_wconf 90' lang='lat' dir='ltr'><strong>tum</strong></span> <span class='ocrx_word' id='word_1_482' title='bbox 2294 1794 2648 1853; x_wconf 90' lang='lat' dir='ltr'><strong>interiorem</strong></span> <span class='ocrx_word' id='word_1_483' title='bbox 2671 1792 3005 1852; x_wconf 83' lang='lat' dir='ltr'><strong>voluntatis</strong></span> <span class='ocrx_word' id='word_1_484' title='bbox 3034 1797 3094 1852; x_wconf 88' lang='lat' dir='ltr'><strong>et</strong></span> <span class='ocrx_word' id='word_1_485' title='bbox 3133 1790 3506 1865; x_wconf 88' lang='lat' dir='ltr'><strong>intellectus,</strong></span> <span class='ocrx_word' id='word_1_486' title='bbox 3537 1810 3698 1869; x_wconf 90' lang='lat' dir='ltr'><strong>qua-</strong></span> 
     </span>
     <span class='ocr_line' id='line_1_74' title="bbox 2123 1887 3692 1965; baseline -0.001 -18"><span class='ocrx_word' id='word_1_487' title='bbox 2123 1893 2302 1947; x_wconf 88' lang='lat' dir='ltr'><strong>tenus</strong></span> <span class='ocrx_word' id='word_1_488' title='bbox 2349 1887 2613 1947; x_wconf 82' lang='lat' dir='ltr'><strong>connexi</strong></span> <span class='ocrx_word' id='word_1_489' title='bbox 2653 1905 2762 1965; x_wconf 86' lang='lat' dir='ltr'><strong>per</strong></span> <span class='ocrx_word' id='word_1_490' title='bbox 2797 1905 2860 1947; x_wconf 91' lang='lat' dir='ltr'><strong>se</strong></span> <span class='ocrx_word' id='word_1_491' title='bbox 2909 1905 3040 1947; x_wconf 90' lang='lat' dir='ltr'><strong>esse</strong></span> <span class='ocrx_word' id='word_1_492' title='bbox 3081 1891 3337 1964; x_wconf 89' lang='lat' dir='ltr'><strong>possunt</strong></span> <span class='ocrx_word' id='word_1_493' title='bbox 3373 1903 3505 1944; x_wconf 90' lang='lat' dir='ltr'><strong>cum</strong></span> <span class='ocrx_word' id='word_1_494' title='bbox 3539 1891 3692 1946; x_wconf 86' lang='lat' dir='ltr'><strong>actu</strong></span> 
     </span>
     <span class='ocr_line' id='line_1_75' title="bbox 2124 1978 3685 2058; baseline -0.002 -17"><span class='ocrx_word' id='word_1_495' title='bbox 2124 1980 2408 2041; x_wconf 85' lang='lat' dir='ltr'><strong>exteriori</strong></span> <span class='ocrx_word' id='word_1_496' title='bbox 2438 1984 2739 2058; x_wconf 78' lang='lat' dir='ltr'><strong>praecepte</strong></span> <span class='ocrx_word' id='word_1_497' title='bbox 2766 1979 2865 2038; x_wconf 88' lang='lat' dir='ltr'><strong>vel</strong></span> <span class='ocrx_word' id='word_1_498' title='bbox 2895 1978 3228 2058; x_wconf 88' lang='lat' dir='ltr'><strong>prohibito.</strong></span> <span class='ocrx_word' id='word_1_499' title='bbox 3274 1978 3395 2037; x_wconf 89' lang='lat' dir='ltr'><strong>Hoc</strong></span> <span class='ocrx_word' id='word_1_500' title='bbox 3431 1984 3519 2037; x_wconf 85' lang='lat' dir='ltr'><strong>est</strong></span> <span class='ocrx_word' id='word_1_501' title='bbox 3547 1997 3685 2038; x_wconf 90' lang='lat' dir='ltr'><strong>cer-</strong></span> 
     </span>
     <span class='ocr_line' id='line_1_76' title="bbox 2124 2071 3690 2152; baseline -0.001 -19"><span class='ocrx_word' id='word_1_502' title='bbox 2124 2079 2259 2134; x_wconf 89' lang='lat' dir='ltr'><strong>tum</strong></span> <span class='ocrx_word' id='word_1_503' title='bbox 2288 2073 2450 2152; x_wconf 88' lang='lat' dir='ltr'><strong>apud</strong></span> <span class='ocrx_word' id='word_1_504' title='bbox 2488 2090 2703 2132; x_wconf 88' lang='lat' dir='ltr'><strong>omnes</strong></span> <span class='ocrx_word' id='word_1_505' title='bbox 2740 2077 2802 2132; x_wconf 92' lang='lat' dir='ltr'><strong>et</strong></span> <span class='ocrx_word' id='word_1_506' title='bbox 2830 2091 2941 2151; x_wconf 88' lang='lat' dir='ltr'><strong>per</strong></span> <span class='ocrx_word' id='word_1_507' title='bbox 2968 2091 3032 2132; x_wconf 90' lang='lat' dir='ltr'><strong>se</strong></span> <span class='ocrx_word' id='word_1_508' title='bbox 3068 2072 3216 2131; x_wconf 90' lang='lat' dir='ltr'><strong>satis</strong></span> <span class='ocrx_word' id='word_1_509' title='bbox 3257 2071 3510 2145; x_wconf 86' lang='lat' dir='ltr'><strong>clarum,</strong></span> <span class='ocrx_word' id='word_1_510' title='bbox 3534 2072 3690 2150; x_wconf 87' lang='lat' dir='ltr'><strong>quia</strong></span> 
     </span>
     <span class='ocr_line' id='line_1_77' title="bbox 2123 2163 3693 2244; baseline -0.002 -18"><span class='ocrx_word' id='word_1_511' title='bbox 2123 2172 2295 2226; x_wconf 88' lang='lat' dir='ltr'><strong>actus</strong></span> <span class='ocrx_word' id='word_1_512' title='bbox 2327 2165 2593 2227; x_wconf 87' lang='lat' dir='ltr'><strong>exterior</strong></span> <span class='ocrx_word' id='word_1_513' title='bbox 2624 2165 2974 2244; x_wconf 85' lang='lat' dir='ltr'><strong>praecipitur</strong></span> <span class='ocrx_word' id='word_1_514' title='bbox 3004 2182 3112 2243; x_wconf 90' lang='lat' dir='ltr'><strong>per</strong></span> <span class='ocrx_word' id='word_1_515' title='bbox 3139 2163 3341 2241; x_wconf 88' lang='lat' dir='ltr'><strong>legem</strong></span> <span class='ocrx_word' id='word_1_516' title='bbox 3374 2169 3445 2222; x_wconf 92' lang='lat' dir='ltr'><strong>ut</strong></span> <span class='ocrx_word' id='word_1_517' title='bbox 3467 2163 3693 2223; x_wconf 89' lang='lat' dir='ltr'><strong>huma-</strong></span> 
     </span>
     <span class='ocr_line' id='line_1_78' title="bbox 2122 2256 3698 2337; baseline -0.003 -17"><span class='ocrx_word' id='word_1_518' title='bbox 2122 2279 2240 2320; x_wconf 90' lang='lat' dir='ltr'><strong>nus</strong></span> <span class='ocrx_word' id='word_1_519' title='bbox 2268 2266 2330 2321; x_wconf 87' lang='lat' dir='ltr'><strong>et</strong></span> <span class='ocrx_word' id='word_1_520' title='bbox 2370 2259 2557 2333; x_wconf 86' lang='lat' dir='ltr'><strong>liber3</strong></span> <span class='ocrx_word' id='word_1_521' title='bbox 2603 2257 2708 2317; x_wconf 90' lang='lat' dir='ltr'><strong>sed</strong></span> <span class='ocrx_word' id='word_1_522' title='bbox 2746 2276 2872 2318; x_wconf 90' lang='lat' dir='ltr'><strong>non</strong></span> <span class='ocrx_word' id='word_1_523' title='bbox 2901 2263 3099 2337; x_wconf 85' lang='lat' dir='ltr'><strong>potest</strong></span> <span class='ocrx_word' id='word_1_524' title='bbox 3133 2274 3261 2316; x_wconf 90' lang='lat' dir='ltr'><strong>esse</strong></span> <span class='ocrx_word' id='word_1_525' title='bbox 3288 2256 3604 2315; x_wconf 85' lang='lat' dir='ltr'><strong>humanus</strong></span> <span class='ocrx_word' id='word_1_526' title='bbox 3631 2262 3698 2316; x_wconf 82' lang='grc'><strong>81</strong></span> 
     </span>
     <span class='ocr_line' id='line_1_79' title="bbox 2120 2351 3691 2429; baseline -0.003 -15"><span class='ocrx_word' id='word_1_527' title='bbox 2120 2352 2280 2414; x_wconf 89' lang='grc'><strong>111181</strong></span> <span class='ocrx_word' id='word_1_528' title='bbox 2310 2353 2442 2413; x_wconf 90' lang='grc'><strong>51118</strong></span> <span class='ocrx_word' id='word_1_529' title='bbox 2469 2351 2790 2428; x_wconf 82' lang='lat' dir='ltr'><strong>interiori3</strong></span> <span class='ocrx_word' id='word_1_530' title='bbox 2818 2368 2965 2429; x_wconf 89' lang='lat' dir='ltr'><strong>ergo</strong></span> <span class='ocrx_word' id='word_1_531' title='bbox 2995 2368 3239 2410; x_wconf 89' lang='lat' dir='ltr'><strong>necesse</strong></span> <span class='ocrx_word' id='word_1_532' title='bbox 3268 2354 3450 2409; x_wconf 88' lang='lat' dir='ltr'><strong>estut</strong></span> <span class='ocrx_word' id='word_1_533' title='bbox 3478 2354 3691 2410; x_wconf 88' lang='lat' dir='ltr'><strong>actum</strong></span> 
     </span>
     <span class='ocr_line' id='line_1_80' title="bbox 2118 2444 3698 2521; baseline -0.001 -15"><span class='ocrx_word' id='word_1_534' title='bbox 2118 2446 2478 2507; x_wconf 87' lang='lat' dir='ltr'><strong>interiorem</strong></span> <span class='ocrx_word' id='word_1_535' title='bbox 2527 2444 2742 2505; x_wconf 88' lang='lat' dir='ltr'><strong>saltem</strong></span> <span class='ocrx_word' id='word_1_536' title='bbox 2794 2444 3091 2505; x_wconf 78' lang='lat' dir='ltr'><strong>indirecte</strong></span> <span class='ocrx_word' id='word_1_537' title='bbox 3134 2448 3194 2503; x_wconf 91' lang='lat' dir='ltr'><strong>et</strong></span> <span class='ocrx_word' id='word_1_538' title='bbox 3246 2450 3698 2521; x_wconf 84' lang='lat' dir='ltr'><strong>consequenter</strong></span> 
     </span>
    </p>
   </div>
   <div class='ocr_carea' id='block_1_7' title="bbox 2120 2535 3814 2619">
    <p class='ocr_par' dir='ltr' id='par_1_10' title="bbox 2120 2535 3814 2619">
     <span class='ocr_line' id='line_1_81' title="bbox 2120 2535 3814 2619; baseline -0.001 -20"><span class='ocrx_word' id='word_1_539' title='bbox 2120 2539 2454 2619; x_wconf 82' lang='lat' dir='ltr'><strong>praecipiat.</strong></span> <span class='ocrx_word' id='word_1_540' title='bbox 2475 2537 2791 2610; x_wconf 90' lang='lat' dir='ltr'><strong>Quomodo</strong></span> <span class='ocrx_word' id='word_1_541' title='bbox 2809 2537 2977 2597; x_wconf 91' lang='lat' dir='ltr'><strong>enim</strong></span> <span class='ocrx_word' id='word_1_542' title='bbox 2996 2537 3099 2597; x_wconf 84' lang='lat' dir='ltr'><strong>lex</strong></span> <span class='ocrx_word' id='word_1_543' title='bbox 3117 2536 3431 2616; x_wconf 82' lang='lat' dir='ltr'><strong>praecipiet</strong></span> <span class='ocrx_word' id='word_1_544' title='bbox 3446 2535 3694 2597; x_wconf 86' lang='lat' dir='ltr'><strong>homini</strong></span> <span class='ocrx_word' id='word_1_545' title='bbox 3807 2602 3814 2607; x_wconf 60' lang='grc'><strong>,</strong></span> 
     </span>
    </p>
   </div>
   <div class='ocr_carea' id='block_1_8' title="bbox 2110 2629 3694 5511">
    <p class='ocr_par' dir='ltr' id='par_1_11' title="bbox 2113 2629 3694 5019">
     <span class='ocr_line' id='line_1_82' title="bbox 2120 2629 3689 2710; baseline 0 -20"><span class='ocrx_word' id='word_1_546' title='bbox 2120 2637 2190 2691; x_wconf 87' lang='grc'><strong>111</strong></span> <span class='ocrx_word' id='word_1_547' title='bbox 2216 2631 2421 2707; x_wconf 85' lang='lat' dir='ltr'><strong>faciat,</strong></span> <span class='ocrx_word' id='word_1_548' title='bbox 2447 2631 2567 2690; x_wconf 89' lang='lat' dir='ltr'><strong>nisi</strong></span> <span class='ocrx_word' id='word_1_549' title='bbox 2596 2630 2786 2709; x_wconf 89' lang='lat' dir='ltr'><strong>possit</strong></span> <span class='ocrx_word' id='word_1_550' title='bbox 2815 2629 3144 2710; x_wconf 83' lang='lat' dir='ltr'><strong>praecipere</strong></span> <span class='ocrx_word' id='word_1_551' title='bbox 3168 2641 3240 2688; x_wconf 84' lang='lat' dir='ltr'><strong>ut</strong></span> <span class='ocrx_word' id='word_1_552' title='bbox 3273 2629 3421 2689; x_wconf 83' lang='lat' dir='ltr'><strong>velit</strong></span> <span class='ocrx_word' id='word_1_553' title='bbox 3461 2629 3689 2704; x_wconf 79' lang='lat' dir='ltr'><strong>facere,</strong></span> 
     </span>
     <span class='ocr_line' id='line_1_83' title="bbox 2123 2721 3694 2800; baseline -0.001 -17"><span class='ocrx_word' id='word_1_554' title='bbox 2123 2741 2266 2783; x_wconf 91' lang='lat' dir='ltr'><strong>cum</strong></span> <span class='ocrx_word' id='word_1_555' title='bbox 2302 2722 2619 2783; x_wconf 87' lang='lat' dir='ltr'><strong>voluntate</strong></span> <span class='ocrx_word' id='word_1_556' title='bbox 2661 2721 2932 2781; x_wconf 85' lang='lat' dir='ltr'><strong>facturus</strong></span> <span class='ocrx_word' id='word_1_557' title='bbox 2968 2722 3082 2780; x_wconf 73' lang='lat' dir='ltr'><strong>sit?</strong></span> <span class='ocrx_word' id='word_1_558' title='bbox 3129 2722 3206 2780; x_wconf 87' lang='lat' dir='ltr'><strong>Et</strong></span> <span class='ocrx_word' id='word_1_559' title='bbox 3250 2721 3694 2800; x_wconf 86' lang='lat' dir='ltr'><strong>proportionali</strong></span> 
     </span>
     <span class='ocr_line' id='line_1_84' title="bbox 2120 2812 3691 2892; baseline -0.001 -16"><span class='ocrx_word' id='word_1_560' title='bbox 2120 2816 2382 2891; x_wconf 89' lang='lat' dir='ltr'><strong>ratione,</strong></span> <span class='ocrx_word' id='word_1_561' title='bbox 2435 2815 2487 2875; x_wconf 90' lang='lat' dir='ltr'><strong>si</strong></span> <span class='ocrx_word' id='word_1_562' title='bbox 2527 2814 2630 2874; x_wconf 84' lang='lat' dir='ltr'><strong>lex</strong></span> <span class='ocrx_word' id='word_1_563' title='bbox 2657 2812 2932 2874; x_wconf 88' lang='lat' dir='ltr'><strong>humana</strong></span> <span class='ocrx_word' id='word_1_564' title='bbox 2975 2813 3304 2892; x_wconf 88' lang='lat' dir='ltr'><strong>prohibeat</strong></span> <span class='ocrx_word' id='word_1_565' title='bbox 3328 2814 3526 2875; x_wconf 80' lang='lat' dir='ltr'><strong>facere</strong></span> <span class='ocrx_word' id='word_1_566' title='bbox 3577 2814 3691 2874; x_wconf 90' lang='lat' dir='ltr'><strong>ali·</strong></span> 
     </span>
     <span class='ocr_line' id='line_1_85' title="bbox 2122 2906 3690 2988; baseline 0 -20"><span class='ocrx_word' id='word_1_567' title='bbox 2122 2909 2294 2988; x_wconf 90' lang='lat' dir='ltr'><strong>quid,</strong></span> <span class='ocrx_word' id='word_1_568' title='bbox 2340 2908 2625 2988; x_wconf 90' lang='lat' dir='ltr'><strong>prohibet</strong></span> <span class='ocrx_word' id='word_1_569' title='bbox 2669 2907 2857 2968; x_wconf 88' lang='lat' dir='ltr'><strong>etiam</strong></span> <span class='ocrx_word' id='word_1_570' title='bbox 2910 2906 3068 2967; x_wconf 88' lang='lat' dir='ltr'><strong>velle</strong></span> <span class='ocrx_word' id='word_1_571' title='bbox 3117 2906 3448 2969; x_wconf 87' lang='lat' dir='ltr'><strong>efficaciter</strong></span> <span class='ocrx_word' id='word_1_572' title='bbox 3489 2908 3690 2968; x_wconf 81' lang='lat' dir='ltr'><strong>facere</strong></span> 
     </span>
     <span class='ocr_line' id='line_1_86' title="bbox 2121 2999 3688 3079; baseline -0.001 -17"><span class='ocrx_word' id='word_1_573' title='bbox 2121 3001 2306 3062; x_wconf 92' lang='lat' dir='ltr'><strong>idem.</strong></span> <span class='ocrx_word' id='word_1_574' title='bbox 2351 3003 2512 3076; x_wconf 94' lang='lat' dir='ltr'><strong>Imo,</strong></span> <span class='ocrx_word' id='word_1_575' title='bbox 2559 3018 2686 3062; x_wconf 91' lang='lat' dir='ltr'><strong>non</strong></span> <span class='ocrx_word' id='word_1_576' title='bbox 2720 2999 2917 3060; x_wconf 92' lang='lat' dir='ltr'><strong>solum</strong></span> <span class='ocrx_word' id='word_1_577' title='bbox 2960 2999 3061 3060; x_wconf 86' lang='lat' dir='ltr'><strong>lex</strong></span> <span class='ocrx_word' id='word_1_578' title='bbox 3098 2999 3431 3079; x_wconf 87' lang='lat' dir='ltr'><strong>prohibens</strong></span> <span class='ocrx_word' id='word_1_579' title='bbox 3483 3007 3688 3062; x_wconf 88' lang='lat' dir='ltr'><strong>actum</strong></span> 
     </span>
     <span class='ocr_line' id='line_1_87' title="bbox 2121 3092 3689 3173; baseline 0 -18"><span class='ocrx_word' id='word_1_580' title='bbox 2121 3100 2450 3155; x_wconf 86' lang='lat' dir='ltr'><strong>externum</strong></span> <span class='ocrx_word' id='word_1_581' title='bbox 2491 3098 2932 3173; x_wconf 85' lang='lat' dir='ltr'><strong>consequenter</strong></span> <span class='ocrx_word' id='word_1_582' title='bbox 2958 3092 3246 3172; x_wconf 85' lang='lat' dir='ltr'><strong>prohibet</strong></span> <span class='ocrx_word' id='word_1_583' title='bbox 3283 3092 3554 3172; x_wconf 89' lang='lat' dir='ltr'><strong>aliquam</strong></span> <span class='ocrx_word' id='word_1_584' title='bbox 3581 3114 3689 3155; x_wconf 80' lang='lat' dir='ltr'><strong>vo-</strong></span> 
     </span>
     <span class='ocr_line' id='line_1_88' title="bbox 2124 3186 3689 3268; baseline 0.001 -21"><span class='ocrx_word' id='word_1_585' title='bbox 2124 3188 2429 3249; x_wconf 87' lang='lat' dir='ltr'><strong>luntatem</strong></span> <span class='ocrx_word' id='word_1_586' title='bbox 2462 3189 2772 3248; x_wconf 87' lang='lat' dir='ltr'><strong>internam</strong></span> <span class='ocrx_word' id='word_1_587' title='bbox 2796 3203 2816 3263; x_wconf 92' lang='lat'>;</span> <span class='ocrx_word' id='word_1_588' title='bbox 2843 3187 2946 3247; x_wconf 91' lang='lat' dir='ltr'><strong>sed</strong></span> <span class='ocrx_word' id='word_1_589' title='bbox 2976 3187 3163 3248; x_wconf 89' lang='lat' dir='ltr'><strong>etiam</strong></span> <span class='ocrx_word' id='word_1_590' title='bbox 3202 3186 3301 3247; x_wconf 90' lang='lat' dir='ltr'><strong>lex</strong></span> <span class='ocrx_word' id='word_1_591' title='bbox 3331 3188 3689 3268; x_wconf 84' lang='lat' dir='ltr'><strong>praecipiens</strong></span> 
     </span>
     <span class='ocr_line' id='line_1_89' title="bbox 2124 3279 3690 3360; baseline 0 -19"><span class='ocrx_word' id='word_1_592' title='bbox 2124 3286 2326 3341; x_wconf 88' lang='lat' dir='ltr'><strong>actum</strong></span> <span class='ocrx_word' id='word_1_593' title='bbox 2373 3287 2698 3341; x_wconf 89' lang='lat' dir='ltr'><strong>externum</strong></span> <span class='ocrx_word' id='word_1_594' title='bbox 2744 3298 2855 3360; x_wconf 89' lang='lat' dir='ltr'><strong>pro</strong></span> <span class='ocrx_word' id='word_1_595' title='bbox 2897 3279 3106 3358; x_wconf 90' lang='lat' dir='ltr'><strong>aliquo</strong></span> <span class='ocrx_word' id='word_1_596' title='bbox 3153 3284 3426 3358; x_wconf 90' lang='lat' dir='ltr'><strong>tempore</strong></span> <span class='ocrx_word' id='word_1_597' title='bbox 3473 3299 3690 3341; x_wconf 84' lang='lat' dir='ltr'><strong>conse·</strong></span> 
     </span>
     <span class='ocr_line' id='line_1_90' title="bbox 2123 3365 3693 3453; baseline -0.001 -19"><span class='ocrx_word' id='word_1_598' title='bbox 2123 3365 2384 3452; x_wconf 87' lang='lat' dir='ltr'><strong>quenter</strong></span> <span class='ocrx_word' id='word_1_599' title='bbox 2421 3373 2711 3453; x_wconf 89' lang='lat' dir='ltr'><strong>prohibet</strong></span> <span class='ocrx_word' id='word_1_600' title='bbox 2762 3372 2988 3433; x_wconf 86' lang='lat' dir='ltr'><strong>habere</strong></span> <span class='ocrx_word' id='word_1_601' title='bbox 3017 3391 3125 3452; x_wconf 88' lang='lat' dir='ltr'><strong>pro</strong></span> <span class='ocrx_word' id='word_1_602' title='bbox 3146 3372 3251 3431; x_wconf 95' lang='lat' dir='ltr'><strong>illo</strong></span> <span class='ocrx_word' id='word_1_603' title='bbox 3282 3377 3557 3451; x_wconf 87' lang='lat' dir='ltr'><strong>tempore</strong></span> <span class='ocrx_word' id='word_1_604' title='bbox 3581 3392 3693 3433; x_wconf 88' lang='lat' dir='ltr'><strong>vo-</strong></span> 
     </span>
     <span class='ocr_line' id='line_1_91' title="bbox 2122 3463 3692 3540; baseline 0 -13"><span class='ocrx_word' id='word_1_605' title='bbox 2122 3467 2428 3528; x_wconf 90' lang='lat' dir='ltr'><strong>luntatem</strong></span> <span class='ocrx_word' id='word_1_606' title='bbox 2455 3485 2582 3527; x_wconf 92' lang='lat' dir='ltr'><strong>non</strong></span> <span class='ocrx_word' id='word_1_607' title='bbox 2610 3465 2901 3540; x_wconf 89' lang='lat' dir='ltr'><strong>faciendi,</strong></span> <span class='ocrx_word' id='word_1_608' title='bbox 2932 3484 3039 3526; x_wconf 90' lang='lat' dir='ltr'><strong>seu</strong></span> <span class='ocrx_word' id='word_1_609' title='bbox 3065 3463 3423 3525; x_wconf 82' lang='lat' dir='ltr'><strong>nolitionem</strong></span> <span class='ocrx_word' id='word_1_610' title='bbox 3456 3465 3692 3527; x_wconf 85' lang='lat' dir='ltr'><strong>facien-</strong></span> 
     </span>
     <span class='ocr_line' id='line_1_92' title="bbox 2124 3558 3688 3636; baseline 0 -16"><span class='ocrx_word' id='word_1_611' title='bbox 2124 3561 2212 3636; x_wconf 91' lang='lat' dir='ltr'><strong>di,</strong></span> <span class='ocrx_word' id='word_1_612' title='bbox 2238 3560 2338 3622; x_wconf 86' lang='lat' dir='ltr'><strong>vel</strong></span> <span class='ocrx_word' id='word_1_613' title='bbox 2358 3561 2546 3621; x_wconf 89' lang='lat' dir='ltr'><strong>etiam</strong></span> <span class='ocrx_word' id='word_1_614' title='bbox 2575 3559 2956 3620; x_wconf 87' lang='lat' dir='ltr'><strong>voluntatem</strong></span> <span class='ocrx_word' id='word_1_615' title='bbox 2977 3558 3241 3619; x_wconf 83' lang='lat' dir='ltr'><strong>faciendi</strong></span> <span class='ocrx_word' id='word_1_616' title='bbox 3259 3558 3453 3619; x_wconf 89' lang='lat' dir='ltr'><strong>alium</strong></span> <span class='ocrx_word' id='word_1_617' title='bbox 3481 3566 3688 3620; x_wconf 89' lang='lat' dir='ltr'><strong>actum</strong></span> 
     </span>
     <span class='ocr_line' id='line_1_93' title="bbox 2123 3653 3690 3733; baseline 0 -20"><span class='ocrx_word' id='word_1_618' title='bbox 2123 3653 2713 3733; x_wconf 86' lang='lat' dir='ltr'><strong>incompossibilem,</strong></span> <span class='ocrx_word' id='word_1_619' title='bbox 2736 3654 2883 3731; x_wconf 87' lang='lat' dir='ltr'><strong>quia</strong></span> <span class='ocrx_word' id='word_1_620' title='bbox 2910 3670 3154 3713; x_wconf 87' lang='lat' dir='ltr'><strong>necesse</strong></span> <span class='ocrx_word' id='word_1_621' title='bbox 3180 3658 3271 3712; x_wconf 89' lang='lat' dir='ltr'><strong>est</strong></span> <span class='ocrx_word' id='word_1_622' title='bbox 3287 3658 3356 3711; x_wconf 90' lang='lat' dir='ltr'><strong>ut</strong></span> <span class='ocrx_word' id='word_1_623' title='bbox 3369 3653 3690 3733; x_wconf 88' lang='lat' dir='ltr'><strong>prohibeat</strong></span> 
     </span>
     <span class='ocr_line' id='line_1_94' title="bbox 2123 3745 3682 3827; baseline 0.001 -20"><span class='ocrx_word' id='word_1_624' title='bbox 2123 3747 2424 3827; x_wconf 88' lang='lat' dir='ltr'><strong>quidquid</strong></span> <span class='ocrx_word' id='word_1_625' title='bbox 2461 3746 2948 3827; x_wconf 90' lang='lat' dir='ltr'><strong>incompossibile</strong></span> <span class='ocrx_word' id='word_1_626' title='bbox 2968 3751 3058 3807; x_wconf 89' lang='lat' dir='ltr'><strong>est</strong></span> <span class='ocrx_word' id='word_1_627' title='bbox 3069 3745 3482 3807; x_wconf 82' lang='lat' dir='ltr'><strong>observationi</strong></span> <span class='ocrx_word' id='word_1_628' title='bbox 3503 3747 3682 3825; x_wconf 90' lang='lat' dir='ltr'><strong>legis:</strong></span> 
     </span>
     <span class='ocr_line' id='line_1_95' title="bbox 2122 3838 3688 3919; baseline 0.001 -20"><span class='ocrx_word' id='word_1_629' title='bbox 2122 3840 2383 3919; x_wconf 88' lang='lat' dir='ltr'><strong>quilibet</strong></span> <span class='ocrx_word' id='word_1_630' title='bbox 2434 3846 2644 3901; x_wconf 89' lang='lat' dir='ltr'><strong>autem</strong></span> <span class='ocrx_word' id='word_1_631' title='bbox 2685 3857 2762 3900; x_wconf 89' lang='lat' dir='ltr'><strong>ex</strong></span> <span class='ocrx_word' id='word_1_632' title='bbox 2801 3839 2898 3899; x_wconf 91' lang='lat' dir='ltr'><strong>his</strong></span> <span class='ocrx_word' id='word_1_633' title='bbox 2951 3838 3185 3899; x_wconf 88' lang='lat' dir='ltr'><strong>actibus</strong></span> <span class='ocrx_word' id='word_1_634' title='bbox 3220 3839 3554 3899; x_wconf 82' lang='lat' dir='ltr'><strong>voluntatis</strong></span> <span class='ocrx_word' id='word_1_635' title='bbox 3596 3844 3688 3900; x_wconf 75' lang='lat' dir='ltr'><strong>est</strong></span> 
     </span>
     <span class='ocr_line' id='line_1_96' title="bbox 2123 3931 3688 4013; baseline 0 -21"><span class='ocrx_word' id='word_1_636' title='bbox 2123 3933 2637 4013; x_wconf 88' lang='lat' dir='ltr'><strong>incompossibilis</strong></span> <span class='ocrx_word' id='word_1_637' title='bbox 2691 3932 3104 3993; x_wconf 83' lang='lat' dir='ltr'><strong>observationi</strong></span> <span class='ocrx_word' id='word_1_638' title='bbox 3167 3931 3301 3992; x_wconf 79' lang='lat' dir='ltr'><strong>talis</strong></span> <span class='ocrx_word' id='word_1_639' title='bbox 3356 3931 3510 4010; x_wconf 85' lang='lat' dir='ltr'><strong>legis</strong></span> <span class='ocrx_word' id='word_1_640' title='bbox 3533 3978 3553 4008; x_wconf 90' lang='lat'><strong>,</strong></span> <span class='ocrx_word' id='word_1_641' title='bbox 3616 3938 3688 3992; x_wconf 90' lang='lat' dir='ltr'><strong>ut</strong></span> 
     </span>
     <span class='ocr_line' id='line_1_97' title="bbox 2123 4024 3687 4106; baseline -0.001 -20"><span class='ocrx_word' id='word_1_642' title='bbox 2123 4032 2380 4086; x_wconf 90' lang='lat' dir='ltr'><strong>constat.</strong></span> <span class='ocrx_word' id='word_1_643' title='bbox 2414 4026 2615 4106; x_wconf 88' lang='lat' dir='ltr'><strong>Atque</strong></span> <span class='ocrx_word' id='word_1_644' title='bbox 2643 4025 2788 4086; x_wconf 91' lang='lat' dir='ltr'><strong>hinc</strong></span> <span class='ocrx_word' id='word_1_645' title='bbox 2821 4025 3011 4086; x_wconf 85' lang='lat' dir='ltr'><strong>etiam</strong></span> <span class='ocrx_word' id='word_1_646' title='bbox 3038 4024 3110 4084; x_wconf 90' lang='lat' dir='ltr'><strong>fit</strong></span> <span class='ocrx_word' id='word_1_647' title='bbox 3138 4030 3231 4100; x_wconf 88' lang='lat' dir='ltr'><strong>ut,</strong></span> <span class='ocrx_word' id='word_1_648' title='bbox 3263 4042 3337 4085; x_wconf 91' lang='lat' dir='ltr'><strong>eo</strong></span> <span class='ocrx_word' id='word_1_649' title='bbox 3364 4025 3497 4103; x_wconf 88' lang='lat' dir='ltr'><strong>ipso</strong></span> <span class='ocrx_word' id='word_1_650' title='bbox 3524 4025 3687 4104; x_wconf 88' lang='lat' dir='ltr'><strong>quod</strong></span> 
     </span>
     <span class='ocr_line' id='line_1_98' title="bbox 2122 4116 3686 4198; baseline 0.001 -21"><span class='ocrx_word' id='word_1_651' title='bbox 2122 4117 2221 4179; x_wconf 82' lang='lat' dir='ltr'><strong>lex</strong></span> <span class='ocrx_word' id='word_1_652' title='bbox 2267 4117 2554 4198; x_wconf 89' lang='lat' dir='ltr'><strong>prohibet</strong></span> <span class='ocrx_word' id='word_1_653' title='bbox 2589 4117 2822 4196; x_wconf 90' lang='lat' dir='ltr'><strong>aliquid</strong></span> <span class='ocrx_word' id='word_1_654' title='bbox 2867 4118 3067 4178; x_wconf 80' lang='lat' dir='ltr'><strong>facere</strong></span> <span class='ocrx_word' id='word_1_655' title='bbox 3092 4163 3111 4191; x_wconf 94' lang='lat'><strong>,</strong></span> <span class='ocrx_word' id='word_1_656' title='bbox 3141 4116 3468 4196; x_wconf 87' lang='lat' dir='ltr'><strong>prohibeat</strong></span> <span class='ocrx_word' id='word_1_657' title='bbox 3499 4118 3686 4178; x_wconf 88' lang='lat' dir='ltr'><strong>etiam</strong></span> 
     </span>
     <span class='ocr_line' id='line_1_99' title="bbox 2122 4210 3683 4294; baseline -0.001 -22"><span class='ocrx_word' id='word_1_658' title='bbox 2122 4210 2351 4272; x_wconf 85' lang='lat' dir='ltr'><strong>habere</strong></span> <span class='ocrx_word' id='word_1_659' title='bbox 2396 4211 2776 4294; x_wconf 89' lang='lat' dir='ltr'><strong>propositum</strong></span> <span class='ocrx_word' id='word_1_660' title='bbox 2823 4210 3171 4271; x_wconf 86' lang='lat' dir='ltr'><strong>absolutum</strong></span> <span class='ocrx_word' id='word_1_661' title='bbox 3211 4210 3513 4271; x_wconf 85' lang='lat' dir='ltr'><strong>faciendi:</strong></span> <span class='ocrx_word' id='word_1_662' title='bbox 3562 4216 3622 4271; x_wconf 90' lang='lat' dir='ltr'><strong>et</strong></span> <span class='ocrx_word' id='word_1_663' title='bbox 3648 4227 3683 4271; x_wconf 88' lang='lat' dir='ltr'><strong>e</strong></span> 
     </span>
     <span class='ocr_line' id='line_1_100' title="bbox 2120 4304 3686 4384; baseline -0.001 -19"><span class='ocrx_word' id='word_1_664' title='bbox 2120 4323 2431 4379; x_wconf 68' lang='lat' dir='ltr'><strong>converso,</strong></span> <span class='ocrx_word' id='word_1_665' title='bbox 2453 4305 2503 4363; x_wconf 91' lang='lat' dir='ltr'><strong>si</strong></span> <span class='ocrx_word' id='word_1_666' title='bbox 2517 4305 2795 4384; x_wconf 77' lang='lat' dir='ltr'><strong>praecipit</strong></span> <span class='ocrx_word' id='word_1_667' title='bbox 2813 4304 3047 4382; x_wconf 88' lang='lat' dir='ltr'><strong>aliquid</strong></span> <span class='ocrx_word' id='word_1_668' title='bbox 3071 4304 3291 4379; x_wconf 83' lang='lat' dir='ltr'><strong>facere,</strong></span> <span class='ocrx_word' id='word_1_669' title='bbox 3315 4323 3686 4383; x_wconf 89' lang='lat' dir='ltr'><strong>consequen-</strong></span> 
     </span>
     <span class='ocr_line' id='line_1_101' title="bbox 2119 4398 3685 4477; baseline 0.001 -20"><span class='ocrx_word' id='word_1_670' title='bbox 2119 4404 2213 4458; x_wconf 88' lang='lat' dir='ltr'><strong>ter</strong></span> <span class='ocrx_word' id='word_1_671' title='bbox 2257 4398 2542 4477; x_wconf 90' lang='lat' dir='ltr'><strong>prohibet</strong></span> <span class='ocrx_word' id='word_1_672' title='bbox 2579 4398 2960 4477; x_wconf 88' lang='lat' dir='ltr'><strong>propositum</strong></span> <span class='ocrx_word' id='word_1_673' title='bbox 2995 4416 3122 4458; x_wconf 93' lang='lat' dir='ltr'><strong>non</strong></span> <span class='ocrx_word' id='word_1_674' title='bbox 3167 4398 3435 4459; x_wconf 84' lang='lat' dir='ltr'><strong>faciendi</strong></span> <span class='ocrx_word' id='word_1_675' title='bbox 3478 4398 3685 4458; x_wconf 87' lang='lat' dir='ltr'><strong>debito</strong></span> 
     </span>
     <span class='ocr_line' id='line_1_102' title="bbox 2124 4491 3679 4571; baseline -0.001 -20"><span class='ocrx_word' id='word_1_676' title='bbox 2124 4497 2422 4571; x_wconf 88' lang='lat' dir='ltr'><strong>tempore,</strong></span> <span class='ocrx_word' id='word_1_677' title='bbox 2468 4491 2611 4553; x_wconf 91' lang='lat' dir='ltr'><strong>licet</strong></span> <span class='ocrx_word' id='word_1_678' title='bbox 2650 4492 3032 4571; x_wconf 89' lang='lat' dir='ltr'><strong>propositum</strong></span> <span class='ocrx_word' id='word_1_679' title='bbox 3076 4498 3245 4552; x_wconf 89' lang='lat' dir='ltr'><strong>actus</strong></span> <span class='ocrx_word' id='word_1_680' title='bbox 3290 4492 3545 4552; x_wconf 83' lang='lat' dir='ltr'><strong>interior</strong></span> <span class='ocrx_word' id='word_1_681' title='bbox 3579 4492 3679 4565; x_wconf 90' lang='lat' dir='ltr'><strong>sit,</strong></span> 
     </span>
     <span class='ocr_line' id='line_1_103' title="bbox 2117 4584 3678 4665; baseline 0.001 -22"><span class='ocrx_word' id='word_1_682' title='bbox 2117 4584 2263 4662; x_wconf 87' lang='lat' dir='ltr'><strong>quia</strong></span> <span class='ocrx_word' id='word_1_683' title='bbox 2292 4603 2364 4645; x_wconf 90' lang='lat' dir='ltr'><strong>eo</strong></span> <span class='ocrx_word' id='word_1_684' title='bbox 2385 4586 2517 4665; x_wconf 89' lang='lat' dir='ltr'><strong>ipso</strong></span> <span class='ocrx_word' id='word_1_685' title='bbox 2537 4585 2701 4664; x_wconf 92' lang='lat' dir='ltr'><strong>quod</strong></span> <span class='ocrx_word' id='word_1_686' title='bbox 2720 4592 2892 4645; x_wconf 89' lang='lat' dir='ltr'><strong>actus</strong></span> <span class='ocrx_word' id='word_1_687' title='bbox 2910 4585 3177 4645; x_wconf 87' lang='lat' dir='ltr'><strong>exterior</strong></span> <span class='ocrx_word' id='word_1_688' title='bbox 3203 4591 3292 4645; x_wconf 88' lang='lat' dir='ltr'><strong>est</strong></span> <span class='ocrx_word' id='word_1_689' title='bbox 3312 4585 3678 4664; x_wconf 90' lang='lat' dir='ltr'><strong>prohibitus,</strong></span> 
     </span>
     <span class='ocr_line' id='line_1_104' title="bbox 2117 4677 3684 4757; baseline 0 -20"><span class='ocrx_word' id='word_1_690' title='bbox 2117 4682 2209 4737; x_wconf 87' lang='lat' dir='ltr'><strong>est</strong></span> <span class='ocrx_word' id='word_1_691' title='bbox 2261 4677 2495 4738; x_wconf 90' lang='lat' dir='ltr'><strong>malum</strong></span> <span class='ocrx_word' id='word_1_692' title='bbox 2546 4678 2856 4756; x_wconf 77' lang='lat' dir='ltr'><strong>obJ’ectum</strong></span> <span class='ocrx_word' id='word_1_693' title='bbox 2902 4684 3180 4757; x_wconf 90' lang='lat' dir='ltr'><strong>respectu</strong></span> <span class='ocrx_word' id='word_1_694' title='bbox 3230 4678 3589 4747; x_wconf 85' lang='lat' dir='ltr'><strong>voluntatis,</strong></span> <span class='ocrx_word' id='word_1_695' title='bbox 3622 4684 3684 4738; x_wconf 90' lang='lat' dir='ltr'><strong>et</strong></span> 
     </span>
     <span class='ocr_line' id='line_1_105' title="bbox 2117 4770 3682 4850; baseline 0.001 -21"><span class='ocrx_word' id='word_1_696' title='bbox 2117 4770 2255 4831; x_wconf 91' lang='lat' dir='ltr'><strong>ideo</strong></span> <span class='ocrx_word' id='word_1_697' title='bbox 2284 4778 2725 4850; x_wconf 89' lang='lat' dir='ltr'><strong>consequenter</strong></span> <span class='ocrx_word' id='word_1_698' title='bbox 2756 4770 2827 4830; x_wconf 91' lang='lat' dir='ltr'><strong>fit</strong></span> <span class='ocrx_word' id='word_1_699' title='bbox 2852 4776 2923 4830; x_wconf 89' lang='grc'><strong>111</strong></span> <span class='ocrx_word' id='word_1_700' title='bbox 2947 4771 3085 4832; x_wconf 86' lang='lat' dir='ltr'><strong>talis</strong></span> <span class='ocrx_word' id='word_1_701' title='bbox 3115 4770 3401 4832; x_wconf 78' lang='lat' dir='ltr'><strong>voluntas</strong></span> <span class='ocrx_word' id='word_1_702' title='bbox 3432 4772 3564 4849; x_wconf 88' lang='lat' dir='ltr'><strong>ejus</strong></span> <span class='ocrx_word' id='word_1_703' title='bbox 3604 4772 3682 4831; x_wconf 88' lang='lat' dir='ltr'><strong>sit</strong></span> 
     </span>
     <span class='ocr_line' id='line_1_106' title="bbox 2114 4863 3680 4943; baseline 0 -20"><span class='ocrx_word' id='word_1_704' title='bbox 2114 4864 2301 4938; x_wconf 89' lang='lat' dir='ltr'><strong>mala,</strong></span> <span class='ocrx_word' id='word_1_705' title='bbox 2341 4882 2414 4924; x_wconf 87' lang='lat' dir='ltr'><strong>ac</strong></span> <span class='ocrx_word' id='word_1_706' title='bbox 2459 4863 2719 4925; x_wconf 90' lang='lat' dir='ltr'><strong>subinde</strong></span> <span class='ocrx_word' id='word_1_707' title='bbox 2748 4863 3061 4943; x_wconf 90' lang='lat' dir='ltr'><strong>prohibita</strong></span> <span class='ocrx_word' id='word_1_708' title='bbox 3102 4864 3412 4925; x_wconf 88' lang='lat' dir='ltr'><strong>mediante</strong></span> <span class='ocrx_word' id='word_1_709' title='bbox 3441 4864 3680 4943; x_wconf 90' lang='lat' dir='ltr'><strong>objecto</strong></span> 
     </span>
     <span class='ocr_line' id='line_1_107' title="bbox 2113 4977 2247 5019; baseline 0 0"><span class='ocrx_word' id='word_1_710' title='bbox 2113 4977 2247 5019; x_wconf 86' lang='lat' dir='ltr'><strong>suo.</strong></span> 
     </span>
    </p>

    <p class='ocr_par' dir='ltr' id='par_1_12' title="bbox 2110 5052 3685 5511">
     <span class='ocr_line' id='line_1_108' title="bbox 2199 5052 3685 5133; baseline 0.003 -21"><span class='ocrx_word' id='word_1_711' title='bbox 2199 5055 2297 5113; x_wconf 83' lang='lat'><strong>10.</strong></span> <span class='ocrx_word' id='word_1_712' title='bbox 2343 5052 2445 5116; x_wconf 78' lang='lat' dir='ltr'><strong>An</strong></span> <span class='ocrx_word' id='word_1_713' title='bbox 2475 5054 2831 5117; x_wconf 78' lang='lat' dir='ltr'><strong>desiderium</strong></span> <span class='ocrx_word' id='word_1_714' title='bbox 2858 5055 3155 5132; x_wconf 73' lang='lat' dir='ltr'><strong>inefficaoe</strong></span> <span class='ocrx_word' id='word_1_715' title='bbox 3168 5054 3362 5133; x_wconf 72' lang='lat' dir='ltr'><strong>possit</strong></span> <span class='ocrx_word' id='word_1_716' title='bbox 3372 5054 3685 5133; x_wconf 76' lang='lat' dir='ltr'><strong>prohiberi</strong></span> 
     </span>
     <span class='ocr_line' id='line_1_109' title="bbox 2114 5147 3681 5227; baseline 0 -19"><span class='ocrx_word' id='word_1_717' title='bbox 2114 5164 2154 5208; x_wconf 80' lang='lat' dir='ltr'><strong>a</strong></span> <span class='ocrx_word' id='word_1_718' title='bbox 2177 5147 2300 5227; x_wconf 71' lang='lat' dir='ltr'><strong>leye</strong></span> <span class='ocrx_word' id='word_1_719' title='bbox 2322 5149 2605 5210; x_wconf 73' lang='lat' dir='ltr'><strong>humana.</strong></span> <span class='ocrx_word' id='word_1_720' title='bbox 2638 5181 2720 5193; x_wconf 93' lang='lat'><strong>—</strong></span> <span class='ocrx_word' id='word_1_721' title='bbox 2745 5150 2960 5209; x_wconf 86' lang='lat' dir='ltr'><strong>Dices:</strong></span> <span class='ocrx_word' id='word_1_722' title='bbox 2996 5166 3143 5227; x_wconf 89' lang='lat' dir='ltr'><strong>ergo</strong></span> <span class='ocrx_word' id='word_1_723' title='bbox 3186 5149 3401 5209; x_wconf 87' lang='lat' dir='ltr'><strong>eadem</strong></span> <span class='ocrx_word' id='word_1_724' title='bbox 3441 5148 3681 5208; x_wconf 89' lang='lat' dir='ltr'><strong>ratione</strong></span> 
     </span>
     <span class='ocr_line' id='line_1_110' title="bbox 2113 5241 3677 5319; baseline 0.001 -20"><span class='ocrx_word' id='word_1_725' title='bbox 2113 5241 2231 5300; x_wconf 90' lang='lat' dir='ltr'><strong>erit</strong></span> <span class='ocrx_word' id='word_1_726' title='bbox 2260 5241 2636 5319; x_wconf 88' lang='lat' dir='ltr'><strong>prohibitum</strong></span> <span class='ocrx_word' id='word_1_727' title='bbox 2665 5260 2851 5303; x_wconf 91' lang='lat' dir='ltr'><strong>omne</strong></span> <span class='ocrx_word' id='word_1_728' title='bbox 2878 5242 3252 5303; x_wconf 90' lang='lat' dir='ltr'><strong>desiderium</strong></span> <span class='ocrx_word' id='word_1_729' title='bbox 3275 5242 3462 5302; x_wconf 86' lang='lat' dir='ltr'><strong>etiam</strong></span> <span class='ocrx_word' id='word_1_730' title='bbox 3482 5241 3677 5301; x_wconf 53' lang='grc'><strong>1118111,-</strong></span> 
     </span>
     <span class='ocr_line' id='line_1_111' title="bbox 2112 5333 3676 5416; baseline 0 -22"><span class='ocrx_word' id='word_1_731' title='bbox 2112 5352 2248 5409; x_wconf 86' lang='lat' dir='ltr'><strong>cax,</strong></span> <span class='ocrx_word' id='word_1_732' title='bbox 2274 5335 2597 5415; x_wconf 86' lang='lat' dir='ltr'><strong>omnisque</strong></span> <span class='ocrx_word' id='word_1_733' title='bbox 2634 5336 3078 5416; x_wconf 89' lang='lat' dir='ltr'><strong>complacentia</strong></span> <span class='ocrx_word' id='word_1_734' title='bbox 3127 5335 3288 5396; x_wconf 89' lang='lat' dir='ltr'><strong>circa</strong></span> <span class='ocrx_word' id='word_1_735' title='bbox 3323 5334 3446 5396; x_wconf 87' lang='lat' dir='ltr'><strong>tale</strong></span> <span class='ocrx_word' id='word_1_736' title='bbox 3476 5333 3676 5413; x_wconf 84' lang='lat' dir='ltr'><strong>objec-</strong></span> 
     </span>
     <span class='ocr_line' id='line_1_112' title="bbox 2110 5429 3676 5511; baseline 0 -21"><span class='ocrx_word' id='word_1_737' title='bbox 2110 5431 2273 5507; x_wconf 83' lang='lat' dir='ltr'><strong>tum,</strong></span> <span class='ocrx_word' id='word_1_738' title='bbox 2307 5429 2454 5511; x_wconf 83' lang='lat' dir='ltr'><strong>quia</strong></span> <span class='ocrx_word' id='word_1_739' title='bbox 2484 5431 2673 5495; x_wconf 85' lang='lat' dir='ltr'><strong>etiam</strong></span> <span class='ocrx_word' id='word_1_740' title='bbox 2704 5429 2773 5493; x_wconf 92' lang='lat' dir='ltr'><strong>hi</strong></span> <span class='ocrx_word' id='word_1_741' title='bbox 2808 5436 2983 5493; x_wconf 84' lang='lat' dir='ltr'><strong>actus</strong></span> <span class='ocrx_word' id='word_1_742' title='bbox 3019 5430 3180 5492; x_wconf 85' lang='lat' dir='ltr'><strong>circa</strong></span> <span class='ocrx_word' id='word_1_743' title='bbox 3208 5429 3517 5511; x_wconf 75' lang='lat' dir='ltr'><strong>obJectum</strong></span> <span class='ocrx_word' id='word_1_744' title='bbox 3546 5445 3676 5490; x_wconf 85' lang='lat' dir='ltr'><strong>ma-</strong></span> 
     </span>
    </p>
   </div>
  </div>
 </body>
</html>
