3976 6219
482 536 603 593 test
628 527 895 591 Ecclesia
933 544 1110 587 suam
1152 526 1456 588 unitatem
1494 528 1799 588 retinere:
1841 531 1904 586 et
1928 525 2047 585 hoc

482 622 854 703 significavit
896 621 1171 681 Christus
1219 639 1362 681 cum
1417 619 1614 682 dixit:
1666 620 1870 699 Super
1896 618 2049 680 hauc

480 722 714 797 petram
738 715 1044 791 oedificabo
1065 714 1408 776 Ecclesiam
1430 731 1640 784 meam,
1664 717 1719 774 et
1741 716 1936 790 portoe
1954 712 2048 772 iu-

481 811 610 888 feri
634 827 751 871 nou
773 807 1176 886 proevalebuut
1209 808 1494 869 adversus
1519 824 1670 880 eam,
1700 804 1916 866 Matth.
1945 805 2045 880 16,

483 910 548 965 et
573 921 706 981 cap.
742 901 820 962 18
852 900 1113 979 adjecit:
1145 899 1304 962 Ecce
1337 915 1439 979 eqo
1465 898 1763 960 vobiscum
1787 916 1919 961 stum
1950 915 2053 959 us-

483 1014 594 1078 quc
630 996 712 1057 ad
745 993 1304 1057 cousummatiomm
1331 991 1537 1053 seculi.
1563 990 1794 1065 Tertio,
1820 990 1968 1069 quia
1984 989 2053 1049 in

483 1106 548 1149 se
570 1088 840 1148 maxime
882 1084 1364 1165 supernaturalis
1400 1089 1513 1160 est,
1562 1101 1691 1144 non
1720 1083 1921 1144 solum
1944 1101 2056 1162 per

484 1181 1066 1244 connaturalitatem
1108 1177 1188 1238 ad
1235 1177 1523 1256 gratiam,
1577 1177 1682 1239 sed
1717 1178 1905 1238 etiam
1944 1195 2057 1258 per

483 1275 810 1355 specialem
820 1273 1257 1354 perfectionem
1270 1275 1330 1331 et
1352 1269 1781 1331 excellentiam
1800 1288 1837 1330 a
1850 1269 2057 1331 Chris-

483 1375 549 1431 to
589 1369 928 1431 liberaliter
984 1367 1260 1428 additam
1305 1370 1558 1446 propter
1610 1364 2051 1446 perfectionem

482 1464 803 1543 praeseutis
836 1465 1050 1523 status.

568 1558 666 1617 12.
713 1556 1021 1618 Proedicta
1036 1557 1303 1632 potestas
1323 1553 1603 1632 quomodo
1625 1555 2054 1630 supernatura-

486 1650 805 1712 lise-Hoc
829 1648 1018 1709 etiam
1059 1644 1281 1725 probat
1304 1646 1532 1706 Victor.
1566 1662 1751 1723 supra
1777 1661 1852 1703 ex
1873 1642 2055 1704 effec-

484 1742 677 1817 tibus,
714 1743 861 1822 quia
910 1758 1019 1819 per
1063 1738 1225 1800 hanc
1267 1743 1630 1818 potestatem
1662 1746 2056 1797 consecratur

486 1853 708 1915 corpus
748 1833 971 1894 Christi
1002 1850 1245 1908 verum,
1286 1836 1349 1892 et
1378 1830 1796 1893 sanctificatur
1834 1847 2054 1909 corpus

488 1929 847 2009 mysticum,
899 1926 996 1986 cui
1049 1925 1237 1987 etiam
1278 1944 1390 2005 per
1438 1924 1609 1985 illam
1649 1923 2058 1986 remittuntur

489 2027 761 2102 peccata,
803 2025 866 2081 et
899 2019 1097 2098 gratia
1127 2017 1459 2079 confertur.
1502 2017 1620 2078 Sed
1648 2017 1701 2077 si
1723 2017 1862 2095 quis
1889 2020 2056 2076 recte

489 2114 854 2190 consideret,
883 2112 953 2173 hi
986 2130 1112 2172 non
1152 2117 1296 2172 sunt
1323 2109 1573 2173 effectus
1598 2109 1915 2190 potestatis
1941 2127 2056 2172 ex-

489 2207 733 2269 terioris
755 2204 1225 2286 jurisdictionis,
1282 2204 1358 2266 de
1408 2223 1531 2284 qua
1578 2221 1746 2264 nunc
1784 2203 2052 2281 agimus,

490 2300 596 2362 sed
636 2299 950 2380 potestatis
992 2297 1251 2372 ordiniS,
1277 2303 1362 2372 et,
1405 2297 1605 2376 quoad
1626 2296 2056 2357 remissionem

491 2400 901 2474 peccatorum,
938 2390 1255 2471 potestatis
1307 2390 1749 2469 jurisdictionis
1799 2389 1869 2448 in
1918 2388 2054 2449 foro

490 2486 893 2567 poenitentiae.
917 2484 1027 2545 Hic
1047 2489 1258 2544 autem
1281 2483 1526 2560 agimus
1544 2482 1619 2542 de
1625 2481 2057 2560 jurisdictione

491 2579 560 2639 in
595 2579 730 2638 foro
767 2582 1022 2638 externo
1076 2573 1499 2648 ecclesiastice,
1537 2573 1606 2633 in
1638 2591 1761 2652 quo
1802 2591 1930 2633 non
1966 2572 2059 2633 vi-

493 2670 718 2731 dentur
742 2670 875 2729 dari
905 2667 1179 2742 effectus,
1227 2665 1326 2726 vel
1358 2671 1531 2726 actus
1558 2665 2058 2744 supernaturales

492 2762 560 2823 in
598 2781 685 2823 se.
720 2760 1132 2821 Nihilominus
1177 2758 1505 2819 dicendum
1544 2763 1633 2817 est
1668 2757 1831 2818 hanc
1856 2762 2057 2837 potes-

490 2859 683 2915 tatem
706 2870 836 2914 esse
857 2849 1412 2931 supernaturalem,
1443 2853 1646 2929 primo
1668 2868 1744 2911 ex
1763 2850 2058 2928 conjunc-

491 2947 664 3007 tione
685 2946 763 3008 ad
785 2945 1066 3020 alteram,
1096 2944 1244 3023 quia
1264 2942 1448 3003 datur
1463 2947 1535 3002 ut
1566 2961 1810 3005 annexa
1828 2949 1892 3005 et
1912 2962 2056 3004 con-

483 3039 705 3120 juncta
725 3038 841 3113 illi,
865 3043 927 3099 et
935 3041 1379 3118 consequenter
1399 3036 1475 3098 ad
1492 3035 1667 3098 illam
1681 3038 2051 3118 Juvandam,

490 3141 553 3196 et
580 3133 1037 3215 quodammodo
1063 3132 1529 3213 exequendam:
1562 3133 1728 3195 unde
1756 3151 1867 3213 per
1893 3133 2057 3195 hanc

489 3235 854 3310 potestatem
873 3232 1190 3309 ponuntur
1215 3234 1517 3307 praecepta
1557 3245 1697 3307 quae
1731 3232 2060 3289 versantur

489 3323 649 3384 circa
676 3326 1060 3385 sacramenta
1087 3326 1149 3383 et
1182 3320 1577 3396 sacrificium,
1603 3339 1742 3400 quoe
1764 3337 2059 3400 superna-

490 3417 718 3478 turalia
743 3421 908 3478 sunt.
942 3414 1222 3475 Secundo
1258 3418 1352 3473 est
1385 3412 1871 3492 supernaturalis
1892 3413 2055 3487 aliis,

490 3511 637 3591 quia
661 3510 867 3589 plures
899 3507 1149 3568 effectus
1178 3504 1440 3566 morales
1461 3510 1662 3584 potest
1683 3505 1946 3583 efficere,
1981 3522 2062 3567 ex

492 3605 884 3665 concessione
913 3601 1160 3677 Christi,
1201 3617 1391 3679 quam
1419 3599 1552 3661 sine
1597 3600 1706 3660 illa
1732 3601 2056 3681 potuisset,

491 3703 563 3757 ιιι
575 3703 688 3773 est,
719 3696 895 3757 verbi
911 3695 1136 3774 gratia,
1163 3693 1515 3772 dispensare
1541 3693 1610 3754 in
1642 3695 1820 3770 votis,
1859 3700 1967 3756 aut
1991 3694 2059 3754 in

493 3787 895 3849 matrimonio
921 3791 1078 3861 rato,
1110 3790 1172 3847 et
1207 3783 1435 3847 similia
1461 3800 1478 3844 ε
1528 3785 1659 3847 hoec
1689 3792 1898 3849 autem
1923 3806 2062 3867 per-

492 3882 673 3943 fectio
718 3882 1031 3960 colligitur
1070 3898 1147 3944 ex
1193 3879 1316 3941 illis
1362 3879 1566 3941 verbis
1608 3881 2059 3944 universalibus

494 3975 744 4036 Christi:
781 3976 1189 4055 Quodcumque
1209 3970 1518 4055 liyaveris,
1573 3979 1625 4037 et
1664 3976 2061 4058 quodcumque

493 4068 765 4132 solveris.
790 4068 1069 4129 Tandem
1090 4067 1360 4148 pertinet
1380 4066 1459 4127 ad
1476 4064 1917 4147 perfectionem
1939 4068 2059 4129 hu·

485 4163 512 4241 j
519 4180 591 4222 us
602 4162 941 4242 potestatis,
971 4161 1138 4243 quod
1166 4179 1243 4223 ex
1268 4159 1658 4222 institutione
1676 4178 1787 4223 sua
1808 4178 2058 4223 monar-

494 4253 634 4315 chia
661 4261 773 4332 est,
791 4261 853 4317 et
865 4254 1034 4316 hunc
1055 4254 1316 4316 modum
1332 4253 1520 4316 habet
1551 4271 1629 4316 ex
1655 4254 1867 4315 divino
1889 4255 2051 4336 jure,

493 4352 556 4407 et
581 4348 719 4410 ideo
760 4348 1188 4427 immutabilis,
1227 4354 1296 4412 ιιι
1325 4347 1630 4410 constabit
1671 4366 1750 4411 ex
1775 4346 2055 4411 dicendis

493 4443 693 4521 capite
712 4442 1014 4524 sequenti.

1078 4634 1328 4699 CAPUT
1357 4637 1455 4699 111.

496 4838 697 4894 QUIBUS
736 4836 1010 4885 Pnnsoms
1063 4835 1223 4882 DATA
1268 4836 1484 4882 thm'r
1526 4836 1643 4882 vm.
1680 4837 1830 4884 NUNC
1873 4839 2064 4886 ΕΤῘΑΜ

579 4932 774 4978 ΒΒΤΠΒ
816 4931 948 4977 11AEss
991 4929 1283 4976 POTBSTAS
1331 4930 1669 4977 lmnu'rn
1722 4931 1766 4978 A
1824 4932 2064 4979 cnms‘ro

577 5024 820 5073 Domo,

582 5190 613 5247 1
627 5231 643 5248 .
686 5187 909 5249 Prima
929 5186 1244 5250 conclusi&
1275 5182 1606 5246 —Omissis
1624 5184 1925 5248 haereticis
1948 5186 2067 5248 im·

500 5280 926 5363 pugnantibus
955 5281 1295 5361 primatum
1324 5279 1511 5355 Petri,
1555 5286 1768 5342 contra
1818 5299 1971 5362 quos
1998 5282 2066 5342 in

501 5374 766 5436 materia
797 5374 873 5433 de
900 5373 1180 5435 Clavibus
1209 5381 1271 5435 et
1312 5374 1387 5434 de
1422 5374 1567 5435 Fide
1594 5374 1778 5436 latius
1823 5375 2067 5437 disseri-

500 5474 627 5545 tur,
651 5474 713 5529 et
729 5466 926 5527 videri
951 5474 1149 5547 potest
1170 5467 1460 5528 Bellarm.
1491 5467 1664 5529 libris
1686 5469 1761 5529 de
1787 5470 2066 5531 Romano

505 5562 800 5624 Pontifice
832 5579 872 5623 a
922 5561 1247 5642 principio,
1304 5560 1635 5624 dicendum
1693 5567 1787 5624 est
1837 5563 2062 5643 primo,

1478 426 1594 486 ΠΒ.
1630 426 1714 479 IV.
1749 425 1829 478 DE
1860 424 2022 477 LEGE
2052 422 2338 475 1³08va
2367 423 2691 478 CANONICA.

2127 525 2288 586 hanc
2315 529 2678 604 potestatem
2698 524 3054 587 immediate
3072 526 3288 589 datam
3306 537 3492 587 esse
3509 517 3724 579 Petro
3746 530 3782 571 a

2129 618 2367 679 Christo
2389 619 2671 694 Domino,
2700 625 2762 679 et
2782 619 3081 697 singulari
3107 639 3177 681 ac
3203 615 3516 700 speciali
3555 609 3778 670 modo-

2129 712 2273 773 Haec
2299 714 2553 774 assertio
2575 719 2666 773 est
2686 713 2763 773 de
2791 712 2937 788 fide,
2966 733 3101 792 quae
3139 715 3504 794 praecipue
3541 701 3786 767 funda-

2129 810 2235 865 tur
2283 807 2351 866 in
2392 804 2515 865 illis
2552 806 2790 866 duobus
2839 809 3207 868 testimoniis
3243 804 3529 869 Matth.
3595 799 3684 859 16
3727 803 3786 855 et

2130 901 2352 961 Joann.
2384 901 2456 960 21
2489 914 2508 975 3
2539 917 2710 975 nam,
2746 897 2890 960 licet
2915 900 3132 961 Matth.
3185 902 3289 976 18,
3332 889 3786 977 generaliter

2132 993 2358 1053 dixerit
2378 992 2688 1052 Christus:
2719 991 2838 1065 Qui
2863 992 3225 1069 Ecclesiam,
3257 993 3322 1053 id
3357 995 3516 1063 εει,
3551 988 3782 1065 passo·

2132 1104 2232 1148 res
2260 1085 2561 1160 Ecclesiae,
2582 1103 2699 1146 uon
2722 1085 3007 1160 audierit,
3040 1091 3184 1163 etc„
3221 1090 3288 1147 et
3310 1079 3781 1161 subjunxerit

2133 1179 2322 1241 etiam
2341 1176 2712 1258 generaliter
2727 1197 2738 1238 :
2763 1176 3150 1258 Quoecumque
3165 1176 3612 1258 liquem-itis,
3626 1179 3772 1246 etc„

2132 1279 2343 1335 tamen
2385 1292 2437 1335 c.
2469 1273 2546 1334 16
2572 1271 2893 1351 specialem
2925 1271 3428 1350 promissionem
3461 1268 3646 1328 fecit
3667 1266 3774 1328 Pe·

2133 1372 2251 1443 tr0,
2283 1365 2492 1427 dicens
2522 1387 2537 1425 :
2577 1365 2720 1428 Tibi
2751 1366 2898 1428 dabo
2946 1365 3138 1427 claves
3173 1365 3359 1445 requi
3415 1362 3764 1435 calor-m,

2133 1473 2290 1523 etc..
2275 1481 2290 1495 ·
2333 1459 2434 1522 Tu
2458 1478 2519 1522 cs
2549 1460 2797 1534 Petrus,
2828 1465 2884 1522 et
2909 1475 3090 1538 super
3114 1458 3271 1521 hanc
3290 1463 3594 1537 petram
3623 1456 3766 1517 oedi-

2133 1554 2320 1631 ficabo
2345 1553 2684 1615 Ecclesiam
2710 1571 2944 1622 mcam;
2971 1569 3120 1629 ergo
3148 1550 3492 1630 singulari
3527 1555 3606 1611 et
3631 1568 3764 1629 spe-

2135 1645 2279 1707 ciali
2306 1645 2491 1705 modo
2517 1645 2679 1706 hanc
2705 1649 3068 1748 potestatem
3093 1643 3185 1704 illi
3216 1644 3588 1724 promisit.
3622 1644 3756 1703 Pos-

2134 1743 2236 1799 tea
2251 1755 2421 1814 vero,
2454 1737 2767 1816 implendo
2791 1737 3180 1817 promissum,
3208 1737 3421 1797 etiam
3459 1736 3750 1796 ostendit

2134 1832 2296 1892 hanc
2317 1830 2697 1909 singularem
2730 1831 3211 1905 concessionem,
3262 1835 3333 1890 et
3368 1829 3546 1891 ideo
3577 1831 3747 1909 prius

2135 1923 2317 1985 illum
2340 1923 2583 2004 publice
2611 1923 3012 2002 interrogavit
3029 1922 3336 1997 ChristuS,
3369 1941 3472 1983 an
3508 1941 3582 1984 se
3607 1923 3736 1983 dizi-

2138 2024 2309 2096 geret
2339 2017 2477 2098 plus
2495 2035 2686 2097 quam
2708 2017 2934 2093 caeteri,
2961 2014 3322 2095 significans
3351 2017 3521 2096 plus
3550 2017 3728 2077 etiam

2135 2110 2322 2172 fuisse
2346 2117 2767 2192 accepturum,
2793 2116 2855 2171 et
2876 2109 3098 2171 deinde
3121 2110 3471 2188 subjungit
3498 2128 3518 2170 :
3542 2111 3732 2171 Pasce

2138 2223 2269 2267 oves
2302 2221 2488 2280 meas,
2522 2205 2748 2266 Joann.
2788 2206 2891 2279 21,
2928 2203 3039 2264 ubi
3085 2204 3153 2263 in
3182 2203 3386 2264 verbo
3404 2203 3730 2282 pascendi,

2135 2303 2399 2377 potestas
2438 2297 2693 2377 regendi
2729 2301 2792 2358 et
2815 2295 2984 2375 leges
3009 2296 3248 2358 ferendi
3291 2296 3724 2374 significatur,

2134 2396 2204 2451 ut
2229 2409 2415 2470 supra
2442 2391 2643 2470 tetigi,
2677 2395 2740 2451 et
2785 2390 3091 2468 colligitur
3116 2391 3357 2469 optime
3381 2409 3464 2450 ex
3494 2392 3540 2450 2
3563 2390 3720 2466 neg.

2136 2484 2175 2544 5
2205 2504 2220 2543 :
2261 2485 2359 2546 Pu
2405 2502 2614 2563 pasces
2655 2483 2942 2564 populum
2972 2499 3169 2544 mcum
3208 2482 3425 2546 Israel
3444 2531 3463 2556 ,
3496 2489 3561 2545 et
3593 2484 3720 2544 eris

2130 2578 2414 2657 princeps
2460 2595 2641 2656 super
2693 2594 2846 2639 eum.
2903 2576 3064 2636 Dum
3114 2581 3328 2636 autem
3385 2575 3714 2636 indefinite

2137 2671 2295 2732 dixit
2326 2687 2342 2730 :
2373 2671 2520 2734 Oves
2547 2688 2728 2745 meas,
2762 2675 2833 2730 ut
2873 2686 3058 2749 supra
3098 2667 3258 2743 dixi,
3304 2669 3556 2729 ostendit
3567 2687 3698 2748 po-

2135 2768 2421 2825 testatem
2477 2781 2607 2825 esse
2661 2779 3017 2842 supremam
3076 2768 3139 2823 et
3192 2761 3623 2823 monarchicam
3649 2806 3671 2835 ,

2136 2858 2324 2919 etiam
2373 2875 2557 2938 super
2595 2856 2747 2918 alios
2793 2854 3149 2936 Apostolos3
3200 2874 3353 2917 nam
3382 2855 3472 2915 im
3498 2856 3678 2915 etiam

2137 2955 2316 3010 erant
2343 2968 2487 3011 oves
2512 2949 2771 3012 Christi:
2809 2954 2873 3009 et
2914 2947 3055 3009 ideo
3088 2948 3320 3010 dicitur
3345 2949 3419 3009 in
3448 2966 3568 3028 cap.
3611 2947 3694 3008 In

2134 3060 2281 3105 novo
2313 3044 2712 3119 Testamcuto,
2737 3042 2877 3103 dist.
2917 3044 3020 3119 21,
3045 3047 3108 3103 et
3133 3060 3188 3102 c.
3231 3043 3344 3105 Ita
3384 3043 3701 3115 Domine,

2136 3136 2279 3198 dist.
2309 3140 2385 3200 19
2406 3182 2427 3212 ,
2458 3137 2638 3199 Petro
2660 3154 2789 3199 asse
2815 3137 3024 3198 datam
3055 3140 3430 3217 potestatem
3455 3141 3526 3196 ut
3544 3134 3709 3214 capi-

2136 3231 2208 3307 ti,
2241 3230 2475 3292 caeteris
2497 3236 2569 3292 ut
2606 3230 2923 3292 membris.
2965 3230 3133 3291 Idem
3161 3228 3436 3291 habetur
3461 3230 3534 3290 in
3574 3246 3704 3307 cap.

2141 3322 2292 3386 Cum
2315 3324 2713 3401 beatissimus,
2744 3329 2806 3384 et
2823 3340 2958 3403 cap.
2983 3324 3301 3403 quuicw,
3333 3341 3483 3384 cum
3501 3322 3713 3383 multis

2138 3414 2298 3491 aliie,
2330 3417 2432 3491 24,
2459 3435 2521 3496 q.
2556 3420 2612 3478 1.
2654 3416 2748 3477 Ex
2779 3433 2902 3496 quo
2936 3415 3093 3491 loc0,
3137 3421 3199 3478 et
3226 3432 3305 3477 ex
3340 3417 3492 3477 dist.
3545 3416 3712 3477 sset

2139 3508 2351 3569 multis
2377 3508 2515 3570 aliis
2539 3509 2690 3570 locis
2716 3509 2955 3575 Decneti
2990 3508 3193 3587 colligi
3220 3513 3428 3589 potest
3455 3508 3713 3570 evidens

2138 3600 2388 3662 traditio
2426 3601 2817 3678 Pontificum,
2868 3602 3282 3664 Conciliorum
3332 3607 3398 3664 et
3451 3603 3712 3663 Pati-um

2138 3692 2300 3756 hanc
2346 3697 2673 3757 veritatem
2723 3693 3117 3771 confirmans,
3175 3713 3366 3775 quam
3412 3695 3710 3757 Bellarm.

2140 3787 2326 3848 etiam
2351 3806 2539 3869 supra
2564 3789 2804 3869 copiose
2833 3788 3247 3869 prosequitur,
3273 3794 3337 3850 et
3361 3788 3507 3849 ideo
3538 3789 3714 3849 illam

2138 3881 2379 3943 omitto.
2404 3881 2583 3943 Ratio
2598 3897 2744 3942 vero
2771 3882 3019 3962 propria
3044 3881 3164 3943 fuit
3189 3881 3479 3943 voluntas
3506 3882 3714 3943 Chris-

2138 3976 2226 4053 ti,
2209 3991 2225 4006 ·
2278 3977 2684 4056 congruentia
2731 3981 2944 4037 autem
2986 3981 3100 4052 est,
3156 3976 3306 4057 quia
3332 3977 3623 4056 oportuit
3658 3978 3718 4036 et

2137 4069 2383 4131 decuit
2365 4089 2433 4130 m
2456 4069 2681 4131 Christi
2717 4068 2986 4131 Ecclesia
3029 4087 3162 4131 esse
3187 4069 3529 4173 perfectam
3573 4069 3715 4129 uni-

2135 4167 2328 4224 tatem
2356 4163 2707 4243 mysticam,
2741 4167 2804 4223 et
2833 4161 3347 4243 perfectissimum
3391 4162 3713 4241 regimen,

2136 4261 2197 4316 et
2219 4256 2359 4317 ideo
2381 4256 2650 4316 instituit
2675 4254 2847 4316 illam
2873 4274 2985 4335 per
3020 4255 3277 4316 modum
3300 4255 3714 4329 monarchiae,

2134 4354 2198 4409 et
2210 4366 2564 4429 supremam
2590 4354 2957 4429 potestatem
2983 4348 3097 4409 uni
3115 4348 3399 4424 contulit,
3412 4349 3494 4409 ad
3515 4364 3718 4428 quam

2135 4442 2387 4504 Petrum
2423 4441 2612 4520 elegit
2642 4460 2756 4503 sua
2781 4442 3075 4503 altissima
3097 4442 3678 4522 praedestinatione.

2216 4536 2278 4596 2.
2325 4536 2544 4597 Prima
2596 4535 2863 4615 objectio.
2898 4567 2981 4582 —
3005 4536 3178 4597 Dicet
3203 4535 3422 4615 aliquis
3482 4551 3560 4596 ex
3621 4535 3724 4595 his

2140 4629 2431 4691 omnibus
2463 4628 2664 4690 solum
2695 4627 2945 4709 probari
2982 4628 3169 4690 Petro·
3188 4629 3399 4690 datam
3428 4645 3560 4690 esse
3596 4646 3720 4708 po-

2139 4727 2428 4784 testatem
2448 4722 2862 4784 universalem
2887 4722 3146 4802 regendi
3182 4722 3539 4798 Ecclesiam,
3578 4739 3720 4782 non

2140 4832 2289 4876 vero
2315 4814 2461 4876 inde
2493 4814 2866 4877 sufficienter
2890 4814 3142 4895 probari
3163 4816 3370 4877 datam
3402 4814 3595 4874 fuisse
3622 4813 3721 4874 illi

2143 4913 2508 4992 potestatem
2536 4910 2703 4989 leges
2723 4909 2988 4987 ferendi,
3017 4910 3165 4991 quia
3183 4910 3478 4991 potuisset
3505 4907 3721 4969 Chris·

2144 5009 2247 5065 tus
2269 5020 2463 5064 unam
2474 5009 2841 5083 potestatem
2866 5003 3013 5066 dare
3032 5004 3167 5064 siue
3183 5004 3326 5065 alia.
3349 4998 3720 5083 Roepondoe

2145 5102 2479 5177 utrumque
2506 5096 2793 5159 convinci
2815 5113 2891 5158 ex
2921 5096 3120 5158 dictis.
3143 5096 3373 5173 Prim0,
3402 5095 3549 5176 quia
3573 5112 3723 5156 ver·

2144 5189 2226 5251 ba
2258 5189 2483 5251 Christi
2531 5188 2905 5251 universalia
2951 5188 3155 5251 fuere:
3190 5190 3599 5269 Quodcumque
3638 5189 3722 5249 li-

2145 5283 2388 5362 qaveris
2404 5306 2433 5353 ,·
2468 5283 2787 5343 vinculum
2826 5287 3036 5344 autem
3065 5282 3274 5362 legum
3293 5286 3387 5343 est
3413 5298 3612 5341 unum
3638 5298 3718 5340 ex

2144 5375 2489 5454 praecipuiS,
2545 5375 2712 5454 quod
2757 5392 3078 5455 supremus
3119 5376 3404 5454 princeps
3454 5373 3716 5452 injicere

2145 5473 2345 5548 potest
2369 5483 2391 5545 3
2438 5468 2604 5529 unde
2644 5486 2932 5549 suprema
2970 5474 3234 5548 potestas
3275 5466 3512 5546 ligandi
3546 5466 3716 5526 hunc

2147 5561 2334 5626 etiam
2377 5566 2586 5624 actum
2637 5561 2953 5643 potissime
2995 5559 3479 5642 comprehendit.
3541 5559 3715 5621 Idem
