3976 6219
470 323 592 385 456

470 429 726 501 fectum,
768 423 889 485 nisi
912 439 990 485 ex
1010 438 1133 504 quo
1153 422 1353 486 fertur
1375 423 1700 501 sententia,
1745 428 1807 486 et
1828 423 2032 504 quoad

473 522 715 583 futuros
756 518 1031 593 effectuS,
1057 518 1223 597 quod
1249 518 1518 598 pertinet
1554 519 1634 579 ad
1661 518 2034 579 sententiam

473 612 1043 677 condemnatoriam
1069 626 1085 671 t
1116 612 1289 673 etita
1315 612 1664 675 differentia
1690 612 1807 673 erit
1829 612 1906 672 de
1926 629 2034 672 vo-

474 705 718 781 cabulo,
749 710 811 766 51
841 704 948 765 vix
976 704 1166 765 etiam
1192 705 1331 766 talis
1364 706 1504 782 erit,
1536 705 1705 785 quia,
1748 709 1820 764 ut
1858 708 2035 764 nota-

470 801 563 863 vit
590 800 927 873 SimancaS‚
958 798 1056 860 tit.
1080 800 1143 875 9,
1172 817 1238 859 n.
1272 800 1412 876 163,
1437 799 1645 859 nullus
1666 797 1861 877 judex
1892 814 2034 876 pro·

473 892 595 955 fert
620 891 990 953 sententiam
1032 890 1501 969 declaratoriam
1526 891 1804 952 criminis
1817 938 1835 964 ,
1880 890 2034 969 quin

474 985 738 1047 declaret
756 983 1222 1064 delinquentem
1245 1004 1423 1046 1511111
1446 1003 1643 1065 505551
1661 983 1839 1063 legiS,
1870 982 2036 1063 quod

476 1085 569 1141 est
595 1078 1006 1140 condemnare
1031 1095 1051 1157 ;
1096 1079 1224 1140 imo
1245 1079 1365 1141 hoc
1396 1078 1735 1158 requiritur
1759 1076 1839 1137 ad
1851 1074 2037 1156 justi-

476 1173 630 1234 tiam
659 1172 978 1233 sententiae
1008 1171 1367 1248 definitivae,
1406 1174 1589 1250 juxta
1613 1171 1657 1233 1.
1691 1172 1951 1243 Proeses,
1977 1188 2033 1230 5.

479 1266 556 1327 115
579 1267 748 1326 Sent.
798 1269 861 1325 51
897 1265 1183 1343 interloq.
1229 1267 1312 1326 Ut
1338 1283 1487 1343 ergo
1528 1266 1607 1324 sit
1635 1264 1842 1343 aliqua
1864 1262 2039 1324 111115-

477 1359 677 1420 rentia
691 1358 758 1417 in
777 1376 867 1434 re,
891 1362 1131 1436 oportet
1149 1363 1219 1417 ut
1238 1358 1545 1419 sententia
1561 1356 2035 1431 retrotrahatur,

479 1457 541 1512 et
567 1450 732 1529 quod
760 1450 864 1510 illa
891 1451 1271 1512 retrotractio
1293 1469 1406 1531 per
1434 1470 1498 1512 se
1522 1450 1749 1511 habeat
1766 1448 2039 1528 aliquem

479 1543 789 1617 eflectum,
819 1562 943 1622 quo
964 1544 1261 1623 puniatur
1289 1544 1652 1623 delinquens
1680 1561 1718 1602 a
1746 1542 1846 1602 die
1873 1560 2040 1602 com-

477 1637 647 1697 missi
676 1636 953 1696 criminis
972 1681 992 1711 ,
1039 1636 1204 1716 quod
1245 1636 1313 1697 in
1348 1655 1572 1714 genere
1600 1653 1798 1715 poenae
1835 1634 2039 1694 locum

479 1749 610 1790 non
649 1729 836 1790 habet
860 1746 880 1806 3
922 1748 1070 1808 ergo
1113 1736 1352 1810 oportet
1391 1736 1461 1790 ut
1492 1730 1717 1791 habeat
1742 1746 1924 1789 5111151
1951 1728 2041 1788 ef-

480 1823 736 1896 fectum,
765 1821 955 1882 etiam
977 1828 1120 1882 ante
1145 1823 1514 1884 sententiam
1543 1821 2034 1883 declaratoriam.

479 1914 732 1976 Accedit
781 1914 947 1992 quod
1001 1915 1153 1975 alias
1198 1915 1516 1976 moraliter
1571 1914 1679 1975 illa
1732 1915 1833 1975 lex
1883 1918 2042 1975 esset

481 2007 741 2082 inutilis,
775 2012 912 2067 tum
940 2007 1085 2086 quia
1112 2026 1272 2088 saepe
1298 2027 1428 2069 non
1450 2008 1654 2087 punit,
1681 2007 1802 2067 nisi
1833 2007 2043 2085 probi-2

481 2100 688 2161 bendo
716 2104 779 2159 et
817 2099 1273 2161 inhabilitando
1309 2102 1384 2162 ad
1421 2119 1621 2161 unum
1658 2105 1888 2174 actum,
1935 2099 2042 2178 qui

482 2192 793 2253 ordinarie
839 2191 910 2251 fit
947 2198 1092 2252 ante
1131 2199 1345 2254 senten
1354 2194 1503 2254 tiam
1547 2193 2037 2267 declaratoriam‚

482 2291 544 2347 et
573 2285 680 2344 vix
708 2289 906 2363 potest
949 2284 1128 2345 aliter
1164 2285 1304 2347 fieri
1348 2286 1666 2347 moraliter
1706 2286 2041 2365 loquend0,

484 2378 632 2457 quia
658 2376 754 2436 1155
791 2375 1210 2439 inhabilitates
1241 2380 1346 2439 vix
1383 2384 1640 2459 possunt
1668 2379 2045 2440 sufficienter

483 2469 756 2550 probari.
781 2468 861 2528 At
887 2472 1195 2530 sententia
1218 2477 1429 2551 postea
1455 2472 1584 2531 lata
1600 2471 1840 2531 inutilis
1859 2476 2043 2546 esset,

484 2562 630 2642 quia
652 2562 785 2639 jam
805 2579 933 2621 non
961 2561 1149 2623 habet
1175 2549 1567 2624 locum‘dicta
1593 2581 1799 2643 poena,
1831 2568 1894 2624 et
1923 2562 2047 2623 alia

482 2673 613 2716 non
640 2654 983 2732 imponitur
1010 2673 1119 2733 per
1144 2656 1348 2733 legem
1386 2702 1406 2732 ,
1454 2675 1569 2717 nec
1596 2657 1844 2717 videtur
1870 2671 2045 2734 posse

485 2747 724 2828 imponi
763 2748 952 2808 etiam
997 2748 1253 2808 arbitrio
1287 2749 1515 2827 judicis
1539 2794 1559 2824 ,
1603 2749 1749 2827 quia
1784 2747 1887 2808 ille
1915 2765 2045 2808 non

481 2841 759 2921 'peccavit
778 2840 865 2900 sic
891 2841 1145 2901 ferendo
1165 2840 1556 2920 suffragium,
1589 2841 1736 2920 quia
1758 2858 1885 2901 555
1912 2847 2047 2902 5151

484 2934 802 3011 15115111115,
832 2934 938 2995 5511
963 2934 1495 3013 151151111115511115;
1533 2953 1680 3013 ergo
1707 2936 1884 3013 juxta
1912 2952 2046 2995 ma-

484 3026 656 3087 1511115
676 3027 1078 3106 capacitatem
1101 3027 1621 3089 verisimillimum
1645 3032 1737 3087 est
1754 3027 2047 3087 intentio·

484 3138 629 3181 nem
648 3120 875 3182 harum
893 3122 1127 3202 legum,
1159 3123 1408 3201 quando
1436 3121 1674 3183 addunt
1694 3122 1826 3199 ipso
1855 3123 2043 3198 sa0t0,

486 3231 616 3274 esse
644 3233 894 3293 poenam
929 3215 1160 3278 inferre
1196 3222 1341 3277 ante
1381 3233 1635 3275 omnem
1675 3214 2047 3276 sententiam

486 3312 662 3367 extra
692 3308 1132 3369 conscientiam
1164 3308 1354 3388 ipsius
1382 3325 1682 3386 personae.

565 3401 626 3463 7.
672 3401 845 3473 Quod
873 3406 1082 3462 autem
1110 3400 1379 3460 diximus
1401 3400 1476 3459 de
1499 3400 1708 3460 valore
1739 3398 2042 3477 suffragii,

484 3511 612 3553 505
636 3492 917 3554 obstante
942 3493 1333 3553 inhabilitate
1362 3497 1675 3553 contracta
1698 3494 1832 3571 ipso
1852 3492 1996 3570 jure
2018 3536 2040 3567 ,

483 3585 791 3664 imprimis
821 3586 1024 3645 locum
1051 3584 1239 3645 habet
1277 3585 1345 3645 in
1381 3586 1583 3646 activa
1614 3584 2005 3645 inhabilitate
2021 3628 2042 3660 ‚

484 3697 614 3740 non
641 3678 708 3737 in
735 3677 979 3756 passiva
1018 3698 1032 3736 ε
1083 3695 1231 3737 5515
1262 3678 1532 3738 15115555
1571 3677 1746 3737 factae
1779 3694 1906 3736 non
1933 3676 2047 3736 ha-

483 3773 634 3833 bent
665 3770 872 3830 locum
911 3769 978 3830 in
1014 3788 1087 3830 eo
1132 3770 1262 3849 qui,
1309 3789 1420 3850 per
1459 3770 1684 3848 legem,
1738 3769 1870 3849 ipso
1902 3768 2045 3849 jure

484 3866 682 3926 factus
728 3870 820 3925 est
858 3863 1213 3943 ineligibilis
1261 3865 1360 3926 vel
1396 3863 1690 3924 inhabilis
1716 3863 1795 3924 ad
1834 3865 2045 3925 cathe-

484 3957 663 4018 dram
690 3974 707 4018 :
739 3955 889 4017 nam
922 3957 1028 4018 ille
1065 3976 1192 4018 non
1234 3962 1476 4018 exercet
1519 3961 1726 4017 actum
1771 3955 2044 4035 aliquem

482 4050 731 4130 publica
775 4050 1134 4111 auctoritate
1163 4096 1184 4127 ,
1230 4050 1337 4111 sed
1380 4056 1452 4110 ut
1497 4050 1738 4129 privata
1782 4067 2045 4128 persona

483 4161 663 4204 suum
694 4143 1087 4204 commodum
1115 4144 1361 4223 quaerit,
1409 4148 1471 4203 et
1492 4142 1632 4204 ideo
1660 4158 1803 4202 cum
1829 4142 2044 4221 inique

484 4255 615 4299 sese
654 4236 999 4298 immisceat
1027 4282 1048 4312 ‚
1093 4255 1220 4297 non
1266 4235 1448 4297 debet
1491 4236 1625 4313 ejus
1665 4232 1905 4294 malitia
1950 4232 2045 4293 illi

483 4330 832 4408 suffragari,
857 4329 1032 4391 Unde
1053 4330 1122 4389 in
1139 4327 1246 4389 illo
1266 4329 1453 4389 etiam
1474 4331 1668 4388 cessat
1686 4327 1843 4386 alter
1859 4326 2018 4387 ratio
2024 4348 2042 4402 3

484 4423 632 4501 quia
655 4466 676 4496 ‚
722 4422 868 4483 licet
893 4422 1001 4483 illa
1034 4421 1396 4482 inhabilitas
1426 4419 1506 4478 sit
1536 4417 1775 4478 occulta
1798 4463 1818 4493 ,
1862 4419 2048 4479 nibil-

487 4515 735 4575 ominus
757 4516 959 4594 quoad
986 4516 1191 4594 ipsum
1219 4510 1588 4586 inhabilem,
1634 4509 1822 4571 habet
1844 4516 2046 4571 totum

484 4625 666 4668 suum
712 4607 994 4669 effectum
1018 4652 1039 4682 ,
1094 4611 1155 4666 et
1199 4606 1289 4666 ita
1341 4604 1490 4664 facit
1539 4602 1904 4664 electionem
1947 4603 2048 4664 vel

485 4701 902 4779 provisionem
937 4699 1204 4774 nullam,
1242 4698 1391 4778 quia
1416 4715 1526 4777 per
1559 4697 1679 4757 hoc
1705 4715 1833 4758 non
1865 4703 2048 4759 nocet

485 4794 622 4854 aliis
640 4839 660 4869 ,
704 4793 811 4854 sed
854 4793 969 4853 sibi
986 4840 1003 4866 ‚
1050 4792 1207 4854 sicut
1253 4791 1329 4852 de
1384 4791 1915 4853 excommunicato
1947 4790 2047 4853 vel

485 4885 814 4964 irregulari
841 4885 1088 4946 dicitur.

566 4981 624 5040 8.
671 4979 902 5040 Deinde
928 4980 1130 5059 quoad
1162 4979 1430 5040 activam
1461 4977 1915 5041 inhabilitatem
1940 4976 2048 5039 de-

484 5074 590 5135 bet
617 5074 680 5135 id
705 5074 973 5153 intelligi
1012 5075 1088 5135 de
1123 5073 1616 5135 inhabilitatibus
1643 5071 1994 5152 poenalibus
2020 5117 2043 5148 ,

489 5186 617 5227 non
639 5169 714 5229 de
738 5168 859 5229 illis
875 5187 1013 5248 quae
1034 5174 1278 5230 tantum
1306 5174 1451 5229 sunt
1473 5185 1550 5229 ex
1573 5166 1813 5229 defectu
1836 5166 2046 5228 condi-

487 5261 730 5321 tionum
757 5263 1237 5322 necessariarum
1257 5268 1327 5321 ut
1354 5261 1544 5322 alicui
1573 5259 1753 5321 detur
1782 5266 2048 5339 potestas

486 5352 729 5414 ferendi
757 5353 1141 5433 suffragium,
1161 5360 1231 5414 ut
1249 5359 1361 5430 est,
1389 5355 1457 5415 in
1471 5355 1588 5414 hac
1615 5354 2044 5428 universitate,

488 5453 633 5507 aetas
666 5448 1130 5525 quatuordecim
1169 5466 1499 5523 annorum,
1535 5447 1763 5509 habere
1795 5463 2046 5507 cursum

1386 324 1503 378 LIB.
1539 324 1597 378 V.
1635 325 1717 377 DE
1748 322 2106 378 vARmTA'rE
2138 323 2349 381 LEGUM
2379 321 2786 380 nummum.

2112 424 2427 504 integrum
2438 425 2621 505 juxta
2642 439 2883 484 morem
2898 419 3334 498 universitatis,
3366 421 3708 487 audivisse

2111 517 2404 581 lectiones
2431 517 2879 599 oppositorum,
2906 516 3006 577 vel
3030 516 3244 578 saltem
3263 518 3703 579 sufficientem

2111 611 2342 674 habere
2363 612 2677 687 notitiam,
2700 628 2808 670 5511
2830 609 3332 673 informationem
3349 629 3611 686 eorum,
3634 618 3705 673 51

2115 705 2195 767 511
2213 707 2377 771 11555
2398 705 2816 768 5051111105515
2832 704 3125 784 pertinet,
3147 710 3221 766 ut
3240 706 3461 785 opinor
3479 700 3707 784 (quid-

2113 800 2265 879 quid
2292 801 2438 865 soto
2465 804 2528 860 et
2553 797 2830 859 Ledesm.
2863 796 3306 876 contradicant)
3333 844 3356 874 ‚
3400 798 3702 859 conditio

2113 899 2184 954 ut
2210 893 2347 973 quis
2386 892 2466 953 sit
2492 891 2823 971 inscriptus
2849 890 2916 951 in
2947 890 3275 951 matricula
3309 892 3708 953 universita-

2114 986 2234 1062 tis,
2267 987 2446 1066 juxta
2470 985 2638 1046 illius
2664 989 2933 1069 statuta:
2966 1002 3114 1045 nam
3141 983 3247 1045 ille
3273 985 3381 1064 qui
3412 1003 3553 1046 non
3606 991 3710 1046 551

2116 1078 2446 1160 1555115155
2466 1125 2486 1155 ,
2533 1078 2816 1158 privatur
2844 1077 3140 1156 suffragio
3178 1096 3307 1139 non
3332 1078 3403 1140 in
3430 1096 3707 1158 poenam

2116 1174 2339 1254 prioris
2366 1172 2715 1234 omissionis
2742 1218 2762 1248 ,
2799 1171 2904 1232 sed
2932 1171 3080 1251 quia
3103 1176 3255 1232 tunc
3274 1189 3400 1232 non
3430 1190 3498 1233 se
3527 1173 3710 1251 gerit

2116 1272 2187 1326 ut
2227 1265 2580 1327 membrum
2605 1265 2793 1344 hujus
2819 1264 3302 1340 communitatis,
3339 1269 3402 1325 et
3435 1265 3587 1325 ideo
3620 1265 3707 1325 ad

2116 1359 2295 1420 illum
2324 1377 2453 1420 non
2480 1358 2749 1437 pertinet
2774 1357 2993 1418 electio
3022 1358 3178 1434 ejus,
3210 1362 3273 1417 et
3297 1357 3470 1418 idem
3494 1364 3599 1418 est
3624 1357 3707 1418 de

2119 1452 2445 1513 similibuS.
2486 1452 2735 1525 Quoties
2758 1450 2927 1512 enim
2956 1449 3311 1510 inhabilitas
3348 1456 3440 1511 est
3469 1470 3552 1512 ex
3589 1452 3706 1511 de-

2118 1544 2283 1606 fectu
2329 1545 2768 1623 cujuscumque
2812 1543 3182 1604 conditionis
3221 1561 3299 1603 ex
3332 1543 3662 1622 praedictis
3680 1590 3703 1619 ,

2118 1638 2484 1716 suffragium
2504 1638 2623 1698 erit
2646 1636 2902 1697 omnino
2928 1636 3195 1711 nullum,
3221 1637 3468 1697 etiamsi
3490 1636 3704 1697 defec-

2119 1737 2220 1791 tus
2259 1732 2339 1791 sit
2380 1730 2672 1805 occultus,
2704 1729 2852 1809 quia
2885 1728 2997 1789 illa
3039 1728 3397 1789 inhabilitas
3438 1748 3578 1791 non
3608 1736 3703 1791 est

2120 1823 2385 1903 privatio
2411 1823 2723 1903 potestatis
2748 1824 2920 1903 prius
2947 1822 3174 1883 habitas
3194 1867 3214 1897 ,
3245 1827 3317 1881 ut
3343 1824 3430 1884 sic
3458 1824 3697 1899 dicam,

2119 1917 2227 1977 sed
2273 1921 2364 1976 est
2397 1921 2693 1995 perpetua
2734 1915 3005 1976 carentia
3051 1933 3377 1995 nunquam
3420 1924 3698 1997 acceptae

2120 2010 2459 2088 potestatis.
2506 2010 2660 2069 Nam
2706 2008 2840 2069 haec
2883 2013 3149 2088 potestas
3190 2027 3321 2070 non
3361 2016 3455 2070 est
3483 2010 3565 2070 ab
3596 2012 3701 2071 111-

2122 2101 2412 2176 11155555,
2444 2107 2514 2161 111
2550 2102 2637 2162 515
2671 2102 2897 2175 dicam,
2931 2100 3037 2162 sed
3070 2106 3161 2162 est
3189 2120 3266 2162 ex
3295 2104 3699 2165 concessione

2123 2194 2440 2273 principis,
2462 2194 2711 2273 patroni
2729 2199 2837 2255 aut
2857 2193 3210 2273 5555110115,
3233 2195 3343 2273 qui
3367 2195 3541 2256 illam
3563 2214 3699 2256 non

2123 2286 2261 2347 vult
2285 2286 2619 2348 concedere
2653 2287 2774 2347 nisi
2800 2304 3078 2365 personae
3111 2286 3362 2347 habenti
3394 2288 3554 2349 tales
3596 2288 3699 2350 vel

2124 2379 2276 2439 tales
2303 2378 2629 2458 qualitates
2657 2395 2677 2457 3
2718 2379 2881 2454 ideo,
2931 2378 3088 2438 sicut
3112 2396 3300 2458 supra
3326 2379 3699 2441 dicebamus

2125 2470 2201 2532 de
2221 2471 2423 2557 legato
2447 2471 2664 2532 relicto
2687 2470 2801 2531 sub
2824 2471 3195 2547 conditione,
3221 2490 3297 2533 ea
3318 2490 3445 2533 non
3469 2474 3696 2552 imple-

2126 2572 2192 2626 ta
2228 2585 2355 2627 non
2390 2566 2677 2641 obtineri,
2705 2566 2793 2626 ita
2813 2565 2914 2625 hic
2942 2565 3274 2626 dicendum
3296 2573 3384 2628 est
3404 2568 3485 2628 de
3511 2567 3700 2627 habi·

2124 2658 2296 2720 litate
2328 2660 2404 2720 ad
2442 2659 2770 2721 ferendum
2808 2658 3199 2737 suffragium.
3257 2661 3327 2719 Et
3349 2659 3468 2719 hoc
3498 2659 3701 2738 plane

2126 2751 2432 2830 significat
2470 2752 2595 2828 lex,
2641 2770 2781 2813 cum
2815 2751 2991 2827 dicit,
3028 2753 3139 2831 qui
3174 2770 3300 2813 non
3318 2752 3510 2812 fuerit
3531 2771 3696 2832 qua-

2124 2845 2469 2907 tuordecim
2495 2863 2827 2921 annorum,
2857 2848 2985 2906 non
3012 2845 3270 2906 habebit
3290 2845 3691 2924 suffragium,

2126 2955 2234 2998 seu
2254 2956 2329 2999 no
2357 2957 2492 3001 sera
2511 2944 2663 3008 voto,
2689 2944 2761 2998 ut
2783 2944 2991 2999 nostra
3018 2938 3252 2999 habent
3274 2943 3519 3014 statuta,
3545 2956 3693 3018 quae

2127 3030 2343 3091 eodem
2376 3037 2589 3092 tenore
2618 3032 2960 3111 loquuntur
2994 3030 3070 3092 de
3099 3031 3238 3091 aliis
3265 3031 3527 3092 casibus.

2205 3127 2267 3186 9.
2313 3125 2472 3186 Hinc
2493 3131 2704 3186 autem
2732 3125 2980 3187 difficile
3000 3132 3095 3188 est
3125 3126 3472 3187 discernere
3495 3145 3693 3205 quan-

2127 3217 2207 3278 do
2244 3216 2603 3278 inhabilitas
2638 3217 2718 3277 sit
2756 3216 3040 3296 poenalis,
3080 3218 3329 3297 quando
3359 3236 3512 3279 vero
3551 3217 3694 3278 sub-

2125 3309 2450 3384 stantialis,
2498 3315 2568 3369 ut
2600 3310 2685 3370 sic
2723 3309 2948 3386 dicam,
2997 3316 3059 3371 et
3085 3329 3162 3371 ex
3201 3311 3449 3372 defectu
3481 3310 3693 3372 condi·

2124 3401 2313 3462 tionis
2339 3403 2697 3463 necessariae
2726 3422 2740 3461 ε
2776 3402 2842 3463 111
2866 3407 3079 3463 tamen
3108 3422 3185 3464 ex
3208 3404 3507 3482 qualitate
3539 3421 3688 3463 con-

2126 3492 2378 3555 ditionis
2414 3500 2476 3555 et
2504 3494 2779 3555 materiae
2808 3495 3074 3555 discerni
3109 3497 3372 3575 poterit,
3420 3496 3691 3556 maxime

2124 3593 2332 3648 tamen
2362 3604 2440 3648 ex
2464 3587 2606 3647 11511.
2638 3587 2761 3647 111ae
2784 3588 2952 3647 enim
2975 3588 3379 3663 conditioneS,
3406 3606 3549 3667 quae
3575 3607 3687 3668 per

2126 3697 2191 3739 55
2235 3696 2309 3739 55
2357 3678 2625 3739 1551111111
2665 3684 2737 3739 51
2788 3697 3051 3757 5515555
3084 3679 3312 3741 11511551
3354 3680 3688 3760 qualitates

2125 3771 2443 3832 moraliter
2461 3772 2916 3849 convenientes,
2949 3777 3020 3832 ut
3041 3772 3122 3833 sit
3150 3772 3373 3833 idonea
3393 3774 3476 3832 ad
3498 3773 3691 3833 talem

2125 3869 2356 3934 actum,
2396 3868 2458 3925 et
2481 3864 2613 3924 sine
2645 3864 2868 3943 quibus
2896 3865 2956 3925 ei
2987 3883 3115 3926 non
3139 3865 3322 3926 datur
3340 3866 3449 3944 jus
3472 3865 3691 3926 suffra-

2125 3956 2234 4034 gii,
2265 3962 2521 4036 possunt
2549 3957 2783 4018 censeri
2812 3957 3283 4035 substantiales;
3326 3963 3388 4019 et
3412 3959 3689 4018 carentia

2124 4048 2373 4109 illarum
2393 4067 2520 4109 non
2547 4049 2736 4111 habet
2759 4051 3066 4112 rationem
3093 4068 3315 4130 poenae,
3346 4050 3455 4112 sed
3483 4053 3691 4128 cujus-

2125 4142 2270 4202 dam
2315 4142 2756 4203 inidoneitatis.
2808 4143 2892 4203 At
2928 4161 3076 4204 vero
3115 4143 3365 4222 quando
3395 4142 3689 4204 inhabili·

2124 4240 2219 4295 tas
2246 4236 2500 4313 50511111
2546 4253 2673 4294 555
2721 4234 3001 4296 obstante
3038 4236 3371 4297 idoneitate
3414 4253 3690 4314 personae

2124 4332 2377 4406 propter
2394 4326 2661 4387 actiones
2682 4327 3052 4407 incongruas
3070 4335 3131 4389 et
3159 4328 3691 4389 disconvenientes

2127 4426 2311 4481 rectae
2338 4420 2623 4481 electioni
2649 4465 2669 4495 ,
2716 4426 2869 4481 tunc
2900 4426 3183 4483 censetur
3208 4421 3492 4501 poenalis.
3546 4423 3693 4495 Qua}

2130 4511 2413 4573 discretio
2441 4513 2711 4573 maxime
2738 4512 2950 4591 perfici
2976 4520 3177 4593 potest
3199 4514 3648 4575 consuetudine
3670 4562 3688 4588 ‚

2127 4625 2264 4685 quae
2293 4612 2385 4668 est
2417 4607 2652 4685 optima
2678 4606 2884 4685 legum
2913 4608 3233 4687 interpres.
3272 4610 3347 4668 Et
3371 4607 3462 4668 ita
3489 4608 3691 4669 solent

2125 4699 2192 4759 in
2215 4699 2332 4760 hac
2356 4698 2757 4760 universitate
2780 4698 3078 4779 distingui
3099 4700 3372 4779 duplices
3396 4701 3692 4761 inhabili-

2126 4796 2319 4866 tates3
2357 4791 2659 4870 quasdam
2690 4797 2911 4851 vocant
2934 4793 3116 4871 juris,
3148 4791 3301 4853 alias
3328 4792 3498 4854 facti.
3522 4794 3692 4853 Prio-

2127 4901 2225 4945 res
2246 4889 2412 4958 sunt,
2455 4902 2611 4962 quas
2632 4901 2749 4962 ego
2777 4884 3209 4945 substantiales
3238 4902 3386 4946 voco
3388 4930 3410 4961 ,
3441 4891 3505 4946 et
3532 4886 3690 4947 forte

2125 4977 2306 5038 dictae
2327 4982 2473 5036 sunt
2487 4977 2665 5055 juris,
2695 4976 2844 5055 quia
2870 4978 3129 5038 omnino
3149 4977 3505 5058 impediunt
3532 4978 3689 5039 obti-

2125 5088 2275 5132 nere
2295 5070 2392 5148 jus
2418 5068 2497 5130 ad
2519 5068 2847 5130 ferendum
2870 5069 3261 5148 suffragium,
3292 5071 3391 5132 vel
3415 5071 3563 5151 quia
3584 5089 3690 5132 ex-

2125 5169 2224 5225 tra
2251 5180 2435 5224 omne
2464 5161 2729 5223 dubium
2753 5162 3061 5223 inducunt
3084 5163 3219 5242 ipso
3236 5164 3378 5242 jure
3399 5162 3690 5224 inhabili-

2125 5247 2316 5317 tatem
2345 5261 2407 5317 et
2432 5255 2759 5317 annullant
2797 5261 3029 5331 actum,
3072 5256 3174 5316 vel
3210 5256 3357 5335 quia
3384 5275 3513 5317 non
3544 5257 3689 5316 fun-

2126 5350 2352 5410 dantur
2373 5350 2440 5409 in
2458 5349 2619 5410 facto
2640 5367 2937 5428 personae,
2964 5349 3071 5409 sed
3095 5349 3160 5409 in
3176 5349 3318 5427 jure
3335 5350 3685 5428 requirente

2125 5441 2314 5504 talem
2344 5442 2761 5506 conditionem
2791 5448 2859 5503 ut
2886 5442 3276 5506 essentialem
3300 5442 3370 5505 in
3394 5460 3683 5524 persona,
