3976 6219
876 369 1011 424 CAP.
1046 372 1152 425 XV.
1189 373 1331 436 QUAE
1361 374 1571 427 FORMA
1604 375 1896 428 EXTERNA
1928 377 2046 429 SEU
2079 376 2409 430 SENSIBILIS
2439 379 2786 443 SERVANDA,
2820 379 2956 431 mc,

316 471 393 532 de
409 470 553 549 jure
580 472 850 532 naturali
871 479 1063 553 patet,
1089 475 1235 555 quia
1265 475 1372 536 illa
1397 476 1762 538 consultatio
1784 496 1878 538 so·

314 562 445 624 lum
469 564 701 642 requiri
730 571 952 644 potest,
982 572 1053 627 ut
1090 567 1189 627 lex
1226 568 1306 627 sit
1328 569 1516 647 justa,
1557 574 1617 630 et
1651 569 1878 629 rationi

314 666 768 732 consentanea;
810 658 861 717 si
892 676 1040 737 ergo
1079 660 1419 739 contingat,
1453 662 1584 722 sine
1612 662 1876 722 aliorum

313 751 569 814 consilio
612 748 959 830 Principem
995 740 1298 830 attingere
1331 754 1585 831 justitiae
1624 756 1877 834 aequita-

311 853 438 907 tem
480 850 542 905 et
583 843 894 923 publicam
944 843 1275 904 utilitatem
1318 845 1385 905 in
1414 845 1551 923 1636
1593 846 1870 921 ferenda,

270 925 278 931 ¹
310 957 438 999 non
462 937 661 996 oberit
695 935 892 995 valori
920 935 1051 1014 ejus
1087 937 1334 997 omissio
1362 938 1605 1017 proeviae
1634 939 1875 999 cousul-

310 1028 562 1091 tationis
589 1028 610 1103 ;Δ
657 1026 803 1088 1166ι
841 1028 1098 1088 fortasse
1130 1030 1293 1090 male
1321 1030 1547 1091 faceret
1591 1032 1873 1111 princeps

308 1141 484 1185 suam
509 1109 964 1202 'praecipitando
995 1125 1389 1200 sententiam,
1429 1143 1570 1184 cum
1602 1124 1873 1205 periculo

310 1217 580 1303 errandi,
607 1222 668 1278 et
694 1234 834 1277 cum
860 1216 1169 1277 scandalo.
1197 1217 1410 1290 Quoad
1438 1218 1696 1279 alteram
1724 1237 1872 1280 vero

308 1317 549 1393 partem
579 1311 653 1371 de
682 1310 820 1389 jure
866 1309 1129 1388 positivo
1174 1312 1475 1390 probatur
1487 1328 1508 1389 3
1551 1317 1688 1373 tum
1728 1313 1875 1391 quia

310 1403 553 1465 nullum
586 1408 781 1476 extat;
815 1408 950 1461 tum
978 1401 1189 1478 etiam,
1217 1404 1363 1483 quia
1393 1404 1536 1466 licet
1562 1406 1869 1482 existeret,

311 1496 442 1574 ipse
486 1495 773 1579 Princeps
818 1501 1019 1573 posset
1046 1494 1199 1555 illud
1228 1502 1493 1571 mutare,
1535 1497 1629 1557 vel
1666 1515 1872 1558 secum

312 1592 593 1668 protunc
617 1587 969 1667 dispensare
992 1587 1218 1665 valide,
1244 1590 1486 1649 etiamsi
1509 1589 1576 1649 in
1599 1589 1716 1649 hoc
1733 1608 1872 1668 pec-

314 1684 500 1740 caret.
551 1680 636 1739 De
663 1698 786 1757 quo
823 1685 1050 1759 puncto
1078 1680 1275 1741 videri
1314 1687 1513 1762 potest
1544 1681 1770 1742 Bartol.
1803 1682 1870 1742 in

313 1771 358 1833 1.
395 1771 605 1834 Omnes
624 1773 858 1852 populi,
881 1772 945 1833 ff.
974 1773 1048 1834 de
1068 1773 1329 1852 legibus,
1355 1780 1416 1835 et
1433 1774 1619 1836 Jason
1640 1775 1707 1835 in
1729 1774 1772 1837 1.
1808 1778 1867 1852 1,

315 1864 391 1925 (16
420 1863 702 1939 Constit.,
733 1865 896 1942 prin.
928 1883 994 1924 n.
1030 1867 1087 1926 1.

390 1957 452 2015 4.
493 1956 693 2034 Atque
742 1955 889 2018 hinc
928 1956 1185 2018 ulterius
1218 1958 1517 2039 sequitur,
1562 1958 1640 2020 ad
1668 1959 1870 2038 legem

310 2048 802 2108 constituendam
834 2068 959 2110 non
991 2069 1117 2111 esse
1150 2070 1261 2130 per
1287 2071 1352 2113 se
1385 2053 1725 2113 necessaria
1750 2053 1873 2113 suf-

278 2226 283 2229 ·
308 2140 510 2218 fragia
540 2138 899 2212 multorum,
934 2143 1080 2220 quia
1108 2143 1401 2221 voluntas
1424 2142 1720 2225 principis
1748 2143 1872 2205 suf-

307 2232 458 2294 ficit.
492 2232 619 2292 Hoc
646 2238 856 2292 autem
883 2234 982 2294 vel
1010 2234 1357 2296 formaliter
1396 2240 1487 2313 (ut
1525 2237 1612 2296 sic
1644 2237 1870 2315 dicam)

308 2323 781 2403 intelligendum
802 2331 912 2401 est,
936 2327 1035 2387 vel
1062 2328 1141 2387 ad
1169 2328 1593 2388 monarchiam
1623 2335 1714 2389 est
1740 2349 1872 2390 res-

310 2414 735 2495 tringendum,
770 2417 836 2478 in
877 2437 1003 2497 qua
1029 2424 1297 2499 potestas
1324 2420 1668 2497 legislativa
1695 2422 1774 2480 sit
1805 2422 1874 2481 in

312 2527 439 2569 una
470 2527 761 2588 persona:
796 2529 943 2583 nam
975 2518 1124 2571 tunc
1148 2510 1278 2573 sola
1306 2512 1592 2573 voluntas
1620 2514 1753 2592 ejus
1784 2519 1875 2574 est

312 2600 387 2663 (16
417 2602 753 2663 substantia
775 2602 952 2682 legis.
984 2604 1101 2665 Ubi
1124 2622 1270 2665 vero
1291 2605 1570 2683 regimen
1596 2612 1686 2666 est
1712 2605 1873 2665 mul-

309 2700 514 2756 torum
565 2697 1070 2757 constituentium
1115 2716 1313 2758 unum
1361 2698 1634 2758 tribunal
1648 2744 1668 2773 ,
1720 2703 1872 2759 tunc

310 2788 648 2850 multorum
698 2788 1064 2868 suffragium
1110 2790 1521 2851 necessarium
1569 2796 1692 2866 est,
1744 2809 1871 2851 non

308 2900 419 2962 per
448 2882 703 2942 modum
733 2880 1139 2942 solemnitatis
1157 2883 1606 2957 accidentariae,
1631 2889 1692 2943 et
1718 2902 1873 2963 prae-

308 2973 606 3050 ambulae,
655 2974 760 3035 sed
808 2980 1057 3053 propter
1084 2972 1546 3034 substantialem
1576 2976 1873 3035 constitu-

307 3067 544 3127 tionem
569 3066 743 3146 legis,
785 3084 921 3146 quae
956 3084 1083 3126 non
1111 3066 1337 3145 pendet
1364 3084 1441 3127 cx
1468 3084 1595 3126 una
1627 3073 1872 3129 tantum

309 3175 592 3239 persona,
634 3159 739 3220 sed
779 3177 856 3220 ex
905 3160 1382 3239 congregatione
1434 3166 1751 3221 constante
1797 3179 1873 3221 ex

307 3251 555 3313 multis:
587 3256 736 3311 tunc
757 3257 968 3312 autem
995 3252 1278 3327 dicimuS,
1303 3252 1503 3330 legem
1533 3252 1705 3312 illam
1733 3272 1876 3313 con-

308 3344 481 3405 stitui
508 3343 587 3404 ab
608 3362 736 3404 una
756 3362 1015 3423 persona
1037 3343 1200 3418 ficta,
1225 3351 1286 3405 et
1309 3346 1395 3405 ita
1417 3344 1757 3406 formaliter
1782 3348 1874 3423 (ut

309 3438 395 3498 sic
421 3437 642 3515 dicam)
672 3456 797 3497 uno
825 3456 1124 3498 consensu
1153 3439 1471 3499 constitui:
1505 3445 1568 3498 et
1597 3439 1735 3499 ideo
1764 3458 1871 3500 ne-

310 3550 471 3592 cesse
498 3536 608 3608 est,
640 3536 711 3590 ιιι
737 3549 974 3607 omnes,
1001 3532 1107 3612 qui
1136 3532 1505 3611 suffragium
1533 3532 1871 3593 decisivum

307 3624 571 3702 habent,
630 3631 947 3702 vocentur,
1004 3634 1309 3704 quantum
1365 3627 1686 3687 commode
1731 3625 1868 3687 fieri

308 3718 518 3796 possit,
547 3723 914 3794 argumento
949 3717 992 3779 1.
1026 3719 1087 3793 2,
1123 3717 1268 3778 Cod.
1300 3718 1375 3778 (16
1409 3716 1657 3793 Ι)66ιιι·.,
1688 3718 1733 3778 l.
1764 3720 1863 3795 10,

308 3808 407 3869 vel
436 3808 695 3869 sufficiet
718 3827 1052 3870 convocare
1080 3828 1181 3870 eos
1204 3810 1397 3888 quiin
1422 3810 1574 3871 urbe
1598 3829 1710 3870 suo
1728 3810 1866 3871 loco

306 3906 455 3961 tunc
483 3900 728 3976 adsunt,
753 3902 1086 3963 dummodo
1120 3903 1258 3963 duae
1292 3908 1497 3982 partes
1519 3904 1708 3963 totius
1733 3922 1865 3963 cor-

306 3994 471 4073 poris
504 3999 832 4073 praesentes
877 3996 1023 4069 sint,
1071 4002 1439 4073 argumento
1478 3995 1522 4056 l.
1564 3997 1866 4059 Nomina-

308 4087 557 4160 tionum,
590 4087 806 4147 eodem
831 4086 1022 4162 titul.,
1053 4093 1115 4148 et
1142 4087 1187 4147 l.
1221 4088 1430 4162 Nulli,
1467 4087 1532 4147 ff.
1566 4086 1738 4160 Quod
1762 4105 1867 4146 cu-

301 4180 522 4259 jusque
555 4178 854 4252 univers,
893 4184 955 4239 et
992 4197 1067 4239 ex
1098 4178 1326 4239 eisdem
1353 4177 1599 4256 juribus
1633 4184 1869 4239 constat

307 4276 587 4351 oportere
613 4276 685 4330 ut
707 4270 892 4331 simul
912 4276 1366 4349 congregentur
1387 4269 1464 4329 ad
1497 4270 1699 4348 legem
1725 4288 1869 4330 con-

306 4364 679 4426 stituendam
721 4382 832 4443 per
876 4363 1132 4423 modum
1181 4363 1366 4422 unius
1410 4363 1701 4441 corporis.
1733 4364 1868 4423 Non

306 4476 454 4518 vero
486 4461 725 4536 oportet
764 4462 834 4516 ut
878 4474 1094 4516 omnes
1122 4455 1531 4530 consentiant,
1571 4454 1676 4515 sed
1703 4454 1867 4533 quod

305 4550 507 4629 maj0r
532 4568 675 4629 pars
697 4547 883 4609 curiae
914 4549 1127 4610 fecerit
1155 4548 1408 4627 perinde
1436 4547 1699 4608 habetur
1724 4566 1795 4608 ac
1817 4547 1869 4607 si

304 4641 384 4704 ab
408 4641 696 4702 omnibus
724 4640 956 4702 factum
984 4641 1224 4715 fuisset,
1252 4641 1432 4719 juxta
1468 4640 1513 4700 l.
1552 4639 1719 4713 Quod
1742 4658 1891 4701 ma·-

291 4736 425 4815 jor,
457 4734 523 4795 ff.
551 4733 643 4793 Ad
665 4734 962 4812 municip.
971 4778 991 4809 ,
1012 4733 1180 4812 quod
1205 4737 1367 4792 recte
1390 4731 1597 4792 Glossa
1620 4731 1871 4810 exponit

307 4827 384 4888 (16
420 4826 517 4887 his
560 4826 669 4904 qui
706 4830 1152 4886 convenerunt.
1185 4825 1354 4885 Idem
1382 4826 1448 4884 1ιι
1475 4823 1520 4883 l.
1551 4822 1767 4898 Aliud,
1799 4822 1865 4883 ff.

305 4920 390 4980 De
424 4918 654 4997 regulis
686 4918 864 4997 juris.
902 4919 970 4978 In
992 4918 1134 4996 jure
1163 4923 1372 4978 autem
1406 4916 1701 4976 canonico
1727 4915 1870 4976 addi

305 5011 500 5072 solet:
547 5010 627 5070 Ut
668 5010 1007 5071 consentiat
1030 5010 1216 5070 etiam
1242 5010 1449 5069 sanior
1475 5026 1639 5087 para,
1667 5026 1800 5087 cap.
1837 5008 1865 5067 1

305 5105 389 5166 Ι)6
415 5104 493 5164 iis
513 5122 649 5183 quae
678 5103 837 5163 fiunt
860 5121 897 5162 a
921 5103 1068 5181 maj.
1091 5107 1253 5182 part.
1287 5119 1421 5180 cap.
1455 5100 1574 5161 Sed
1602 5100 1755 5160 iUud
1782 5105 1874 5160 est

305 5195 565 5277 speciale
602 5195 670 5254 in
708 5193 890 5255 rebus
935 5193 1373 5269 ecclesiasticiS,
1421 5200 1492 5252 ut
1544 5193 1649 5253 ubi
1696 5197 1873 5254 notat

304 5289 509 5349 Abbas
534 5306 600 5346 ιι.
633 5289 670 5348 3
699 5293 759 5348 et
803 5290 871 5348 11
898 5304 920 5365 3
960 5288 1298 5349 secundum
1329 5285 1505 5346 civile
1535 5291 1744 5345 autem
1765 5286 1871 5364 jus

305 5381 412 5443 illa
441 5384 723 5441 censetur
752 5381 960 5441 sanior
993 5398 1131 5460 pars
1159 5397 1298 5459 quae
1325 5383 1416 5438 est
1456 5378 1657 5457 major
1684 5377 1871 5437 totius

306 5493 649 5555 consessus»,
674 5480 744 5538 ut
769 5474 1011 5540 notavit
1035 5474 1231 5537 Felin.
1279 5491 1413 5553 cap.
1460 5471 1611 5539 Cum
1651 5490 1868 5548 umnec,

3404 373 3517 435 231

1962 477 2039 539 de
2074 479 2357 555 Constit.,
2406 497 2472 540 n.
2521 481 2599 541 19
2636 486 2699 540 6ι
2736 498 2894 558 seq.,
2936 477 3045 539 ubi
3077 477 3523 563 pluradeuhoc

1959 577 2187 655 puncto
2215 570 2413 641 videri
2440 578 2720 651 possunt.

2041 665 2100 724 5.
2143 660 2268 739 Lem
2306 663 2570 725 humana
2609 665 2840 742 scripta
2867 663 3019 738 alia,
3058 663 3186 724 alia
3217 680 3335 723 non
3361 662 3519 726 son·-

1946 762 2084 837 pta.
2114 790 2197 802 —
2223 755 2376 817 Alia
2410 756 2630 818 divisio
2672 757 2844 834 Zeyis.
2879 791 2956 799 —
2989 755 3159 815 Circa
3190 755 3520 816 secundam

1956 848 2406 909 solemnitatem
2434 842 2664 926 inquiri
2688 849 2958 910 maxime
2978 845 3152 921 solet,
3175 865 3257 907 an
3281 865 3520 909 necesse

1954 941 2034 1001 sit
2078 939 2277 1018 legem
2328 939 2669 1000 humanam
2725 958 2853 1001 esse
2906 940 3231 1017 scriptam3
3282 940 3350 999 in
3395 958 3519 1018 quo

1953 1033 2273 1095 sciendum
2302 1039 2395 1093 est
2426 1033 2679 1111 juristas
2706 1033 3115 1093 communiter
3142 1032 3517 1111 distinguere

1952 1126 2157 1205 legem
2200 1125 2577 1199 humanam,
2621 1126 2688 1184 in
2739 1125 3033 1203 scriptam
3083 1130 3145 1185 et
3197 1142 3324 1184 non
3374 1124 3519 1184 scri-

1953 1224 2162 1298 ptam;
2218 1218 2326 1278 sed
2381 1236 2492 1295 per
2549 1217 2752 1295 legem
2807 1235 2934 1277 non
2995 1217 3284 1297 scriptam
3343 1233 3518 1277 com-

1953 1311 2228 1371 muniter
2261 1309 2618 1388 intelligunt
2656 1309 3188 1382 consuetudinem,
3223 1327 3361 1389 quae
3388 1309 3518 1377 vim

1951 1402 2140 1463 habet
2190 1402 2393 1480 legis:
2440 1400 2520 1462 (16Γ
2565 1401 2675 1461 illa
2716 1420 2864 1462 vero
2887 1476 2892 1485 .
2915 1420 3094 1471 nunc¹
3118 1419 3246 1461 non
3297 1406 3518 1461 tracta-

1952 1514 2112 1571 muS,
2143 1494 2306 1556 infra
2340 1494 2508 1554 enim
2547 1494 2623 1554 de
2658 1493 2766 1554 illa
2805 1494 3150 1574 specialiter
3190 1494 3519 1554 dicendum

1952 1594 2074 1661 est3
2102 1587 2207 1648 sed
2234 1587 2478 1666 agimus
2507 1585 2582 1646 de
2611 1587 2859 1665 propria
2887 1585 3049 1665 lege,
3074 1604 3209 1666 quae
3238 1604 3518 1666 expresse

1951 1684 2014 1740 6ι
2040 1680 2268 1740 directe
2294 1698 2333 1739 a
2355 1678 2630 1758 principe
2658 1679 3092 1739 constituitur:
3120 1679 3283 1740 unde
3312 1698 3388 1739 ex
3412 1678 3519 1739 illa

1950 1771 2346 1833 distinctione
2382 1769 2588 1851 potius
2613 1770 2857 1832 videtur
2897 1771 3112 1832 inferri
3131 1771 3343 1851 legem
3370 1789 3517 1849 pro-

1949 1867 2176 1946 priam,
2203 1865 2277 1926 de
2305 1883 2429 1944 qua
2461 1865 2645 1926 modo
2668 1866 2935 1943 agimuS,
2960 1865 3182 1926 debere
3211 1883 3342 1926 esse
3372 1865 3519 1925 scri-

1950 1963 2144 2038 ptam.
2180 1959 2270 2018 Ita
2297 1958 2466 2018 enim
2497 1963 2587 2018 est
2614 1958 2722 2018 illa
2749 1958 3060 2018 distinctio
3090 1957 3513 2037 intelligenda,

1950 2052 2262 2131 duplicem
2289 2050 2517 2112 scilicet
2545 2069 2674 2112 esse
2718 2051 2962 2130 legem:
2996 2069 3210 2125 unam,
3254 2069 3392 2130 quae
3422 2069 3519 2111 so-

1950 2142 2086 2204 lum
2114 2143 2525 2203 introducitur
2551 2161 2661 2223 per
2680 2144 2935 2204 tacitum
2964 2160 3328 2203 consensum
3353 2160 3519 2202 com-

1950 2237 2276 2298 munitatis
2308 2242 2370 2298 et
2402 2237 2721 2316 principiS,
2762 2237 3106 2316 cujusmodi
3134 2242 3223 2297 est
3263 2253 3520 2297 consue-

1954 2330 2134 2404 tudo;
2166 2330 2354 2390 aliam
2399 2346 2565 2405 vero,
2596 2347 2734 2409 quae
2779 2326 2975 2389 fertur
3010 2347 3118 2408 per
3161 2345 3521 2408 expressum

1953 2422 2309 2500 imperium,
2345 2421 2421 2481 de
2452 2440 2576 2500 qua
2604 2420 2878 2500 procedit
2914 2421 3218 2481 dubitatio
3245 2421 3514 2500 propria.

1955 2512 2106 2573 Cum
2142 2530 2290 2591 ergo
2312 2514 2655 2593 jurisperiti
2687 2512 2847 2573 hanc
2872 2513 3274 2592 posteriorem
3306 2513 3523 2572 distin-

1953 2610 2149 2683 guant
2168 2623 2205 2664 a
2226 2605 2415 2684 priori
2434 2611 2731 2685 tanquam
2755 2605 3044 2684 scriptam
3065 2622 3103 2665 a
3121 2622 3245 2664 non
3270 2605 3518 2685 scripta,

1949 2697 2242 2758 videntur
2286 2699 2513 2759 sentire
2556 2698 2631 2758 de
2675 2699 2917 2758 ratione
2959 2699 3144 2777 hujus
3190 2698 3344 2776 legis
3391 2716 3522 2760 esse

1951 2790 2318 2869 scrIpturam
2336 2807 2356 2868 3
2411 2796 2473 2851 et
2523 2791 2647 2850 alia
2694 2791 2892 2850 multa
2935 2792 3004 2851 in
3056 2791 3521 2854 confirmatione

1951 2881 2139 2961 hujus
2168 2880 2357 2962 partis
2383 2882 2755 2943 adduximus
2775 2901 2961 2963 supra
2981 2884 3140 2944 libro
3171 2887 3230 2960 1,
3254 2903 3388 2964 cap.
3416 2887 3514 2946 11.

2034 2977 2094 3036 6.
2146 2974 2478 3038 Conclusio,
2500 3010 2579 3020 -
2598 2974 3014 3036 Nihilominus
3043 2977 3372 3038 dicendum
3402 2984 3519 3054 cst,

1952 3064 2095 3127 licet
2127 3068 2395 3146 optimus
2428 3066 2649 3128 modus
2674 3068 2913 3129 ferendi
2946 3068 3148 3148 legem
3178 3069 3256 3131 sit
3282 3070 3348 3130 in
3376 3070 3524 3132 scri-

1952 3166 2083 3240 pto,
2116 3178 2242 3220 non
2270 3178 2399 3220 esse
2440 3166 2649 3221 tamen
2685 3161 2802 3221 hoc
2832 3161 2909 3220 de
2943 3162 3286 3246 substantia
3318 3168 3381 3223 et
3408 3181 3520 3223 va-

1952 3252 2084 3313 lore
2110 3251 2286 3331 legis.
2311 3252 2517 3311 Prima
2540 3271 2680 3330 pars
2708 3252 3004 3331 probatur
3033 3254 3233 3332 primo
3258 3272 3331 3314 ex
3356 3272 3522 3314 com-

1953 3345 2132 3406 muni
2159 3363 2299 3408 usu.
2332 3344 2636 3420 Secundo,
2663 3346 2810 3424 quia
2836 3351 3077 3424 oportet
3105 3350 3176 3406 ut
3202 3346 3369 3426 leges
3398 3347 3525 3408 sint

1952 3437 2222 3512 stabiles,
2269 3455 2340 3497 ac
2372 3435 2631 3516 proinde
2674 3442 2744 3497 ut
2782 3438 2974 3516 signis
3015 3440 3522 3517 permanentibus

1950 3528 2251 3590 ferantur.
2298 3529 2527 3604 Terti0,
2572 3529 2718 3607 quia
2765 3547 2922 3609 saepe
2967 3532 3382 3591 necessarium
3430 3537 3522 3593 est

1950 3621 2297 3701 expendere
2343 3622 2594 3701 propria
2648 3628 2709 3682 6ι
2757 3621 3045 3683 formalia
3093 3623 3282 3684 verba
3326 3624 3519 3703 16313,

1948 3714 2111 3793 quod
2151 3732 2277 3775 non
2303 3721 2501 3794 potest
2528 3714 2845 3776 moraliter
2868 3714 3025 3792 fieri,
3059 3715 3179 3776 nisi
3205 3718 3331 3777 sint
3366 3718 3519 3778 scri—

1947 3812 2073 3886 pta.
2121 3803 2531 3867 Nihilominus
2575 3808 2872 3887 probatur
2916 3808 3112 3870 altera
3158 3828 3323 3889 pars,
3373 3811 3520 3889 quia

1946 3897 2045 3959 hae
2073 3899 2341 3959 rationes
2370 3905 2618 3959 tantum
2646 3905 2791 3959 sunt
2818 3901 3260 3988 congruentiae,
3293 3908 3354 3974 et
3388 3921 3520 3962 ma-

1940 3991 2095 4069 j0ris
2131 3991 2448 4067 utilitatis3
2476 4010 2603 4052 non
2635 3985 2844 4052 tamen
2876 3991 3141 4070 probant
3168 3993 3514 4055 absolutam

1948 4083 2379 4144 necessitatem
2393 4101 2470 4143 ex
2480 4089 2628 4142 natu
2637 4101 2704 4142 ra
2714 4083 2803 4142 rei
2808 4105 2827 4157 3
2841 4084 2987 4160 quia
2997 4102 3349 4162 expressum
3363 4105 3520 4166 prae-

1950 4179 2199 4254 ceptum
2216 4174 2588 4235 sufficienter
2601 4179 2798 4252 potest
2813 4174 3000 4234 verbo
3013 4174 3184 4250 ferri,
3199 4184 3261 4237 et
3274 4177 3519 4256 publice

1948 4266 2236 4347 proponi,
2278 4270 2340 4327 et
2368 4285 2481 4345 per
2510 4265 2910 4326 traditionem
2952 4266 3030 4325 ab
3068 4285 3196 4328 uno
3224 4269 3290 4327 in
3323 4269 3520 4330 alium

1950 4359 2331 4434 conservari3
2386 4359 2513 4419 imo
2567 4358 2840 4419 Christus
2894 4358 3190 4420 Dominus
3241 4361 3327 4421 ita
3377 4361 3521 4422 tulit

1949 4457 2255 4531 praecepta
2282 4470 2412 4523 sua,
2446 4457 2506 4512 et
2533 4452 2738 4531 aliqua
2766 4469 2894 4512 non
2921 4451 3177 4511 fuerunt
3203 4453 3268 4513 in
3293 4455 3520 4516 divinis

1947 4545 2170 4606 litteris
2208 4546 2453 4625 scripta.
2502 4547 2628 4606 Hoc
2673 4564 2818 4607 vero
2862 4546 3098 4606 facilius
3140 4547 3270 4627 ipse
3316 4548 3519 4627 potuit

1950 4657 2136 4718 agere
2175 4657 2363 4717 quam
2405 4639 2666 4699 humani
2702 4638 3103 4718 legislatores,
3135 4641 3280 4718 quia
3319 4641 3522 4720 potuit

1952 4751 2023 4792 ea
2065 4731 2325 4792 scribere
2359 4731 2425 4791 in
2454 4729 2761 4807 cordibus,
2794 4739 2856 4792 et
2888 4732 3033 4811 quia
3081 4750 3191 4810 per
3217 4732 3518 4811 Spiritum

1951 4829 2233 4884 sanctum
2285 4824 2372 4884 ita
2415 4824 2577 4902 regit
2621 4824 2954 4885 Ecclesiam
3005 4822 3402 4899 Catholicam,
3449 4829 3521 4884 ut

1953 4935 2082 4977 non
2113 4917 2276 4977 sinat
2313 4934 2450 4977 eam
2479 4916 2700 4977 talium
2729 4923 3175 4996 praeceptorum
3215 4913 3514 4977 oblivisci.

1951 5008 2153 5088 Atque
2185 5007 2316 5069 haec
2354 5008 2669 5084 resoluti0,
2701 5008 2953 5083 scilicet,
2997 5008 3363 5088 scripturam
3393 5026 3523 5069 non

1954 5119 2084 5162 esse
2111 5100 2188 5161 de
2220 5100 2563 5162 substantia
2589 5099 2765 5178 legiS,
2797 5097 3143 5159 communis
3173 5105 3287 5176 est,
3314 5109 3385 5161 ut
3410 5118 3519 5180 pa-

1952 5198 2044 5254 tet
2072 5212 2147 5253 ex
2176 5193 2355 5266 Rota,
2391 5191 2574 5252 titulo
2601 5192 2676 5260 (16
2704 5190 2985 5266 Constit.,
3018 5187 3204 5251 decis.
3246 5195 3271 5252 1
3313 5193 3381 5252 in
3411 5211 3522 5253 no-

1950 5287 2046 5346 vis
2056 5302 2076 5363 3
2120 5291 2183 5345 et
2215 5304 2289 5345 ex
2321 5283 2659 5362 Panormi&
2693 5282 2895 5357 Decio,
2927 5282 3136 5351 ⁴Felin.
3186 5290 3248 5345 et
3274 5284 3414 5346 aliis
3453 5286 3522 5345 in

1951 5378 2156 5440 titulo.
2191 5395 2300 5438 seu
2332 5376 2502 5437 rubr.
2524 5376 2603 5436 de
2628 5375 2910 5451 constit„
2930 5382 2992 5436 et
3017 5375 3194 5439 Joan.
3227 5378 3421 5438 Andr.
3454 5377 3522 5438 in

1951 5470 2171 5553 regula
2215 5471 2407 5539 Nemo
2449 5474 2663 5550 potest,
2709 5466 2787 5530 de
2829 5468 3050 5564 Regul.
3092 5471 3222 5552 jur.
3255 5471 3324 5531 in
3363 5471 3423 5547 6,
3461 5477 3523 5533 et
