3976 6219
516 380 636 439 340

516 485 775 547 nonistae
821 482 890 541 in
941 478 1211 555 rubrica,
1234 485 1295 539 et
1316 479 1384 539 in
1411 497 1546 558 cap.
1586 478 1736 542 Cum
1759 498 1978 555 omnes,
2011 485 2072 540 et

516 598 650 658 cap.
696 576 845 639 Cum
889 573 1290 646 accessissent,
1317 572 1393 633 de
1443 573 1796 648 Constitut.,
1828 572 1937 633 ubi
1960 574 2072 633 Pa-

515 668 795 742 normit.,
842 665 1060 726 Decius
1105 671 1167 725 et
1207 665 1514 724 HostienS.
1542 666 1697 725 Item
1722 665 2071 725 Summistae

513 763 686 825 verb.
716 761 862 822 Lea.
883 759 1207 835 Potestque
1228 756 1479 816 fundari
1498 756 1566 817 in
1589 774 1725 835 cap.
1758 760 1786 816 1
1822 756 1898 817 de
1917 758 2071 818 Con-

515 859 756 927 secrat.,
786 851 846 912 d.
870 853 929 925 3,
948 849 1055 910 ubi
1083 849 1359 928 Episcopi
1383 854 1816 928 supponuntur
1842 849 2071 911 habere

514 950 882 1028 potestatem
907 941 1300 1023 praecipiendi
1346 942 1641 1003 festorum
1692 947 1754 1002 et
1793 943 1879 1020 Jej
1890 942 2073 1002 unio-

513 1058 656 1101 rum
684 1035 1193 1098 observationem.
1226 1034 1381 1094 Item
1408 1035 1475 1094 in
1497 1053 1630 1113 cap.
1659 1037 1698 1096 Ξ
1724 1036 1800 1096 de
1827 1036 2070 1111 Locato,

513 1132 622 1193 ubi
642 1129 1008 1209 supponitur
1028 1127 1355 1205 Episcopos
1376 1145 1551 1206 posse
1584 1133 1815 1188 statuta
1845 1127 2072 1203 facere,

513 1231 584 1284 ut
614 1223 703 1283 ibi
732 1226 905 1282 notat
939 1219 1169 1281 Glossa.
1203 1219 1370 1279 Idem
1399 1238 1679 1298 expresse
1706 1220 1971 1281 habetur
2007 1220 2073 1281 in

514 1336 647 1396 cap.
685 1318 725 1376 2
753 1315 830 1375 de
856 1313 1121 1391 Majorit.
1154 1317 1215 1373 et
1243 1310 1576 1387 obedient„
1608 1332 1739 1392 cap.
1769 1315 1807 1373 2
1827 1314 1901 1374 de
1919 1313 2075 1374 Con-

514 1411 640 1471 stit.
664 1410 730 1469 in
757 1409 817 1467 6.
838 1407 1063 1485 Estque
1091 1405 1222 1465 haec
1250 1410 1517 1483 potestas
1544 1405 1725 1466 valde
1752 1411 2072 1467 consenta-

513 1522 634 1564 nea
657 1500 902 1562 muneri
929 1498 1396 1577 Episcoporum,
1418 1497 1643 1576 quibus
1671 1498 1828 1559 dixit
1851 1499 2077 1561 Paulus

512 1597 720 1657 Actor.
751 1596 832 1655 20
865 1609 881 1652 ε
917 1592 1137 1653 Posuit
1158 1609 1261 1653 vos
1291 1591 1578 1669 Spiritus
1597 1591 1866 1654 Sanctus
1886 1593 2082 1670 Epis-

516 1707 686 1768 copos
713 1703 914 1764 reyere
929 1683 1267 1745 Ecclesiam
1290 1683 1427 1744 Dei.
1454 1682 1607 1743 Item
1626 1682 1701 1743 de
1729 1682 1850 1743 illis
1877 1685 2076 1746 maxi-

516 1801 618 1843 me
650 1777 964 1857 intelligit,
990 1776 1153 1854 quod
1184 1776 1495 1835 Hebraeor.
1516 1776 1591 1836 13
1620 1774 1772 1835 dicit
1798 1791 1816 1834 :
1842 1776 2078 1841 Obedite

509 1872 859 1954 proepositis
920 1869 1139 1931 vestris
1194 1895 1217 1928 .·
1264 1869 1413 1927 item
1472 1873 1673 1946 potest
1729 1867 1951 1928 adduci
2011 1870 2075 1929 id

512 1966 729 2029 Matth.
783 1964 859 2023 18
891 1978 907 2021 :
938 1961 1325 2040 Quaecumque
1352 1961 1717 2039 Ziqaveritis,
1757 1966 1874 2022 etc.
1916 1963 2073 2023 Nam

511 2058 627 2120 sub
660 2056 849 2117 verbo
887 2054 1124 2134 Ziqandi
1154 2053 1341 2114 etiam
1369 2050 1671 2130 legislatio
1706 2053 2066 2126 includitur,

398 2183 401 2186 1
510 2157 794 2229 utsupra
818 2147 947 2208 dixi
979 2161 996 2206 t
1024 2146 1294 2226 loquitur
1321 2152 1532 2205 autem
1559 2145 1647 2206 ibi
1688 2147 1962 2207 Christus
1991 2149 2071 2209 ad

510 2261 724 2304 omnes
751 2238 1092 2319 ApostoloS,
1134 2237 1358 2317 quibus
1398 2237 1681 2317 Episcopi
1708 2240 2066 2316 succedunt,

510 2356 641 2416 cap.
676 2336 757 2396 In
780 2335 978 2408 Noc0,
1013 2330 1279 2391 distinct.
1314 2332 1384 2390 21
1409 2353 1427 2405 ;
1454 2330 1757 2408 Trident.,
1790 2350 1935 2393 sess
1963 2334 2068 2409 23,

510 2430 695 2510 capit.
750 2432 991 2506 quarto.
1044 2426 1135 2486 Ex
1179 2423 1404 2503 quibus
1446 2424 1837 2486 concluditur
1867 2427 2026 2488 ratio
2046 2473 2068 2504 ,

509 2524 657 2604 quia
684 2518 965 2599 Episcopi
993 2521 1138 2577 sunt
1161 2517 1441 2577 Pastores
1462 2516 1783 2594 ordinarii,
1815 2524 1878 2579 et
1902 2519 2072 2598 prin·

511 2617 674 2695 cipes
726 2612 1008 2674 Ecclesiae
1063 2615 1200 2689 post
1241 2627 1556 2670 summum
1585 2610 1970 2687 Pontificem,
2011 2619 2073 2674 et

511 2707 650 2768 ideo
679 2724 756 2767 ex
784 2704 848 2764 vi
875 2703 973 2763 sui
1005 2701 1279 2762 muneris
1306 2707 1491 2778 egent
1513 2708 1810 2780 potestate
1831 2704 2071 2765 ferendi

511 2805 742 2861 statuta
775 2796 898 2858 suis
938 2794 1196 2856 subditis
1241 2794 1701 2870 convenientia3
1760 2795 1871 2855 illa
1922 2815 2072 2858 vero

510 2898 773 2974 potestas
818 2887 1109 2968 competit
1138 2887 1281 2965 jure
1311 2885 1646 2964 ordinario,
1681 2907 1819 2968 quse
1854 2907 2073 2951 conve-

511 2986 606 3047 nit
635 3004 711 3045 ex
731 2984 794 3045 vi
822 2980 1057 3062 proprii
1077 2980 1393 3041 muneris:
1428 2996 1597 3059 ergo.

591 3082 651 3141 3.
678 3077 994 3143 Sententia
1025 3073 1346 3137 dicentium
1379 3074 1714 3154 Episcopos
1743 3074 1952 3139 babere
1969 3094 2074 3156 po-

510 3179 779 3238 testatem
807 3168 1211 3249 leqislativam
1225 3166 1373 3246 jure
1400 3167 1622 3243 divino,
1650 3173 1705 3229 et
1733 3168 2073 3233 immediate

512 3284 552 3328 a
583 3266 848 3329 Christo.
865 3295 948 3308 —
966 3260 1245 3322 Secunda
1272 3276 1417 3320 vero
1445 3277 1610 3338 pars,
1635 3279 1773 3340 quae
1800 3261 2073 3324 affirmat

511 3359 673 3420 hanc
700 3360 1065 3437 potestatem
1086 3352 1417 3414 convenire
1444 3353 1752 3432 Episcopis
1776 3355 1919 3433 jure
1951 3354 2070 3416 hu.

512 3469 721 3525 mano,
745 3449 944 3527 magis
971 3451 1360 3507 controversa
1382 3449 1513 3524 ests,
1514 3444 1722 3524 Aliqui
1736 3447 1903 3508 enim
1927 3465 2072 3508 con·

514 3544 779 3605 tendunt
808 3540 1038 3600 habere
1068 3538 1240 3598 illam
1281 3537 1357 3598 de
1379 3537 1520 3615 jure
1572 3538 1809 3614 divino,
1859 3545 1921 3601 et
1952 3540 2071 3600 im-

514 3636 679 3697 diate
706 3652 744 3695 a
770 3632 1033 3707 Christo,
1064 3630 1345 3710 quamvis
1380 3646 1519 3689 cum
1569 3630 2072 3695 subordinatione

516 3735 579 3790 et
606 3725 1017 3807 dependentia
1043 3743 1082 3785 a
1108 3741 1353 3784 summo
1390 3723 1702 3786 Pontifice.
1754 3726 2075 3787 Tribuitur

515 3822 743 3881 Victor.
751 3866 771 3896 ,
800 3818 1009 3879 relect.
1051 3819 1089 3877 2
1131 3816 1207 3876 de
1234 3817 1539 3877 Potestate
1577 3817 1882 3894 Ecclesiae,
1917 3837 1977 3897 q.
2009 3821 2071 3894 2,

517 3917 583 3976 in
622 3914 783 3989 fine3
840 3910 946 3972 sed
973 3928 1208 3986 revera,
1248 3909 1301 3969 si
1340 3913 1572 3971 attente
1615 3909 1882 3990 legatur,
1915 3931 2075 3973 nun·

515 4026 703 4089 quam
732 4006 796 4067 id
825 4021 1104 4083 expresse
1129 4002 1299 4077 dicit,
1336 4001 1481 4064 licet
1517 4002 1725 4065 favere
1765 4004 2072 4080 videatur,

514 4108 589 4162 ut
612 4100 778 4160 infra
817 4097 1041 4158 dicam.
1087 4094 1375 4174 Apertius
1408 4101 1471 4155 et
1513 4096 1711 4157 nimia
1745 4093 2078 4175 exaggera-

514 4196 685 4257 tione
719 4192 783 4252 id
812 4189 999 4251 tradit
1036 4188 1268 4264 Castro,
1299 4187 1375 4249 de
1405 4188 1611 4250 Justit.
1642 4190 1855 4250 haeret.
1892 4207 2042 4268 pun.
2050 4234 2072 4267 ,

518 4308 652 4369 cap.
680 4289 782 4363 24,
812 4285 1020 4346 dicens
1041 4283 1389 4362 oppositum
1411 4301 1540 4345 esse
1557 4290 1770 4345 contra
1790 4284 2076 4345 omnium

518 4397 829 4443 sacrorum
858 4378 1174 4438 doctorum
1211 4376 1580 4437 sententiam
1584 4420 1605 4451 ,
1657 4377 1902 4437 nullum
1926 4395 2074 4439 vero

518 4473 823 4552 designat.
853 4470 927 4530 Ei
953 4487 1101 4530 vero
1135 4468 1392 4530 adhaesit
1416 4466 1661 4529 Gabriel
1686 4469 1871 4549 Vasq.
1917 4473 1972 4531 1.
2009 4471 2069 4546 2,

519 4567 745 4645 disput.
802 4565 941 4637 152,
980 4579 1114 4640 cap.
1166 4562 1226 4621 3.
1263 4560 1587 4638 Potestque
1613 4560 1743 4622 haec
1767 4563 2078 4623 sententia

234 4678 249 4685 “
366 4704 377 4710 -
424 4728 433 4729 7
518 4657 761 4720 suaderi
790 4674 866 4717 ex
883 4653 1202 4734 principiis
1219 4651 1456 4732 positiS.
1473 4653 1700 4729 Primo,
1723 4655 1869 4733 quia
1885 4655 2076 4735 Apos-

476 4762 485 4765 “
518 4750 630 4813 toli
661 4748 1016 4809 habuerunt
1040 4746 1204 4807 hanc
1244 4749 1609 4824 potestatem
1652 4746 2011 4808 immediate
2038 4765 2078 4807 a

518 4843 780 4921 Christo,
802 4840 908 4903 sed
928 4839 1209 4919 Episcopi
1224 4843 1368 4898 sunt
1388 4838 1819 4917 Apostolorum
1841 4858 2078 4901 succes-

519 4956 717 5011 sores3
750 4951 897 5014 ergo
939 4931 1275 4993 succedunt
1320 4931 1390 4990 in
1441 4930 1557 4990 hac
1584 4937 1882 5011 potestate
1909 4950 1987 4994 ex
2013 4933 2077 4994 vi

477 5071 479 5074 <
519 5028 872 5093 donationis
914 5025 1160 5101 Christi,
1190 5042 1262 5084 ac
1287 5022 1549 5084 subinde
1584 5022 1664 5083 ab
1702 5024 1811 5086 illo
1855 5025 2077 5087 imme-

520 5125 685 5187 diate
731 5140 869 5184 eam
897 5119 1151 5193 habent,
1182 5136 1309 5179 non
1333 5135 1372 5177 a
1397 5115 1714 5179 Pontifice.
1747 5119 1944 5197 Major
1969 5136 2078 5198 po-

520 5218 638 5279 sita
677 5220 770 5276 est
812 5216 879 5276 in
929 5212 1127 5291 capite
1175 5209 1546 5291 praecedenti
1558 5224 1578 5287 3
1613 5211 1819 5272 minor
1865 5216 2077 5272 autem

517 5308 798 5390 proxime
818 5305 1073 5385 probata
1096 5310 1190 5366 est
1208 5322 1283 5364 ex
1302 5303 1465 5383 jure,
1489 5306 1550 5362 et
1563 5320 1638 5363 ex
1659 5304 1924 5365 Concilio
1946 5304 2080 5365 Tri·

519 5403 688 5463 dent.
726 5399 1172 5477 Consequentia
1197 5398 1348 5457 item
1386 5396 1454 5454 in
1483 5395 1670 5455 simili
1706 5397 1962 5476 probata
1987 5402 2080 5457 est

520 5495 704 5573 capit.
764 5494 819 5553 3.
870 5489 1251 5551 Confirmant
1299 5487 1416 5548 hoc
1470 5503 1549 5545 cx
1610 5488 1811 5550 verbis
1855 5489 2077 5551 Christi

1513 380 1627 433 LIB.
1664 379 1746 432 w.
1781 378 1862 431 DE
1893 377 2056 431 LEGE
2086 375 2373 429 PoslTlvA
2404 377 2728 431 CANONICA.

2150 477 2366 540 Mattb.
2401 480 2479 539 18
2520 496 2537 540 :
2577 478 2965 558 Quaecumque
3004 477 3351 557 liccem-itis
3385 499 3565 561 super
3601 489 3704 547 ter-

2150 591 2309 648 ram,
2336 577 2482 647 etc.,
2515 589 2654 650 quse
2676 588 2805 631 non
2841 575 3088 631 tantum
3108 571 3186 631 ad
3216 589 3508 650 personas
3528 575 3702 657 Apos-

2150 663 2441 738 tolorum,
2461 663 2565 725 sed
2593 663 2783 725 etiam
2801 663 2880 723 ad
2899 664 3226 743 Episcopos
3247 683 3463 727 eorum
3488 686 3705 731 succes·

2150 775 2317 817 sores
2344 756 2508 816 dicta
2528 755 2719 817 fuere.
2747 757 2901 817 Item
2927 755 3234 818 inducunt
3274 758 3464 820 verba
3494 761 3705 824 Christi

2151 849 2328 909 Lucae
2363 850 2440 909 10
2476 870 2490 908 :
2532 847 2652 922 Qui
2696 866 2800 910 vos
2827 850 3003 911 audit
3029 868 3119 911 me
3158 850 3355 926 audit,
3385 857 3441 913 et
3469 856 3573 933 qui
3611 874 3702 917 vos

2152 942 2407 1021 spernit,
2458 947 2573 1002 etc.
2618 942 2775 1001 Nam
2806 939 2915 1001 illa
2940 940 3020 1001 ad
3049 941 3370 1021 Apostolos
3404 950 3466 1005 et
3497 963 3699 1007 eorum

2153 1052 2526 1094 successores
2573 1034 2910 1112 pertinent,
2957 1039 3030 1094 ut
3078 1035 3334 1095 tradunt
3394 1037 3699 1116 Cypriam,

2155 1126 2264 1188 lib.
2290 1128 2353 1202 4,
2376 1127 2568 1205 Epist.
2595 1128 2656 1200 9,
2688 1131 2751 1186 et
2771 1125 2956 1186 Basil.
2985 1126 3052 1186 in
3072 1127 3395 1188 Constitut.
3425 1139 3701 1207 monast,

2154 1238 2288 1299 cap.
2323 1220 2426 1293 23,
2462 1225 2524 1279 et
2550 1218 2768 1279 eodem
2788 1218 2974 1279 modo
3005 1225 3260 1299 possunt
3288 1221 3503 1281 induci
3529 1223 3705 1285 verba

2155 1310 2328 1371 Pauli
2361 1311 2624 1371 Roman.
2658 1312 2735 1370 13
2773 1327 2789 1371 :
2820 1310 3030 1374 Omnis
3074 1311 3282 1374 anima
3322 1317 3704 1392 potestatibus

2153 1404 2605 1467 sublimioribus
2635 1404 2876 1466 subdita
2900 1405 3006 1467 sit.
3038 1405 3195 1465 Nam
3217 1406 3406 1467 etiam
3429 1408 3514 1468 ibi
3537 1408 3705 1470 intel-

2155 1498 2437 1576 liguntur
2464 1502 2791 1577 potestates
2816 1497 3258 1575 ecclesiasticae,
3287 1506 3357 1561 ut
3384 1520 3598 1564 omnes
3623 1502 3705 1563 fa·-

2161 1595 2395 1666 tentur,
2425 1592 2573 1670 quia
2596 1596 2742 1652 sunt
2785 1608 2945 1651 verae
2986 1597 3316 1670 potestates
3354 1615 3368 1654 ε
3401 1593 3566 1655 inter
3604 1595 3704 1656 has

2165 1688 2375 1745 autem
2399 1684 2667 1745 maxime
2685 1683 3120 1762 intelliguntur
3132 1686 3415 1765 Episcopi
3434 1687 3549 1747 sub
3565 1689 3707 1749 Pon-

2154 1774 2339 1837 tifice.
2362 1775 2635 1855 Denique
2663 1775 2865 1837 simile
2884 1782 2977 1837 est
2999 1777 3155 1838 illud
3181 1778 3261 1838 ad
3283 1778 3574 1840 Hebraeos
3595 1781 3663 1840 13
3685 1797 3700 1841 t

2159 1869 2394 1932 Obedite
2411 1871 2759 1950 pra-positis
2787 1872 3028 1945 vestris,
3059 1875 3178 1932 etc.
3357 1872 3368 1880 ‘

2236 1964 2297 2022 4.
2349 1963 2658 2039 Secundo,
2686 1963 2834 2043 quia
2858 1981 3090 2024 munus
3124 1965 3468 2045 episcopale
3512 1970 3600 2026 est
3632 1966 3705 2026 de

2145 2055 2289 2133 jure
2330 2055 2566 2132 divino,
2614 2062 2687 2116 ut
2716 2074 3034 2135 suppon03
3081 2074 3229 2135 ergo
3271 2057 3571 2137 quidquid
3621 2064 3705 2119 est

2148 2146 2480 2209 intrinsece
2523 2165 2840 2209 annexum
2875 2147 2987 2208 tali
3028 2150 3295 2226 muneri,
3331 2156 3425 2210 est
3455 2150 3532 2211 de
3565 2151 3705 2228 jure

2150 2239 2363 2301 divino
2378 2256 2400 2319 3
2437 2240 2545 2312 sed
2587 2240 2938 2319 jurisdictio
2987 2241 3065 2301 ad
3097 2241 3375 2302 ferendas
3408 2241 3575 2319 leges
3613 2247 3705 2303 est

2150 2334 2487 2395 necessario
2516 2334 2849 2411 conjuncta
2889 2351 3028 2396 cum
3063 2333 3390 2413 episcopali
3418 2351 3695 2409 munere,

2149 2426 2297 2504 quia
2323 2443 2451 2486 non
2479 2431 2678 2504 potest
2694 2426 3127 2487 convenienter
3152 2425 3455 2505 pastorale
3474 2443 3702 2485 munus

2151 2520 2424 2581 exerceri
2445 2519 2578 2580 sine
2605 2519 2716 2579 tali
2748 2524 3044 2599 potestate
3068 2541 3086 2594 ;
3118 2535 3288 2597 ergo.
3315 2519 3405 2578 lta
3422 2519 3589 2579 enim
3609 2536 3709 2578 su-

2151 2631 2263 2691 pra
2303 2611 2743 2691 colligebamus
2780 2613 3089 2674 Christum
3130 2611 3367 2673 dedisse
3410 2611 3710 2689 Apostolis

2144 2705 2640 2784 jurisdictionem
2704 2705 3062 2767 immediate
3091 2750 3112 2780 ,
3169 2704 3318 2783 quia
3370 2703 3539 2764 dedit
3591 2704 3711 2764 illis

2151 2797 2597 2878 Apostolatum,
2634 2799 2734 2859 cui
2764 2805 2858 2859 est
2883 2799 3214 2860 intrinsece
3249 2797 3589 2858 necessaria
3609 2798 3710 2875 ju-

2151 2890 2458 2969 risdicti03
2506 2908 2655 2970 ergo
2699 2891 2887 2952 simili
2914 2890 3313 2972 proportione
3347 2889 3619 2968 procedit
3643 2890 3708 2949 in

2153 2983 2494 3062 EpiscopiS,
2546 2983 2765 3045 saltem
2823 2985 3026 3064 quoad
3080 2983 3573 3062 jurisdictionem
3624 2982 3710 3042 eis

2151 3076 2700 3156 proportionatam.
2751 3076 2926 3138 Dices
2979 3076 3399 3157 episcopatum
3452 3092 3579 3137 esse
3633 3074 3710 3136 de

2143 3169 2523 3247 jure'divino
2551 3170 2753 3250 quoad
2783 3170 3304 3232 consecrationem
3339 3174 3401 3229 et
3444 3173 3710 3247 potesta-

2149 3268 2274 3323 tem
2303 3263 2558 3340 ordinis,
2590 3282 2719 3324 non
2757 3281 2904 3325 vero
2945 3264 3142 3343 quoad
3174 3261 3590 3343 episcopatum
3618 3262 3636 3321 i
3643 3281 3712 3340 p-

2151 3373 2314 3431 sum,
2336 3361 2405 3417 ut
2426 3355 2688 3417 includit
2706 3374 2920 3418 curam
2948 3362 3009 3418 et
3031 3355 3567 3435 gubernationem.
3591 3353 3713 3415 Sed

2152 3454 2367 3510 contra
2408 3450 2526 3511 hoc
2559 3449 2758 3511 obstat
2794 3450 3020 3528 primo,
3051 3466 3198 3510 nam
3227 3448 3454 3509 Paulus
3499 3448 3660 3508 dixit
3691 3465 3709 3508 ε

2149 3542 2234 3603 In
2278 3560 2389 3621 quo
2437 3560 2541 3604 vos
2590 3544 2798 3621 posuit
2846 3541 3133 3621 Spiritus
3194 3540 3465 3605 Sanctus
3511 3558 3718 3619 reqere

2153 3635 2492 3697 Ecclesiam
2511 3635 2652 3710 Dei,
2683 3640 2799 3696 etc.
2816 3636 2974 3696 Nam
2987 3633 3241 3713 regendi
3263 3633 3524 3695 verbum
3537 3650 3720 3712 aper-

2154 3734 2214 3789 te
2246 3727 2395 3788 dicit
2420 3727 2724 3807 pastorale
2753 3746 3001 3789 munus.
3037 3726 3342 3802 Secundo,
3371 3727 3520 3808 quia
3557 3727 3725 3806 epis-

2154 3819 2381 3899 copalis
2400 3821 2776 3881 consecratio
2793 3819 3032 3881 confert
3047 3838 3157 3900 per
3173 3836 3238 3880 se
3260 3820 3460 3900 ipsam
3482 3821 3726 3899 episco-

2154 3912 2360 3993 palem
2414 3913 2819 3992 dignitatem3
2872 3930 3021 3992 ergo
3067 3912 3301 3974 confert
3338 3913 3729 3992 jurisdictio-

2154 4024 2325 4081 nem,
2356 4005 2574 4066 saltem
2597 4007 2666 4066 in
2693 4005 2936 4079 habitu,
2967 4023 3075 4067 seu
3110 4005 3179 4065 in
3206 4010 3351 4065 actu
3386 4005 3614 4084 primo,
3645 4004 3731 4064 li-

2156 4104 2253 4159 cet
2290 4115 2419 4159 non
2447 4097 2721 4160 conferat
2771 4116 2956 4159 usum
2995 4098 3190 4159 donec
3231 4096 3574 4177 applicetur
3627 4096 3730 4156 illi

2155 4193 2434 4254 materia.
2483 4192 2654 4253 Sicut
2702 4193 2768 4253 in
2815 4192 3203 4254 ordinatione
3238 4191 3568 4252 sacerdotis
3609 4190 3732 4251 da-

2154 4290 2257 4345 tur
2280 4289 2547 4366 potestas
2573 4284 2952 4363 absolvendi,
2990 4303 3124 4366 quae
3150 4290 3243 4346 est
3260 4282 3613 4363 jurisdictio
3651 4281 3732 4342 in

2154 4377 2393 4439 habitu.

2233 4470 2462 4547 Tertio,
2513 4489 2835 4551 possumus
2881 4470 3304 4551 argumentari
3322 4487 3421 4531 ·ex
3459 4487 3581 4529 usu
3610 4485 3732 4528 an-

2154 4563 2497 4644 tiquissimo
2521 4565 2828 4641 Ecclesiae,
2851 4566 2999 4643 quia
3026 4565 3093 4624 in
3115 4563 3420 4644 principio
3438 4560 3734 4641 Apostoli

2156 4656 2446 4718 creabant
2461 4658 2806 4737 Episcopos,
2827 4655 3175 4717 inconsulto
3201 4657 3403 4731 Petro,
3425 4660 3489 4715 et
3506 4659 3736 4733 postea

2155 4748 2387 4811 fiebant
2411 4767 2524 4828 per
2549 4748 2913 4810 electionem
2954 4748 3122 4818 cleri.
3171 4753 3280 4808 aut
3314 4746 3733 4826 populorum,

2158 4848 2220 4904 et
2260 4843 2468 4903 statim
2510 4840 2920 4903 censebantur
2957 4858 3086 4902 esse
3114 4839 3399 4920 Episcopi
3426 4839 3563 4899 sine
3586 4856 3738 4917 spe·

2157 4933 2298 4994 ciali
2323 4951 2578 4995 recursu
2602 4934 2681 4994 ad
2722 4932 3106 5008 Pontificem,
3134 4931 3235 4992 vel
3279 4931 3473 4992 alium
3513 4929 3738 4989 homi-

2155 5042 2338 5104 nem3
2362 5043 2510 5105 ergo
2554 5026 2805 5106 signum
2848 5031 2941 5087 est
2980 5029 3343 5105 potestatem
3370 5022 3547 5083 illam
3584 5021 3741 5101 dari

2155 5119 2513 5180 immediate
2541 5136 2578 5179 a
2605 5120 2752 5194 Deo,
2794 5119 2957 5180 facta
2985 5117 3411 5196 designatione
3439 5132 3743 5194 personae

2156 5230 2267 5290 per
2294 5211 2681 5288 electionem,
2709 5210 2809 5272 vel
2835 5228 2947 5290 per
2978 5209 3175 5271 alium
3201 5208 3554 5288 legitimum
3585 5224 3746 5267 mo-

2157 5306 2332 5381 dum,
2360 5306 2520 5366 sicut
2555 5306 2630 5367 de
2667 5323 2912 5367 summo
2954 5304 3251 5365 Pontifice
3299 5303 3590 5364 diximus.
3657 5302 3750 5360 Et

2158 5397 2581 5474 confirmatur,
2620 5399 2766 5477 quia
2798 5397 3148 5477 Episcopus,
3179 5413 3319 5456 cum
3362 5395 3536 5473 leges
3572 5392 3748 5466 tert,

2158 5509 2283 5552 non
2323 5495 2523 5571 potest
2562 5490 2763 5554 dicere
2801 5508 2868 5554 se
2905 5488 3069 5554 ferre
3109 5487 3247 5552 illas
3270 5490 3576 5570 potestate
3605 5483 3758 5548 sibi
