3976 6219
845 392 981 446 CAP.
1017 396 1148 450 xxl.
1184 399 1398 453 UTRUH
1428 400 1554 454 LEX
1586 402 1808 457 CIVILIS
1837 404 2051 460 Possrr
2082 408 2377 465 snssm'ros
2409 414 2732 483 OBLlGABE,
2766 421 2903 474 ETC.

271 486 511 549 caciam
561 488 719 569 legis
740 535 763 567 ,
817 494 1095 573 sequitur
1142 498 1471 561 dicendum
1545 502 1623 563 de
1671 502 1840 565 illius

270 580 622 659 effectibuS,
648 585 755 664 qui
791 586 919 649 fere
940 606 1154 653 omnes
1175 591 1255 653 ad
1280 593 1721 673 obligationem
1744 614 1842 657 re·-
1965 599 1978 612 ⁰

269 680 576 735 vocantur
593 676 775 755 juxta
800 683 1082 760 superius
1109 685 1274 747 dicta
1301 685 1378 748 de
1405 685 1542 767 lege
1580 688 1648 749 in
1673 707 1837 750 com-

268 766 477 843 muni,
502 773 566 829 et
590 768 732 831 ideo
757 770 888 833 haee
925 773 1223 856 obligatio
1241 777 1398 858 legis
1415 780 1611 842 civilis
1636 783 1836 862 puris-
1920 785 1933 797 '

268 862 429 922 sime
482 879 523 922 a
581 862 760 924 nobis
797 866 1160 945 explicanda
1211 877 1322 931 est.
1367 872 1522 945 Quia
1558 891 1704 935 vvero
1758 893 1837 937 ex

267 956 517 1017 ratione
549 958 870 1018 communi
894 958 1048 1039 legis
1091 968 1352 1040 constat,
1400 971 1463 1026 et
1512 965 1836 1047 obligatio-

266 1062 420 1109 nem
467 1067 595 1110 esse
621 1051 799 1129 quasi
835 1050 1159 1115 formalem
1193 1056 1478 1118 effectum
1505 1058 1682 1139 legis,
1721 1079 1836 1122 nec

265 1158 454 1219 posse
467 1160 596 1205 csse
612 1160 825 1204 veram
837 1144 1042 1225 legem
1055 1148 1208 1226 quin
1226 1148 1499 1229 aliquam
1511 1152 1838 1232 obligatio-

267 1250 418 1293 nem
433 1233 682 1310 inferat,
697 1242 761 1297 et
770 1236 838 1297 in
863 1239 1278 1318 superioribus
1301 1249 1614 1305 ostensum
1629 1252 1837 1327 estpo-

267 1330 559 1387 testatem
574 1327 818 1389 civilem
838 1348 968 1393 esse
990 1349 1133 1394 vere
1151 1332 1585 1415 legislativam,
1603 1357 1674 1400 ae
1693 1339 1835 1401 sub-

267 1417 419 1479 inde
464 1418 667 1498 legem
718 1420 964 1484 civilem
1008 1442 1138 1487 esse
1175 1444 1389 1488 veram
1420 1429 1659 1509 legem3
1696 1432 1835 1494 ideo

267 1527 402 1573 non
429 1509 786 1575 dubitamus
815 1514 884 1576 in
924 1533 1153 1595 genere
1178 1518 1256 1580 de
1295 1519 1694 1601 obligatione,
1726 1525 1832 1586 sed

263 1602 447 1665 illam
467 1607 873 1686 supponimus
902 1630 918 1668 ε
945 1609 1324 1691 inquirimus
1346 1621 1555 1677 autem
1572 1618 1829 1679 modum

263 1714 381 1757 seu
411 1698 678 1777 speciem
697 1701 854 1779 ejus,
871 1707 937 1763 et
956 1703 1024 1763 in
1041 1704 1158 1765 hoc
1183 1724 1366 1769 sensu
1391 1710 1726 1788 quaerimus
1745 1730 1828 1773 an

265 1787 548 1851 humana
572 1790 696 1868 lex,
726 1796 1066 1873 proesertim
1108 1797 1326 1877 civilis,
1361 1803 1550 1881 possit
1595 1804 1664 1865 in
1691 1822 1834 1883 con-

265 1882 528 1944 scientia
563 1883 860 1965 obligare.
1765 1913 1772 1919 ·

349 1977 413 2037 2.
461 1978 624 2052 Quid
662 1980 750 2041 sit
781 1983 983 2056 sorus.
1009 2013 1090 2027 —
1109 1983 1345 2047 Forum
1372 1986 1590 2067 duplam
1611 2014 1634 2049 .·
1663 1991 1834 2054 ecole-

261 2067 588 2133 siastioum
616 2076 670 2135 et
712 2069 906 2136 civile.
930 2106 1014 2120 —
1039 2076 1217 2137 Ratio
1255 2084 1467 2140 autem
1506 2079 1832 2143 dubitandi

263 2179 400 2223 esse
421 2169 646 2243 potest,
669 2163 817 2245 quia
849 2166 1056 2228 forum
1078 2170 1468 2233 conscientioe
1499 2180 1591 2235 est
1621 2174 1832 2238 forum

262 2256 402 2331 Dei;
428 2256 534 2318 sed
557 2256 748 2318 homo
770 2275 898 2319 non
924 2265 1124 2339 potest
1145 2261 1421 2341 obligare
1441 2266 1510 2326 in
1528 2266 1664 2329 foro
1689 2269 1829 2329 Dei:

263 2368 422 2428 ergo
449 2369 564 2413 nec
581 2352 650 2413 in
676 2351 813 2413 foro
835 2353 1242 2416 conscientias.
1273 2357 1468 2437 Major
1484 2360 1835 2424 declaratur

260 2442 636 2522 explicando
676 2445 1101 2525 metaphoram
1125 2448 1294 2508 vocis
1316 2452 1498 2525 forus
1523 2478 1547 2514 .·
1574 2471 1724 2515 nam
1755 2474 1832 2517 ex

261 2535 569 2613 primaeva
588 2537 980 2616 impositione
1025 2538 1334 2619 significat
1363 2542 1571 2606 10611111
1611 2547 1682 2608 in
1706 2567 1832 2628 quo

254 2628 574 2708 judicium
613 2638 956 2709 exercetur,
991 2650 1124 2713 cap.
1153 2635 1384 2713 Foras,
1424 2637 1502 2699 de
1527 2639 1712 2702 Verb.
1751 2643 1834 2703 si-

263 2720 574 2801 gnificat.;
603 2723 750 2785 inde
776 2742 926 2787 vero
946 2724 1245 2789 translata
1267 2734 1358 2789 est
1375 2730 1454 2791 ad
1479 2732 1833 2810 significan-

263 2814 425 2876 dum
450 2815 657 2895 ipsum
683 2816 1013 2897 judicium,
1055 2823 1119 2881 et
1150 2820 1241 2881 ita
1279 2820 1684 2903 distinguitur
1718 2826 1832 2888 du·

261 2907 416 2987 plex
449 2908 642 2985 forus,
671 2908 955 2972 internus
993 2916 1057 2973 et
1097 2917 1422 2991 externus3
1468 2915 1546 2977 de
1577 2923 1832 2981 externo

261 3001 344 3063 fit
377 3005 614 3065 mentio
654 3004 724 3065 in
767 3022 902 3085 cap.
958 3003 1111 3069 Cum
1147 3007 1514 3088 Episcopus,
1544 3010 1622 3073 de
1656 3012 1828 3075 Offic.

261 3094 482 3157 ordin.
487 3139 510 3173 ,
528 3095 598 3157 in
619 3098 678 3173 6,
703 3102 765 3160 61
779 3097 1066 3160 innuitur
1085 3116 1216 3162 esse
1237 3100 1496 3180 duplex:
1520 3103 1834 3168 ecclesias-

259 3188 472 3250 ticum
499 3194 562 3250 et
578 3189 776 3252 civile.
807 3192 1132 3253 Internum
1157 3199 1366 3258 autem
1397 3199 1492 3259 est
1529 3198 1698 3280 quod
1736 3199 1834 3262 in·

259 3286 371 3342 tus
393 3281 462 3342 in
489 3288 696 3344 mente
722 3283 994 3345 hominis
1029 3285 1142 3347 ubi
1188 3289 1560 3353 conscientia
1604 3293 1833 3358 residet

262 3379 610 3451 exercetur,
653 3380 716 3436 et
740 3374 882 3438 ideo
905 3377 1115 3449 forum
1153 3382 1538 3445 conscientia
1565 3385 1834 3466 appella·

261 3472 396 3543 tur,
428 3471 490 3529 et
541 3467 622 3528 ab
653 3467 1000 3547 Augustino
1044 3470 1268 3534 (11611111-
1292 3477 1502 3552 forum
1521 3479 1674 3556 poli,
1721 3497 1832 3540 seu

237 3555 404 3635 Dei,
433 3578 570 3640 cap.
603 3559 720 3622 ult.
769 3564 870 3638 17,
895 3569 1110 3642 quaest.
1141 3567 1212 3644 43
1253 3584 1400 3646 ergo
1429 3568 1598 3631 idem
1623 3577 1714 3632 est
1737 3571 1832 3633 fo-

260 3670 412 3714 rum
458 3652 848 3715 conscientias
895 3655 1062 3735 quod
1103 3657 1311 3720 forum
1367 3661 1506 3723 coeli
1551 3680 1658 3725 seu
1695 3664 1826 3726 Dei.

263 3746 476 3810 Minor
513 3753 726 3808 autem
761 3747 1058 3827 probatur
1101 3753 1326 3830 primo,
1373 3755 1520 3834 quia
1573 3757 1832 3821 inferior

260 3857 400 3900 non
421 3845 620 3920 potest
645 3840 919 3920 obligare
940 3841 1009 3903 in
1043 3843 1180 3905 foro
1205 3847 1560 3927 superioris.
1601 3851 1830 3913 Secun-

259 3931 373 4008 do,
400 3931 521 3995 hoe
562 3934 833 3996 maxime
877 3934 1173 4014 probatur
1196 3939 1276 4000 de
1317 3938 1573 4004 homine
1613 3950 1686 4005 ut
1719 3945 1832 4006 ha·-

257 4024 456 4087 bente
483 4025 678 4088 solam
708 4033 1076 4107 potestatem
1099 4033 1526 4112 temporalem,
1554 4037 1702 4116 quia
1743 4037 1824 4099 ab

256 4117 376 4180 illa
399 4137 530 4180 non
547 4125 748 4199 potest
771 4122 1102 4200 procedere
1120 4124 1437 4205 spirituale
1462 4127 1818 4209 vinculum3

255 4211 374 4274 sed
404 4211 702 4292 obligatio
727 4213 796 4276 in
815 4216 1190 4279 conscientia
1213 4225 1304 4281 est
1328 4221 1645 4300 spirituale
1686 4225 1822 4286 vin-

257 4303 478 4366 culum
507 4323 526 4368 1
551 4305 656 4368 lex
692 4312 904 4369 autem
932 4309 1128 4372 civilis
1149 4317 1242 4373 est
1262 4331 1299 4374 a
1329 4319 1630 4394 potestate
1654 4323 1820 4380 tem-

255 4397 485 4477 porali,
515 4402 587 4461 ut
613 4399 754 4462 talis
775 4406 907 4462 est:
937 4420 1108 4482 ergo.
1141 4405 1375 4482 Terti0,
1407 4405 1577 4487 leges
1611 4411 1820 4473 civiles

255 4490 470 4554 30111111
494 4493 864 4556 ordinantur
888 4495 969 4556 ad
991 4501 1313 4560 externam
1333 4501 1615 4580 politiam
1637 4520 1654 4580 ς
1677 4523 1827 4586 ergo

255 4584 412 4645 satis
437 4591 530 4647 est
551 4586 718 4666 quod
737 4587 808 4648 in
832 4586 968 4649 foro
994 4591 1284 4652 exteriori
1311 4592 1610 4673 obligent.
1633 4598 1827 4672 Quar-

253 4681 352 4751 to,
373 4677 522 4756 quia
546 4695 731 4740 nemo
753 4686 954 4760 potest
969 4680 1244 4762 obligare
1266 4685 1335 4746 10
1353 4704 1428 4748 60
1452 4687 1588 4750 foro
1604 4691 1674 4752 in
1696 4711 1822 4772 quo

253 4785 394 4830 non
418 4775 620 4849 potest
643 4790 1030 4854 cognoscere,
1061 4777 1212 4856 quia
1253 4797 1381 4841 non
1425 4789 1624 4862 potest
1667 4786 1822 4848 obli-

253 4878 412 4940 gare
464 4863 574 4924 ubi
622 4882 750 4926 non
789 4872 995 4946 potest
1031 4869 1338 4950 judicare,
1377 4884 1748 4954 argumento
1771 4879 1816 4944 1.

251 4954 406 5031 ult„
455 4955 524 5017 ff.
565 4956 646 5018 de
691 4959 1002 5023 Jurisdict.
1035 4979 1206 5026 omn.
1233 4965 1433 5046 judic.
1471 4968 1590 5029 Sed
1633 4971 1822 5034 homo

251 5065 390 5109 non
406 5051 890 5130 potestjudicme
907 5053 984 5115 de
1003 5057 1375 5120 conscientia
1385 5059 1658 5141 alterius,
1675 5065 1826 5146 quia

250 5157 386 5201 non
414 5147 617 5221 potest
636 5142 812 5205 illam
829 5161 1232 5226 cognoscere3
1263 5167 1432 5230 ergo.

339 5233 400 5295 3.
447 5234 702 5313 Quinto,
757 5239 906 5318 quia
951 5257 1139 5304 nemo
1173 5249 1374 5324 potest
1419 5244 1694 5326 obligare
1739 5251 1823 5314 ad

251 5344 510 5406 poenam
535 5347 727 5409 quam
747 5331 1031 5412 infligere
1058 5352 1187 5397 non
1212 5341 1435 5416 potest,
1454 5349 1824 5419 argumento

251 5419 300 5478 1.
333 5420 451 5481 ult.
457 5467 479 5498 ,
500 5421 566 5482 fl.
589 5423 668 5486 de
686 5424 901 5487 Officio
921 5427 1058 5508 ejus
1078 5431 1179 5490 cui
1201 5431 1493 5494 mandata
1521 5440 1616 5494 est
1631 5435 1824 5514 juris-

253 5511 492 5596 dictio,
517 5515 675 5578 sicut
699 5517 900 5598 judex
928 5521 1217 5585 secularis
1237 5542 1368 5586 non
1385 5530 1588 5608 potest
1610 5531 1827 5610 1111661·-

653 5637 723 5688 V·

1916 1072 2116 1145 potest
2154 1068 2347 1149 ligare
2374 1072 2443 1134 in
2489 1091 2561 1134 60
2587 1074 2722 1138 foro
2740 1078 2807 1138 in
2839 1099 2963 1160 quo
2981 1102 3108 1148 non
3134 1095 3337 1167 potest
3358 1094 3477 1156 sol-

1912 1176 2081 1235 vere,
2120 1163 2267 1240 quia
2292 1163 2400 1224 illa
2427 1164 2549 1227 duo
2568 1175 2713 1229 sunt
2740 1190 3017 1238 connexa
3045 1184 3107 1239 et
3129 1184 3307 1261 quasi
3344 1204 3477 1247 601·-

1911 1251 2192 1331 relative,
2232 1262 2303 1317 ut
2328 1257 2595 1321 sumitur
2643 1280 2720 1323 ex
2769 1283 2905 1345 cap.
2940 1269 3110 1344 Quod
3143 1282 3363 1355 autem,
3398 1278 3477 1343 (16

1915 1345 2137 1411 Poenit.
2169 1354 2233 1411 et
2248 1352 2511 1430 remiss.;
2534 1355 2643 1416 sed
2669 1356 2983 1437 legislator
3008 1364 3321 1433 humanus
3347 1390 3476 1435 non

1914 1444 2116 1517 potest
2145 1441 2380 1505 solvere
2408 1445 2477 1506 in
2511 1445 2646 1509 foro
2674 1455 3085 1536 conscientiae,
3116 1480 3233 1525 066
3258 1465 3475 1528 remit-

1915 1535 2048 1593 tere
2074 1533 2321 1614 culpam
2358 1556 2495 1617 quae
2529 1542 2610 1602 sit
2654 1562 2799 1606 vera
2849 1548 3031 1632 culpa
3063 1572 3272 1617 coram
3303 1560 3468 1623 Deo:

1912 1724 2091 1779 reatu
2116 1738 2277 1783 verse
2304 1723 2499 1805 culpae
2526 1746 2733 1792 coram
2764 1734 2888 1795 Deo
2920 1752 2937 1797 ε
2982 1756 3131 1820 ergo
3175 1761 3375 1823 neque
3404 1747 3474 1807 in

1913 1814 2308 1879 conscientia.
2366 1820 2664 1900 Septimo,
2718 1826 3101 1908 Augustinus
3144 1837 3223 1895 22
3260 1846 3474 1901 contra

1911 1905 2147 1985 Faust.,
2178 1928 2311 1991 cap.
2339 1914 2441 1991 27,
2470 1915 2686 1979 definit
2714 1928 3038 1999 peccatum
3069 1945 3198 1991 esse
3238 1930 3475 1997 factum

1909 2004 2127 2063 contra
2163 2001 2365 2081 legem
2394 2007 2502 2069 Dei
2533 2030 2549 2069 ε
2597 2028 2745 2091 ergo
2770 2013 3002 2080 factum
3029 2026 3245 2086 eontra
3269 2024 3475 2105 1636111

1915 2091 2206 2171 hominis,
2237 2103 2307 2159 ut
2343 2100 2449 2177 sic,
2479 2119 2607 2165 non
2644 2111 2737 2166 631
2773 2118 3137 2189 peccatum:
3181 2135 3330 2197 ergo
3373 2118 3476 2181 lex

1909 2183 2207 2264 1101111013,
2248 2196 2321 2251 111
2348 2192 2456 2269 316,
2486 2213 2615 2257 non
2664 2198 2896 2281 obligat
2938 2205 3006 2266 in
3056 2210 3471 2275 conscientia:

1911 2295 2062 2339 nam
2084 2280 2136 2340 si
2167 2281 2255 2343 ita
2277 2283 2600 2366 obligaret,
2625 2297 3029 2373 transgressio
3060 2301 3218 2380 ejus,
3261 2311 3476 2384 quate-

1911 2388 2031 2433 nus
2057 2372 2198 2435 talis
2225 2381 2337 2450 est,
2370 2380 2673 2446 sufficeret
2709 2387 2788 2448 ad
2829 2392 3323 2459 constituendam
3372 2419 3476 2462 ve-

1909 2481 2048 2525 ram
2070 2468 2378 2531 rationem
2398 2477 2653 2553 peccati.
2694 2478 2940 2556 octavu,
2992 2504 3235 2551 servare
3266 2492 3477 2555 divina

1911 2559 2208 2622 mandata
2234 2564 2456 2627 suffieit
2505 2569 2581 2629 ad
2610 2570 2803 2634 vitam
2848 2582 3147 2643 oeternam
3191 2584 3476 2649 obtinen-

1910 2651 2081 2729 dam,
2108 2656 2325 2721 Matth.
2350 2662 2429 2721 19
2443 2678 2458 2722 :
2472 2678 2621 2743 ergo
2639 2667 2749 2745 qui
2762 2668 2870 2731 illa
2883 2676 3241 2755 servaverit,
3258 2698 3475 2760 quam-

1908 2742 2005 2805 vis
2052 2764 2181 2808 non
2224 2758 2425 2813 servet
2479 2753 2649 2836 leges
2691 2758 2999 2827 humanas
3020 2810 3043 2844 ,
3091 2768 3471 2852 salvabitur-3

1911 2853 2059 2916 ergo
2102 2839 2352 2918 signum
2385 2850 2478 2906 est
2529 2848 2667 2911 illas
2709 2850 2876 2935 leges
2907 2876 3051 2922 non·
3082 2861 3359 2944 obligare
3406 2869 3475 2931 in

1909 2930 2307 2995 conscientia.

1990 3024 2053 3082 4.
2100 3022 2417 3091 Sententia
2440 3046 2667 3112 moyam
2687 3040 3091 3123 metui-etratus
3125 3048 3331 3117 civiles
3364 3072 3476 3135 per

1912 3114 2070 3196 loyes
2104 3135 2250 3185 suae
2285 3121 2352 3186 in
2379 3127 2737 3195 conscientia
2765 3135 3054 3216 obliquo-e.
3067 3173 3149 3189 —
3171 3145 3240 3206 In
3262 3147 3379 3210 hac
3405 3169 3475 3212 re

1909 3206 2031 3271 luit
2056 3216 2361 3278 sententia
2384 3236 2618 3299 negans
2636 3241 2813 3303 posse
2837 3233 3237 3310 magistratus
3265 3240 3473 3304 civiles

1911 3321 2023 3382 per
2043 3303 2212 3385 leges
2242 3327 2384 3371 suas
2409 3311 2478 3373 10
2501 3316 2873 3382 conscientia
2893 3323 3191 3406 obligare:
3223 3332 3314 3392 Ita
3337 3351 3476 3397 sen-

1911 3395 2080 3458 tiunt
2122 3418 2160 3461 a
2198 3399 2441 3464 fortiori
2486 3405 2783 3489 hoeretici,
2829 3415 2939 3494 qui
2974 3429 3209 3499 negant
3235 3443 3365 3488 esse
3407 3430 3475 3492 in

1908 3489 2288 3572 principibus
2315 3512 2529 3559 veram
2562 3507 2927 3580 potestatem
2964 3512 3045 3572 ad
3078 3513 3247 3596 leges
3272 3518 3477 3584 feren-

1911 3580 2059 3644 das:
2084 3585 2193 3646 sed
2225 3593 2440 3651 contra
2455 3590 2568 3654 hos
2594 3596 2743 3656 satis
2769 3598 3151 3682 disputatum
3174 3618 3286 3673 est.
3310 3613 3475 3678 Inter

1909 3675 2251 3740 catholicos
2278 3699 2427 3763 ergo
2455 3685 2699 3749 videtur
2724 3690 2813 3753 ita
2834 3697 3062 3760 sentire
3084 3701 3317 3768 Gerson
3343 3709 3411 3770 in
3436 3711 3473 3771 3

1910 3786 1972 3846 p.
2013 3773 2191 3834 tract.
2246 3773 2325 3836 de
2350 3775 2475 3839 vit.
2503 3780 2730 3859 spirit„
2777 3783 2921 3851 lect.
2968 3793 3033 3868 4,
3082 3795 3333 3877 alphab.
3367 3804 3471 3882 62,

1911 3859 2022 3921 ubi
2073 3862 2223 3926 dicit
2272 3866 2473 3928 solum
2505 3871 2703 3935 Deum
2748 3895 2922 3957 posse
2972 3884 3121 3950 dare
3169 3903 3475 3977 praecepta

1908 3953 2277 4019 affirmativa
2317 3960 2418 4022 vel
2454 3968 2745 4043 negativa
2773 3972 3115 4054 obligantia
3148 3985 3263 4045 sub
3288 4007 3475 4068 poena

1908 4047 2126 4108 mortis
2152 4055 2418 4114 oeternae.
2466 4055 2641 4118 Unde
2681 4060 2870 4124 infert
2896 4070 3179 4135 corollar.
3214 4079 3251 4138 5
3291 4086 3353 4141 et
3380 4100 3473 4144 se-

1909 4139 2216 4217 quentib„
2237 4144 2480 4223 quoties
2500 4151 2740 4228 peccari
2765 4155 3011 4222 videtur
3032 4171 3245 4230 contra
3269 4170 3472 4251 legem

1908 4229 2274 4312 humanam,
2308 4255 2439 4300 non
2484 4241 2718 4304 incurri
2753 4248 2999 4329 culpam
3026 4275 3103 4317 ex
3135 4263 3471 4343 transgres-

1908 4323 2083 4386 sione
2110 4324 2263 4406 legis
2293 4328 2609 4410 humanae,
2640 4337 2743 4398 sed
2772 4340 3021 4423 divinoe,
3045 4366 3184 4428 quoe
3209 4355 3299 4417 ibi
3326 4377 3471 4423 con-

1906 4415 2236 4496 jungitur:
2268 4424 2436 4486 unde
2469 4445 2597 4488 non
2624 4431 2872 4495 videtur
2914 4438 3148 4520 aliquid
3201 4449 3472 4518 tribuere

1907 4507 2035 4589 legi
2072 4511 2386 4594 humanoe,
2418 4519 2539 4580 nisi
2578 4524 3048 4604 explicationem
3075 4537 3209 4618 ejus
3237 4542 3481 4623 obliga-·

1907 4604 2093 4666 tionis
2119 4625 2259 4687 quae
2286 4613 2638 4676 continetur
2663 4618 2732 4679 in
2762 4620 2899 4703 1636
2934 4626 3169 4709 divina,
3199 4640 3272 4696 ut
3299 4644 3472 4718 patet

1907 4714 1984 4758 ex
2014 4701 2297 4782 exemplo
2322 4706 2570 4784 medici,
2597 4729 2723 4790 quo
2739 4717 2958 4779 utitur.
2989 4723 3313 4791 Nam-cum
3340 4749 3471 4796 me·

1906 4791 2082 4853 dicus
2107 4793 2373 4876 imperat
2396 4799 2624 4864 alicui:
2652 4806 2743 4868 Ne
2769 4807 2946 4874 bibas
2965 4815 3183 4881 vinum
3210 4840 3465 4905 purum,

1907 4885 2061 4948 alias
2102 4889 2408 4970 1110116113,
2438 4896 2646 4958 statim
2674 4901 2873 4964 oritur
2899 4907 3193 4990 obligatio
3220 4935 3349 4980 non
3375 4920 3469 4981 bi-

1905 4976 2275 5089 116οἀ1,οοοο
2300 4987 2448 5066 quia
2490 4988 2665 5052 illam
2705 4995 2978 5061 medicus
3024 5004 3327 5089 imponat,
3360 5015 3469 5077 sed
