3976 6219
587 358 709 419 432

672 463 771 523 14.
814 459 1042 535 Tertio,
1087 458 1234 538 quia
1272 460 1440 537 leges
1489 459 1878 540 imponentes
1929 477 2147 540 poenas

585 554 946 639 privativas,
969 570 1076 614 seu
1093 551 1388 632 passivas,
1407 558 1851 633 consequenter
1869 552 2149 631 obligant

585 650 666 712 ad
705 645 932 709 multas
974 645 1244 707 actiones
1284 645 1524 707 homini
1563 646 2015 707 involuntarias
2027 690 2049 721 ,
2096 644 2149 705 si

585 739 948 804 necessariae
967 740 1093 800 sint
1113 738 1194 799 ad
1215 739 1582 801 servandam
1609 736 2150 818 privationem,vel

588 853 666 897 ex
703 834 811 894 illa
854 838 1331 911 consequantur.
1369 832 1449 893 Ut
1493 831 2059 893 excommunicatus
2099 830 2153 891 si

589 928 671 990 sit
695 926 764 988 in
795 925 1090 1001 Ecclesia,
1122 930 1183 986 et
1217 925 1401 987 Missa
1425 924 1526 986 vel
1564 924 1848 987 divinum
1878 924 2151 985 officium

586 1020 930 1093 inchoetur,
963 1022 1208 1080 tenetur
1248 1017 1483 1096 egredi,
1527 1016 1628 1078 vel
1665 1018 1719 1078 si
1753 1017 1812 1079 ei
1836 1017 2019 1079 detur
2044 1015 2149 1077 be-

587 1112 908 1187 neficium,
928 1115 1175 1171 tenetur
1196 1128 1326 1171 non
1342 1115 1680 1190 acceptare,
1703 1109 1867 1189 quod
1887 1108 2037 1171 licet
2057 1108 2149 1169 vi-

589 1206 808 1267 deatur
840 1203 1226 1283 negativum,
1260 1220 1389 1264 non
1415 1200 1489 1263 fit
1513 1202 1646 1264 sine
1668 1201 1931 1281 positiva
1956 1200 2149 1263 actio-

588 1316 692 1372 ne,
722 1303 786 1359 et
832 1295 1021 1376 (quod
1050 1294 1361 1355 difficilius
1398 1296 1542 1373 est),
1583 1294 1833 1374 quando
1861 1294 2000 1374 quis
2038 1310 2151 1372 per

587 1389 792 1471 legem
839 1390 1116 1470 privatur
1163 1386 1463 1449 beneficio
1479 1433 1501 1464 ,
1543 1387 1852 1467 obligatur
1895 1388 1963 1449 in
2004 1404 2149 1448 con-

589 1482 848 1544 scientia
900 1481 1248 1559 relinquere
1298 1480 1454 1541 illud
1503 1481 1843 1553 secundum
1897 1480 2145 1541 multos,

590 1576 985 1657 Respondent
1012 1573 1206 1654 aliqui
1243 1592 1355 1653 per
1387 1574 1591 1653 legem
1621 1574 1856 1635 auferri
1894 1573 2151 1635 titulum

588 1668 892 1744 beneficii,
917 1669 1064 1749 quia
1088 1668 1222 1729 hoec
1252 1673 1345 1729 est
1369 1686 1554 1748 poena
1579 1686 1719 1748 (11161
1739 1686 1868 1729 non
1893 1667 2153 1747 requirit

586 1761 860 1823 hominis
881 1760 1330 1837 executionem,
1358 1761 1506 1822 inde
1537 1766 1746 1823 autem
1781 1760 1957 1841 sequi
1994 1759 2151 1821 obli·

589 1854 906 1931 gationem
932 1852 1334 1914 renuntiandi
1359 1853 1751 1930 beneficium,
1771 1854 1918 1933 quia
1943 1852 2149 1915 ablato

588 1948 769 2009 titulo
807 1947 1090 2028 perditur
1122 1947 1471 2009 dominium
1507 1947 1814 2024 beneficii,
1842 1948 1993 2027 quia
2018 1966 2151 2011 om-

589 2041 743 2102 nino
777 2041 1006 2121 pendet
1049 2060 1087 2102 a
1122 2040 1326 2117 titulo,
1370 2047 1738 2120 argumento
1772 2042 1972 2121 regul.
2006 2046 2038 2103 1
2072 2043 2148 2103 de

589 2134 810 2212 Regul.
831 2134 960 2213 jur.
992 2134 1061 2194 in
1085 2136 1147 2210 6,
1177 2139 1242 2194 et
1268 2152 1322 2195 c.
1349 2134 1856 2214 unic.Deeo,qui
1880 2135 2151 2196 mittitur

589 2226 657 2286 in
678 2243 810 2306 pos,
835 2231 898 2287 et
924 2244 1058 2305 cap.
1088 2226 1392 2303 Relatum,
1415 2226 1493 2288 de
1514 2227 1648 2287 Jur.
1673 2232 1982 2307 patronat.
2009 2229 2153 2289 Haec

594 2323 806 2379 autem
835 2317 1132 2397 obligatio
1157 2319 1289 2399 jam
1315 2337 1444 2379 non
1485 2325 1578 2381 est
1622 2338 1807 2399 poena
1836 2320 1994 2399 legis
2037 2319 2152 2381 hu-

591 2429 816 2488 manat,
848 2411 955 2473 sed
985 2412 1281 2491 obligatio
1319 2412 1475 2492 legis
1510 2412 1759 2489 divinae,
1791 2414 1937 2492 quia
1967 2432 2153 2476 nemo

591 2509 792 2583 potest
835 2504 1103 2565 retinere
1148 2504 1316 2584 quod
1365 2523 1547 2566 suum
1573 2524 1703 2566 non
1729 2510 1841 2567 est.
1883 2506 2003 2567 Sed
2035 2506 2154 2568 1106

591 2614 719 2657 non
769 2607 1045 2673 enervat,
1088 2598 1194 2659 sed
1235 2597 1558 2659 confirmat
1601 2599 1806 2678 potius
1843 2599 2154 2660 rationem

590 2687 856 2749 factam:
889 2707 1036 2751 nam
1064 2692 1116 2750 si
1152 2688 1255 2750 161
1277 2696 1476 2769 potest
1511 2709 1551 2751 6
1575 2690 1774 2769 seipsa
1799 2691 2043 2752 auferre
2074 2691 2153 2750 ti·

592 2780 798 2841 tulum
829 2781 1141 2859 beneficii,
1179 2783 1425 2843 etiamsi
1464 2784 1611 2844 inde
1643 2789 1932 2862 sequatur
1966 2802 2155 2846 nocu-

590 2879 874 2936 mentum
894 2874 1050 2935 illud
1070 2875 1470 2937 renuntiandi
1486 2876 1880 2953 beneficium,
1897 2896 2011 2939 cur
2026 2896 2155 2939 non

592 2968 820 3046 poterit
860 2968 1090 3030 directe
1131 2967 1407 3047 obligare
1451 2968 1532 3030 ad
1565 2968 1685 3030 hoc
1723 2970 1926 3049 ipsum
1965 2988 2156 3032 60611-

593 3064 916 3125 mentum?
940 3064 1116 3138 Item,
1146 3064 1297 3144 quia
1322 3063 1542 3126 eodem
1573 3064 1756 3126 modo
1784 3063 1988 3128 dicere
2016 3064 2155 3146 quis

591 3161 795 3235 posset
819 3155 1024 3235 legem
1048 3157 1295 3237 privare
1322 3156 1497 3218 omni
1530 3156 1807 3219 dominio
1837 3162 1902 3220 et
1919 3158 2058 3238 jure
2086 3157 2154 3218 in

586 3249 941 3328 pecuniam,
967 3255 1030 3312 et
1053 3250 1209 3313 illud
1230 3251 1299 3312 in
1326 3250 1520 3313 alium
1529 3250 1893 3328 transferre,
1919 3257 1982 3314 et
2008 3252 2153 3313 inde

587 3344 764 3422 sequi
809 3343 1253 3424 obligationem
1293 3364 1421 3407 non
1467 3346 1778 3408 retinendi
1820 3363 1956 3408 rem
2006 3346 2153 3407 alie-

586 3453 761 3511 nam,
787 3435 894 3496 3611
921 3437 1207 3498 tradendi
1233 3437 1408 3498 illam
1428 3455 1578 3499 vero
1600 3438 1877 3515 domino,
1903 3438 2063 3499 sicut
2086 3438 2154 3498 in

586 3527 1043 3607 praescriptione
1092 3529 1194 3592 lex
1252 3530 1457 3610 privat
1503 3530 1774 3609 priorem
1827 3529 2153 3592 dominum

587 3619 763 3679 omni
779 3619 951 3697 jure,
975 3620 1142 3700 quod
1172 3623 1241 3683 in
1272 3641 1365 3700 re,
1387 3621 1486 3684 vel
1513 3624 1592 3685 ad
1619 3641 1754 3684 rem
1780 3622 2069 3685 habebat.

669 3713 768 3772 15.
807 3712 1107 3775 Resolutio
1126 3714 1356 3794 prima.
1382 3746 1465 3760 -
1487 3715 1794 3777 Concludo
1826 3715 2042 3797 igitur,
2076 3733 2155 3778 ex

588 3801 880 3864 omnibus
901 3803 998 3866 bis
1023 3804 1156 3868 fere
1189 3807 1582 3888 opinionibus
1621 3808 1855 3889 aliquid
1895 3827 2153 3871 sumen—

589 3896 742 3958 dum
773 3915 902 3960 6336
927 3916 1003 3960 61
1021 3917 1145 3980 quo
1162 3918 1312 3963 vera
1327 3902 1609 3964 doctrina
1634 3908 1984 3983 consurgat.
2023 3902 2153 3963 Pri-

587 4007 766 4052 mum
815 3991 1025 4072 itaque
1071 4011 1274 4056 assero
1321 4013 1496 4075 posse
1549 3995 1754 4076 legem
1806 3996 2152 4058 humanam

587 4082 863 4164 obligare
902 4085 971 4146 in
998 4087 1371 4150 conscientia
1397 4088 1477 4149 ad
1515 4107 1766 4169 poenam
1793 4095 1924 4152 tam
1958 4089 2151 4170 passi-

587 4193 732 4237 vam
757 4195 948 4258 quam
979 4179 1272 4257 activam,
1302 4186 1447 4243 ante
1474 4199 1726 4244 omnem
1751 4183 2145 4258 sententiam,

589 4269 643 4330 si
661 4270 912 4333 aliunde
933 4278 1208 4334 servetur
1219 4274 1498 4355 6611111163.
1519 4276 1649 4337 Ηο6
1669 4275 1988 4356 probatur,
2002 4275 2150 4356 quia

587 4362 904 4441 legislator
948 4371 1152 4445 potest
1195 4385 1305 4429 suo
1353 4375 1658 4450 praecepto
1697 4369 1972 4450 obligare
2020 4387 2150 4431 non

587 4456 790 4518 solum
820 4459 901 4520 ad
928 4460 1352 4524 sustinendam
1385 4480 1658 4542 poenam,
1701 4463 1808 4526 sed
1848 4464 2040 4526 etiam
2068 4463 2151 4525 611

587 4551 900 4628 6361111616
922 4554 1172 4633 quando
1195 4555 1456 4634 poenalis
1476 4557 1638 4617 actio
1659 4561 1860 4635 potest
1885 4556 2050 4618 licite
2069 4554 2151 4618 ab

588 4641 721 4721 ipso
747 4662 856 4706 reo
887 4645 1180 4722 exerceri,
1220 4652 1283 4708 et
1312 4664 1439 4709 non
1467 4653 1558 4709 est
1595 4649 1783 4710 nimis
1817 4648 2061 4724 acerba,
2086 4652 2151 4709 et

587 4734 933 4800 inhumana
943 4756 964 4818 3
997 4757 1144 4818 ergo
1169 4745 1368 4819 potest
1393 4759 1504 4822 per
1522 4741 1726 4821 legem
1748 4741 1838 4802 ita
1853 4741 1972 4803 hoc
1993 4759 2151 4822 pras-

587 4828 813 4909 cipere,
847 4836 920 4891 ut
955 4832 1165 4892 statim
1201 4833 1432 4913 obliget
1472 4836 1704 4915 absque
1731 4834 1854 4896 6116
1878 4835 2150 4896 declara-

585 4921 778 4984 tione.
847 4925 1095 4986 Etenim
1141 4928 1422 5007 superior
1460 4933 1658 5008 potest
1696 4933 1947 5008 propter
1994 4927 2148 4988 alias

587 5015 858 5078 rationes
881 5017 1078 5096 justas
1103 5019 1193 5080 ita
1217 5019 1492 5099 obligare
1523 5021 1841 5082 subditum
1868 5021 1948 5082 ad
1979 5020 2149 5081 simi-

587 5106 712 5168 lem
757 5110 1062 5173 actionem
1074 5133 1094 5188 3
1143 5129 1254 5173 cur
1299 5131 1446 5193 ergo
1486 5132 1614 5175 non
1643 5114 1870 5195 poterit
1897 5119 2150 5194 propter

581 5197 817 5275 justam
845 5221 1092 5265 causam
1138 5222 1216 5265 61
1259 5204 1482 5269 delicto
1527 5210 1765 5268 0116161
1799 5205 1973 5267 Certe
2020 5223 2149 5267 non

587 5296 790 5370 potest
816 5296 1150 5374 probabilis
1169 5299 1330 5360 ratio
1347 5300 1546 5377 reddi,
1568 5305 1640 5361 ut
1663 5317 1738 5362 61
1760 5298 1939 5361 dictis
1959 5299 2149 5360 etiam

589 5388 808 5446 contra
837 5387 988 5449 alias
1015 5391 1348 5453 sententias
1369 5398 1627 5454 constat.

671 5478 768 5540 16.
815 5479 1118 5546 Resolutio
1159 5482 2147 5561 semmda.-2⁷ertia.-secundo,

1489 360 1606 413 Lm.
1640 360 1701 413 V.
1737 360 1818 437 DE
1849 357 2207 415 VAROETATE
2236 357 2447 412 mauu
2476 358 2885 413 nummum.

2226 458 2557 520 dicendum
2586 463 2679 521 est
2701 458 2871 519 hunc
2894 454 3152 517 modum
3180 454 3561 537 obligationis
3580 458 3731 525 habe-

2227 572 2297 614 re
2341 552 2547 613 locum
2596 551 2667 611 in
2710 550 2909 631 poenis
2948 550 3305 627 moderatis,
3346 571 3469 613 non
3510 572 3643 615 vero
3682 558 3733 617 in

2227 646 2719 726 quibuscumque
2744 644 3144 723 gravissimis,
3176 646 3509 724 praesertim
3528 652 3736 727 quando

2230 741 2561 819 requirunt
2603 737 2875 799 hominis
2919 737 3383 813 executionem3
3428 738 3539 800 1106
3584 743 3738 803 etiam

2229 832 2513 914 proxime
2546 829 2877 911 probatum
2898 830 3298 910 relinquitur.
3332 832 3550 908 Tertio,
3570 834 3739 897 dicen-

2230 925 2381 985 dum
2394 929 2488 985 est
2498 923 2665 985 hunc
2682 922 2937 983 modum
2950 922 3349 1003 obligationis
3360 923 3585 986 facilius
3596 946 3741 1005 posse

2228 1017 2469 1098 imponi
2496 1017 2565 1077 in
2600 1017 2799 1097 poenis
2832 1017 3174 1096 privativiS,
3209 1034 3399 1097 quam
3432 1017 3495 1077 in
3520 1018 3606 1080 bis
3628 1039 3741 1099 quae

2228 1110 2555 1189 requirunt
2568 1110 2875 1170 actionem
2890 1109 3169 1171 hominis
3182 1110 3295 1188 qui
3306 1110 3573 1188 punitur,
3594 1119 3648 1171 61
3668 1114 3742 1173 111-

2226 1211 2325 1265 ter
2336 1202 2669 1283 privativas
2682 1201 2923 1263 facilius
2940 1202 3011 1263 in
3025 1202 3330 1278 censuris,
3354 1207 3415 1263 et
3432 1202 3742 1283 irregulari-

2228 1296 2459 1357 tatibus
2476 1313 2663 1375 quam
2685 1295 2754 1355 in
2774 1294 2931 1356 aliis.
2958 1295 3134 1357 Hanc
3152 1295 3546 1357 assertionem
3564 1298 3741 1358 damus

2232 1388 2583 1451 auctoribus
2604 1386 2885 1450 secundas
2903 1394 2965 1449 et
2982 1388 3185 1450 tertiae
3206 1388 3538 1466 sententiae,
3562 1396 3619 1451 et
3634 1408 3742 1452 eam

2232 1481 2494 1543 suadent
2518 1482 2789 1543 rationes
2816 1498 3057 1557 eorum,
3088 1481 3369 1542 maxime
3393 1485 3590 1542 tamen
3609 1500 3740 1557 usus,

2230 1580 2303 1635 ut
2336 1574 2548 1635 statim
2575 1573 2943 1649 videbimus,
2973 1569 3037 1634 et
3065 1573 3240 1635 illius
3268 1572 3419 1635 61163
3452 1592 3743 1653 6063111611-

2232 1667 2349 1729 tias
2374 1666 2724 1728 afieremus.
2748 1667 2949 1746 Atque
2974 1667 3107 1728 haec
3146 1667 3451 1729 sententia
3481 1668 3561 1727 sic
3576 1667 3743 1728 mode-

2230 1764 2369 1821 rata
2396 1765 2487 1821 est
2512 1759 2645 1821 sine
2668 1758 2859 1821 dubio
2881 1760 3279 1821 communior
3293 1760 3456 1821 inter
3468 1759 3741 1823 modernos

2232 1858 2538 1930 auctores,
2591 1851 2664 1913 ut
2706 1852 2919 1915 videre
2962 1852 3110 1914 licet
3160 1852 3232 1911 in
3276 1851 3576 1928 Corduba,
3616 1852 3743 1913 dicta

2232 1952 2453 2025 quaest.
2498 1947 2600 2021 36,
2646 1944 2776 2007 fere
2823 1946 2893 2007 in
2931 1945 3267 2026 principio3
3316 1946 3554 2019 Navar„
3588 1945 3743 2005 citatis

2233 2037 2405 2115 locis,
2446 2044 2511 2100 et
2539 2039 2709 2100 idem
2748 2039 3001 2099 tandem
3032 2037 3252 2099 dicunt
3272 2055 3546 2117 expresse
3568 2038 3739 2097 Covar.

2229 2137 2293 2194 et
2315 2133 2584 2194 Simanc.
2594 2148 2616 2209 3
2637 2136 2699 2194 et
2716 2132 3001 2194 existimo
3028 2131 3325 2212 antiquos
3344 2131 3604 2193 doctores
3620 2129 3745 2191 nihil

2229 2225 2311 2289 ab
2338 2224 2457 2287 hac
2484 2225 2790 2288 sententia
2810 2225 3181 2306 discrepare.

2819 2414 3069 2478 CAPUT
3108 2414 3218 2475 vl.

2232 2616 2463 2671 QUANDO
2493 2618 2679 2664 mens
2714 2618 2991 2665 roenms
3016 2613 3396 2664 commun*
3423 2612 3743 2659 summm

2314 2711 2639 2757 mannum
2678 2713 2756 2757 ΕΤ
2790 2712 2907 2758 NON
2947 2710 3177 2769 nux,
3220 2710 3301 2755 ΕΤ
3333 2708 3467 2754 nmo
3498 2706 3601 2753 NON
3622 2706 3743 2751 onu-

2314 2806 2471 2852 enm·
2512 2806 2575 2851 m
2610 2804 2993 2853 consumma
3020 2804 3103 2851 AD
3134 2802 3365 2851 mm
3402 2800 3550 2848 mu
3572 2799 3743 2847 JUDIOES

2316 2898 2715 2946 smmum
3042 2910 3045 2915 ·

2316 3067 2346 3125 1
2362 3108 2379 3126 .
2422 3063 2815 3126 Ostendimus
2841 3082 2971 3125 non
2991 3063 3205 3126 deesse
3232 3065 3581 3145 potestatem
3601 3058 3743 3138 legis-

2232 3155 2417 3219 latori
2438 3157 2715 3219 humano
2732 3157 2812 3218 ad
2830 3157 3242 3236 obligandum
3270 3155 3535 3218 subditos
3558 3153 3625 3215 ad
3644 3167 3741 3230 1116-

2233 3269 2383 3312 nam
2404 3269 2531 3312 suae
2552 3250 2707 3330 16313
2728 3249 2958 3330 absque
2983 3251 3349 3312 interventu
3371 3249 3609 3327 alicujus
3630 3262 3743 3305 sen-

2233 3344 2445 3404 tentiae
2471 3361 2583 3422 per
2609 3343 2934 3405 hominem
2956 3341 3129 3422 latae3
3164 3349 3449 3424 superest
3466 3339 3743 3403 dicendum

2233 3436 2311 3499 de
2356 3435 2583 3498 actuali
2630 3435 3009 3516 obligatione
3023 3482 3045 3513 ,
3102 3437 3365 3516 quando
3412 3436 3739 3515 impanatum

2233 3529 2529 3609 quoniam
2546 3534 2787 3590 certum
2822 3536 2915 3591 est
2939 3547 3069 3591 non
3096 3547 3352 3611 semper
3374 3529 3465 3590 1111
3482 3524 3743 3605 1631316111-

2235 3640 2334 3683 res
2378 3622 2497 3682 hac
2536 3627 2859 3702 potestate,
2892 3639 3096 3702 neque
3122 3623 3326 3684 etiam
3350 3635 3639 3700 nunquam
3661 3613 3743 3674 illa

2233 3715 2330 3776 uti
2334 3737 2354 3790 3
2371 3713 2632 3794 ideoque
2649 3715 3058 3776 necessarium
3082 3721 3175 3777 est
3196 3732 3522 3798 6111011616,
3542 3704 3741 3791 quando

2232 3807 2401 3887 leges
2428 3806 2699 3887 poenales
2726 3825 2855 3868 uno
2885 3807 2985 3870 vel
3020 3807 3144 3870 alio
3170 3809 3365 3870 modo
3399 3806 3662 3884 obligent.
3687 3800 3739 3858 In

2231 3899 2352 3962 hoc
2388 3917 2536 3980 6130
2568 3899 2768 3980 capite
2798 3900 3085 3962 dicemus
3115 3900 3192 3963 de
3219 3899 3467 3980 legibus
3498 3913 3617 3976 quae
3638 3909 3736 3953 non

2232 3992 2445 4054 statim
2472 3991 2753 4071 obligant
2796 3992 2877 4054 ad
2916 4009 3203 4073 poenam3
3240 3994 3317 4056 in
3350 3988 3607 4072 sequenti
3622 4000 3735 4046 vero

2230 4087 2309 4149 de
2334 4086 2435 4150 bis
2452 4104 2591 4166 quae
2612 4085 2893 4166 obligant
2902 4102 2925 4165 3
2948 4104 3027 4148 ex
3046 4086 3303 4167 quibus,
3327 4086 3545 4167 priores
3562 4081 3735 4140 dicun-

2228 4186 2333 4242 tur
2363 4179 2679 4242 continere
2704 4179 3077 4242 sententiam
3104 4196 3313 4260 poenae
3338 4175 3625 4242 ferendam
3646 4186 3735 4250 per

2222 4272 2500 4352 judicem
2512 4287 2535 4351 3
2574 4272 2945 4353 posteriores
2978 4290 3131 4334 vero
3166 4272 3459 4334 dicuntur
3484 4283 3595 4330 esse
3622 4262 3731 4322 latae

2230 4366 2573 4442 sententias,
2606 4365 2757 4446 quia
2779 4384 2891 4446 per
2920 4382 2985 4427 36
3017 4364 3231 4428 ferunt
3254 4361 3604 4428 sententiam
3620 4371 3730 4414 con-

2229 4459 2685 4521 demnatoriam
2702 4459 2780 4520 de
2796 4458 2909 4519 tali
2930 4477 3137 4538 poena,
3162 4458 3297 4521 sive
3316 4455 3611 4537 requirant
3624 4463 3729 4508 sen-

2229 4552 2491 4613 tentiam
2526 4549 2999 4613 declaratoriam
3032 4550 3336 4630 criminis,
3378 4549 3501 4612 sive
3528 4559 3656 4616 non,
3678 4541 3730 4596 ut

2229 4649 2440 4725 postea
2472 4644 2935 4725 explicabimus.

2309 4739 2371 4798 2.
2434 4737 2591 4812 Quia
2632 4755 2780 4800 vero
2826 4741 2959 4800 tota
3020 4735 3153 4800 11166
3202 4734 3507 4799 (1131166110
3557 4731 3727 4808 legum

2228 4833 2501 4894 maxime
2525 4831 2795 4912 pendere
2816 4833 2973 4895 solet
2991 4850 3067 4896 ex
3094 4833 3367 4913 ipsarum
3390 4827 3594 4902 verbis,
3620 4822 3727 4882 ideo

2228 4925 2309 4986 ad
2363 4924 2480 4986 1106
2525 4925 2965 4987 declarandum
3019 4925 3275 4987 adverto
3297 4971 3319 5002 ,
3374 4919 3585 5004 duplici
3620 4929 3725 4976 ver-

2226 5017 2449 5078 borum
2483 5035 2710 5096 genere
2754 5018 2947 5081 solere
2974 5019 3068 5079 uti
3094 5018 3261 5097 leges
3300 5017 3379 5078 ad
3422 5028 3612 5095 poenas
3636 5008 3727 5067 im·

2228 5110 2567 5190 ponendas,
2595 5129 2792 5172 unum
2818 5129 3145 5191 possumus
3172 5109 3505 5190 simplicem
3526 5113 3723 5169 vocare,

2228 5203 2398 5264 aliud
2449 5205 2892 5284 compositum:
2938 5203 3281 5285 simplicem
3317 5219 3486 5277 voco,
3524 5189 3727 5277 quando

2228 5295 2332 5358 lex
2358 5295 2556 5357 solum
2584 5297 2783 5358 utitur
2811 5297 3001 5359 verbo
3040 5295 3449 5378 praecipiendi,
3478 5296 3535 5353 et
3566 5288 3720 5381 imm

2232 5388 2424 5451 nendi
2451 5407 2734 5469 poenam3
2780 5391 3191 5472 compositum
3222 5405 3364 5452 vero
3367 5433 3389 5464 ,
3412 5379 3640 5480 quando·
3654 5371 3725 5433 illl

2231 5481 2419 5546 verbo
2446 5482 2617 5546 addit
2642 5483 2743 5546 vel
2778 5483 3143 5546 adverbium
3168 5479 3435 5564 aliquod,
3461 5474 3551 5538 vel
3575 5469 3726 5532 allam
