3976 6219
854 392 988 444 cAP.
1024 392 1151 444 XlV.
1188 392 1267 444 DE
1299 390 1659 443 POTESTATE
1690 387 2073 441 NECESSARIA
2106 387 2188 439 UT
2221 388 2346 439 LEX
2378 388 2708 453 mmmm,
2747 391 2880 443 ETC.

341 502 402 559 7.
448 495 708 558 Ratione
755 499 956 574 potest
1005 495 1137 554 haec
1182 494 1488 555 sententia
1532 492 1779 554 suaderi
1796 538 1817 568 ,

258 592 486 672 primo,
533 588 682 669 quia
726 588 943 648 eadem
986 587 1146 648 ratio
1179 605 1306 648 esse
1345 587 1589 647 videtur
1616 587 1820 664 quoad

258 684 781 765 praescriptionem
803 682 877 741 de
897 682 1034 759 jure
1060 680 1309 759 petendi
1333 681 1637 741 tributum
1663 680 1820 740 anti-

259 794 458 858 quum
477 821 495 851 ,
545 781 606 836 et
661 774 738 835 de
790 779 1088 853 potestate
1138 774 1495 852 imponendi
1551 790 1815 846 novum,

261 873 570 950 quantum
596 871 829 946 spectat
863 867 942 927 ad
970 866 1439 945 possibilitatem
1465 863 1823 944 acquirendi

260 962 417 1023 illud
460 980 569 1041 per
599 959 1137 1021 consuetudinem:
1192 977 1340 1019 nam
1369 964 1704 1037 utrumque
1735 962 1826 1018 est

261 1055 584 1135 proprium
612 1052 943 1133 principis:
970 1069 1116 1130 ergo
1136 1051 1187 1112 si
1207 1070 1405 1112 unum
1432 1057 1827 1131 comparatur

263 1147 748 1229 praescriptione,
776 1164 885 1206 cur
909 1162 1036 1206 non
1065 1145 1281 1207 aliud?
1322 1146 1479 1206 Nam
1514 1144 1677 1224 quod
1711 1145 1828 1205 dis·

265 1242 472 1303 ferant
498 1239 833 1301 secundum
861 1238 1059 1318 magis
1094 1244 1156 1300 et
1196 1239 1426 1315 minus,
1467 1257 1689 1318 parum
1733 1256 1828 1299 re-

267 1334 411 1409 fert,
443 1351 582 1393 cum
606 1332 739 1393 haec
766 1331 1115 1405 differentia
1136 1331 1527 1393 accidentalis
1547 1333 1651 1407 sit,
1676 1338 1734 1392 et
1760 1332 1829 1391 in

270 1427 482 1488 multis
510 1425 647 1486 aliis
672 1425 1038 1505 reperiatur,
1073 1442 1212 1503 quae
1239 1431 1452 1486 contra
1482 1424 1829 1504 principem

272 1518 585 1600 praescribi
629 1524 887 1597 possunt
913 1533 929 1577 z
983 1523 1053 1577 ut
1101 1522 1246 1578 sunt
1284 1518 1646 1597 jurisdictiO,
1693 1536 1830 1597 quae

271 1631 383 1693 per
406 1612 909 1672 consuetudinem
932 1611 1294 1689 acquiritur,
1320 1611 1562 1671 etiamsi
1584 1612 1833 1690 propria

273 1706 439 1783 regis
463 1706 561 1780 sit,
608 1709 671 1765 et
696 1709 965 1784 potestas
999 1703 1388 1782 legitimandi
1419 1704 1680 1783 spurioS,
1709 1723 1835 1765 res-

276 1798 541 1858 tituendi
585 1797 818 1858 famam
863 1797 1221 1872 infamibuS,
1267 1797 1517 1858 creandi
1560 1797 1835 1858 tabellio-

275 1909 409 1966 ncS,
441 1896 502 1951 et
523 1889 773 1965 similia,
799 1908 934 1969 quae
963 1890 1100 1950 Inn.
1127 1906 1313 1969 supra
1338 1895 1535 1965 notat,
1567 1890 1837 1969 praescri-

276 1983 514 2043 buntur
550 1991 764 2044 contra
791 1983 1158 2062 principem,
1193 2000 1336 2043 cum
1363 2001 1489 2044 non
1511 1984 1839 2045 videantur

277 2076 526 2136 minora
563 2094 749 2155 quam
800 2081 1067 2155 potestas
1116 2077 1478 2156 imponendi
1508 2078 1835 2138 tributum.

278 2168 458 2229 Unde
503 2168 927 2244 confirmatur,
954 2169 1102 2247 quia
1142 2171 1514 2249 praescriptio
1546 2171 1843 2249 temporis

281 2261 751 2322 immemorialis
778 2262 1189 2340 aequiparatur
1209 2263 1533 2341 privilegio
1560 2281 1842 2324 concesso

279 2373 324 2414 a
350 2354 624 2434 principe
652 2372 728 2413 ex
755 2360 923 2413 certa
950 2355 1225 2430 scientia,
1256 2360 1406 2416 teste
1433 2356 1603 2417 Bald.
1633 2356 1747 2416 sub
1767 2355 1845 2416 ti·-

282 2448 450 2507 tulo:
474 2448 619 2519 Quae
636 2448 762 2506 sint
781 2445 1015 2524 regalia
1036 2448 1104 2506 in
1137 2448 1351 2509 usibus
1380 2448 1584 2521 feud.;
1608 2449 1714 2509 sed
1737 2467 1847 2528 per

281 2541 682 2620 privilegium
710 2540 1004 2619 principis
1031 2546 1230 2618 potest
1253 2541 1509 2602 inferior
1528 2542 1847 2620 imponere

279 2634 615 2708 tributum,
662 2639 734 2693 ut
780 2651 856 2693 ex
900 2622 1177 2711 allegatis
1220 2633 1464 2712 juribus
1511 2635 1845 2713 colligitur,

283 2747 429 2808 quae
445 2727 662 2788 dicunt
678 2727 995 2788 neminem
1012 2745 1184 2806 posse
1203 2728 1521 2807 imponere
1545 2728 1852 2789 tributum

283 2820 412 2881 nisi
442 2820 805 2899 principem,
831 2819 930 2879 vel
960 2820 1068 2897 qui
1090 2820 1169 2879 ab
1192 2837 1265 2879 eo
1286 2819 1576 2881 habuerit
1595 2820 1854 2881 faculta-

287 2921 459 2988 tem;
492 2932 641 2991 ergo
675 2913 890 2974 eadem
925 2919 1192 2992 potestas
1224 2916 1448 2993 poterit
1490 2933 1603 2994 per
1637 2915 1855 2977 imme-

289 3006 622 3068 morialem
675 3006 1201 3085 praescriptionem
1251 3008 1504 3087 acquiri.
1559 3007 1858 3068 Probatur

295 3098 739 3178 consequentia
759 3098 944 3159 simul
963 3117 1104 3159 cum
1123 3100 1366 3179 majori,
1380 3099 1527 3179 quia
1544 3118 1654 3179 per
1671 3099 1859 3161 talem

296 3193 806 3254 consuetudinem
833 3193 1226 3273 praesumitur
1247 3194 1420 3254 illam
1442 3193 1630 3255 fuisse
1658 3199 1860 3255 ortam

296 3304 379 3348 ex
404 3286 612 3365 aliquo
640 3286 827 3347 simili
850 3286 1206 3366 privilegio:
1240 3294 1301 3348 et
1323 3288 1412 3347 ita
1431 3287 1531 3348 vel
1552 3288 1687 3366 ipsa
1715 3305 1859 3346 con-

297 3379 563 3439 suetudo
590 3379 828 3440 confert
855 3385 1242 3457 potestatem,
1274 3379 1372 3440 vel
1399 3379 1616 3440 saltem
1642 3378 1861 3458 probat

297 3471 677 3532 sufficienter
698 3472 892 3548 illam,
914 3478 1218 3551 quatenus
1246 3478 1338 3532 est
1363 3473 1522 3533 ratio
1550 3471 1860 3547 sufficiens

297 3564 382 3623 ad
414 3566 907 3643 praesumendam
928 3566 1163 3644 justam
1185 3565 1490 3643 originem
1510 3565 1662 3643 ejus,
1688 3563 1861 3624 Unde

299 3656 516 3718 Glossa
567 3658 755 3717 etiam
795 3660 863 3717 in
910 3658 1072 3718 dicto
1117 3676 1171 3719 c.
1227 3658 1432 3736 Super
1481 3658 1857 3737 quibusdam,

298 3749 477 3810 verb.
522 3750 669 3815 Non
695 3756 877 3824 catat,
924 3750 1080 3811 dixit
1107 3751 1640 3824 consuetudinem,
1690 3748 1863 3826 cujus

300 3860 434 3904 non
462 3848 631 3903 extat
661 3844 980 3918 memoria,
1025 3845 1127 3924 jus
1169 3845 1298 3906 sive
1338 3842 1733 3924 privilegium
1770 3840 1865 3900 in·-

302 3937 553 3997 ducere.

390 4028 448 4089 8.
497 4028 813 4091 Sententia
850 4029 1153 4109 myctiva.
1182 4060 1265 4074 —
1284 4026 1667 4089 Contrariam
1705 4023 1868 4085 nihi-

301 4123 578 4183 lominus
605 4123 978 4183 sententiam
1019 4126 1190 4182 tenet
1227 4121 1446 4196 Castr„
1470 4121 1515 4180 l.
1545 4124 1574 4181 1
1610 4119 1686 4180 de
1711 4119 1871 4195 Lege

305 4215 566 4297 poenali,
598 4233 732 4293 cap.
766 4216 866 4290 10,
896 4214 1164 4293 dicitque
1195 4207 1516 4294 antiquam
1549 4218 1872 4273 consuetu-

309 4309 529 4370 dinem
563 4308 638 4367 de
676 4306 771 4385 cuj
782 4325 850 4366 us
876 4306 1057 4367 initio
1084 4324 1212 4367 non
1240 4312 1406 4368 extet
1440 4306 1742 4367 memoria
1766 4322 1873 4364 va·-

310 4402 443 4465 lere
465 4401 543 4462 ad
563 4400 938 4480 exigendum
959 4399 1192 4461 tributa
1213 4419 1349 4479 quae
1373 4399 1450 4460 ab
1472 4400 1578 4460 illo
1596 4406 1874 4477 tempore

312 4496 576 4574 antiquo
592 4498 737 4555 sunt
755 4493 1127 4569 introducta,
1150 4511 1277 4554 non
1298 4512 1446 4555 vero
1472 4493 1551 4553 ad
1580 4510 1741 4553 nova
1762 4492 1876 4551 im·

3337 387 3446 447 481

1901 498 2153 572 apparet
2171 493 2620 570 imperatorum,
2634 492 2725 554 vel
2736 510 2966 572 reglum,
2989 492 3079 554 vel
3096 495 3458 557 Lateranen-

1900 587 1993 647 εἰς
2038 583 2297 648 concilii
2346 583 2671 662 largitione
2719 603 2984 649 concessa
3002 632 3020 660 ‚
3070 588 3177 649 vec
3205 589 3459 668 antiqua

1902 678 2336 753 consuetudine,
2372 678 2545 756 cujus
2569 697 2685 738 non
2725 683 2877 740 castet
2917 680 3224 754 memoria,
3261 682 3459 742 intro-

1903 773 2103 834 ducta.
2153 770 2447 849 Loquitur
2496 789 2645 849 ergo
2674 770 2903 851 ‘aperte
2946 772 3226 834 Pontifex
3256 775 3325 835 in
3363 775 3461 837 his

1902 864 2140 925 ultimis
2164 864 2367 925 verbis
2394 863 2470 924 de
2494 864 2742 924 tributis
2776 864 3139 927 introductis
3166 886 3275 947 per
3301 871 3462 930 anti-

1905 974 2096 1038 quam
2139 956 2671 1033 consuetudinem,
2719 962 2782 1018 et
2810 958 2886 1019 de
2930 958 3053 1019 illis
3080 961 3241 1023 solis.
3287 964 3464 1026 Unde

1906 1070 2034 1113 non
2056 1052 2236 1113 video
2266 1069 2376 1111 cur
2393 1050 2620 1112 dixerit
2645 1051 2891 1113 Medina
2910 1051 3027 1113 hoc
3049 1054 3229 1116 innui
3260 1057 3326 1118 in
3356 1059 3464 1119 illo

1907 1150 2106 1220 textu,
2132 1149 2194 1206 et
2225 1162 2353 1205 non
2378 1145 2585 1223 potius
2606 1143 2726 1206 hoc
2754 1144 2955 1206 solum
2987 1142 3271 1227 expresse
3298 1151 3466 1212 affir-

1908 1239 2090 1313 mari,
2121 1243 2183 1299 et
2210 1237 2510 1316 quidquid
2547 1237 2715 1298 aliud
2759 1239 2904 1300 inde
2932 1241 3296 1316 affirmetur,
3336 1264 3466 1307 esse

1908 1351 2020 1412 per
2040 1331 2403 1406 illationem,
2431 1348 2557 1391 non
2588 1331 2734 1409 quia
2760 1332 2827 1391 in
2848 1337 3024 1394 textu
3052 1337 3464 1400 contineatur.

1908 1427 2031 1487 Nec
2059 1424 2248 1485 etiam
2287 1422 2467 1483 video
2501 1441 2611 1484 cur
2636 1423 2863 1486 dixerit
2887 1418 3053 1487 idem
3081 1435 3294 1491 auctor
3325 1451 3469 1493 cum

1912 1518 2199 1578 Panorm.
2231 1516 2550 1576 numerari
2575 1517 2642 1576 in
2665 1535 2737 1578 eo
2759 1522 2934 1579 textu
2954 1528 3222 1598 quatuor
3239 1524 3473 1585 haben-

1913 1615 2004 1671 tes
2036 1609 2465 1669 auctoritatem
2503 1609 2583 1670 ad
2611 1610 2987 1689 imponenda
3013 1614 3268 1693 tributa,
3313 1618 3473 1677 scili-

1916 1714 2036 1777 cet,
2068 1702 2528 1781 imperatorem,
2575 1721 2812 1780 regem,
2857 1705 3197 1767 Concilium
3242 1709 3474 1790 (utique

1916 1814 2057 1858 cum
2088 1794 2403 1872 Pontifice)
2438 1801 2499 1856 et
2525 1797 3028 1860 consuetudinem
3040 1815 3062 1878 3
3092 1818 3239 1861 nam
3267 1802 3355 1862 ibi
3386 1803 3478 1863 di-

1918 1890 2077 1949 citur
2099 1888 2601 1949 consuetudinem
2619 1906 2748 1950 non
2769 1890 2915 1952 dare
2942 1895 3374 1956 auctoritatem
3400 1896 3479 1957 ad

1919 1981 2366 2062 imponendum
2393 1982 2720 2058 tributum,
2742 1985 2849 2045 sed
2872 1985 3020 2047 dare
3050 1989 3481 2051 auctoritatem

1918 2076 2178 2148 tributo,
2200 2075 2364 2153 quod
2385 2074 2569 2136 hodie
2587 2076 2941 2155 impositum
2958 2080 3297 2157 invenitur,
3315 2084 3482 2162 quod

1922 2169 2056 2229 sine
2085 2167 2274 2228 dubio
2310 2168 2496 2245 longe
2533 2168 2847 2230 diversum
2874 2177 2988 2247 est,
3023 2178 3094 2233 ut
3136 2180 3299 2235 recte
3327 2176 3486 2237 dixit

1922 2263 2154 2323 Castro.
2187 2261 2433 2322 Medina
2456 2262 2644 2321 etiam
2680 2280 2807 2322 non
2834 2271 3020 2343 negat
3046 2266 3178 2327 haec
3204 2268 3328 2329 duo
3356 2287 3485 2330 esse

1926 2355 2205 2431 diversa3
2258 2354 2423 2414 male
2468 2360 2678 2414 autem
2717 2361 2976 2416 conatur
3010 2354 3283 2421 litteram
3322 2362 3487 2422 illius

1925 2456 2130 2539 textus
2153 2449 2226 2507 ad
2254 2455 2588 2526 utrumque
2607 2450 3091 2527 accommodare,
3117 2460 3179 2514 et
3201 2456 3398 2534 magis
3420 2455 3489 2516 in

1927 2560 2001 2603 eo
2042 2541 2303 2616 fallitur,
2336 2542 2502 2620 quod
2530 2546 2769 2602 textum
2795 2544 3217 2624 principaliter
3250 2566 3489 2609 accom-

1929 2635 2143 2696 modat
2166 2634 2246 2695 ad
2273 2652 2413 2695 eam
2445 2641 2686 2714 partem
2710 2655 2849 2716 quae
2873 2637 2942 2699 in
2962 2638 3170 2702 littera
3195 2642 3329 2720 ejus
3363 2661 3492 2705 non

1931 2728 2302 2789 continetur.
2317 2771 2331 2787 .

2013 2823 2072 2882 9.
2118 2820 2399 2881 Alterum
2443 2838 2614 2895 vero,
2666 2822 2830 2900 quod
2875 2841 2953 2884 ex
2979 2824 3093 2886 hac
3130 2843 3278 2888 vera
3305 2827 3493 2889 inter·

1933 2912 2278 2992 pretatione
2306 2913 2540 2990 colligit
2561 2913 2791 2989 Castro,
2820 2933 2948 2977 non
2971 2918 3216 2979 videtur
3237 2921 3396 2981 mihi
3419 2939 3494 2984 ex

1937 3004 2045 3064 illo
2071 3009 2246 3065 textu
2292 3004 2541 3083 probari
2573 3007 2855 3084 positive,
2900 3009 3006 3069 sed
3052 3010 3132 3070 ad
3183 3031 3499 3075 summum

1938 3097 2266 3176 negative3
2309 3098 2478 3178 quia,
2513 3097 2658 3159 licet
2701 3098 2789 3160 ihi
2824 3118 2952 3162 non
2979 3101 3319 3168 affirmetur
3351 3126 3500 3168 con·

1940 3190 2329 3251 suetudinem
2355 3190 2868 3253 immemorialem
2907 3212 3081 3274 posse
3112 3195 3260 3258 dare
3300 3207 3501 3277 potes-

1939 3290 2133 3344 tatem
2161 3281 2523 3361 imponendi
2545 3283 2799 3359 tributa,
2822 3304 2948 3347 non
2968 3293 3176 3349 tamen
3199 3299 3493 3369 negatur:

1940 3395 2088 3455 ergo
2109 3377 2253 3438 inde
2276 3394 2405 3436 non
2430 3382 2626 3455 potest
2656 3378 2867 3457 colligi
2892 3382 3317 3445 testimonium
3340 3390 3502 3466 posi·

1941 3471 2142 3531 tivum
2181 3475 2395 3530 contra
2436 3469 2705 3549 priorem
2734 3475 3137 3551 sententiam,
3162 3478 3267 3538 sed
3299 3479 3499 3540 solum

1941 3563 2327 3640 negativum,
2357 3561 2475 3622 hoc
2495 3562 2705 3622 modo:
2731 3581 2914 3626 nemo
2932 3566 3119 3628 habet
3138 3576 3502 3647 potestatem

1943 3655 2308 3734 imponendi
2334 3655 2591 3730 tributa,
2619 3655 2742 3715 nisi
2772 3657 2882 3734 qui
2923 3658 2991 3718 in
3026 3660 3135 3720 illo
3172 3667 3344 3723 textu
3386 3683 3502 3726 nu·

1941 3753 2285 3824 merantur3
2305 3747 2411 3808 sed
2433 3747 2522 3807 ibi
2549 3766 2677 3809 non
2700 3747 2883 3809 datur
2903 3750 3036 3812 haec
3064 3760 3330 3833 potaetas
3356 3776 3503 3819 con.

1944 3840 2297 3901 suetudini:
2345 3858 2515 3918 ergo.
2566 3842 2644 3900 Et
2687 3841 2888 3903 simile
2910 3845 3153 3906 videtur
3178 3866 3308 3911 esse
3335 3851 3503 3914 aliud

1946 3937 2384 4011 argumentum
2425 3932 2590 4011 quod
2636 3933 2845 3994 Castro
2892 3937 3082 3996 sumit
3122 3956 3198 3999 ex
3241 3941 3403 4004 dicto
3443 3931 3500 4009 c.

1947 4026 1997 4088 I
1991 4043 2340 4114 nnovamus,
2364 4025 2648 4104 quamvis
2674 4026 2804 4105 ipse
2823 4026 2986 4088 dicat
3003 4030 3168 4108 quod
3194 4031 3262 4091 in
3275 4050 3349 4093 eo
3368 4053 3507 4099 auc-

1951 4120 2172 4212 toritas
2210 4119 2547 4197 imponendi
2577 4137 2729 4181 nova
2761 4121 2992 4184 tributa
3026 4130 3233 4201 aperto
3250 4136 3508 4207 περαίαν
3540 4149 3546 4156 ’

1952 4214 2219 4292 antiquoe
2237 4211 2669 4286 consuetudini,
2710 4213 2855 4292 quia
2877 4231 3145 4293 capro-rso
3170 4219 3258 4280 ibi
3281 4222 3510 4286 dicitwr

1951 4306 2143 4393 solum
2190 4304 2433 4384 reyibus
2477 4309 2532 4367 et
2570 4305 2950 4383 principibus
2980 4325 3099 4370 esse
3133 4327 3459 4377 concessam
3483 4343 3508 4377 .-

1952 4399 2120 4460 unde
2164 4416 2242 4459 ex
2285 4397 2392 4457 illa
2437 4396 2748 4458 exclusiva
2790 4400 3002 4475 solum,
3053 4401 3299 4464 videtur
3339 4408 3512 4469 colli-

1955 4509 2126 4572 gere,
2168 4490 2385 4569 negari
2411 4487 2529 4549 hoc
2566 4490 3011 4552 consuetudini.
3052 4493 3171 4554 Sed
3202 4496 3271 4555 in
3305 4499 3510 4577 rigore

313 4588 630 4670 ponenda.
667 4587 890 4648 Probat
915 4587 1138 4665 prim0,
1161 4588 1308 4666 quia
1323 4586 1558 4648 dictum
1585 4604 1638 4646 c.
1674 4585 1877 4663 Super
1956 4601 2085 4643 non
2105 4587 2196 4643 est
2219 4581 2416 4642 solida
2442 4581 2659 4657 illatio,
2681 4588 2816 4643 tum
2838 4584 2984 4662 quia
3002 4584 3189 4647 dictio
3206 4590 3513 4653 exclusiva

314 4683 676 4763 quibusdam
718 4679 996 4758 loquitur
1029 4678 1106 4740 de
1143 4681 1412 4762 antiquis
1441 4679 1708 4754 tributis,
1751 4695 1879 4737 non
1956 4693 2086 4736 non
2114 4674 2385 4736 excludit
2412 4692 2487 4735 ea
2512 4693 2650 4754 quae
2681 4680 2826 4736 sunt
2859 4676 3057 4753 paria,
3086 4678 3244 4739 sicut
3270 4681 3356 4741 ibi
3385 4700 3515 4744 non

318 4774 401 4835 de
433 4774 609 4835 novis
642 4792 752 4853 per
789 4772 1111 4849 antiquam
1138 4773 1646 4850 consuetudinem
1672 4771 1878 4850 impo-
1959 4767 2306 4830 excluditur
2348 4767 2731 4845 Concilium3
2784 4774 2915 4828 tum
2954 4769 3100 4848 quia
3138 4773 3326 4833 etiam
3369 4778 3517 4854 quia

321 4866 479 4926 sitis.
510 4868 582 4926 In
605 4883 729 4944 quo
754 4864 1160 4925 fundamento
1195 4864 1317 4925 duo
1351 4863 1794 4926 consideranda
1820 4866 1883 4922 et
1961 4863 2149 4924 dictio
2194 4861 2502 4923 exclusiva
2540 4879 2667 4922 non
2707 4861 2975 4922 excludit
3008 4867 3516 4948 concomitantia3

322 4958 766 5036 distinguenda
791 4956 950 5017 mihi
985 4957 1316 5032 videntum
1350 4976 1548 5018 unum
1585 4965 1677 5017 est
1702 4955 1886 5016 intel·
1963 4955 2321 5034 hujusmodi
2348 4967 2557 5015 autem
2579 4954 2699 5014 dici
2725 4958 2926 5033 potest
2950 4959 3348 5035 consuetudo,
3374 4963 3523 5040 quia

323 5052 589 5130 ligentia
614 5051 782 5111 illius
807 5056 1012 5112 textus
1027 5066 1048 5127 3
1093 5051 1264 5111 aliud
1293 5059 1385 5114 est
1423 5051 1616 5111 illatio
1644 5068 1782 5129 quae
1811 5066 1888 5109 ex
1967 5048 2078 5108 illa
2103 5049 2171 5108 in
2199 5052 2446 5108 tantum
2477 5046 2667 5107 habet
2696 5047 2826 5107 vim
2852 5047 2920 5105 in
2951 5055 3257 5125 quantum
3296 5070 3525 5131 praesu.

325 5144 443 5205 illo
484 5144 576 5205 fit.
621 5145 690 5204 In
738 5144 938 5222 primo
974 5143 1104 5204 haee
1140 5145 1440 5222 posterior
1467 5141 1888 5223 interpretatio
1970 5141 2162 5202 mitur
2200 5141 2269 5199 in
2294 5139 2657 5200 auctoritate
2703 5138 2996 5217 principis
3039 5138 3317 5204 fundata.
3350 5146 3526 5210 Unde

324 5238 538 5297 verior
555 5237 802 5297 videtur
828 5258 845 5310 3
876 5253 1024 5296 nam
1046 5236 1112 5295 in
1138 5242 1312 5297 textu
1349 5254 1476 5296 non
1503 5236 1724 5295 dicitur
1747 5252 1891 5294 con·
1973 5234 2133 5294 addo
2178 5234 2246 5293 in
2272 5232 2380 5292 illo
2416 5235 2590 5290 textu
2628 5248 2754 5290 non
2789 5229 3005 5290 haberi
3043 5233 3233 5293 verba
3257 5254 3370 5297 nec
3397 5257 3529 5299 mo-

330 5331 729 5394 suetudinem
775 5329 1052 5389 sufficere
1095 5328 1173 5388 ad
1210 5329 1660 5407 imponendum
1699 5326 1895 5387 tribu·
1976 5327 2128 5386 dum
2156 5324 2448 5403 loquendi
2470 5341 2656 5400 quem
2678 5323 2888 5382 Castro
2907 5323 3194 5401 intendit,
3219 5329 3323 5388 sed
3343 5333 3532 5393 verba

329 5433 499 5500 tum,
540 5444 652 5485 nec
683 5424 762 5484 ad
791 5429 1154 5501 potestatem
1183 5423 1543 5502 imponendi
1573 5422 1893 5491 tributum,
1977 5420 2111 5497 ejus
2153 5423 2330 5477 sunt:
2378 5417 2508 5479 Nec
2546 5417 2859 5493 quisquam
2900 5415 3087 5476 alicui
3130 5437 3313 5482 novas
3345 5426 3532 5499 peda-

332 5521 446 5582 sed
468 5520 694 5581 dicitur
715 5518 822 5577 illa
844 5517 1076 5578 tributa
1103 5535 1229 5578 esse
1253 5517 1599 5592 interdicta,
1625 5533 1758 5595 quoe
1783 5531 1899 5576 nou
1976 5511 2219 5591 qim-um,
2249 5510 2577 5572 exactiones
2609 5510 2736 5569 sine
2768 5509 3146 5583 auctoritate,
3177 5517 3232 5573 ec
3259 5529 3537 5580 consensu

751 5640 810 5686 v.
3069 5616 3140 5674 31
