3976 6219
906 404 1042 457 CAP.
1078 404 1230 459 xxu.
1266 404 1480 460 UTRUM
1510 408 1697 465 oms
1727 410 1853 464 mx
1883 410 2145 465 numa
2174 409 2292 463 SEU
2323 408 2544 464 clvms
2574 410 2855 477 OBLIGET,
2890 409 3028 463 ETC.

365 510 580 566 actum
602 502 680 565 de
700 521 824 584 quo
849 503 1048 567 fertur
1065 504 1168 567 lex
1194 524 1321 569 esse
1338 507 1560 572 debere
1585 512 1930 591 subJectum

365 596 711 675 cognitioni
739 597 1072 675 humanae3
1115 598 1286 660 aliud
1311 619 1458 663 vero
1489 603 1929 682 obligationem

365 691 451 753 ad
483 689 674 751 talem
707 695 916 750 actum
947 690 1171 753 debere
1209 710 1338 755 esse
1373 695 1589 756 eodem
1619 697 1803 757 modo
1831 714 1928 757 co-

365 782 777 863 gnoscibilem
810 800 827 843 :
867 784 1142 862 primum
1191 790 1282 845 est
1320 804 1539 849 verum
1587 807 1696 867 per
1733 807 1797 851 se
1837 788 1930 849 lo-

363 874 642 955 quendo,
676 893 748 936 ac
767 876 1222 939 necessarium:
1254 884 1318 939 et
1337 879 1456 940 hac
1477 881 1716 941 ratione
1743 900 1930 962 supra

363 969 643 1031 diximus
667 968 782 1029 1188
807 968 976 1047 18388
997 968 1199 1032 801818
1216 971 1352 1033 (1811
1372 972 1448 1034 (18
1466 973 1706 1034 actibus
1727 978 1928 1035 exter-

362 1064 469 1125 nis
490 1079 513 1141 3
542 1062 884 1123 secundum
910 1068 1120 1126 autem
1147 1083 1275 1127 non
1304 1072 1398 1128 est
1423 1086 1534 1147 per
1561 1086 1624 1130 se
1653 1086 1927 1129 necessa·

361 1156 560 1229 rium,
597 1156 769 1235 quia,
806 1160 879 1216 ut
916 1155 1018 1217 lex
1055 1156 1332 1220 bumana
1370 1159 1650 1240 imponat
1688 1162 1928 1241 obliga-

363 1250 607 1310 tionem
635 1248 704 1309 in
743 1249 1115 1311 conscientia
1140 1298 1155 1323 ,
1202 1269 1330 1313 non
1355 1258 1597 1332 oportet
1620 1259 1692 1315 81
1726 1271 1838 1334 881
1864 1272 1930 1317 88

364 1360 444 1403 88
470 1342 703 1403 directe
731 1341 808 1402 de
829 1360 904 1403 ea
924 1342 1181 1422 judicet,
1211 1362 1321 1405 seu
1343 1344 1420 1406 de
1445 1345 1930 1425 transgressione

365 1434 442 1495 18
467 1434 575 1495 1110
601 1434 740 1495 foro
759 1479 780 1510 ‚
822 1434 932 1495 sed
957 1435 1159 1496 solum
1185 1435 1264 1499 de
1289 1444 1546 1500 externa
1567 1439 1808 1501 actione
1830 1439 1931 1501 vel

365 1528 723 1591 omissione.
788 1528 1201 1592 Nihilominus
1265 1535 1476 1594 tamen
1550 1550 1770 1601 verum
1839 1540 1930 1595 est

365 1621 562 1683 etiam
577 1619 993 1701 legislatorem
1004 1622 1353 1685 humanum
1368 1642 1547 1704 posse
1559 1643 1929 1704 cognoscere

365 1721 434 1777 et
449 1715 730 1795 judicare
752 1732 930 1777 suam
951 1715 1154 1793 legem
1177 1716 1451 1797 obligare
1469 1718 1538 1778 in
1557 1720 1933 1783 conscientia

367 1808 442 1869 in
473 1808 587 1869 tali
613 1808 898 1885 materia,
940 1808 1184 1871 etiamsi
1209 1809 1278 1870 18
1303 1810 1660 1891 particulari
1686 1813 1932 1892 ignoret

365 1920 455 1964 an
488 1900 771 1962 subditus
795 1906 1086 1982 operetur
1110 1908 1327 1965 contra
1348 1905 1788 1967 conscientiam
1812 1924 1930 1969 nec

363 2012 476 2057 ne.

452 2088 552 2148 13.
596 2086 938 2167 Dupliciter
947 2105 1123 2169 posse
1143 2086 1403 2171 aliquem
1424 2107 1546 2154 esse
1563 2108 1730 2153 reum
1746 2108 1934 2172 pm

357 2200 478 2263 per
502 2182 1038 2261 transsacionem
1063 2182 1236 2262 leaie.
1269 2215 1353 2230 —
1390 2182 1487 2245 Ad
1513 2184 1824 2265 quintum,
1855 2184 1934 2247 de

365 2274 746 2355 obligatione
767 2274 850 2337 ad
870 2292 1144 2355 poenam,
1174 2276 1579 2356 respondetur
1604 2276 1932 2357 dupliciter

364 2384 546 2451 posse
571 2367 844 2447 aliquem
875 2366 1012 2429 fieri
1041 2386 1219 2430 reum
1253 2387 1451 2451 poenae
1491 2387 1571 2431 ex
1596 2375 1933 2449 transgres-

367 2464 546 2527 sione
588 2462 768 2541 legis.
818 2459 1025 2521 Primo
1059 2504 1080 2536 ,
1133 2462 1284 2541 quia
1325 2462 1428 2525 lex
1469 2462 1599 2538 illa,
1645 2468 1716 2523 ut
1759 2469 1852 2524 est
1894 2482 1934 2525 a

364 2556 654 2638 proximo
669 2552 1045 2631 legislatore,
1065 2553 1292 2617 directe
1310 2556 1575 2636 imponit
1594 2556 1785 2617 talem
1802 2573 1931 2636 808-

363 2665 540 2711 nam.
571 2645 878 2720 Secundo,
907 2647 1122 2709 inferri
1151 2654 1348 2728 potest
1374 2654 1584 2711 reatus
1610 2666 1810 2730 poenae
1835 2666 1931 2709 80-

365 2740 502 2805 1818
529 2740 960 2803 808880811088
978 2740 1268 2819 quadam.
1294 2742 1492 2804 Priori
1508 2741 1694 2803 modo
1713 2759 1932 2803 verum

367 2838 463 2897 est
482 2851 611 2895 non
633 2851 812 2913 posse
833 2831 1248 2911 legislatorem
1271 2833 1545 2914 obligare
1574 2834 1653 2895 ad
1679 2850 1933 2915 poenam

361 2945 562 3009 quam
584 2925 758 2987 nullo
790 2925 977 2986 modo
1003 2932 1201 3005 potest
1229 2926 1566 3005 infligere3
1610 2926 1934 3007 posteriori

367 3026 587 3083 autem
612 3018 795 3082 modo
821 3017 1044 3080 falsum
1069 3024 1180 3081 est.
1205 3020 1331 3081 Lex
1357 3025 1566 3081 autem
1589 3018 1785 3093 civilis
1805 3036 1932 3079 non

369 3113 614 3194 obligat
638 3113 750 3175 sub
774 3131 958 3194 poena
984 3112 1214 3175 inferni
1239 3114 1339 3177 vel
1369 3114 1712 3194 purgatorii
1736 3113 1931 3194 priori

365 3207 595 3282 modo,
639 3206 742 3269 sed
778 3211 1024 3268 tantum
1050 3207 1376 3286 posteriori
1415 3208 1600 3268 modo
1622 3252 1642 3282 ,
1685 3211 1750 3269 81
1789 3206 1930 3268 ideo

367 3301 533 3364 ratio
554 3318 682 3361 non
700 3301 994 3381 procedit.
1025 3301 1107 3362 Ut
1133 3306 1344 3362 autem
1370 3300 1557 3379 hujus
1579 3298 1674 3361 rei
1699 3299 1857 3361 ratio
1891 3318 1930 3362 a

368 3392 564 3476 priori
589 3393 994 3471 intelligatur,
1024 3391 1476 3455 advertendum
1503 3398 1596 3454 est
1615 3392 1817 3454 interd
1825 3409 1934 3454 um

369 3505 548 3566 posse
581 3486 964 3567 superiorem
998 3486 1343 3567 principem
1384 3503 1497 3556 seu
1519 3483 1935 3566 legislatorem

369 3580 692 3659 imponere
723 3596 972 3659 poenam
1001 3578 1120 3640 sibi
1151 3579 1490 3660 propriam,
1524 3596 1636 3640 sen
1661 3595 1936 3640 reserva-

369 3680 504 3735 tam
561 3690 688 3734 suae
741 3671 1156 3753 jurisdictioni
1214 3690 1328 3753 pro
1383 3671 1936 3750 transgressoribus

369 3767 584 3846 legum
610 3784 866 3828 suorum
888 3765 1376 3848 gubernatorum
1398 3781 1419 3843 ;
1465 3771 1527 3827 et
1546 3770 1696 3826 tunc
1718 3783 1935 3845 quam-

369 3862 466 3923 vis
485 3861 863 3941 gubernator
877 3877 986 3921 seu
1003 3859 1316 3938 legislator
1336 3859 1598 3920 inferior
1619 3876 1730 3939 per
1751 3875 1929 3919 suam

369 3954 577 4033 legem
606 3954 836 4016 directe
864 3971 991 4014 non
1017 3954 1298 4032 imponat
1331 3951 1514 4013 talem
1531 3968 1804 4031 poenam,
1837 3951 1934 4012 ni-

368 4046 714 4109 hilominus
762 4063 840 4108 ex
881 4046 1370 4124 transgressione
1406 4044 1573 4105 illius
1622 4042 1778 4122 18318
1824 4062 1936 4124 881

371 4140 782 4202 necessariam
823 4138 1318 4226 consecutionem
1356 4137 1696 4198 incurritur
1729 4143 1937 4198 reatus

371 4234 545 4296 illius
583 4251 783 4314 poenae
822 4232 891 4294 18
929 4233 1161 4294 virtute
1198 4230 1354 4312 legis
1391 4230 1534 4294 18118
1570 4249 1609 4292 8
1635 4230 1939 4311 superiori

369 4326 654 4408 principe
687 4343 704 4387 ε
734 4326 824 4387 118
849 4341 1000 4404 8130
1027 4330 1120 4386 881
1149 4323 1218 4387 18
1241 4323 1550 4405 praesenti.
1588 4325 1744 4386 Nam
1775 4325 1937 4386 Deus

373 4419 577 4483 voluit
620 4417 932 4482 observari
976 4417 1146 4498 leges
1178 4436 1218 4480 a
1257 4416 1382 4479 suis
1409 4416 1710 4480 ministris
1739 4417 1896 4479 latas
1913 4460 1935 4494 ,

373 4515 569 4578 etiam
591 4511 708 4574 sub
735 4530 919 4592 poena
941 4511 1194 4572 alterius
1223 4511 1388 4588 vitae,
1420 4511 1568 4592 quia
1597 4516 1942 4590 transgres-

373 4607 580 4670 siones
607 4623 824 4668 earum
850 4603 1170 4667 continent
1194 4621 1408 4666 veram
1442 4603 1689 4684 culpam
1711 4648 1733 4681 ,
1781 4609 1845 4666 et
1873 4602 1942 4664 18

373 4699 785 4762 offensionem
811 4697 1008 4779 ipsius
1030 4695 1306 4778 supremi
1323 4697 1692 4778 legislatoris
1711 4697 1936 4759 redun-

376 4793 556 4856 dant.

462 4891 564 4950 14.
614 4887 896 4968 Obligare
955 4889 1012 4948 et
1061 4882 1365 4948 remittere
1433 4901 1552 4947 non
1613 4886 1943 4958 messae-to

377 4981 664 5046 maeoti.
697 5011 783 5027 --
815 4978 912 5042 Ad
933 4983 1201 5054 sextum,
1229 4977 1309 5040 de
1332 4977 1696 5040 remissione
1723 4977 1941 5058 culpae,

373 5073 787 5156 respondetur
817 5072 887 5134 in
913 5072 1120 5151 rigore
1151 5069 1377 5132 falsum
1409 5089 1538 5134 esse
1566 5071 1944 5152 principium

375 5170 813 5246 assumptum:
844 5181 996 5227 nam
1023 5163 1133 5226 illa
1159 5162 1284 5225 duo
1325 5163 1591 5244 obliqare
1611 5208 1632 5240 ,
1675 5163 1906 5225 scilicet
1917 5207 1938 5239 ,

379 5267 448 5324 et
470 5261 774 5324 remittere
792 5276 922 5320 non
947 5263 1092 5320 sunt
1113 5275 1226 5338 per
1249 5275 1314 5318 se
1339 5274 1410 5318 ac
1433 5256 1778 5320 necessario
1799 5275 1942 5319 con-

378 5371 549 5416 nexa
579 5371 597 5415 z
631 5370 782 5414 nam
819 5352 1012 5413 bomo
1038 5355 1239 5430 potest
1269 5368 1334 5412 se
1371 5356 1516 5412 voto
1548 5351 1851 5430 obligare,
1884 5355 1947 5412 et

376 5464 512 5509 non
543 5449 747 5525 potest
780 5445 1232 5524 obligationem
1272 5443 1392 5505 sibi
1415 5443 1664 5506 auferre
1691 5465 1707 5504 :
1746 5445 1945 5506 maxi-

375 5557 486 5606 me
529 5547 746 5605 autem
781 5538 904 5600 boc
937 5555 1159 5600 verum
1203 5543 1320 5615 est,
1366 5536 1617 5620 quando
1648 5535 1945 5618 obligatio

2011 529 2139 573 non
2160 510 2388 573 directe
2408 513 2682 592 ponitur,
2714 512 2822 574 sed
2852 508 3249 590 consequitur
3274 506 3563 571 aliunde:

2011 622 2161 666 nam
2193 610 2341 666 tunc
2367 624 2496 668 808
2541 606 2861 667 inducitur
2898 601 3322 684 principaliter
3356 619 3434 662 ex
3461 620 3571 682 po-

2009 703 2228 760 testate
2255 699 2443 761 801188
2471 699 2739 779 proximi
2757 696 3145 777 legislatoris,
3171 694 3275 756 sed
3298 695 3569 757 maxime

2010 791 2243 853 virtute
2288 794 2418 855 Dei.
2470 792 2885 855 Nihilominus
2930 796 3145 852 tamen
3194 788 3261 848 in
3306 790 3569 868 propriis

2012 884 2253 966 legibus
2282 891 2343 947 et
2374 886 2827 965 legislatoribus
2846 888 3043 965 potest
3059 882 3329 962 aliquem
3348 898 3570 941 verum

2014 995 2262 1039 sensum
2284 977 2512 1040 babere
2537 978 2645 1039 illa
2670 977 3044 1057 propositio.
3070 974 3187 1049 Qui
3201 974 3403 1053 potuit
3427 974 3572 1035 obli-

2017 1072 2315 1151 qationem
2351 1073 2505 1153 leyis
2532 1090 2765 1150 ponere,
2795 1074 2988 1150 potest
3014 1073 3071 1130 ec
3096 1069 3378 1144 auferre,
3425 1066 3575 1146 quia

2015 1163 2245 1242 pendet
2282 1164 2417 1242 ejus
2453 1164 2815 1239 voluntate,
2854 1167 2916 1223 81
2952 1162 3042 1222 118
3074 1160 3230 1220 81881
3257 1159 3575 1238 1831818101

2013 1254 2325 1317 humanus
2365 1261 2567 1338 potest
2606 1272 2836 1337 ponere
2867 1252 3351 1332 obligationem
3334 1270 3403 1313 ιιι
3430 1269 3573 1314 con-

2014 1349 2296 1425 scientia,
2343 1351 2433 1411 ita
2473 1350 2664 1411 etiam
2694 1353 2895 1430 potest
2925 1346 3099 1408 illam
3139 1345 3403 1422 auferre,
3450 1346 3573 1407 dis-

2012 1442 2325 1523 pensando
2352 1443 2453 1505 vel
2468 1441 2823 1522 abrogando
2849 1441 3039 1520 leges,
3080 1445 3151 1500 ut
3173 1444 3381 1518 postea
3407 1438 3574 1500 dice-

2015 1541 2141 1596 tur.
2172 1536 2301 1596 Hoc
2324 1541 2536 1597 autem
2562 1534 2840 1616 procedit
2858 1537 3003 1595 ante
3024 1530 3573 1611 transgressionem

2015 1627 2210 1707 legis3
2259 1645 2406 1688 nam
2451 1634 2775 1708 postquam
2811 1623 3185 1705 trangressio
3214 1624 3372 1702 legis
3410 1623 3576 1685 facta

2016 1727 2139 1797 881,
2168 1738 2297 1782 808
2322 1726 2566 1801 oportet
2591 1730 2662 1782 ut
2693 1719 3007 1799 legislator
3033 1717 3343 1778 humanus
3378 1715 3573 1795 possit

2014 1812 2326 1875 remittere
2356 1813 2602 1894 culpam
2632 1812 2743 1875 illa
2770 1810 3257 1891 transgressione
3284 1808 3573 1869 commis-

2013 1923 2171 1983 sam,
2206 1912 2507 1987 quatenus
2535 1911 2751 1968 contra
2778 1906 2973 1966 Deum
3002 1907 3117 1978 est,
3146 1902 3318 1981 quia,
3349 1905 3422 1960 ut
3458 1900 3569 1976 sic,

1955 2020 1962 2030 ’
2014 2006 2112 2063 881
2133 1999 2385 2062 81181188
2412 1998 2669 2077 ordinis,
2714 2006 2778 2063 et
2802 1997 3077 2059 maxime
3112 1999 3422 2075 repugnat
3448 1993 3573 2073 legi

2014 2099 2279 2157 aeternae.
2331 2094 2562 2156 Poterit
2586 2098 2798 2155 autem
2824 2092 2992 2153 idem
3021 2089 3337 2169 legislator
3362 2087 3575 2149 remit-

2016 2192 2147 2248 tere
2174 2186 2348 2249 illam
2368 2186 2947 2266 transgressionem,
2977 2188 3284 2264 quatenus
3308 2182 3377 2241 18
3396 2197 3575 2241 88818

2015 2279 2421 2342 offensionem
2445 2285 2507 2342 81
2528 2279 2825 2359 injuriam
2845 2276 3028 2352 cedit,
3051 2281 3115 2338 et
3132 2278 3577 2354 consequenter

2015 2372 2205 2434 etiam
2228 2378 2426 2452 potest
2442 2373 2756 2435 remittere
2779 2377 3022 2433 reatum
3040 2384 3239 2449 poenae
3260 2385 3373 2447 per
3396 2384 3573 2427 suam

2014 2464 2218 2545 legem
2245 2466 2473 2527 directe
2501 2465 2801 2545 impositae
2813 2509 2834 2540 ,
2864 2464 3013 2544 quia
3035 2463 3169 2524 11ωο
3194 2460 3407 2521 omnia
3433 2477 3572 2539 per-

2016 2564 2275 2621 manent
2300 2560 2369 2620 in
2390 2559 2610 2621 eodem
2636 2558 2876 2635 ordine,
2901 2563 2965 2619 81
2990 2556 3301 2637 pertinent
3326 2554 3405 2617 ad
3433 2572 3575 2636 pro-

2017 2653 2227 2733 prium
2249 2654 2351 2733 jus
2375 2653 2567 2734 ipsius
2589 2652 2859 2733 proximi
2884 2649 3271 2731 legislatoris.

2097 2746 2195 2807 15.
2252 2746 2359 2812 Vis
2408 2746 2715 2827 obliyandi
2765 2745 2917 2825 leqis
2960 2745 3239 2805 hmanoe
3279 2740 3581 2820 proecipue

2012 2840 2317 2915 fundatw·
2353 2838 2423 2901 in
2462 2839 2587 2919 leqe
2612 2844 2859 2901 oetma.
2887 2868 2972 2882 —
2995 2835 3090 2896 Ad
3118 2834 3471 2914 septimum,
3502 2832 3581 2894 de

2015 2929 2374 2993 definitione
2392 2930 2648 3011 peccati,
2673 2929 2897 2991 solutio
2918 2932 3087 3008 patet
3104 2943 3184 2988 ex
3206 2926 3403 2986 dictis.
3425 2925 3582 2986 Nam

2017 3023 2165 3103 quia
2189 3023 2283 3084 vis
2312 3022 2630 3102 obligandi
2655 3022 2813 3100 legis
2841 3021 3132 3082 bumanae
3162 3016 3584 3098 principaliter

2018 3117 2242 3178 nititur
2267 3116 2335 3177 in
2373 3117 2511 3196 lege
2552 3121 2805 3189 aeterna,
2850 3115 2989 3175 ideo
3026 3113 3134 3193 qui
3160 3111 3336 3172 illam
3374 3117 3583 3172 trans-

2020 3209 2322 3290 greditur,
2348 3210 2577 3270 virtute
2611 3207 2802 3269 violat
2834 3206 3037 3284 legem
3065 3209 3360 3265 aeternam
3398 3208 3460 3263 et
3488 3203 3583 3264 di·

2020 3303 2257 3376 vinam,
2283 3307 2346 3363 et
2369 3301 2489 3362 hoc
2517 3300 2702 3362 modo
2728 3298 3016 3360 convenit
3045 3295 3234 3357 etiam
3260 3295 3353 3355 illi
3384 3301 3582 3356 trans·

2020 3395 2321 3476 gressioni
2354 3393 2633 3456 definitio
2658 3391 2913 3474 peccati.
2955 3389 3306 3469 Eademque
3333 3393 3427 3450 est
3455 3405 3583 3449 res·-

2013 3487 2231 3568 ponsio
2275 3486 2358 3548 ad
2399 3486 2729 3548 ultimum:
2776 3501 2975 3545 unum
3020 3481 3190 3543 enim
3228 3497 3303 3542 ex
3352 3480 3581 3541 divinis

2013 3579 2335 3660 praeceptis
2369 3585 2462 3642 cst
2484 3579 2735 3640 obedire
2758 3573 3175 3658 superioribus
3200 3579 3263 3635 et
3289 3573 3583 3654 principi-

2014 3673 2129 3735 bus
2154 3673 2467 3750 humanis,
2494 3678 2557 3734 et
2584 3672 2724 3734 ideo
2752 3672 2863 3752 qui
2887 3687 3015 3731 non
3042 3673 3249 3730 servat
3272 3667 3441 3746 leges
3465 3667 3584 3728 hu-

2015 3785 2253 3844 manas,
2292 3785 2495 3847 neque
2529 3767 2743 3827 omnia
2781 3765 2893 3826 Dei
2929 3762 3225 3825 mandata
3258 3767 3484 3836 servat,
3514 3777 3586 3821 ac

2014 3861 2278 3923 subinde
2322 3860 2793 3922 damnationem
2841 3857 2961 3919 sibi
2992 3856 3280 3936 acquirit,
3324 3860 3398 3916 81
3429 3854 3586 3916 dixit

2013 3954 2261 4031 Paulus,
2279 3955 2426 4034 quia
2450 3971 2518 4014 re
2534 3971 2677 4015 vera
2702 3969 2831 4013 non
2857 3949 3074 4030 implet
3100 3949 3518 4010 conditionem
3546 3966 3585 4008 a

2014 4047 2256 4110 Christo
2280 4046 2543 4127 positam
2563 4062 2581 4106 ε
2605 4045 2689 4109 Si
2710 4045 2807 4107 vis
2825 4045 2909 4106 ad
2922 4044 3111 4104 vitam
3129 4041 3393 4120 inm-edi,
3415 4057 3587 4103 serva

2015 4141 2321 4203 mandata.
2356 4137 2649 4213 Quamvis
2687 4135 2922 4217 possint
2953 4134 3189 4213 optime
3224 4132 3415 4194 verba
3445 4133 3585 4194 uni·

2015 4249 2191 4294 verse
2216 4230 2485 4310 intelligi
2508 4230 2585 4290 de
2612 4225 2903 4290 omnibus
2928 4224 3223 4306 legitimis
3245 4224 3579 4301 mandatis,

2017 4331 2149 4387 tam
2175 4324 2402 4387 divinis
2427 4341 2617 4404 quam
2646 4319 2960 4383 humanis.

2565 4503 2815 4568 CAPUT
2855 4501 3041 4564 XXII.

2025 4715 2227 4764 mun
2266 4715 2442 4762 oms
2480 4713 2598 4761 m
2643 4712 2898 4760 numa
2944 4711 3055 4758 81:11
3102 4709 3311 4758 ῦΠΠιῙΒ
3350 4707 3594 4756 omem·

2102 4809 2167 4857 m
2214 4807 2597 4856 consumma
2606 4837 2629 4869 ,
2672 4806 2791 4853 Am·
2841 4804 3033 4853 POSSIT
3081 4804 3223 4852 Essa
3262 4802 3429 4850 nu
3477 4803 3593 4849 m

2106 4903 2239 4951 snm
2280 4901 2418 4949 'rm
2456 4899 2863 4948 omeanonn
3404 4913 3411 4918 ·

2111 5078 2141 5137 1
2156 5121 2171 5137 .
2214 5073 2494 5138 Diximus
2522 5091 2697 5155 posse
2730 5074 3074 5136 humanam
3104 5069 3308 5150 legem
3334 5069 3404 5131 in
3444 5087 3593 5130 con-

2025 5168 2283 5232 scientia
2310 5167 2616 5246 obligare;
2655 5183 2822 5228 nunc
2858 5171 3068 5227 autem
3100 5161 3477 5243 inquirimus
3510 5179 3593 5223 an

2025 5261 2105 5322 sit
2129 5261 2249 5323 hoc
2274 5259 2681 5321 intrinsecum
2717 5257 2831 5319 tali
2855 5257 3001 5336 legi.
3032 5253 3454 5335 Supponimus
3482 5273 3593 5317 au-

2025 5360 2154 5416 tem
2192 5369 2540 5415 sermonem
2584 5368 2714 5412 esse
2756 5350 2834 5412 de
2877 5367 3027 5412 vera
3067 5353 3129 5410 et
3175 5347 3382 5412 valida
3426 5345 3591 5427 lege,

2024 5447 2193 5528 quia,
2222 5451 2295 5507 81
2335 5445 2437 5507 lex
2465 5443 2720 5523 obliget,
2762 5448 3004 5524 oportet
3041 5448 3114 5504 ut
3153 5443 3235 5504 sit
3278 5459 3425 5504 vera
3450 5439 3554 5501 lex
3566 5461 3585 5516 3

2024 5537 2172 5623 quia
2198 5557 2338 5622 quae
2363 5557 2495 5604 non
2521 5543 2615 5603 est
2637 5555 2789 5602 vera.
2810 5537 2915 5603 lex
2944 5553 3147 5621 neque
3176 5534 3453 5615 obligare
3477 5551 3589 5616 po-
