<?xml version="1.0" encoding="UTF-8"?>
<!DOCTYPE html PUBLIC "-//W3C//DTD XHTML 1.0 Transitional//EN"
    "http://www.w3.org/TR/xhtml1/DTD/xhtml1-transitional.dtd">
<html xmlns="http://www.w3.org/1999/xhtml" xml:lang="en" lang="en">
 <head>
  <title>
</title>
<meta http-equiv="Content-Type" content="text/html;charset=utf-8" />
  <meta name='ocr-system' content='tesseract 3.04.00' />
  <meta name='ocr-capabilities' content='ocr_page ocr_carea ocr_par ocr_line ocrx_word'/>
</head>
<body>
  <div class='ocr_page' id='page_1' title='image "./rpfranciscisuar02duvagoog_0191.png"; bbox 0 0 3976 6219; ppageno 0'>
   <div class='ocr_carea' id='block_1_1' title="bbox 271 391 3465 433">
    <p class='ocr_par' dir='ltr' id='par_1_1' title="bbox 271 391 3465 433">
     <span class='ocr_line' id='line_1_1' title="bbox 271 391 3465 433; baseline 0 0"><span class='ocrx_word' id='word_1_1' title='bbox 271 391 3465 433; x_wconf 95' lang='lat' dir='ltr'><strong><em> </em></strong></span> 
     </span>
    </p>
   </div>
   <div class='ocr_carea' id='block_1_2' title="bbox 663 624 3070 800">
    <p class='ocr_par' dir='ltr' id='par_1_2' title="bbox 663 624 3070 800">
     <span class='ocr_line' id='line_1_2' title="bbox 663 624 3070 800; baseline -0.002 0"><span class='ocrx_word' id='word_1_2' title='bbox 663 624 1167 800; x_wconf 83' lang='lat' dir='ltr'><strong>INDEX</strong></span> <span class='ocrx_word' id='word_1_3' title='bbox 1268 653 1940 797; x_wconf 78' lang='lat' dir='ltr'><strong>CAPITUM</strong></span> <span class='ocrx_word' id='word_1_4' title='bbox 2036 652 2451 795; x_wconf 81' lang='lat' dir='ltr'>LIBRI</span> <span class='ocrx_word' id='word_1_5' title='bbox 2551 654 3070 797; x_wconf 81' lang='lat' dir='ltr'><strong>TERTH</strong></span> 
     </span>
    </p>
   </div>
   <div class='ocr_carea' id='block_1_3' title="bbox 383 981 3377 1181">
    <p class='ocr_par' dir='ltr' id='par_1_3' title="bbox 383 981 3377 1181">
     <span class='ocr_line' id='line_1_3' title="bbox 383 981 3377 1068; baseline -0 -7"><span class='ocrx_word' id='word_1_6' title='bbox 383 985 488 1061; x_wconf 79' lang='lat' dir='ltr'><strong><em>DE</em></strong></span> <span class='ocrx_word' id='word_1_7' title='bbox 536 985 739 1062; x_wconf 89' lang='lat' dir='ltr'><strong>LEGE</strong></span> <span class='ocrx_word' id='word_1_8' title='bbox 789 984 1149 1058; x_wconf 86' lang='lat' dir='ltr'><strong>POSITIVA</strong></span> <span class='ocrx_word' id='word_1_9' title='bbox 1195 984 1536 1059; x_wconf 82' lang='lat' dir='ltr'><strong><em>HUMANA</em></strong></span> <span class='ocrx_word' id='word_1_10' title='bbox 1583 984 2009 1059; x_wconf 86' lang='lat' dir='ltr'>SECUNDUM</span> <span class='ocrx_word' id='word_1_11' title='bbox 2055 983 2172 1068; x_wconf 80' lang='lat' dir='ltr'><strong><em>SE,</em></strong></span> <span class='ocrx_word' id='word_1_12' title='bbox 2221 981 2325 1056; x_wconf 90' lang='lat' dir='ltr'><strong><em>ET</em></strong></span> <span class='ocrx_word' id='word_1_13' title='bbox 2368 982 2624 1056; x_wconf 88' lang='lat' dir='ltr'><strong><em>PROUT</em></strong></span> <span class='ocrx_word' id='word_1_14' title='bbox 2670 982 2748 1055; x_wconf 92' lang='lat' dir='ltr'><strong><em>IN</em></strong></span> <span class='ocrx_word' id='word_1_15' title='bbox 2793 983 3002 1056; x_wconf 86' lang='lat' dir='ltr'><strong><em>PURA</em></strong></span> <span class='ocrx_word' id='word_1_16' title='bbox 3049 983 3377 1060; x_wconf 88' lang='lat' dir='ltr'>HOMINIS</span> 
     </span>
     <span class='ocr_line' id='line_1_4' title="bbox 603 1093 3160 1181; baseline -0.001 -9"><span class='ocrx_word' id='word_1_17' title='bbox 603 1098 922 1173; x_wconf 87' lang='lat' dir='ltr'><strong>NATURA</strong></span> <span class='ocrx_word' id='word_1_18' title='bbox 969 1096 1348 1171; x_wconf 84' lang='lat' dir='ltr'><strong><em>SPEGTARI</em></strong></span> <span class='ocrx_word' id='word_1_19' title='bbox 1392 1095 1715 1181; x_wconf 85' lang='lat' dir='ltr'>POTEST,</span> <span class='ocrx_word' id='word_1_20' title='bbox 1765 1095 1946 1176; x_wconf 89' lang='lat' dir='ltr'><strong><em>QUAE</em></strong></span> <span class='ocrx_word' id='word_1_21' title='bbox 1992 1095 2154 1168; x_wconf 89' lang='lat' dir='ltr'><strong><em>LEX</em></strong></span> <span class='ocrx_word' id='word_1_22' title='bbox 2199 1094 2450 1168; x_wconf 85' lang='lat' dir='ltr'><strong>ETIAM</strong></span> <span class='ocrx_word' id='word_1_23' title='bbox 2494 1093 2777 1168; x_wconf 85' lang='lat' dir='ltr'><strong>CIVILIS</strong></span> <span class='ocrx_word' id='word_1_24' title='bbox 2819 1094 3160 1169; x_wconf 86' lang='lat' dir='ltr'><strong>DIGITUR.</strong></span> 
     </span>
    </p>
   </div>
   <div class='ocr_carea' id='block_1_4' title="bbox 1221 1344 1727 1377">
    <p class='ocr_par' dir='ltr' id='par_1_4' title="bbox 1221 1344 1727 1377">
     <span class='ocr_line' id='line_1_5' title="bbox 1221 1344 1727 1377; baseline 0 4842"><span class='ocrx_word' id='word_1_25' title='bbox 1221 1344 1727 1377; x_wconf 95' lang='lat' dir='ltr'><strong><em> </em></strong></span> 
     </span>
    </p>
   </div>
   <div class='ocr_carea' id='block_1_5' title="bbox 281 1568 1842 3262">
    <p class='ocr_par' dir='ltr' id='par_1_5' title="bbox 292 1568 1837 1789">
     <span class='ocr_line' id='line_1_6' title="bbox 292 1568 1837 1664; baseline -0.005 -18"><span class='ocrx_word' id='word_1_26' title='bbox 292 1571 450 1646; x_wconf 70' lang='lat' dir='ltr'><strong><em>Cu».</em></strong></span> <span class='ocrx_word' id='word_1_27' title='bbox 510 1572 565 1642; x_wconf 92' lang='lat' dir='ltr'><strong><em>I.</em></strong></span> <span class='ocrx_word' id='word_1_28' title='bbox 633 1569 881 1643; x_wconf 89' lang='lat' dir='ltr'><strong><em>Utrum</em></strong></span> <span class='ocrx_word' id='word_1_29' title='bbox 913 1570 1091 1642; x_wconf 86' lang='lat' dir='ltr'><strong><em>sitin</em></strong></span> <span class='ocrx_word' id='word_1_30' title='bbox 1114 1568 1509 1642; x_wconf 85' lang='lat' dir='ltr'><strong><em>hominibus</em></strong></span> <span class='ocrx_word' id='word_1_31' title='bbox 1534 1580 1837 1664; x_wconf 85' lang='lat' dir='ltr'><strong><em>potestas</em></strong></span> 
     </span>
     <span class='ocr_line' id='line_1_7' title="bbox 388 1692 1086 1789; baseline -0.006 -21"><span class='ocrx_word' id='word_1_32' title='bbox 388 1696 480 1768; x_wconf 97' lang='lat' dir='ltr'><strong><em>ad</em></strong></span> <span class='ocrx_word' id='word_1_33' title='bbox 521 1697 700 1789; x_wconf 73' lang='lat' dir='ltr'><strong><em>leqes</em></strong></span> <span class='ocrx_word' id='word_1_34' title='bbox 736 1692 1086 1788; x_wconf 81' lang='lat' dir='ltr'><strong><em>ferendas.</em></strong></span> 
     </span>
    </p>

    <p class='ocr_par' dir='ltr' id='par_1_6' title="bbox 294 1811 1836 2159">
     <span class='ocr_line' id='line_1_8' title="bbox 294 1811 1835 1913; baseline -0.005 -24"><span class='ocrx_word' id='word_1_35' title='bbox 294 1817 446 1890; x_wconf 63' lang='lat' dir='ltr'><strong><em>Cu).</em></strong></span> <span class='ocrx_word' id='word_1_36' title='bbox 491 1817 575 1887; x_wconf 92' lang='grc' dir='ltr'><strong><em>ΙΙ.</em></strong></span> <span class='ocrx_word' id='word_1_37' title='bbox 616 1815 704 1888; x_wconf 87' lang='lat' dir='ltr'><strong><em>In</em></strong></span> <span class='ocrx_word' id='word_1_38' title='bbox 737 1815 985 1913; x_wconf 83' lang='lat' dir='ltr'><strong><em>quibus</em></strong></span> <span class='ocrx_word' id='word_1_39' title='bbox 1011 1813 1407 1887; x_wconf 84' lang='lat' dir='ltr'><strong><em>hominibus</em></strong></span> <span class='ocrx_word' id='word_1_40' title='bbox 1437 1811 1835 1886; x_wconf 79' lang='lat' dir='ltr'><strong><em>immediate</em></strong></span> 
     </span>
     <span class='ocr_line' id='line_1_9' title="bbox 381 1938 1836 2033; baseline -0.003 -21"><span class='ocrx_word' id='word_1_41' title='bbox 381 1941 629 2013; x_wconf 78' lang='lat' dir='ltr'><strong><em>existat</em></strong></span> <span class='ocrx_word' id='word_1_42' title='bbox 692 1963 780 2011; x_wconf 77' lang='lat' dir='ltr'><strong><em>ex</em></strong></span> <span class='ocrx_word' id='word_1_43' title='bbox 850 1954 1107 2011; x_wconf 87' lang='lat' dir='ltr'><strong><em>natura</em></strong></span> <span class='ocrx_word' id='word_1_44' title='bbox 1171 1938 1277 2011; x_wconf 90' lang='lat' dir='ltr'><strong><em>rei</em></strong></span> <span class='ocrx_word' id='word_1_45' title='bbox 1333 1951 1635 2033; x_wconf 89' lang='lat' dir='ltr'><strong><em>potestas</em></strong></span> <span class='ocrx_word' id='word_1_46' title='bbox 1693 1938 1836 2008; x_wconf 85' lang='lat' dir='ltr'><strong><em>hoec</em></strong></span> 
     </span>
     <span class='ocr_line' id='line_1_10' title="bbox 378 2060 1322 2159; baseline -0.002 -25"><span class='ocrx_word' id='word_1_47' title='bbox 378 2061 721 2135; x_wconf 88' lang='lat' dir='ltr'><strong><em>condendi</em></strong></span> <span class='ocrx_word' id='word_1_48' title='bbox 753 2060 932 2159; x_wconf 73' lang='lat' dir='ltr'><strong><em>[eyes</em></strong></span> <span class='ocrx_word' id='word_1_49' title='bbox 959 2062 1322 2133; x_wconf 85' lang='lat' dir='ltr'><strong><em>humanas.</em></strong></span> 
     </span>
    </p>

    <p class='ocr_par' dir='ltr' id='par_1_7' title="bbox 282 2182 1837 2525">
     <span class='ocr_line' id='line_1_11' title="bbox 282 2182 1837 2280; baseline -0.003 -21"><span class='ocrx_word' id='word_1_50' title='bbox 282 2184 440 2259; x_wconf 71' lang='lat' dir='ltr'><strong><em>Cn».</em></strong></span> <span class='ocrx_word' id='word_1_51' title='bbox 486 2186 607 2256; x_wconf 90' lang='lat'><strong><em>111.</em></strong></span> <span class='ocrx_word' id='word_1_52' title='bbox 666 2185 785 2255; x_wconf 86' lang='lat' dir='ltr'><strong><em>An</em></strong></span> <span class='ocrx_word' id='word_1_53' title='bbox 821 2197 1123 2280; x_wconf 87' lang='lat' dir='ltr'><strong><em>potestas</em></strong></span> <span class='ocrx_word' id='word_1_54' title='bbox 1161 2182 1435 2280; x_wconf 85' lang='lat' dir='ltr'><strong><em>ferendi</em></strong></span> <span class='ocrx_word' id='word_1_55' title='bbox 1483 2182 1661 2279; x_wconf 75' lang='lat' dir='ltr'><strong><em>leqes</em></strong></span> <span class='ocrx_word' id='word_1_56' title='bbox 1702 2182 1837 2254; x_wconf 87' lang='lat' dir='ltr'><strong><em>hu-</em></strong></span> 
     </span>
     <span class='ocr_line' id='line_1_12' title="bbox 378 2306 1836 2384; baseline -0.003 0"><span class='ocrx_word' id='word_1_57' title='bbox 378 2334 627 2384; x_wconf 87' lang='lat' dir='ltr'><strong><em>manas</em></strong></span> <span class='ocrx_word' id='word_1_58' title='bbox 658 2308 752 2381; x_wconf 88' lang='lat' dir='ltr'><strong><em>sit</em></strong></span> <span class='ocrx_word' id='word_1_59' title='bbox 793 2311 961 2382; x_wconf 89' lang='lat' dir='ltr'><strong><em>data</em></strong></span> <span class='ocrx_word' id='word_1_60' title='bbox 997 2308 1391 2382; x_wconf 86' lang='lat' dir='ltr'><strong><em>hominibus</em></strong></span> <span class='ocrx_word' id='word_1_61' title='bbox 1437 2306 1836 2380; x_wconf 79' lang='lat' dir='ltr'><strong><em>immediate</em></strong></span> 
     </span>
     <span class='ocr_line' id='line_1_13' title="bbox 384 2434 1384 2525; baseline -0.005 -18"><span class='ocrx_word' id='word_1_62' title='bbox 384 2460 428 2507; x_wconf 93' lang='lat' dir='ltr'><strong><em>a</em></strong></span> <span class='ocrx_word' id='word_1_63' title='bbox 457 2434 631 2525; x_wconf 91' lang='lat' dir='ltr'><strong><em>Deo,</em></strong></span> <span class='ocrx_word' id='word_1_64' title='bbox 673 2445 750 2505; x_wconf 93' lang='lat' dir='ltr'><strong><em>ut</em></strong></span> <span class='ocrx_word' id='word_1_65' title='bbox 784 2445 1065 2506; x_wconf 87' lang='lat' dir='ltr'><strong><em>auctore</em></strong></span> <span class='ocrx_word' id='word_1_66' title='bbox 1090 2448 1384 2505; x_wconf 83' lang='lat' dir='ltr'><strong><em>naturae.</em></strong></span> 
     </span>
    </p>

    <p class='ocr_par' dir='ltr' id='par_1_8' title="bbox 282 2548 1842 2752">
     <span class='ocr_line' id='line_1_14' title="bbox 282 2548 1842 2648; baseline -0.006 -19"><span class='ocrx_word' id='word_1_67' title='bbox 282 2555 448 2629; x_wconf 72' lang='lat' dir='ltr'><strong><em>Cu».</em></strong></span> <span class='ocrx_word' id='word_1_68' title='bbox 493 2556 603 2629; x_wconf 91' lang='lat' dir='ltr'><strong><em>IV.</em></strong></span> <span class='ocrx_word' id='word_1_69' title='bbox 664 2552 1058 2628; x_wconf 81' lang='lat' dir='ltr'><em>Corollaria</em></span> <span class='ocrx_word' id='word_1_70' title='bbox 1121 2576 1207 2625; x_wconf 75' lang='lat' dir='ltr'><strong><em>ex</em></strong></span> <span class='ocrx_word' id='word_1_71' title='bbox 1266 2548 1610 2648; x_wconf 79' lang='lat' dir='ltr'><strong><em>superiori</em></strong></span> <span class='ocrx_word' id='word_1_72' title='bbox 1669 2549 1842 2621; x_wconf 85' lang='lat' dir='ltr'><strong><em>doc-</em></strong></span> 
     </span>
     <span class='ocr_line' id='line_1_15' title="bbox 387 2678 597 2752; baseline 0.005 -1"><span class='ocrx_word' id='word_1_73' title='bbox 387 2678 597 2752; x_wconf 89' lang='lat' dir='ltr'><strong><em>trina.</em></strong></span> 
     </span>
    </p>

    <p class='ocr_par' dir='ltr' id='par_1_9' title="bbox 281 2793 1841 3143">
     <span class='ocr_line' id='line_1_16' title="bbox 281 2793 1836 2894; baseline -0.005 -21"><span class='ocrx_word' id='word_1_74' title='bbox 281 2800 447 2873; x_wconf 70' lang='lat' dir='ltr'><strong><em>Cu».</em></strong></span> <span class='ocrx_word' id='word_1_75' title='bbox 504 2800 588 2873; x_wconf 98' lang='lat' dir='ltr'><strong><em>V.</em></strong></span> <span class='ocrx_word' id='word_1_76' title='bbox 644 2799 764 2871; x_wconf 90' lang='lat' dir='ltr'><strong><em>An</em></strong></span> <span class='ocrx_word' id='word_1_77' title='bbox 791 2811 1095 2894; x_wconf 89' lang='lat' dir='ltr'><strong><em>potestas</em></strong></span> <span class='ocrx_word' id='word_1_78' title='bbox 1139 2796 1414 2894; x_wconf 85' lang='lat' dir='ltr'><strong><em>ferendi</em></strong></span> <span class='ocrx_word' id='word_1_79' title='bbox 1459 2793 1836 2890; x_wconf 71' lang='grc' dir='ltr'><em>[69636ἱυὶ-</em></span> 
     </span>
     <span class='ocr_line' id='line_1_17' title="bbox 387 2919 1841 3014; baseline -0.006 -19"><span class='ocrx_word' id='word_1_80' title='bbox 387 2922 483 2995; x_wconf 90' lang='lat' dir='ltr'><strong><em>les</em></strong></span> <span class='ocrx_word' id='word_1_81' title='bbox 531 2921 605 2994; x_wconf 89' lang='lat' dir='ltr'><strong><em>in</em></strong></span> <span class='ocrx_word' id='word_1_82' title='bbox 654 2920 911 2995; x_wconf 75' lang='lat' dir='ltr'><strong><em>Christi</em></strong></span> <span class='ocrx_word' id='word_1_83' title='bbox 956 2919 1279 2994; x_wconf 80' lang='lat' dir='ltr'><strong><em>Ecclesia</em></strong></span> <span class='ocrx_word' id='word_1_84' title='bbox 1319 2929 1732 3014; x_wconf 86' lang='lat' dir='ltr'><strong><em>perseveret,</em></strong></span> <span class='ocrx_word' id='word_1_85' title='bbox 1773 2929 1841 2988; x_wconf 90' lang='lat' dir='ltr'><strong><em>et</em></strong></span> 
     </span>
     <span class='ocr_line' id='line_1_18' title="bbox 382 3040 1734 3143; baseline -0.004 -25"><span class='ocrx_word' id='word_1_86' title='bbox 382 3069 509 3141; x_wconf 88' lang='lat' dir='ltr'><strong><em>per</em></strong></span> <span class='ocrx_word' id='word_1_87' title='bbox 545 3068 663 3118; x_wconf 83' lang='lat' dir='ltr'><strong><em>eas</em></strong></span> <span class='ocrx_word' id='word_1_88' title='bbox 696 3045 1003 3143; x_wconf 73' lang='lat' dir='ltr'><strong><em>obliyare</em></strong></span> <span class='ocrx_word' id='word_1_89' title='bbox 1037 3044 1253 3140; x_wconf 86' lang='lat' dir='ltr'><strong><em>possit</em></strong></span> <span class='ocrx_word' id='word_1_90' title='bbox 1279 3040 1734 3116; x_wconf 79' lang='lat' dir='ltr'><strong><em>Christianos.</em></strong></span> 
     </span>
    </p>

    <p class='ocr_par' dir='ltr' id='par_1_10' title="bbox 283 3163 1842 3262">
     <span class='ocr_line' id='line_1_19' title="bbox 283 3163 1842 3262; baseline -0.003 -24"><span class='ocrx_word' id='word_1_91' title='bbox 283 3165 446 3238; x_wconf 69' lang='lat' dir='ltr'><strong><em>Cn».</em></strong></span> <span class='ocrx_word' id='word_1_92' title='bbox 503 3168 617 3239; x_wconf 89' lang='lat' dir='ltr'><strong><em>VI.</em></strong></span> <span class='ocrx_word' id='word_1_93' title='bbox 676 3166 795 3238; x_wconf 88' lang='lat' dir='ltr'><strong><em>An</em></strong></span> <span class='ocrx_word' id='word_1_94' title='bbox 827 3179 1130 3262; x_wconf 87' lang='lat' dir='ltr'><strong><em>potestas</em></strong></span> <span class='ocrx_word' id='word_1_95' title='bbox 1161 3164 1255 3237; x_wconf 91' lang='lat' dir='ltr'><strong><em>ad</em></strong></span> <span class='ocrx_word' id='word_1_96' title='bbox 1296 3164 1624 3260; x_wconf 85' lang='lat' dir='ltr'><strong><em>serendas</em></strong></span> <span class='ocrx_word' id='word_1_97' title='bbox 1663 3163 1842 3259; x_wconf 73' lang='lat' dir='ltr'><strong><em>leyes</em></strong></span> 
     </span>
    </p>
   </div>
   <div class='ocr_carea' id='block_1_6' title="bbox 384 3283 1841 3503">
    <p class='ocr_par' dir='ltr' id='par_1_11' title="bbox 384 3283 1841 3503">
     <span class='ocr_line' id='line_1_20' title="bbox 384 3283 1841 3384; baseline -0.003 -24"><span class='ocrx_word' id='word_1_98' title='bbox 384 3286 622 3360; x_wconf 85' lang='lat' dir='ltr'><strong><em>civiles</em></strong></span> <span class='ocrx_word' id='word_1_99' title='bbox 641 3287 919 3384; x_wconf 74' lang='lat' dir='ltr'><strong><em>obliyan</em></strong></span> <span class='ocrx_word' id='word_1_100' title='bbox 927 3301 1024 3359; x_wconf 87' lang='lat' dir='ltr'><strong><em>tes</em></strong></span> <span class='ocrx_word' id='word_1_101' title='bbox 1037 3284 1433 3358; x_wconf 85' lang='lat' dir='ltr'><strong><em>universam</em></strong></span> <span class='ocrx_word' id='word_1_102' title='bbox 1448 3283 1841 3358; x_wconf 82' lang='lat' dir='ltr'><strong><em>Ecclesiam</em></strong></span> 
     </span>
     <span class='ocr_line' id='line_1_21' title="bbox 386 3403 1289 3503; baseline 0.002 -27"><span class='ocrx_word' id='word_1_103' title='bbox 386 3403 478 3476; x_wconf 89' lang='lat' dir='ltr'><strong><em>sit</em></strong></span> <span class='ocrx_word' id='word_1_104' title='bbox 511 3404 587 3477; x_wconf 92' lang='lat' dir='ltr'><strong><em>in</em></strong></span> <span class='ocrx_word' id='word_1_105' title='bbox 620 3430 888 3478; x_wconf 87' lang='lat' dir='ltr'><strong><em>summo</em></strong></span> <span class='ocrx_word' id='word_1_106' title='bbox 922 3405 1289 3503; x_wconf 84' lang='lat' dir='ltr'><strong><em>Pontifice.</em></strong></span> 
     </span>
    </p>
   </div>
   <div class='ocr_carea' id='block_1_7' title="bbox 280 3526 1844 5585">
    <p class='ocr_par' dir='ltr' id='par_1_12' title="bbox 283 3526 1841 3871">
     <span class='ocr_line' id='line_1_22' title="bbox 283 3526 1841 3625; baseline 0 -26"><span class='ocrx_word' id='word_1_107' title='bbox 283 3526 448 3599; x_wconf 67' lang='lat' dir='ltr'><strong><em>Cn.</em></strong></span> <span class='ocrx_word' id='word_1_108' title='bbox 514 3527 663 3600; x_wconf 92' lang='lat' dir='ltr'><strong>VII.</strong></span> <span class='ocrx_word' id='word_1_109' title='bbox 749 3527 996 3601; x_wconf 83' lang='lat' dir='ltr'><strong><em>Utrum</em></strong></span> <span class='ocrx_word' id='word_1_110' title='bbox 1057 3542 1362 3625; x_wconf 89' lang='lat' dir='ltr'><strong><em>potestas</em></strong></span> <span class='ocrx_word' id='word_1_111' title='bbox 1426 3527 1841 3601; x_wconf 86' lang='lat' dir='ltr'><strong><em>universalis</em></strong></span> 
     </span>
     <span class='ocr_line' id='line_1_23' title="bbox 385 3648 1839 3748; baseline 0 -26"><span class='ocrx_word' id='word_1_112' title='bbox 385 3648 661 3745; x_wconf 80' lang='lat' dir='ltr'><strong><em>ferendi</em></strong></span> <span class='ocrx_word' id='word_1_113' title='bbox 711 3649 889 3746; x_wconf 76' lang='lat' dir='ltr'><strong><em>leqes</em></strong></span> <span class='ocrx_word' id='word_1_114' title='bbox 929 3648 1167 3722; x_wconf 84' lang='lat' dir='ltr'><strong><em>civiles</em></strong></span> <span class='ocrx_word' id='word_1_115' title='bbox 1210 3649 1590 3748; x_wconf 73' lang='lat' dir='ltr'><strong><em>obliyantes</em></strong></span> <span class='ocrx_word' id='word_1_116' title='bbox 1625 3663 1839 3723; x_wconf 90' lang='lat' dir='ltr'><strong><em>totam</em></strong></span> 
     </span>
     <span class='ocr_line' id='line_1_24' title="bbox 385 3772 1485 3871; baseline 0.002 -25"><span class='ocrx_word' id='word_1_117' title='bbox 385 3772 777 3848; x_wconf 82' lang='lat' dir='ltr'><strong><em>Ecclesiam</em></strong></span> <span class='ocrx_word' id='word_1_118' title='bbox 807 3774 899 3847; x_wconf 89' lang='lat' dir='ltr'><strong><em>sit</em></strong></span> <span class='ocrx_word' id='word_1_119' title='bbox 931 3774 1005 3847; x_wconf 88' lang='lat' dir='ltr'><strong><em>in</em></strong></span> <span class='ocrx_word' id='word_1_120' title='bbox 1038 3774 1485 3871; x_wconf 88' lang='lat' dir='ltr'><strong><em>imperatore.</em></strong></span> 
     </span>
    </p>

    <p class='ocr_par' dir='ltr' id='par_1_13' title="bbox 283 3893 1844 4356">
     <span class='ocr_line' id='line_1_25' title="bbox 283 3893 1844 3991; baseline -0.001 -24"><span class='ocrx_word' id='word_1_121' title='bbox 283 3893 448 3967; x_wconf 71' lang='lat' dir='ltr'><strong><em>Cn».</em></strong></span> <span class='ocrx_word' id='word_1_122' title='bbox 479 3894 660 3967; x_wconf 87' lang='lat' dir='ltr'><strong>VIII.</strong></span> <span class='ocrx_word' id='word_1_123' title='bbox 699 3894 1094 3970; x_wconf 87' lang='lat' dir='ltr'><strong><em>Corollaria</em></strong></span> <span class='ocrx_word' id='word_1_124' title='bbox 1120 3919 1207 3968; x_wconf 76' lang='lat' dir='ltr'><strong><em>ea:</em></strong></span> <span class='ocrx_word' id='word_1_125' title='bbox 1241 3896 1663 3991; x_wconf 84' lang='lat' dir='ltr'><strong><em>praecedenti</em></strong></span> <span class='ocrx_word' id='word_1_126' title='bbox 1686 3895 1844 3968; x_wconf 90' lang='lat' dir='ltr'><strong><em>doc-</em></strong></span> 
     </span>
     <span class='ocr_line' id='line_1_26' title="bbox 389 4016 1844 4115; baseline 0.001 -27"><span class='ocrx_word' id='word_1_127' title='bbox 389 4017 596 4101; x_wconf 87' lang='lat' dir='ltr'><strong><em>trina,</em></strong></span> <span class='ocrx_word' id='word_1_128' title='bbox 640 4016 887 4115; x_wconf 85' lang='lat' dir='ltr'><strong><em>quibus</em></strong></span> <span class='ocrx_word' id='word_1_129' title='bbox 921 4031 1225 4112; x_wconf 88' lang='lat' dir='ltr'><strong><em>potestas</em></strong></span> <span class='ocrx_word' id='word_1_130' title='bbox 1279 4017 1750 4112; x_wconf 88' lang='lat' dir='ltr'><strong><em>imperatoris,</em></strong></span> <span class='ocrx_word' id='word_1_131' title='bbox 1778 4031 1844 4089; x_wconf 85' lang='lat' dir='ltr'><strong><em>et</em></strong></span> 
     </span>
     <span class='ocr_line' id='line_1_27' title="bbox 388 4139 1843 4237; baseline -0.001 -26"><span class='ocrx_word' id='word_1_132' title='bbox 388 4140 613 4237; x_wconf 75' lang='lat' dir='ltr'><strong><em>lequm</em></strong></span> <span class='ocrx_word' id='word_1_133' title='bbox 650 4140 964 4213; x_wconf 85' lang='lat' dir='ltr'><strong><em>civilium</em></strong></span> <span class='ocrx_word' id='word_1_134' title='bbox 983 4139 1175 4236; x_wconf 81' lang='lat' dir='ltr'><strong><em>juris</em></strong></span> <span class='ocrx_word' id='word_1_135' title='bbox 1207 4139 1593 4211; x_wconf 86' lang='lat' dir='ltr'><strong><em>communis</em></strong></span> <span class='ocrx_word' id='word_1_136' title='bbox 1620 4139 1843 4234; x_wconf 75' lang='lat' dir='ltr'><strong><em>maqis</em></strong></span> 
     </span>
     <span class='ocr_line' id='line_1_28' title="bbox 386 4262 802 4356; baseline -0.005 -23"><span class='ocrx_word' id='word_1_137' title='bbox 386 4262 802 4356; x_wconf 79' lang='lat' dir='ltr'><strong><em>explicatur.</em></strong></span> 
     </span>
    </p>

    <p class='ocr_par' dir='ltr' id='par_1_14' title="bbox 280 4381 1838 4603">
     <span class='ocr_line' id='line_1_29' title="bbox 280 4381 1838 4479; baseline -0.003 -21"><span class='ocrx_word' id='word_1_138' title='bbox 280 4385 445 4458; x_wconf 65' lang='lat' dir='ltr'><strong><em>Cn».</em></strong></span> <span class='ocrx_word' id='word_1_139' title='bbox 507 4386 629 4456; x_wconf 91' lang='lat' dir='ltr'><strong><em>IX.</em></strong></span> <span class='ocrx_word' id='word_1_140' title='bbox 687 4383 901 4478; x_wconf 82' lang='lat' dir='ltr'><strong><em>Apud</em></strong></span> <span class='ocrx_word' id='word_1_141' title='bbox 954 4407 1123 4479; x_wconf 85' lang='lat' dir='ltr'><strong><em>quos</em></strong></span> <span class='ocrx_word' id='word_1_142' title='bbox 1180 4381 1273 4455; x_wconf 89' lang='lat' dir='ltr'><strong><em>sit</em></strong></span> <span class='ocrx_word' id='word_1_143' title='bbox 1319 4393 1623 4479; x_wconf 89' lang='lat' dir='ltr'><strong><em>potestas</em></strong></span> <span class='ocrx_word' id='word_1_144' title='bbox 1669 4405 1838 4454; x_wconf 89' lang='lat' dir='ltr'><strong><em>con-</em></strong></span> 
     </span>
     <span class='ocr_line' id='line_1_30' title="bbox 384 4505 1600 4603; baseline -0.002 -24"><span class='ocrx_word' id='word_1_145' title='bbox 384 4507 596 4582; x_wconf 85' lang='lat' dir='ltr'><strong><em>dendi</em></strong></span> <span class='ocrx_word' id='word_1_146' title='bbox 635 4507 813 4603; x_wconf 76' lang='lat' dir='ltr'><strong><em>leqes</em></strong></span> <span class='ocrx_word' id='word_1_147' title='bbox 850 4507 1089 4580; x_wconf 86' lang='lat' dir='ltr'><strong><em>civiles</em></strong></span> <span class='ocrx_word' id='word_1_148' title='bbox 1121 4507 1305 4579; x_wconf 87' lang='lat' dir='ltr'><strong><em>inter</em></strong></span> <span class='ocrx_word' id='word_1_149' title='bbox 1336 4505 1600 4602; x_wconf 76' lang='lat' dir='ltr'><strong><em>fideleS.</em></strong></span> 
     </span>
    </p>

    <p class='ocr_par' dir='ltr' id='par_1_15' title="bbox 282 4629 1842 4973">
     <span class='ocr_line' id='line_1_31' title="bbox 282 4629 1842 4727; baseline -0.003 -21"><span class='ocrx_word' id='word_1_150' title='bbox 282 4633 446 4706; x_wconf 66' lang='lat' dir='ltr'><strong><em>Cn».</em></strong></span> <span class='ocrx_word' id='word_1_151' title='bbox 504 4634 592 4706; x_wconf 87' lang='lat' dir='ltr'><strong><em>X.</em></strong></span> <span class='ocrx_word' id='word_1_152' title='bbox 648 4630 904 4705; x_wconf 82' lang='lat' dir='ltr'><strong><em>Utrum</em></strong></span> <span class='ocrx_word' id='word_1_153' title='bbox 965 4644 1267 4727; x_wconf 88' lang='lat' dir='ltr'><strong><em>potestas</em></strong></span> <span class='ocrx_word' id='word_1_154' title='bbox 1328 4630 1603 4727; x_wconf 85' lang='lat' dir='ltr'><strong><em>ferendi</em></strong></span> <span class='ocrx_word' id='word_1_155' title='bbox 1664 4629 1842 4727; x_wconf 82' lang='lat' dir='ltr'><strong><em>le9es</em></strong></span> 
     </span>
     <span class='ocr_line' id='line_1_32' title="bbox 384 4752 1840 4852; baseline -0.001 -24"><span class='ocrx_word' id='word_1_156' title='bbox 384 4755 620 4830; x_wconf 88' lang='lat' dir='ltr'><strong><em>civiles</em></strong></span> <span class='ocrx_word' id='word_1_157' title='bbox 675 4756 975 4852; x_wconf 87' lang='lat' dir='ltr'><strong><em>pendeat</em></strong></span> <span class='ocrx_word' id='word_1_158' title='bbox 1032 4779 1118 4828; x_wconf 75' lang='lat' dir='ltr'><strong><em>ex</em></strong></span> <span class='ocrx_word' id='word_1_159' title='bbox 1178 4754 1344 4851; x_wconf 80' lang='lat' dir='ltr'><strong><em>fide,</em></strong></span> <span class='ocrx_word' id='word_1_160' title='bbox 1376 4755 1486 4827; x_wconf 88' lang='lat' dir='ltr'><strong><em>vel</em></strong></span> <span class='ocrx_word' id='word_1_161' title='bbox 1531 4752 1840 4827; x_wconf 86' lang='lat' dir='ltr'><strong><em>moribus</em></strong></span> 
     </span>
     <span class='ocr_line' id='line_1_33' title="bbox 383 4876 751 4973; baseline 0.003 -25"><span class='ocrx_word' id='word_1_162' title='bbox 383 4876 751 4973; x_wconf 86' lang='lat' dir='ltr'><strong><em>principis.</em></strong></span> 
     </span>
    </p>

    <p class='ocr_par' dir='ltr' id='par_1_16' title="bbox 286 4983 1841 5585">
     <span class='ocr_line' id='line_1_34' title="bbox 286 4983 1841 5094; baseline -0.003 -23"><span class='ocrx_word' id='word_1_163' title='bbox 286 4996 450 5071; x_wconf 68' lang='lat' dir='ltr'><strong><em>Gn».</em></strong></span> <span class='ocrx_word' id='word_1_164' title='bbox 509 4998 631 5070; x_wconf 91' lang='lat' dir='ltr'><strong><em>XI.</em></strong></span> <span class='ocrx_word' id='word_1_165' title='bbox 695 4997 941 5071; x_wconf 85' lang='lat' dir='ltr'><strong><em>Utrum</em></strong></span> <span class='ocrx_word' id='word_1_166' title='bbox 973 4997 1135 5094; x_wconf 81' lang='lat' dir='ltr'><strong><em>finis</em></strong></span> <span class='ocrx_word' id='word_1_167' title='bbox 1162 4983 1523 5093; x_wconf 83' lang='lat' dir='ltr'><strong><em>potestat-is</em></strong></span> <span class='ocrx_word' id='word_1_168' title='bbox 1564 5009 1631 5069; x_wconf 92' lang='lat' dir='ltr'><strong><em>et</em></strong></span> <span class='ocrx_word' id='word_1_169' title='bbox 1673 4993 1841 5092; x_wconf 73' lang='lat' dir='ltr'><strong><em>leyis</em></strong></span> 
     </span>
     <span class='ocr_line' id='line_1_35' title="bbox 386 5097 1840 5213; baseline -0.001 -24"><span class='ocrx_word' id='word_1_170' title='bbox 386 5116 637 5201; x_wconf 88' lang='lat' dir='ltr'><strong><em>civilis,</em></strong></span> <span class='ocrx_word' id='word_1_171' title='bbox 676 5131 889 5213; x_wconf 88' lang='lat' dir='ltr'><strong><em>prout</em></strong></span> <span class='ocrx_word' id='word_1_172' title='bbox 923 5143 1104 5190; x_wconf 83' lang='lat' dir='ltr'><strong><em>nunc</em></strong></span> <span class='ocrx_word' id='word_1_173' title='bbox 1141 5097 1240 5191; x_wconf 82' lang='lat' dir='ltr'><strong><em>est</em></strong></span> <span class='ocrx_word' id='word_1_174' title='bbox 1269 5118 1344 5190; x_wconf 91' lang='lat' dir='ltr'><strong><em>in</em></strong></span> <span class='ocrx_word' id='word_1_175' title='bbox 1371 5115 1717 5200; x_wconf 84' lang='lat' dir='ltr'><strong><em>Ecclesia,</em></strong></span> <span class='ocrx_word' id='word_1_176' title='bbox 1747 5115 1840 5187; x_wconf 88' lang='lat' dir='ltr'><strong><em>sit</em></strong></span> 
     </span>
     <span class='ocr_line' id='line_1_36' title="bbox 385 5239 1828 5339; baseline -0.001 -26"><span class='ocrx_word' id='word_1_177' title='bbox 385 5241 569 5314; x_wconf 87' lang='lat' dir='ltr'><strong><em>alius</em></strong></span> <span class='ocrx_word' id='word_1_178' title='bbox 594 5268 639 5315; x_wconf 92' lang='lat' dir='ltr'><strong><em>a</em></strong></span> <span class='ocrx_word' id='word_1_179' title='bbox 661 5242 800 5339; x_wconf 79' lang='lat' dir='ltr'><strong><em>fine</em></strong></span> <span class='ocrx_word' id='word_1_180' title='bbox 828 5242 1136 5337; x_wconf 89' lang='lat' dir='ltr'><strong><em>ejusdem</em></strong></span> <span class='ocrx_word' id='word_1_181' title='bbox 1160 5243 1520 5337; x_wconf 89' lang='lat' dir='ltr'><strong><em>potestatis</em></strong></span> <span class='ocrx_word' id='word_1_182' title='bbox 1543 5252 1610 5313; x_wconf 92' lang='lat' dir='ltr'><strong><em>et</em></strong></span> <span class='ocrx_word' id='word_1_183' title='bbox 1636 5239 1828 5336; x_wconf 78' lang='lat' dir='ltr'><strong><em>leqis,</em></strong></span> 
     </span>
     <span class='ocr_line' id='line_1_37' title="bbox 382 5363 1836 5461; baseline -0.001 -24"><span class='ocrx_word' id='word_1_184' title='bbox 382 5378 459 5437; x_wconf 87' lang='lat' dir='ltr'><strong><em>ut</em></strong></span> <span class='ocrx_word' id='word_1_185' title='bbox 503 5365 578 5437; x_wconf 89' lang='lat' dir='ltr'><strong><em>in</em></strong></span> <span class='ocrx_word' id='word_1_186' title='bbox 618 5389 801 5460; x_wconf 87' lang='lat' dir='ltr'><strong><em>pura</em></strong></span> <span class='ocrx_word' id='word_1_187' title='bbox 847 5377 1106 5438; x_wconf 88' lang='lat' dir='ltr'><strong><em>natura</em></strong></span> <span class='ocrx_word' id='word_1_188' title='bbox 1148 5365 1257 5439; x_wconf 88' lang='lat' dir='ltr'><strong><em>vel</em></strong></span> <span class='ocrx_word' id='word_1_189' title='bbox 1300 5363 1614 5461; x_wconf 74' lang='lat' dir='ltr'><strong><em>qentibus</em></strong></span> <span class='ocrx_word' id='word_1_190' title='bbox 1643 5386 1836 5458; x_wconf 83' lang='lat' dir='ltr'><strong><em>spec-</em></strong></span> 
     </span>
     <span class='ocr_line' id='line_1_38' title="bbox 387 5487 800 5585; baseline 0.002 -25"><span class='ocrx_word' id='word_1_191' title='bbox 387 5487 524 5561; x_wconf 89' lang='lat' dir='ltr'><strong><em>tari</em></strong></span> <span class='ocrx_word' id='word_1_192' title='bbox 552 5501 800 5585; x_wconf 86' lang='lat' dir='ltr'><strong><em>potest.</em></strong></span> 
     </span>
    </p>
   </div>
   <div class='ocr_carea' id='block_1_8' title="bbox 1730 1337 1995 1390">
    <p class='ocr_par' dir='ltr' id='par_1_17' title="bbox 1730 1337 1995 1390">
     <span class='ocr_line' id='line_1_39' title="bbox 1730 1337 1995 1390; baseline -0.004 -2"><span class='ocrx_word' id='word_1_193' title='bbox 1730 1337 1995 1390; x_wconf 50' lang='grc' dir='ltr'>Θεῷ-Ξ)</span> 
     </span>
    </p>
   </div>
   <div class='ocr_carea' id='block_1_9' title="bbox 2001 1345 2580 1379">
    <p class='ocr_par' dir='ltr' id='par_1_18' title="bbox 2001 1345 2580 1379">
     <span class='ocr_line' id='line_1_40' title="bbox 2001 1345 2580 1379; baseline 0 4840"><span class='ocrx_word' id='word_1_194' title='bbox 2001 1345 2580 1379; x_wconf 95' lang='lat' dir='ltr'><strong><em> </em></strong></span> 
     </span>
    </p>
   </div>
   <div class='ocr_carea' id='block_1_10' title="bbox 1916 1565 3483 5347">
    <p class='ocr_par' dir='ltr' id='par_1_19' title="bbox 1916 1565 3478 2028">
     <span class='ocr_line' id='line_1_41' title="bbox 1916 1565 3477 1663; baseline 0.003 -24"><span class='ocrx_word' id='word_1_195' title='bbox 1916 1565 2081 1639; x_wconf 70' lang='grc' dir='ltr'><strong>ΟΜ).</strong></span> <span class='ocrx_word' id='word_1_196' title='bbox 2140 1567 2297 1638; x_wconf 88' lang='lat' dir='ltr'><strong><em>XII.</em></strong></span> <span class='ocrx_word' id='word_1_197' title='bbox 2362 1565 2608 1640; x_wconf 88' lang='lat' dir='ltr'><strong><em>Utrum</em></strong></span> <span class='ocrx_word' id='word_1_198' title='bbox 2669 1567 2848 1663; x_wconf 78' lang='lat' dir='ltr'><strong><em>leqes</em></strong></span> <span class='ocrx_word' id='word_1_199' title='bbox 2901 1567 3141 1641; x_wconf 88' lang='lat' dir='ltr'><strong><em>civiles</em></strong></span> <span class='ocrx_word' id='word_1_200' title='bbox 3190 1568 3267 1641; x_wconf 90' lang='lat' dir='ltr'><strong><em>in</em></strong></span> <span class='ocrx_word' id='word_1_201' title='bbox 3326 1569 3477 1643; x_wconf 92' lang='lat' dir='ltr'><strong><em>sola</em></strong></span> 
     </span>
     <span class='ocr_line' id='line_1_42' title="bbox 2014 1688 3477 1764; baseline 0.003 -5"><span class='ocrx_word' id='word_1_202' title='bbox 2014 1688 2315 1760; x_wconf 88' lang='lat' dir='ltr'><strong><em>materia</em></strong></span> <span class='ocrx_word' id='word_1_203' title='bbox 2379 1689 2662 1762; x_wconf 83' lang='lat' dir='ltr'><strong><em>honesta</em></strong></span> <span class='ocrx_word' id='word_1_204' title='bbox 2721 1705 3080 1763; x_wconf 88' lang='lat' dir='ltr'><strong><em>versentur</em></strong></span> <span class='ocrx_word' id='word_1_205' title='bbox 3140 1692 3477 1764; x_wconf 86' lang='lat' dir='ltr'><strong><em>virtutum</em></strong></span> 
     </span>
     <span class='ocr_line' id='line_1_43' title="bbox 2016 1809 3478 1908; baseline 0.003 -27"><span class='ocrx_word' id='word_1_206' title='bbox 2016 1809 2327 1882; x_wconf 87' lang='lat' dir='ltr'><strong><em>omnium</em></strong></span> <span class='ocrx_word' id='word_1_207' title='bbox 2379 1824 2575 1883; x_wconf 87' lang='lat' dir='ltr'><strong><em>actus</em></strong></span> <span class='ocrx_word' id='word_1_208' title='bbox 2617 1811 3113 1908; x_wconf 84' lang='lat' dir='ltr'><strong><em>praecipiendo,</em></strong></span> <span class='ocrx_word' id='word_1_209' title='bbox 3163 1814 3273 1887; x_wconf 86' lang='lat' dir='ltr'><strong><em>vel</em></strong></span> <span class='ocrx_word' id='word_1_210' title='bbox 3305 1813 3478 1885; x_wconf 84' lang='lat' dir='ltr'><strong><em>vitia</em></strong></span> 
     </span>
     <span class='ocr_line' id='line_1_44' title="bbox 2016 1931 2860 2028; baseline 0.006 -26"><span class='ocrx_word' id='word_1_211' title='bbox 2016 1931 2375 2005; x_wconf 88' lang='lat' dir='ltr'><strong><em>contraria</em></strong></span> <span class='ocrx_word' id='word_1_212' title='bbox 2408 1932 2860 2028; x_wconf 86' lang='lat' dir='ltr'><strong><em>prohibendo.</em></strong></span> 
     </span>
    </p>

    <p class='ocr_par' dir='ltr' id='par_1_20' title="bbox 1918 2056 3479 2376">
     <span class='ocr_line' id='line_1_45' title="bbox 1918 2056 3479 2158; baseline 0.001 -28"><span class='ocrx_word' id='word_1_213' title='bbox 1918 2056 2079 2130; x_wconf 67' lang='lat' dir='ltr'><strong><em>Cu».</em></strong></span> <span class='ocrx_word' id='word_1_214' title='bbox 2141 2058 2333 2129; x_wconf 87' lang='lat' dir='ltr'><strong>XIII.</strong></span> <span class='ocrx_word' id='word_1_215' title='bbox 2391 2059 2509 2130; x_wconf 88' lang='lat' dir='ltr'><strong><em>An</em></strong></span> <span class='ocrx_word' id='word_1_216' title='bbox 2551 2058 2662 2131; x_wconf 80' lang='lat' dir='ltr'><strong><em>Iex</em></strong></span> <span class='ocrx_word' id='word_1_217' title='bbox 2696 2058 2924 2131; x_wconf 88' lang='lat' dir='ltr'><strong><em>civilis</em></strong></span> <span class='ocrx_word' id='word_1_218' title='bbox 2957 2074 3225 2135; x_wconf 88' lang='lat' dir='ltr'><strong><em>tantum</em></strong></span> <span class='ocrx_word' id='word_1_219' title='bbox 3262 2062 3479 2158; x_wconf 87' lang='lat' dir='ltr'><strong><em>possit</em></strong></span> 
     </span>
     <span class='ocr_line' id='line_1_46' title="bbox 2017 2184 3478 2282; baseline 0.003 -28"><span class='ocrx_word' id='word_1_220' title='bbox 2017 2195 2337 2255; x_wconf 80' lang='lat' dir='ltr'><strong><em>externos</em></strong></span> <span class='ocrx_word' id='word_1_221' title='bbox 2384 2196 2579 2255; x_wconf 91' lang='lat' dir='ltr'><strong><em>actus</em></strong></span> <span class='ocrx_word' id='word_1_222' title='bbox 2620 2184 3001 2280; x_wconf 84' lang='lat' dir='ltr'><strong><em>praecipere</em></strong></span> <span class='ocrx_word' id='word_1_223' title='bbox 3056 2199 3177 2258; x_wconf 89' lang='lat' dir='ltr'><strong><em>aut</em></strong></span> <span class='ocrx_word' id='word_1_224' title='bbox 3237 2188 3478 2282; x_wconf 81' lang='lat' dir='ltr'><strong><em>prohi-</em></strong></span> 
     </span>
     <span class='ocr_line' id='line_1_47' title="bbox 2019 2304 2203 2376; baseline -0.011 0"><span class='ocrx_word' id='word_1_225' title='bbox 2019 2304 2203 2376; x_wconf 86' lang='lat' dir='ltr'><strong><em>bere.</em></strong></span> 
     </span>
    </p>

    <p class='ocr_par' dir='ltr' id='par_1_21' title="bbox 1916 2425 3480 2649">
     <span class='ocr_line' id='line_1_48' title="bbox 1916 2425 3480 2527; baseline 0.003 -26"><span class='ocrx_word' id='word_1_226' title='bbox 1916 2427 2079 2501; x_wconf 71' lang='lat' dir='ltr'><strong><em>Cn».</em></strong></span> <span class='ocrx_word' id='word_1_227' title='bbox 2125 2428 2307 2500; x_wconf 85' lang='lat' dir='ltr'><strong>XIV.</strong></span> <span class='ocrx_word' id='word_1_228' title='bbox 2358 2425 2603 2500; x_wconf 89' lang='lat' dir='ltr'><strong><em>Utrum</em></strong></span> <span class='ocrx_word' id='word_1_229' title='bbox 2630 2440 2825 2500; x_wconf 88' lang='lat' dir='ltr'><strong><em>actus</em></strong></span> <span class='ocrx_word' id='word_1_230' title='bbox 2847 2430 3241 2524; x_wconf 85' lang='lat' dir='ltr'><strong><em>proeteritus</em></strong></span> <span class='ocrx_word' id='word_1_231' title='bbox 3264 2432 3480 2527; x_wconf 88' lang='lat' dir='ltr'><strong><em>possit</em></strong></span> 
     </span>
     <span class='ocr_line' id='line_1_49' title="bbox 2020 2551 3192 2649; baseline 0.005 -26"><span class='ocrx_word' id='word_1_232' title='bbox 2020 2576 2164 2624; x_wconf 90' lang='lat' dir='ltr'><strong><em>esse</em></strong></span> <span class='ocrx_word' id='word_1_233' title='bbox 2196 2576 2284 2623; x_wconf 77' lang='lat' dir='ltr'><strong><em>ex</em></strong></span> <span class='ocrx_word' id='word_1_234' title='bbox 2309 2551 2612 2624; x_wconf 86' lang='lat' dir='ltr'><strong><em>materia</em></strong></span> <span class='ocrx_word' id='word_1_235' title='bbox 2649 2552 2817 2649; x_wconf 76' lang='lat' dir='ltr'><strong><em>leqis</em></strong></span> <span class='ocrx_word' id='word_1_236' title='bbox 2844 2554 3192 2628; x_wconf 85' lang='lat' dir='ltr'><strong><em>humanae.</em></strong></span> 
     </span>
    </p>

    <p class='ocr_par' dir='ltr' id='par_1_22' title="bbox 1919 2673 3482 2993">
     <span class='ocr_line' id='line_1_50' title="bbox 1919 2673 3479 2772; baseline 0.003 -23"><span class='ocrx_word' id='word_1_237' title='bbox 1919 2675 2080 2749; x_wconf 69' lang='lat' dir='ltr'><strong><em>Cu».</em></strong></span> <span class='ocrx_word' id='word_1_238' title='bbox 2139 2676 2288 2748; x_wconf 87' lang='lat' dir='ltr'><strong><em>XV.</em></strong></span> <span class='ocrx_word' id='word_1_239' title='bbox 2349 2673 2518 2762; x_wconf 82' lang='lat' dir='ltr'><strong><em>Quae</em></strong></span> <span class='ocrx_word' id='word_1_240' title='bbox 2550 2676 2786 2772; x_wconf 81' lang='lat' dir='ltr'><strong><em>forma</em></strong></span> <span class='ocrx_word' id='word_1_241' title='bbox 2823 2692 3113 2752; x_wconf 80' lang='lat' dir='ltr'><strong><em>externa</em></strong></span> <span class='ocrx_word' id='word_1_242' title='bbox 3160 2704 3283 2753; x_wconf 87' lang='lat' dir='ltr'><strong><em>seu</em></strong></span> <span class='ocrx_word' id='word_1_243' title='bbox 3320 2704 3479 2753; x_wconf 87' lang='lat' dir='ltr'><strong><em>sen-</em></strong></span> 
     </span>
     <span class='ocr_line' id='line_1_51' title="bbox 2016 2797 3482 2900; baseline 0.005 -31"><span class='ocrx_word' id='word_1_244' title='bbox 2016 2797 2244 2870; x_wconf 85' lang='lat' dir='ltr'><strong><em>sibilis</em></strong></span> <span class='ocrx_word' id='word_1_245' title='bbox 2271 2799 2619 2871; x_wconf 87' lang='lat' dir='ltr'><strong><em>servanda</em></strong></span> <span class='ocrx_word' id='word_1_246' title='bbox 2647 2798 2742 2872; x_wconf 89' lang='lat' dir='ltr'><strong><em>sit</em></strong></span> <span class='ocrx_word' id='word_1_247' title='bbox 2773 2798 2847 2872; x_wconf 84' lang='lat' dir='ltr'><strong><em>in</em></strong></span> <span class='ocrx_word' id='word_1_248' title='bbox 2874 2801 3167 2897; x_wconf 83' lang='lat' dir='ltr'><strong><em>ferenda</em></strong></span> <span class='ocrx_word' id='word_1_249' title='bbox 3194 2804 3482 2900; x_wconf 82' lang='grc' dir='ltr'><em>Ι6961ιιι-</em></span> 
     </span>
     <span class='ocr_line' id='line_1_52' title="bbox 2018 2945 2257 2993; baseline -0.004 -1"><span class='ocrx_word' id='word_1_250' title='bbox 2018 2945 2257 2993; x_wconf 87' lang='lat' dir='ltr'><strong><em>mana.</em></strong></span> 
     </span>
    </p>

    <p class='ocr_par' dir='ltr' id='par_1_23' title="bbox 1922 3041 3482 3364">
     <span class='ocr_line' id='line_1_53' title="bbox 1922 3041 3481 3143; baseline 0.002 -27"><span class='ocrx_word' id='word_1_251' title='bbox 1922 3043 2086 3116; x_wconf 70' lang='lat' dir='ltr'><strong><em>Cu».</em></strong></span> <span class='ocrx_word' id='word_1_252' title='bbox 2143 3044 2323 3117; x_wconf 90' lang='lat' dir='ltr'><strong>XVI.</strong></span> <span class='ocrx_word' id='word_1_253' title='bbox 2386 3041 2554 3131; x_wconf 84' lang='lat' dir='ltr'><strong><em>Quae</em></strong></span> <span class='ocrx_word' id='word_1_254' title='bbox 2586 3044 3056 3143; x_wconf 77' lang='lat' dir='ltr'><strong><em>promulqatio</em></strong></span> <span class='ocrx_word' id='word_1_255' title='bbox 3087 3048 3481 3122; x_wconf 85' lang='lat' dir='ltr'><strong><em>necessaria</em></strong></span> 
     </span>
     <span class='ocr_line' id='line_1_54' title="bbox 2017 3166 3482 3268; baseline 0.003 -30"><span class='ocrx_word' id='word_1_256' title='bbox 2017 3167 2110 3238; x_wconf 89' lang='lat' dir='ltr'><strong><em>sit</em></strong></span> <span class='ocrx_word' id='word_1_257' title='bbox 2156 3166 2248 3238; x_wconf 94' lang='lat' dir='ltr'><strong><em>ad</em></strong></span> <span class='ocrx_word' id='word_1_258' title='bbox 2284 3167 2675 3262; x_wconf 79' lang='lat' dir='ltr'><strong><em>perfectam</em></strong></span> <span class='ocrx_word' id='word_1_259' title='bbox 2717 3169 3279 3268; x_wconf 78' lang='lat' dir='ltr'><strong><em>constitutionem</em></strong></span> <span class='ocrx_word' id='word_1_260' title='bbox 3314 3170 3482 3266; x_wconf 76' lang='lat' dir='ltr'><strong><em>leqis</em></strong></span> 
     </span>
     <span class='ocr_line' id='line_1_55' title="bbox 2020 3291 2273 3364; baseline -0.008 0"><span class='ocrx_word' id='word_1_261' title='bbox 2020 3291 2273 3364; x_wconf 88' lang='lat' dir='ltr'><strong><em>civilis.</em></strong></span> 
     </span>
    </p>

    <p class='ocr_par' dir='ltr' id='par_1_24' title="bbox 1921 3411 3483 3761">
     <span class='ocr_line' id='line_1_56' title="bbox 1921 3411 3483 3512; baseline 0.002 -25"><span class='ocrx_word' id='word_1_262' title='bbox 1921 3413 2086 3487; x_wconf 66' lang='lat' dir='ltr'><strong><em>Cu».</em></strong></span> <span class='ocrx_word' id='word_1_263' title='bbox 2145 3413 2359 3486; x_wconf 88' lang='lat' dir='ltr'><strong>XVII.</strong></span> <span class='ocrx_word' id='word_1_264' title='bbox 2420 3411 2712 3501; x_wconf 87' lang='lat' dir='ltr'><strong><em>Quando</em></strong></span> <span class='ocrx_word' id='word_1_265' title='bbox 2778 3428 2846 3488; x_wconf 93' lang='lat' dir='ltr'><strong><em>et</em></strong></span> <span class='ocrx_word' id='word_1_266' title='bbox 2900 3416 3241 3512; x_wconf 90' lang='lat' dir='ltr'><strong><em>quomodo</em></strong></span> <span class='ocrx_word' id='word_1_267' title='bbox 3299 3416 3483 3490; x_wconf 88' lang='lat' dir='ltr'><strong><em>inci-</em></strong></span> 
     </span>
     <span class='ocr_line' id='line_1_57' title="bbox 2019 3535 3482 3633; baseline 0.003 -24"><span class='ocrx_word' id='word_1_268' title='bbox 2019 3536 2171 3633; x_wconf 88' lang='lat' dir='ltr'><strong><em>piat</em></strong></span> <span class='ocrx_word' id='word_1_269' title='bbox 2206 3535 2514 3633; x_wconf 75' lang='lat' dir='ltr'><strong><em>obliqare</em></strong></span> <span class='ocrx_word' id='word_1_270' title='bbox 2556 3537 2668 3609; x_wconf 79' lang='lat' dir='ltr'><strong><em>lex</em></strong></span> <span class='ocrx_word' id='word_1_271' title='bbox 2693 3537 2921 3610; x_wconf 90' lang='lat' dir='ltr'><strong><em>civilis</em></strong></span> <span class='ocrx_word' id='word_1_272' title='bbox 2955 3562 3042 3611; x_wconf 79' lang='lat' dir='ltr'><strong><em>ex</em></strong></span> <span class='ocrx_word' id='word_1_273' title='bbox 3070 3554 3328 3613; x_wconf 88' lang='lat' dir='ltr'><strong><em>natura</em></strong></span> <span class='ocrx_word' id='word_1_274' title='bbox 3353 3565 3482 3614; x_wconf 87' lang='lat' dir='ltr'><strong><em>sua</em></strong></span> 
     </span>
     <span class='ocr_line' id='line_1_58' title="bbox 2018 3660 3472 3761; baseline 0.002 -27"><span class='ocrx_word' id='word_1_275' title='bbox 2018 3674 2386 3758; x_wconf 85' lang='lat' dir='ltr'><strong><em>postquam</em></strong></span> <span class='ocrx_word' id='word_1_276' title='bbox 2417 3673 2518 3733; x_wconf 90' lang='lat' dir='ltr'><strong><em>est</em></strong></span> <span class='ocrx_word' id='word_1_277' title='bbox 2549 3660 2982 3758; x_wconf 81' lang='lat' dir='ltr'><strong><em>sufficienter</em></strong></span> <span class='ocrx_word' id='word_1_278' title='bbox 3006 3664 3472 3761; x_wconf 75' lang='lat' dir='ltr'><strong><em>promulqata.</em></strong></span> 
     </span>
    </p>

    <p class='ocr_par' dir='ltr' id='par_1_25' title="bbox 1919 3784 3481 4001">
     <span class='ocr_line' id='line_1_59' title="bbox 1919 3784 3481 3881; baseline 0 -23"><span class='ocrx_word' id='word_1_279' title='bbox 1919 3785 2083 3859; x_wconf 71' lang='lat' dir='ltr'><strong><em>Qu».</em></strong></span> <span class='ocrx_word' id='word_1_280' title='bbox 2128 3784 2375 3857; x_wconf 87' lang='lat' dir='ltr'><strong>XVIII.</strong></span> <span class='ocrx_word' id='word_1_281' title='bbox 2421 3784 2525 3857; x_wconf 91' lang='lat' dir='ltr'><strong><em>De</em></strong></span> <span class='ocrx_word' id='word_1_282' title='bbox 2562 3798 2865 3880; x_wconf 90' lang='lat' dir='ltr'><strong><em>tempore</em></strong></span> <span class='ocrx_word' id='word_1_283' title='bbox 2899 3785 2973 3857; x_wconf 86' lang='lat' dir='ltr'><strong><em>in</em></strong></span> <span class='ocrx_word' id='word_1_284' title='bbox 3009 3810 3140 3881; x_wconf 91' lang='lat' dir='ltr'><strong><em>quo</em></strong></span> <span class='ocrx_word' id='word_1_285' title='bbox 3169 3787 3280 3860; x_wconf 79' lang='lat' dir='ltr'><strong><em>lex</em></strong></span> <span class='ocrx_word' id='word_1_286' title='bbox 3310 3786 3481 3859; x_wconf 86' lang='lat' dir='ltr'><strong><em>inci-</em></strong></span> 
     </span>
     <span class='ocr_line' id='line_1_60' title="bbox 2022 3905 3278 4001; baseline 0.004 -24"><span class='ocrx_word' id='word_1_287' title='bbox 2022 3906 2127 4001; x_wconf 88' lang='lat' dir='ltr'><strong><em>pit</em></strong></span> <span class='ocrx_word' id='word_1_288' title='bbox 2161 3905 2469 4001; x_wconf 76' lang='lat' dir='ltr'><strong><em>obliqare</em></strong></span> <span class='ocrx_word' id='word_1_289' title='bbox 2496 3906 2873 3978; x_wconf 88' lang='lat' dir='ltr'><strong><em>secundum</em></strong></span> <span class='ocrx_word' id='word_1_290' title='bbox 2892 3905 3018 4000; x_wconf 91' lang='lat' dir='ltr'><strong><em>jus</em></strong></span> <span class='ocrx_word' id='word_1_291' title='bbox 3049 3908 3278 3982; x_wconf 88' lang='lat' dir='ltr'><strong><em>civile.</em></strong></span> 
     </span>
    </p>

    <p class='ocr_par' dir='ltr' id='par_1_26' title="bbox 1926 4026 3479 4366">
     <span class='ocr_line' id='line_1_61' title="bbox 1926 4026 3479 4126; baseline 0.004 -26"><span class='ocrx_word' id='word_1_292' title='bbox 1926 4027 2088 4100; x_wconf 67' lang='lat' dir='ltr'><strong><em>Cn».</em></strong></span> <span class='ocrx_word' id='word_1_293' title='bbox 2147 4028 2336 4100; x_wconf 88' lang='lat' dir='ltr'><strong>XIX.</strong></span> <span class='ocrx_word' id='word_1_294' title='bbox 2402 4026 2648 4100; x_wconf 84' lang='lat' dir='ltr'><strong><em>Utrum</em></strong></span> <span class='ocrx_word' id='word_1_295' title='bbox 2690 4029 3074 4124; x_wconf 88' lang='lat' dir='ltr'><strong><em>acceptatio</em></strong></span> <span class='ocrx_word' id='word_1_296' title='bbox 3113 4033 3354 4126; x_wconf 86' lang='lat' dir='ltr'><strong><em>populi</em></strong></span> <span class='ocrx_word' id='word_1_297' title='bbox 3387 4032 3479 4105; x_wconf 88' lang='lat' dir='ltr'><strong><em>sit</em></strong></span> 
     </span>
     <span class='ocr_line' id='line_1_62' title="bbox 2023 4143 3479 4246; baseline 0.005 -30"><span class='ocrx_word' id='word_1_298' title='bbox 2023 4143 2419 4217; x_wconf 86' lang='lat' dir='ltr'><strong><em>necessaria</em></strong></span> <span class='ocrx_word' id='word_1_299' title='bbox 2469 4144 2545 4216; x_wconf 89' lang='lat' dir='ltr'><strong><em>in</em></strong></span> <span class='ocrx_word' id='word_1_300' title='bbox 2600 4144 2744 4240; x_wconf 84' lang='lat' dir='ltr'><strong><em>le9e</em></strong></span> <span class='ocrx_word' id='word_1_301' title='bbox 2799 4145 2991 4218; x_wconf 87' lang='lat' dir='ltr'><strong><em>civili</em></strong></span> <span class='ocrx_word' id='word_1_302' title='bbox 3047 4159 3123 4219; x_wconf 90' lang='lat' dir='ltr'><strong><em>ut</em></strong></span> <span class='ocrx_word' id='word_1_303' title='bbox 3173 4151 3479 4246; x_wconf 80' lang='lat' dir='ltr'><strong><em>perfecte</em></strong></span> 
     </span>
     <span class='ocr_line' id='line_1_63' title="bbox 2022 4264 3471 4366; baseline 0.006 -29"><span class='ocrx_word' id='word_1_304' title='bbox 2022 4265 2507 4356; x_wconf 85' lang='lat' dir='ltr'><strong><em>constituatur,</em></strong></span> <span class='ocrx_word' id='word_1_305' title='bbox 2543 4280 2609 4339; x_wconf 92' lang='lat' dir='ltr'><strong><em>et</em></strong></span> <span class='ocrx_word' id='word_1_306' title='bbox 2642 4264 2786 4337; x_wconf 86' lang='lat' dir='ltr'><strong><em>vim</em></strong></span> <span class='ocrx_word' id='word_1_307' title='bbox 2812 4266 3062 4339; x_wconf 86' lang='lat' dir='ltr'><strong><em>habeat</em></strong></span> <span class='ocrx_word' id='word_1_308' title='bbox 3090 4269 3471 4366; x_wconf 75' lang='lat' dir='ltr'><strong><em>obliqandi.</em></strong></span> 
     </span>
    </p>

    <p class='ocr_par' dir='ltr' id='par_1_27' title="bbox 1922 4387 3478 4730">
     <span class='ocr_line' id='line_1_64' title="bbox 1922 4387 3473 4490; baseline 0.005 -29"><span class='ocrx_word' id='word_1_309' title='bbox 1922 4387 2085 4461; x_wconf 65' lang='lat' dir='ltr'><strong><em>Cn».</em></strong></span> <span class='ocrx_word' id='word_1_310' title='bbox 2141 4388 2297 4460; x_wconf 90' lang='lat' dir='ltr'><strong><em>XX.</em></strong></span> <span class='ocrx_word' id='word_1_311' title='bbox 2361 4387 2606 4462; x_wconf 84' lang='lat' dir='ltr'><strong><em>Utrum</em></strong></span> <span class='ocrx_word' id='word_1_312' title='bbox 2670 4387 2960 4463; x_wconf 87' lang='lat' dir='ltr'><strong><em>intentio</em></strong></span> <span class='ocrx_word' id='word_1_313' title='bbox 3033 4391 3473 4490; x_wconf 74' lang='lat' dir='ltr'><strong><em>leqislatoris‚</em></strong></span> 
     </span>
     <span class='ocr_line' id='line_1_65' title="bbox 2020 4513 3478 4615; baseline 0.006 -30"><span class='ocrx_word' id='word_1_314' title='bbox 2020 4537 2141 4585; x_wconf 91' lang='lat' dir='ltr'><strong><em>seu</em></strong></span> <span class='ocrx_word' id='word_1_315' title='bbox 2198 4514 2381 4587; x_wconf 90' lang='lat' dir='ltr'><strong><em>ratio</em></strong></span> <span class='ocrx_word' id='word_1_316' title='bbox 2440 4513 2610 4611; x_wconf 74' lang='lat' dir='ltr'><strong><em>leyis</em></strong></span> <span class='ocrx_word' id='word_1_317' title='bbox 2663 4513 2756 4587; x_wconf 90' lang='lat' dir='ltr'><strong><em>sit</em></strong></span> <span class='ocrx_word' id='word_1_318' title='bbox 2808 4513 3188 4591; x_wconf 87' lang='lat' dir='ltr'><strong><em>intrinseca</em></strong></span> <span class='ocrx_word' id='word_1_319' title='bbox 3243 4519 3478 4615; x_wconf 81' lang='lat' dir='ltr'><strong><em>forma</em></strong></span> 
     </span>
     <span class='ocr_line' id='line_1_66' title="bbox 2023 4658 2196 4730; baseline -0.012 -23"><span class='ocrx_word' id='word_1_320' title='bbox 2023 4658 2196 4730; x_wconf 64' lang='lat' dir='ltr'><strong><em>ejus.</em></strong></span> 
     </span>
    </p>

    <p class='ocr_par' dir='ltr' id='par_1_28' title="bbox 1918 4754 3476 4977">
     <span class='ocr_line' id='line_1_67' title="bbox 1918 4754 3476 4857; baseline 0.004 -28"><span class='ocrx_word' id='word_1_321' title='bbox 1918 4755 2082 4829; x_wconf 70' lang='lat' dir='ltr'><strong><em>Cn».</em></strong></span> <span class='ocrx_word' id='word_1_322' title='bbox 2141 4756 2331 4828; x_wconf 90' lang='lat' dir='ltr'><strong>XXI.</strong></span> <span class='ocrx_word' id='word_1_323' title='bbox 2394 4754 2640 4829; x_wconf 89' lang='lat' dir='ltr'><strong><em>Utrum</em></strong></span> <span class='ocrx_word' id='word_1_324' title='bbox 2682 4758 2793 4831; x_wconf 80' lang='lat' dir='ltr'><strong><em>lex</em></strong></span> <span class='ocrx_word' id='word_1_325' title='bbox 2821 4758 3047 4832; x_wconf 88' lang='lat' dir='ltr'><strong><em>civilis</em></strong></span> <span class='ocrx_word' id='word_1_326' title='bbox 3069 4761 3286 4857; x_wconf 84' lang='lat' dir='ltr'><strong><em>possit</em></strong></span> <span class='ocrx_word' id='word_1_327' title='bbox 3306 4765 3476 4837; x_wconf 86' lang='lat' dir='ltr'><strong><em>sub-</em></strong></span> 
     </span>
     <span class='ocr_line' id='line_1_68' title="bbox 2019 4879 3128 4977; baseline 0.005 -25"><span class='ocrx_word' id='word_1_328' title='bbox 2019 4880 2200 4953; x_wconf 91' lang='lat' dir='ltr'><strong><em>ditos</em></strong></span> <span class='ocrx_word' id='word_1_329' title='bbox 2235 4879 2545 4977; x_wconf 75' lang='lat' dir='ltr'><strong><em>obliqare</em></strong></span> <span class='ocrx_word' id='word_1_330' title='bbox 2576 4881 2651 4953; x_wconf 90' lang='lat' dir='ltr'><strong><em>in</em></strong></span> <span class='ocrx_word' id='word_1_331' title='bbox 2680 4884 3128 4958; x_wconf 85' lang='lat' dir='ltr'><strong><em>conscientia.</em></strong></span> 
     </span>
    </p>

    <p class='ocr_par' dir='ltr' id='par_1_29' title="bbox 1918 4998 3475 5219">
     <span class='ocr_line' id='line_1_69' title="bbox 1918 4998 3475 5083; baseline 0.008 -12"><span class='ocrx_word' id='word_1_332' title='bbox 1918 4998 2082 5072; x_wconf 71' lang='lat' dir='ltr'><strong><em>Cn».</em></strong></span> <span class='ocrx_word' id='word_1_333' title='bbox 2138 4999 2362 5071; x_wconf 92' lang='lat' dir='ltr'><strong>XXII.</strong></span> <span class='ocrx_word' id='word_1_334' title='bbox 2428 4999 2675 5073; x_wconf 86' lang='lat' dir='ltr'><strong><em>Utrum</em></strong></span> <span class='ocrx_word' id='word_1_335' title='bbox 2726 5003 2950 5075; x_wconf 89' lang='lat' dir='ltr'><strong><em>omnis</em></strong></span> <span class='ocrx_word' id='word_1_336' title='bbox 3010 5004 3121 5077; x_wconf 78' lang='lat' dir='ltr'><strong><em>lex</em></strong></span> <span class='ocrx_word' id='word_1_337' title='bbox 3169 5008 3475 5083; x_wconf 82' lang='lat' dir='ltr'><strong><em>humana</em></strong></span> 
     </span>
     <span class='ocr_line' id='line_1_70' title="bbox 2017 5121 3276 5219; baseline 0.006 -25"><span class='ocrx_word' id='word_1_338' title='bbox 2017 5145 2138 5194; x_wconf 89' lang='lat' dir='ltr'><strong><em>seu</em></strong></span> <span class='ocrx_word' id='word_1_339' title='bbox 2165 5121 2392 5194; x_wconf 88' lang='lat' dir='ltr'><strong><em>civilis</em></strong></span> <span class='ocrx_word' id='word_1_340' title='bbox 2427 5122 2679 5219; x_wconf 77' lang='lat' dir='ltr'><strong><em>obliqet</em></strong></span> <span class='ocrx_word' id='word_1_341' title='bbox 2720 5124 2795 5195; x_wconf 87' lang='lat' dir='ltr'><strong><em>in</em></strong></span> <span class='ocrx_word' id='word_1_342' title='bbox 2828 5127 3276 5203; x_wconf 88' lang='lat' dir='ltr'><strong><em>conscientia.</em></strong></span> 
     </span>
    </p>

    <p class='ocr_par' dir='ltr' id='par_1_30' title="bbox 1920 5241 3475 5347">
     <span class='ocr_line' id='line_1_71' title="bbox 1920 5241 3475 5347; baseline 0.007 -33"><span class='ocrx_word' id='word_1_343' title='bbox 1920 5241 2086 5315; x_wconf 70' lang='lat' dir='ltr'><strong><em>Cu».</em></strong></span> <span class='ocrx_word' id='word_1_344' title='bbox 2143 5243 2400 5315; x_wconf 88' lang='lat' dir='ltr'><strong>XXIII.</strong></span> <span class='ocrx_word' id='word_1_345' title='bbox 2465 5242 2711 5316; x_wconf 86' lang='lat' dir='ltr'><strong><em>Utrum</em></strong></span> <span class='ocrx_word' id='word_1_346' title='bbox 2751 5242 2861 5316; x_wconf 78' lang='lat' dir='ltr'><strong><em>lex</em></strong></span> <span class='ocrx_word' id='word_1_347' title='bbox 2902 5245 3129 5320; x_wconf 86' lang='lat' dir='ltr'><strong><em>civilis</em></strong></span> <span class='ocrx_word' id='word_1_348' title='bbox 3175 5249 3249 5322; x_wconf 84' lang='lat' dir='ltr'><strong><em>in</em></strong></span> <span class='ocrx_word' id='word_1_349' title='bbox 3283 5276 3475 5347; x_wconf 79' lang='lat' dir='ltr'><strong><em>prce-</em></strong></span> 
     </span>
    </p>
   </div>
   <div class='ocr_carea' id='block_1_11' title="bbox 2012 5362 3472 5556">
    <p class='ocr_par' dir='ltr' id='par_1_31' title="bbox 2012 5362 3472 5556">
     <span class='ocr_line' id='line_1_72' title="bbox 2012 5362 3472 5464; baseline 0.008 -29"><span class='ocrx_word' id='word_1_350' title='bbox 2012 5362 2405 5457; x_wconf 87' lang='lat' dir='ltr'><strong><em>sumptione</em></strong></span> <span class='ocrx_word' id='word_1_351' title='bbox 2474 5363 2774 5459; x_wconf 80' lang='lat' dir='ltr'><strong><em>sundata</em></strong></span> <span class='ocrx_word' id='word_1_352' title='bbox 2842 5366 3096 5464; x_wconf 76' lang='lat' dir='ltr'><strong><em>obliqet</em></strong></span> <span class='ocrx_word' id='word_1_353' title='bbox 3163 5370 3241 5443; x_wconf 91' lang='lat' dir='ltr'><strong><em>in</em></strong></span> <span class='ocrx_word' id='word_1_354' title='bbox 3303 5396 3472 5446; x_wconf 89' lang='lat' dir='ltr'><strong><em>con-</em></strong></span> 
     </span>
     <span class='ocr_line' id='line_1_73' title="bbox 2013 5481 2331 5556; baseline -0.003 0"><span class='ocrx_word' id='word_1_355' title='bbox 2013 5481 2331 5556; x_wconf 87' lang='lat' dir='ltr'><strong><em>scientia.</em></strong></span> 
     </span>
    </p>
   </div>
  </div>
 </body>
</html>
