3976 6219
559 372 640 433 60

558 478 803 557 singula
835 478 1139 555 membra,
1191 484 1255 541 et
1293 496 1507 540 eorum
1548 479 2029 552 distinctionem,
2062 483 2125 537 et

558 570 813 629 modum
840 590 964 649 quo
1004 590 1116 650 per
1153 571 1357 649 legem
1391 571 1575 647 fiunt,
1606 572 1771 650 quod
1810 569 1990 631 facile
2017 569 2125 630 fiet

557 678 669 741 per
689 662 1077 723 difficultates
1093 663 1432 741 propositas
1458 663 1873 724 discurrendo.

641 756 699 815 3.
745 755 1137 832 Approbatm·
1186 756 1408 817 divisio
1457 757 1525 816 in
1570 762 1827 835 quatuor
1876 758 2124 835 effectus

560 845 1029 923 lestis—Prima
1046 852 1110 906 et
1135 846 1444 926 praecipua
1464 853 1627 907 erat:
1652 849 1797 927 quia
1825 847 2123 924 obligatio

560 941 654 995 est
683 936 1038 1016 adaequatus
1064 944 1127 999 et
1158 941 1379 999 unicus
1416 938 1673 1000 effectus
1713 941 2022 1019 praecepti,
2057 942 2124 999 ‘m

560 1044 685 1106 qua
718 1046 1041 1106 possumus
1078 1031 1345 1109 priorem
1388 1037 1629 1110 partem
1671 1032 2020 1106 admittere,
2061 1038 2125 1091 et

559 1136 791 1197 negare
828 1122 1269 1200 posteriorem:
1305 1123 1602 1202 quidquid
1632 1124 1802 1184 enim
1844 1124 1945 1184 lex
1982 1141 2126 1202 ope-

559 1218 734 1273 ratur
768 1214 977 1275 media
1011 1214 1411 1295 obligatione,
1458 1218 1703 1295 operari
1741 1216 2011 1291 videtur,
2054 1222 2127 1276 ut

560 1304 780 1383 probat
810 1305 968 1367 ratio
994 1306 1159 1367 facta
1184 1308 1259 1367 de
1292 1307 1561 1368 efficacia
1581 1309 1891 1387 praecepti,
1918 1314 1980 1368 et
2006 1308 2124 1368 hoc

563 1396 749 1457 modo
773 1398 897 1458 dici
929 1404 1131 1476 potest
1163 1399 1267 1459 ille
1301 1400 1551 1461 effectus
1574 1400 1961 1478 adaequatus:
1995 1418 2122 1461 non

560 1492 773 1547 tamen
800 1490 1041 1564 unicuS,
1067 1490 1215 1569 quia
1245 1492 1557 1552 mediante
1581 1490 1959 1569 obligatione
1982 1510 2126 1571 ope-

561 1584 735 1639 ratur
760 1581 937 1656 alios,
974 1588 1046 1641 ut
1073 1600 1150 1643 ex
1180 1583 1583 1661 sequentibus
1619 1582 1857 1662 patebit
1882 1583 2125 1643 discur-

560 1672 754 1733 rendo
778 1692 888 1751 per
908 1692 1121 1735 omnes
1148 1675 1398 1736 effectus
1423 1676 1598 1753 legis.

642 1766 703 1825 4.
732 1765 875 1839 Quoe
898 1767 1207 1830 distinctio
1234 1770 1321 1829 sit
1347 1770 1506 1831 incer
1526 1772 1888 1846 proecsptwm
1916 1772 1971 1829 et
1984 1785 2128 1845 pro-

562 1856 937 1919 hibitionem.
972 1890 1057 1904 —
1084 1860 1325 1921 Divisio
1366 1860 1519 1938 lsyis
1566 1860 1633 1921 in
1674 1860 2127 1935 affirmativam

564 1954 621 2010 et
658 1951 1001 2027 myctivam
1028 1978 1050 2011 .·
1088 1952 1443 2031 differentia
1482 1952 1644 2013 inter
1683 1958 2020 2031 utramque.
2045 1984 2130 1997 -

566 2042 850 2103 Secunda
885 2050 1019 2104 erat
1046 2044 1123 2104 de
1151 2044 1549 2105 distinctione
1575 2044 1865 2124 proecepti
1894 2050 1957 2105 et
1986 2061 2129 2123 pro-

562 2133 907 2209 bibitionis,
953 2154 1091 2215 quae
1120 2138 1299 2214 parvi
1335 2138 1636 2197 momenti
1682 2143 1797 2197 est.
1836 2137 2131 2197 Fatemur

565 2225 753 2285 etiam
785 2228 1091 2306 imprimis
1140 2234 1471 2307 utrumque
1521 2247 1600 2289 ex
1644 2228 1767 2289 illis
1810 2228 2128 2290 effectibus

564 2318 1009 2396 comprehendi
1058 2320 1174 2380 sub
1224 2320 1601 2399 obligatione
1653 2321 1829 2399 legis,
1886 2320 2128 2381 diverso

564 2414 774 2470 tamen
818 2412 1001 2473 modo
1044 2413 1335 2474 inducere
1382 2413 1849 2492 obligationem,
1898 2419 1961 2473 et
2011 2412 2128 2473 hoc

564 2501 713 2563 satis
749 2522 881 2564 esse
925 2512 995 2565 ut
1030 2506 1137 2566 illa
1164 2506 1290 2566 duo
1334 2507 1541 2585 priora
1588 2506 1869 2567 membra
1911 2505 2130 2566 distin-

564 2602 857 2672 guantur.
898 2598 1027 2657 Imo
1060 2598 1139 2658 ad
1170 2598 1287 2658 hoc
1313 2598 1803 2676 distinguuntur,
1834 2604 1904 2657 ut
1926 2596 2128 2657 decla-

568 2692 741 2747 retur
760 2687 961 2767 legem
982 2707 1109 2749 non
1132 2690 1331 2751 solum
1350 2708 1523 2769 posse
1543 2690 1819 2767 obligare
1836 2690 1915 2751 ad
1939 2708 2129 2767 agen-

571 2779 747 2855 dum,
792 2783 896 2842 sed
926 2783 1116 2843 etiam
1148 2783 1228 2845 ad
1265 2802 1392 2845 non
1430 2785 1764 2861 agendum.
1812 2785 1927 2844 Per
1962 2784 2128 2863 quod

571 2871 763 2932 etiam
782 2874 1048 2935 traditur
1066 2876 1339 2955 vulgaris
1362 2876 1581 2937 divisio
1595 2877 1749 2953 legis
1767 2876 1837 2937 in
1860 2876 2130 2937 affirma-

570 2964 763 3025 tivam
791 2972 855 3027 et
879 2969 1258 3045 negativam,
1289 2987 1427 3048 quae
1447 2969 1590 3029 licet
1614 2969 1869 3029 sortasse
1896 2986 2024 3029 non
2051 2970 2131 3029 sit

572 3058 933 3136 essentialia,
974 3059 1079 3121 sed
1108 3061 1284 3139 quasi
1324 3060 1683 3136 materialiS,
1726 3060 2133 3122 nihilominus

572 3168 701 3211 non
728 3156 821 3211 est
856 3153 1189 3232 superflua,
1216 3154 1321 3214 sed
1344 3155 1685 3214 necessaria
1712 3155 1793 3214 ad
1815 3155 1969 3216 duas
1995 3155 2132 3216 illas

572 3249 779 3322 partes
799 3246 1057 3323 justitiae
1085 3246 1498 3326 explicandas,
1540 3265 1691 3326 quas
1721 3247 1913 3308 David
1942 3249 2132 3308 etiam

573 3334 858 3397 distinxit
879 3339 976 3398 Ps.
1012 3340 1090 3400 36
1113 3339 1357 3400 dicens:
1392 3341 1645 3402 Declina
1666 3358 1705 3400 a
1732 3339 1913 3414 mal0,
1945 3345 2002 3400 st
2031 3343 2136 3414 sac

573 3428 805 3491 bonum.
846 3431 1243 3509 Deservitque
1285 3430 1363 3491 ad
1403 3431 1841 3493 declarandum
1874 3436 2012 3491 tum
2041 3431 2134 3490 di-

572 3537 781 3581 versos
822 3523 1035 3582 modos
1066 3523 1385 3602 obligandi
1422 3524 1600 3602 legis,
1636 3529 1775 3584 tum
1816 3523 2006 3584 etiam
2042 3524 2134 3583 di-

572 3629 779 3673 versos
808 3615 1021 3675 modos
1046 3617 1339 3694 peccandi
1362 3622 1579 3678 contra
1599 3616 1823 3694 legem.
1852 3617 2008 3676 Nam
2030 3616 2134 3676 lex

572 3704 944 3766 affirmativa
988 3707 1212 3768 dicitur
1250 3709 1528 3787 obligare
1571 3727 1835 3788 semper,
1874 3727 2002 3769 non
2040 3715 2133 3769 ta-

573 3814 719 3858 men
747 3817 859 3876 pro
900 3817 1163 3879 semper,
1202 3804 1349 3880 quia
1370 3821 1448 3862 ex
1470 3820 1595 3881 quo
1622 3801 1749 3862 lata
1786 3807 1876 3862 est
1911 3802 2134 3880 incipit

570 3888 871 3968 obligare,
920 3900 983 3954 et
1024 3912 1265 3972 semper
1309 3893 1545 3971 obligat
1577 3893 1873 3972 quamdiu
1919 3896 2125 3968 durat,

570 3982 719 4059 quia
746 3983 1039 4064 obligatio
1067 3992 1162 4047 est
1179 3987 1352 4065 quasi
1376 3986 1677 4046 naturalis
1694 3985 1945 4048 effectus
1968 3985 2102 4064 ejus
2106 4030 2127 4060 ,

570 4091 697 4134 non
726 4080 935 4137 tamen
965 4097 1076 4156 pro
1116 4095 1382 4158 semper,
1412 4078 1559 4157 quia
1590 4097 1717 4138 non
1754 4077 1991 4157 obligat
2015 4097 2129 4156 pro

569 4167 831 4246 singulis
863 4171 1193 4232 momentis
1222 4177 1331 4232 aut
1356 4170 1758 4250 temporibuS,
1789 4171 1897 4232 sed
1928 4171 2129 4232 solum

566 4278 681 4339 pro
718 4268 885 4324 certo
914 4269 1209 4342 tempore,
1244 4281 1357 4342 pro
1392 4281 1514 4342 quo
1541 4263 1809 4342 imponit
1832 4263 2130 4342 operandi

567 4369 744 4413 onus.
797 4355 922 4415 Lex
947 4361 1155 4417 autem
1196 4356 1485 4433 negativa
1526 4355 1763 4433 obligat
1798 4374 2040 4435 semper
2069 4361 2132 4417 et

567 4463 681 4524 pro
723 4464 987 4526 semper,
1036 4448 1183 4527 quia
1222 4455 1286 4509 et
1324 4449 1459 4526 ejus
1500 4448 1798 4526 obligatio
1838 4467 1981 4510 cum
2022 4449 2132 4510 illa

564 4555 809 4618 semper
830 4541 1035 4617 durat,
1061 4548 1124 4603 et
1145 4547 1396 4621 propter
1416 4543 1813 4621 negationem
1827 4559 2018 4620 quam
2037 4542 2134 4602 in-

566 4632 786 4707 cludit,
823 4651 933 4711 pro
970 4634 1142 4695 omni
1184 4640 1485 4713 tempore,
1530 4641 1595 4696 et
1636 4634 1913 4714 qualibet
1952 4640 2128 4713 parte

565 4723 999 4803 prohibitionis
1024 4743 1149 4786 suae
1176 4725 1435 4803 obligat,
1457 4728 1607 4805 quia
1638 4726 1888 4804 negatio
1911 4728 2128 4787 omnia

565 4816 849 4890 destruit,
890 4821 955 4877 et
990 4819 1137 4896 quia
1168 4819 1478 4880 abstinere
1512 4837 1550 4878 a
1592 4819 1757 4879 malo
1786 4835 2029 4896 semper
2065 4822 2127 4879 et

566 4928 679 4989 pro
704 4927 949 4990 semper
981 4914 1389 4972 necessarium
1414 4918 1524 4972 est.
1560 4913 1651 4972 Ex
1672 4913 1787 4972 hac
1815 4911 2008 4972 etiam
2034 4911 2127 4971 di-

565 5003 801 5064 visione
822 5004 1022 5065 oritur
1048 5003 1270 5064 divisio
1300 5009 1691 5082 peccatorum
1718 5004 1785 5063 in
1807 5010 2127 5083 peccatum

567 5097 1017 5159 commissionis
1058 5103 1121 5158 et
1168 5098 1555 5159 omissionis:
1613 5114 1761 5158 nam
1806 5102 2127 5175 peccatum

566 5190 1017 5251 commissionis
1052 5192 1429 5251 contrarium
1467 5197 1557 5252 oet
1600 5189 1727 5268 legi
1770 5190 2075 5267 negativae
2107 5209 2120 5247 :

570 5281 821 5343 omissio
852 5301 999 5343 vero
1044 5283 1456 5360 affirmativae,
1500 5289 1573 5343 ut
1616 5301 1694 5344 ex
1744 5282 2009 5342 materia
2052 5282 2128 5342 de

568 5377 833 5456 peccatis
872 5395 1175 5457 suppono.
1220 5378 1423 5456 Atque
1464 5378 1553 5438 ita
1595 5377 1847 5438 tandem
1892 5379 2130 5436 constat

567 5486 799 5531 nomen
827 5468 1117 5550 praecepti
1142 5487 1251 5530 seu
1276 5469 1527 5549 imperii
1552 5469 1939 5549 :equivocum
1966 5481 2126 5527 esse:

1554 380 1675 433 Lm.
1708 383 1753 435 1.
1784 380 1868 433 DE
1898 377 2155 431 NATURA
2186 372 2365 427 LEGIS
2395 372 2462 427 m
2493 372 2792 426 connum.

2205 475 2518 537 interdum
2541 473 2711 535 enim
2735 470 3045 550 significat
3065 470 3244 551 quasi
3266 488 3460 549 genus
3485 486 3763 531 commu-

2205 586 2285 629 ne
2313 568 2391 627 ad
2425 567 2787 645 negativum
2814 570 2879 625 et
2898 563 3341 624 affirmativum
3362 568 3760 641 praeceptum,

2204 680 2328 742 quo
2371 662 2555 722 modo
2600 661 2870 721 diximus
2914 658 2982 717 in
3026 656 3388 718 definitione
3433 656 3587 734 legis
3645 675 3766 717 esse

2192 759 2558 836 praeceptum
2579 770 2898 825 commune,
2920 756 3066 823 etc.;
3095 748 3427 828 aliquando
3454 765 3599 807 vero
3627 766 3766 826 spe-

2203 845 2438 907 cialiter
2477 845 2742 905 sumitur
2783 861 2896 921 pro
2932 841 3300 903 affirmativo
3337 845 3663 918 praecepto,
3701 842 3767 898 et

2203 939 2290 999 sic
2311 936 2710 1015 distinguitur
2732 955 2770 996 a
2791 934 3230 1013 prohibitione,
3255 939 3318 993 et
3338 933 3428 991 ita
3449 937 3767 1010 ponuntur

2203 1030 2312 1090 illa
2339 1029 2463 1088 duo
2491 1034 2792 1106 tanquam
2814 1026 3087 1086 distincti
3109 1026 3266 1103 legis
3291 1023 3561 1085 effectus.

2283 1123 2343 1182 5.
2401 1120 2608 1181 Tertia
2652 1118 2980 1179 difficultas
3033 1124 3168 1179 erat
3217 1117 3296 1177 de
3341 1116 3765 1195 permissione,

2204 1232 2394 1293 quam
2407 1214 2476 1273 D.
2495 1212 2762 1271 Thomas
2783 1212 2870 1271 ita
2891 1209 3268 1285 declarat,ut
3290 1209 3573 1269 videatur
3594 1207 3770 1267 illam

2203 1323 2432 1385 ponere
2469 1306 2536 1365 in
2562 1304 2694 1363 sola
2719 1304 3051 1379 negatione
3079 1302 3366 1381 praecepti
3403 1306 3467 1361 et
3494 1299 3770 1379 prohibi-

2205 1398 2428 1458 tionis:
2477 1396 2587 1456 illa
2615 1396 2783 1455 enim
2828 1395 3104 1473 permitti
3146 1394 3442 1453 dicuntur
3481 1411 3618 1471 quae
3653 1410 3773 1453 nec

2205 1489 2649 1569 praecipiuntur
2682 1506 2796 1548 nec
2833 1486 3266 1567 prohibentur.
3305 1486 3612 1563 Additque
3639 1502 3772 1543 ma-

2203 1583 2423 1643 teriam
2453 1580 2874 1659 permissionis
2901 1597 3032 1639 esse
3059 1586 3254 1653 actus,
3284 1577 3382 1638 vel
3408 1577 3770 1637 indifferen-

2205 1682 2320 1751 tes,
2351 1675 2452 1736 vel
2477 1692 2700 1754 parum
2727 1674 2923 1735 bonos
2943 1680 3005 1733 et
3033 1689 3252 1751 parum
3275 1670 3490 1731 malos.
3522 1672 3773 1731 Utrum-

2205 1788 2328 1848 que
2346 1775 2556 1830 autem
2573 1767 2801 1828 dictam
2818 1766 3244 1826 difficultatem
3263 1764 3471 1824 habet.
3487 1764 3771 1823 Primum

2207 1862 2483 1941 quidem,
2509 1859 2656 1938 quia
2681 1861 2776 1937 (ut
2801 1859 3194 1937 objiciebam)
3237 1857 3346 1917 illa
3367 1857 3618 1933 negatio
3641 1872 3774 1916 non

2207 1960 2300 2015 est
2326 1953 2580 2013 effectus
2605 1952 2782 2029 legis,
2813 1951 2920 2011 sed
2947 1954 3153 2029 potius
3183 1956 3278 2011 est
3297 1948 3550 2009 effectus
3583 1965 3776 2025 nega-

2208 2047 2395 2107 tionis
2423 2044 2744 2123 utriusque
2772 2044 2926 2121 legis
2952 2049 3081 2103 tam
3118 2042 3554 2122 praecipientiS,
3579 2056 3776 2119 quam

2209 2137 2618 2219 prohibentiS,
2677 2137 2826 2214 quia
2871 2137 3029 2195 sicut
3069 2135 3403 2196 affirmatio
3445 2139 3540 2195 est
3585 2150 3778 2193 causa

2207 2229 2661 2303 affirmationis,
2679 2231 2768 2288 ita
2785 2228 3036 2305 negatio
3057 2235 3149 2289 est
3175 2246 3362 2289 causa
3387 2226 3772 2305 negationis:

2207 2322 2527 2403 permissio
2553 2327 2763 2381 autem
2807 2321 2915 2381 illo
2956 2321 3140 2381 modo
3170 2320 3476 2381 declarata
3523 2318 3778 2397 negatio

2209 2419 2453 2477 tantum
2496 2419 2589 2474 est
2604 2436 2623 2487 3
2669 2431 2818 2491 crgo
2857 2431 2985 2473 non
3031 2418 3123 2475 est
3154 2413 3405 2473 effectus
3440 2410 3618 2489 legiS‚
3663 2410 3776 2471 sed

2209 2506 2560 2585 negationis
2604 2505 2782 2583 legis,
2835 2506 2913 2565 Et
2955 2504 3359 2565 confirmatur
3401 2508 3776 2582 argumento

2207 2599 2370 2659 facto
2399 2599 2466 2658 in
2497 2597 2868 2676 praecedenti
2897 2598 3121 2677 capite,
3141 2598 3290 2676 quia
3317 2597 3634 2677 permissio
3660 2594 3776 2654 illo

2210 2692 2395 2753 modo
2422 2709 2552 2752 non
2577 2690 2817 2750 inducit
2841 2689 3305 2769 obligationem,
3333 2708 3446 2751 nec
3468 2695 3561 2749 est
3589 2688 3780 2748 effec—

2208 2791 2311 2846 tus
2337 2784 2507 2862 ejus;
2539 2800 2687 2860 ergo
2716 2801 2844 2843 non
2871 2788 3071 2860 potest
3103 2800 3233 2843 esse
3270 2782 3522 2843 effectus
3548 2780 3723 2858 legis,

2290 2879 2350 2939 6.
2397 2876 2749 2937 Secundum
2776 2876 2966 2947 etiam
2994 2875 3072 2935 de
3100 2877 3360 2935 materia
3378 2873 3626 2935 difficile
3650 2878 3773 2946 est,

2209 2971 2414 3051 primo
2447 2988 2526 3030 ex
2573 2975 2748 3049 parte
2783 2975 3034 3029 actuum
3067 2968 3402 3043 malorum,
3445 2967 3593 3046 quia
3628 2966 3782 3025 licet

2213 3064 2337 3124 sint
2358 3080 2579 3142 parum
2605 3061 2774 3134 mali,
2807 3078 2934 3123 non
2962 3060 3406 3140 permittuntur
3431 3060 3568 3139 lege
3593 3064 3780 3120 aeter-

2213 3176 2297 3218 na
2345 3163 2407 3218 et
2432 3156 2726 3231 naturali,
2757 3161 2828 3214 ut
2848 3155 3054 3214 docuit
3073 3155 3481 3232 Augustinus,
3499 3153 3609 3214 lib.
3639 3156 3668 3212 1
3693 3152 3780 3212 de

2210 3250 2408 3310 libero
2436 3248 2730 3323 Arbitrio,
2761 3265 2894 3326 cap.
2928 3249 2966 3308 5
3006 3252 3069 3308 et
3099 3249 3160 3307 6.
3197 3247 3261 3308 Si
3288 3265 3435 3307 vero
3457 3247 3536 3308 sit
3565 3263 3776 3306 sermo

2213 3342 2290 3404 de
2318 3342 2454 3419 lege
2476 3341 2758 3421 positiva,
2781 3340 2969 3401 etiam
2991 3340 3263 3417 graviter
3285 3339 3435 3400 mali
3452 3338 3776 3399 interdum

2211 3435 2678 3513 permittuntur,
2700 3438 2772 3493 ut
2795 3438 2941 3492 sunt
2965 3431 3312 3506 fornicatio,
3337 3431 3776 3503 homicidium,

2213 3527 2540 3601 adulteria,
2569 3525 2779 3604 aliqua
2803 3531 2982 3604 pacta
3021 3525 3254 3602 injusta
3291 3530 3355 3588 et
3387 3523 3630 3584 similia.
3667 3523 3783 3583 Se-

2213 3618 2438 3692 cundo,
2464 3636 2541 3678 ex
2559 3623 2730 3696 parte
2753 3617 3061 3676 bonorum
3083 3623 3358 3692 actuum,
3380 3617 3532 3694 quia
3557 3616 3608 3674 si
3635 3633 3783 3693 per-

2212 3711 2421 3772 missio
2453 3711 2518 3771 in
2547 3710 2676 3770 sola
2698 3711 3025 3788 negatione
3054 3709 3352 3784 consistit,
3392 3709 3584 3787 aliqui
3623 3709 3782 3768 boni

2211 3810 2380 3865 actus
2408 3821 2524 3864 nec
2553 3802 3013 3883 praecipiuntur,
3035 3821 3148 3864 nec
3167 3803 3594 3882 prohibentur,
3623 3801 3782 3880 quia

2211 3902 2356 3956 sunt
2380 3895 2624 3975 optimi,
2656 3902 2719 3957 et
2740 3915 2817 3957 ex
2850 3895 3208 3956 melioribus
3243 3895 3443 3971 boniS,
3485 3901 3556 3954 ut
3579 3895 3778 3972 virgi-

2209 3989 2372 4049 nitas
2389 3994 2453 4049 et
2470 3988 2700 4049 similes
2712 3994 2904 4062 actus,
2918 3988 3026 4066 qui
3043 3987 3159 4048 sub
3171 3987 3496 4048 consilium
3513 3987 3770 4060 cadunt,

2209 4087 2272 4141 et
2287 4081 2374 4141 sic
2395 4080 2625 4157 Glossa,
2652 4081 2719 4140 in
2746 4079 2809 4142 d.
2842 4098 2977 4158 cap.
3007 4081 3186 4158 Leyis
3198 4082 3421 4155 virtus,
3443 4078 3601 4140 dixit
3627 4097 3780 4138 con-

2209 4172 2417 4233 silium
2441 4190 2570 4233 esse
2590 4190 2764 4252 posse
2791 4171 3080 4232 effectum
3103 4172 3278 4250 legia,
3295 4177 3358 4232 et
3375 4171 3490 4232 sub
3512 4170 3772 4250 permis-

2211 4265 2383 4326 sione
2405 4263 2864 4343 comprehendi.
2895 4264 3069 4336 Quod
3089 4264 3141 4323 si
3167 4263 3308 4342 quis
3323 4263 3592 4339 refugiat
3614 4279 3778 4321 con-

2210 4357 2424 4417 cedere
2453 4356 2605 4416 tales
2635 4361 2812 4415 actus
2837 4373 2966 4416 esse
3008 4355 3358 4435 permissoS,
3390 4373 3536 4432 sequ
3545 4355 3665 4414 itur
3708 4359 3779 4413 et

2210 4467 2338 4510 non
2359 4455 2526 4512 recte
2550 4448 2698 4527 poni
2715 4448 3182 4528 permissionem
3205 4449 3274 4508 in
3299 4447 3408 4508 illa
3428 4447 3559 4508 sola
3580 4465 3769 4524 nega·

2209 4541 2402 4616 tione,
2423 4547 2485 4602 et
2502 4540 2871 4602 divisionem
2887 4548 3139 4602 actuum
3161 4541 3369 4600 datam
3389 4559 3426 4602 a
3439 4541 3512 4602 D.
3529 4541 3776 4601 Thoma

2209 4651 2337 4695 esse
2367 4634 2869 4696 insufficientem.

2289 4729 2346 4787 7.
2393 4726 2632 4805 Duplam
2657 4745 2843 4806 ymas
2860 4727 3308 4805 permissionis,
3332 4726 3774 4805 juris.sciliosc

2207 4822 2261 4879 et
2287 4819 2467 4894 sacti.
2501 4851 2582 4864 —
2615 4818 2710 4880 Ad
2735 4817 3169 4898 explicandum
3213 4835 3360 4896 ergo
3389 4818 3557 4879 hunc
3588 4818 3773 4879 effec-

2205 4914 2346 4970 tum
2387 4910 2640 4971 adverto
2681 4911 2888 4990 'primo
2935 4910 3404 4989 permissionem
3452 4909 3772 4971 interdum

2207 5019 2336 5063 esse
2365 5003 2550 5064 solius
2579 5002 2748 5077 iacti,
2783 5002 3101 5064 interdum
3137 5002 3333 5080 juris3
3376 5003 3545 5081 prior
3591 5001 3772 5062 nullo

2207 5096 2392 5156 modo
2437 5096 2688 5173 ponitur
2725 5094 2976 5157 effectus
3005 5095 3184 5172 legiS,
3233 5094 3534 5172 posterior
3558 5097 3774 5152 autem

2208 5204 2338 5248 esse
2365 5192 2589 5266 potest,
2619 5188 2766 5266 quia
2805 5187 2906 5248 lex
2941 5187 3016 5246 ad
3051 5189 3153 5265 jus
3179 5185 3484 5265 pertinet,
3517 5203 3627 5245 seu
3662 5185 3772 5263 jus

2208 5279 2545 5342 constituit.
2583 5280 2926 5360 Utrumque
2965 5279 3036 5340 in
3063 5280 3186 5340 Deo
3224 5278 3567 5358 explicatur
3608 5277 3772 5356 opti·-

2208 5390 2310 5433 me
2337 5388 2354 5432 ε
2385 5389 2532 5432 nam
2567 5372 2620 5434 si
2649 5372 2882 5434 factum
2923 5371 3338 5442 attendamus,
3377 5371 3537 5430 Deus
3569 5370 3772 5430 multa

2209 5473 2458 5544 peccata
2485 5464 2810 5558 permittit,
2853 5465 3003 5544 quia
3041 5482 3186 5526 cum
3223 5468 3424 5542 posset
3462 5463 3768 5542 impedire
