3976 6219
754 405 890 457 CAP.
910 403 1041 454 xm.
1078 401 1163 453 AN
1185 403 1497 456 EFFECTUS
1519 407 1560 456 A
1579 405 1740 458 LEGE
1767 405 2074 458 INTENTUS
2097 406 2194 457 SIT
2214 407 2454 459 FACERE
2481 408 2777 461 summos
2795 408 3006 461 BONOS.

282 497 464 559 randi
494 501 894 582 imponendo,
917 504 1016 563 cui
1046 510 1341 563 consonat
1370 504 1523 564 illud
1546 506 1704 566 Psal.
1730 506 1842 566 18:

278 593 402 653 Lea>
454 596 703 658 Domini
736 596 1148 669 immaculata,
1200 603 1535 658 convertens
1579 598 1838 658 animae.

279 685 356 743 Et
382 685 545 747 infra
569 706 584 748 ε
610 690 985 767 Praeceptum
1020 688 1268 748 Domini
1295 688 1581 763 lucidum,
1605 689 1842 749 illwmi-

279 794 433 838 nans
474 783 722 842 occulos.

361 872 421 930 5.
468 872 573 931 Est
600 879 811 932 autem
852 871 1301 931 advertendum
1330 871 1590 931 Paulum
1619 872 1842 932 distin-

280 978 469 1037 guere
498 964 700 1041 legem
732 983 770 1025 a
798 964 1041 1041 gratia3
1074 963 1220 1041 quia
1270 963 1393 1037 lex,
1432 969 1504 1022 ut
1541 964 1666 1038 lex,
1697 964 1843 1023 licet

279 1055 561 1116 ostendat
603 1058 750 1135 quid
797 1056 1178 1134 operandum
1205 1055 1306 1129 sit,
1356 1073 1466 1133 per
1486 1074 1550 1115 se
1579 1074 1706 1115 non
1735 1056 1843 1115 dat

279 1146 441 1207 vires
463 1149 539 1208 ad
562 1150 626 1209 id
649 1148 1112 1227 exequendum3
1139 1147 1257 1207 hoc
1275 1148 1444 1208 enim
1467 1148 1546 1207 ad
1575 1148 1841 1225 gratiam

280 1247 527 1317 spectat.
549 1242 725 1302 Unde
746 1247 837 1301 est
859 1240 1011 1300 illud
1041 1240 1213 1300 Pauli
1235 1240 1315 1300 ad
1339 1241 1516 1300 Rom.
1551 1243 1586 1299 7
1611 1256 1628 1298 ε
1668 1241 1841 1304 Video

279 1332 468 1392 aliam
494 1334 677 1411 leyem
705 1335 772 1394 in
792 1333 1074 1394 membris
1098 1333 1247 1393 meis
1274 1337 1698 1409 rep‘aynantem
1722 1333 1841 1410 2092·

278 1425 496 1485 mentis
523 1444 688 1500 meoe,
719 1431 864 1499 etc„
895 1430 958 1485 et
986 1424 1190 1483 infra:
1241 1423 1392 1496 Quis
1434 1441 1522 1483 me
1564 1424 1840 1484 liberabit

281 1516 350 1575 de
368 1534 608 1593 corpore
631 1519 844 1577 mortis
870 1517 1053 1594 hujus
1071 1540 1094 1575 .·
1124 1521 1186 1575 et
1216 1515 1580 1594 respondet:
1618 1514 1840 1579 Gratia

189 1604 207 1618 ⁹
279 1607 400 1667 Dei
424 1624 535 1684 per
562 1608 615 1669 J
616 1625 779 1668 esum
822 1606 1167 1668 Christum:
1195 1607 1297 1667 lex
1330 1624 1502 1684 erg0,
1546 1607 1598 1665 si
1639 1606 1841 1666 multa

283 1699 598 1777 praecipiat
614 1704 676 1760 et
699 1700 852 1759 vires
864 1699 1156 1778 operandi
1172 1717 1297 1759 non
1314 1699 1604 1777 praebeat,
1618 1717 1839 1777 quam-

281 1791 377 1850 vis
408 1809 521 1869 per
543 1809 608 1851 se
636 1792 846 1851 tendat
875 1791 954 1851 ad
986 1792 1241 1866 bonum,
1272 1798 1468 1869 potest
1495 1808 1625 1851 esse
1659 1809 1838 1851 occa-

284 1880 376 1940 sio
405 1886 477 1942 ut
517 1882 704 1943 homo
739 1889 986 1961 propter
1021 1883 1417 1961 fragilitatem
1451 1900 1627 1942 suam
1669 1883 1842 1961 pejor

282 1971 414 2032 fiat.
447 1975 647 2052 Atque
670 1975 771 2035 hic
791 1982 880 2035 est
906 1993 1119 2035 sensus
1141 1976 1314 2035 Pauli
1336 1976 1403 2035 in
1430 1975 1736 2055 prloribus
1755 1976 1844 2034 lo-

280 2065 366 2125 cis
406 2086 421 2123 ε
476 2083 625 2126 nam
677 2068 809 2127 haec
854 2074 990 2127 erat
1036 2066 1363 2127 infirmitas
1392 2065 1562 2143 'legis
1602 2068 1843 2141 veteris,

280 2158 446 2235 quod
492 2159 689 2219 multa
727 2158 1005 2237 jubebat,
1047 2165 1109 2219 et
1142 2177 1270 2219 non
1301 2159 1585 2236 juvabat,
1618 2166 1680 2218 et
1708 2159 1848 2219 ideo

280 2250 506 2310 dicitur
543 2252 702 2310 iram
744 2258 805 2311 et
834 2258 1098 2311 mortem
1132 2257 1449 2330 operatam
1481 2253 1691 2326 fuisse,
1719 2271 1847 2311 non

284 2360 394 2421 per
424 2361 512 2416 se,
546 2342 645 2402 vel
671 2361 748 2403 ex
774 2343 1119 2403 intentione
1148 2361 1283 2417 sua,
1314 2343 1420 2403 sed
1443 2361 1553 2421 per
1578 2344 1846 2405 occasio-

282 2453 428 2495 nem
456 2435 535 2494 ab
557 2435 915 2495 hominibus
943 2442 1277 2514 acceptam.
1320 2435 1494 2495 Unde
1527 2454 1670 2494 oum
1697 2436 1848 2495 dici-

283 2532 386 2586 tur
407 2527 626 2605 posita,
652 2532 720 2588 ut
747 2529 1074 2588 abundaret
1098 2528 1397 2601 delictum,
1423 2527 1724 2605 particula
1750 2533 1838 2600 ut,

283 2637 410 2679 non
438 2619 742 2698 significat
762 2620 974 2696 finem,
1001 2620 1108 2680 sed
1135 2623 1656 2695 consecutionem,
1678 2623 1840 2699 quod

285 2712 352 2772 in
376 2713 480 2772 illa
509 2714 811 2791 particula
837 2721 927 2788 ut,
959 2714 1249 2792 frequens
1268 2721 1380 2789 est,
1413 2721 1474 2775 et
1501 2716 1843 2774 notandum

283 2805 349 2865 in
378 2806 719 2884 Scriptura:
748 2808 1000 2885 ponitur
1027 2813 1236 2868 autem
1278 2808 1356 2867 ad
1399 2808 1842 2884 denotandum,

282 2899 566 2959 effectum
589 2899 767 2959 illum
793 2901 1118 2978 praevisum
1139 2919 1266 2961 esse
1290 2919 1327 2960 a
1353 2902 1500 2976 Deo,
1530 2906 1590 2961 et
1611 2919 1686 2961 ex
1716 2920 1847 2980 spe-

284 2991 428 3052 ciali
450 2993 833 3070 providentia
858 2994 1249 3071 permissum,
1275 3000 1345 3054 ut
1363 2994 1647 3054 homines
1667 3013 1844 3055 suam

281 3085 706 3163 fragilitatem,
745 3092 806 3146 et
834 3087 1258 3148 necessitatem
1281 3087 1506 3148 divinae
1534 3087 1745 3165 gratiae
1774 3105 1847 3148 ac

282 3179 726 3256 redemptionis
753 3179 976 3239 Christi
1011 3186 1467 3258 cognoscerent.

364 3273 424 3330 6.
475 3272 756 3348 Opinatio
807 3273 1148 3350 aliquorum
1192 3273 1643 3334 leomistarum
1684 3273 1845 3334 cirea

283 3366 561 3441 effectum
590 3364 763 3442 lepis,
801 3364 1068 3439 faciendi
1105 3364 1331 3425 scilieet
1362 3365 1532 3426 bonos
1556 3365 1843 3426 sabditos.

281 3487 367 3500 —
405 3455 589 3533 Leyes
635 3456 840 3534 civiles
865 3474 981 3515 non
1009 3456 1199 3516 solam
1228 3456 1401 3517 bonos
1437 3456 1719 3530 civiliter,
1749 3458 1854 3518 sed

281 3547 620 3622 moraliter,
648 3548 801 3609 cives
834 3548 1394 3624 efficiant—Circa
1412 3548 1749 3609 secundum
1774 3549 1849 3609 de

283 3639 422 3718 lege
437 3639 603 3699 civili
623 3638 818 3717 aliqui
836 3639 1169 3700 Thomistae
1192 3641 1548 3701 existimant
1576 3646 1851 3719 propter-

285 3751 361 3794 ea
380 3734 447 3793 D.
477 3732 780 3792 Thomam
799 3732 1138 3794 addidisse:
1176 3733 1387 3812 Leyem
1415 3736 1613 3809 facere
1641 3734 1851 3793 bonam

285 3826 377 3887 vel
398 3825 779 3903 simpliciter,
802 3826 893 3886 vel
928 3827 1242 3887 secundam
1274 3827 1438 3904 qaid,
1469 3826 1614 3903 quia
1638 3825 1738 3885 lex
1765 3824 1851 3884 ci-

287 3917 448 3992 vilis,
479 3918 623 3977 licet
663 3935 789 3977 non
825 3918 1012 3978 faciat
1038 3917 1275 3977 bonum
1298 3917 1525 3990 virum,
1562 3917 1725 3995 quod
1758 3921 1850 3976 est

288 4027 418 4071 esse
446 4009 678 4069 bonum
721 4010 1101 4088 simpliciter,
1153 4009 1301 4068 facit
1342 4009 1575 4068 bonum
1623 4009 1845 4082 civem,

288 4101 453 4180 quod
477 4107 569 4161 est
594 4120 721 4161 esse
755 4102 989 4161 bonum
1013 4102 1355 4162 secundum
1394 4101 1563 4177 quid.
1599 4100 1717 4159 Sed
1744 4099 1851 4158 ad-

289 4193 656 4253 vertendum
687 4199 780 4253 est
814 4193 970 4253 illud
1001 4194 1316 4254 secundwm
1353 4192 1501 4270 quid
1524 4189 1853 4267 dupliciter

292 4286 486 4364 accipi
514 4302 731 4364 posse:
783 4304 910 4344 uno
942 4285 1148 4353 modo,
1191 4289 1260 4342 ut
1301 4282 1704 4358 distinguitur
1747 4280 1854 4340 bo-

293 4396 447 4438 num
480 4379 548 4437 in
580 4378 787 4456 aliquo
820 4395 1070 4456 genere,
1101 4375 1276 4437 verbi
1308 4375 1528 4452 gratia,
1554 4372 1852 4447 scientiae,

291 4470 393 4533 vel
418 4471 592 4545 artiS,
622 4488 660 4529 a
682 4470 845 4530 hono
865 4470 1108 4544 morali,
1133 4488 1239 4529 seu
1253 4468 1534 4542 honesto,
1568 4467 1732 4544 quod
1749 4484 1855 4525 vo·

294 4581 508 4624 camus
549 4563 782 4622 bonum
833 4563 1190 4641 simpliciter
1225 4582 1238 4619 :
1296 4560 1418 4621 alio
1469 4560 1651 4619 modo
1693 4559 1855 4618 sumi

295 4662 520 4735 potest,
568 4662 752 4734 prout
797 4656 962 4717 intra
1006 4656 1209 4734 ipsum
1241 4670 1434 4731 genus
1475 4651 1714 4712 honesti
1749 4651 1855 4712 bo-

296 4767 452 4808 num
476 4750 661 4809 unius
680 4754 927 4809 tautum
950 4748 1191 4808 virtutis
1209 4752 1303 4807 est
1319 4745 1653 4806 secundum
1677 4745 1850 4823 quid,

296 4846 575 4919 respectu
623 4840 998 4900 collectionis
1029 4840 1311 4899 omnium
1344 4838 1669 4911 virtutum,
1706 4854 1858 4915 quo-

299 4933 485 4992 modo
502 4937 906 5010 temperatuS,
940 4933 991 4992 si
1019 4950 1146 4991 non
1171 4933 1249 4991 sit
1269 4930 1487 4993 bonus,
1513 4929 1608 4989 vel
1630 4930 1854 5007 justus,

300 5024 541 5084 dicetur
564 5023 762 5083 bonus
788 5023 1125 5084 secundum
1146 5024 1317 5102 quid.
1343 5023 1407 5082 D.
1428 5019 1691 5082 Thomas
1710 5039 1859 5100 ergo

3412 406 3492 465 55

1925 506 2029 584 pio
2059 507 2334 567 materiae
2364 513 2624 568 constat.
2656 509 2830 568 Unde
2872 509 3037 586 leges
3080 508 3315 585 civiles,
3352 528 3490 589 quae

1925 598 2283 676 simpliciter
2307 599 2470 677 leges
2492 606 2660 675 sunt,
2688 619 2754 660 re
2782 618 2926 660 vera
2954 619 3081 660 non
3113 607 3357 660 tantum
3391 600 3489 660 fa-

1926 688 2101 748 ciunt
2127 690 2364 749 bonum
2387 693 2724 751 secundum
2749 693 2896 770 quid
2920 693 2987 751 in
3014 693 3120 752 illo
3144 711 3352 767 sensu,
3383 692 3489 752 sed

1922 781 2284 859 simpliciter
2324 784 2470 861 quia
2512 784 2748 844 bonum
2790 784 3020 844 morale
3056 790 3117 843 et
3158 785 3488 843 honestum

1923 872 2276 936 intendunt.
2318 878 2405 935 lta
2433 876 2760 954 profitetur
2778 876 3237 937 Jureconsultus
3266 876 3332 934 in
3354 875 3399 935 l.
3426 879 3483 950 1,

1923 964 1990 1023 ff.
2024 964 2099 1026 de
2117 966 2274 1026 Just.
2298 974 2360 1028 et
2381 969 2536 1045 jur„
2561 968 2803 1028 dicens:
2845 969 2897 1030 J
2898 969 3179 1028 ustitia-m
3206 967 3480 1040 colimus,

1923 1057 2159 1120 licitam
2187 1061 2258 1121 ab
2284 1061 2500 1122 illicito
2525 1061 2942 1134 discernentes,
2968 1061 3140 1121 bonos
3159 1078 3276 1120 non
3298 1060 3488 1121 solam

1921 1154 2081 1211 metu
2104 1169 2438 1228 panarum,
2476 1154 2771 1215 sedetiam
2792 1151 3198 1214 calcor-tatione
3210 1153 3493 1229 proemio·

1920 1261 2059 1304 ram
2083 1246 2320 1321 efficere
2343 1248 2660 1324 cupientes.
2699 1246 2867 1306 Idem
2899 1245 3085 1305 sentit
3113 1244 3490 1320 AristoteleS,

1924 1337 1960 1395 3
1988 1336 2200 1411 Polit.,
2242 1355 2294 1399 c.
2323 1339 2386 1412 4,
2421 1339 2629 1418 dicens
2654 1338 2842 1399 finem
2872 1338 3138 1398 civitatis
3186 1355 3316 1398 esse
3356 1339 3490 1400 bene

1921 1429 2138 1501 vivere,
2184 1434 2239 1490 et
2282 1430 2644 1492 honestatem
2688 1432 2959 1509 aliquam
2986 1430 3386 1509 participare,
3429 1436 3492 1489 et

1920 1537 2050 1598 cap.
2083 1522 2144 1593 6,
2176 1521 2299 1582 ait:
2335 1524 2426 1584 De
2448 1524 2673 1584 virtute
2695 1528 2750 1584 et
2772 1523 2920 1583 vitio
2955 1522 3189 1599 publice
3225 1523 3491 1600 eoqitaut

1919 1613 2269 1691 quiea-mque
2302 1632 2507 1676 euram
2537 1616 2750 1676 habent
2788 1615 2922 1675 bene
2954 1613 3313 1674 instituendi
3336 1613 3489 1674 civi-

1919 1710 2124 1779 tatem,
2152 1710 2214 1764 et
2244 1708 2272 1764 1
2304 1707 2568 1781 Politia„
2592 1725 2726 1785 cap.
2752 1706 2896 1782 ult.,
2913 1707 3087 1780 dicit,
3117 1723 3313 1767 omnes
3335 1706 3490 1767 cives

1920 1798 2119 1859 debere
2140 1817 2260 1859 esse
2275 1801 2609 1877 participes
2630 1801 2881 1862 virtutis
2897 1799 3174 1873 moralis,
3202 1804 3490 1877 quantum

1923 1907 2070 1967 opus
2096 1896 2205 1952 est.
2235 1892 2468 1950 Tamen
2501 1892 2568 1950 in
2601 1891 2878 1970 principe
2906 1890 3168 1969 requirit
3193 1890 3489 1949 virtutem
3553 1927 3559 1932 -

1924 1980 2311 2059 simpliciter,
2354 1982 2572 2060 utique
2621 1982 2686 2041 in
2731 1983 3000 2042 secundo
3040 1999 3222 2042 sensu
3265 1981 3485 2059 posito,

1925 2072 1993 2131 id
2013 2078 2124 2146 est,
2147 2073 2569 2133 collectionem
2594 2074 2876 2135 omnium
2895 2076 3220 2145 virtutum,
3248 2073 3395 2152 quia
3422 2072 3487 2132 in

1927 2165 2217 2225 omnibus
2246 2166 2426 2226 debet
2455 2167 2812 2245 praecipere.

2010 2263 2069 2320 7.
2116 2260 2301 2321 Ratio
2330 2277 2368 2320 a
2393 2261 2621 2337 priori.
2665 2293 2746 2304 —
2787 2261 2963 2321 Ratio
2997 2266 3206 2321 autem
3231 2279 3269 2321 a
3302 2260 3492 2339 priori

1927 2357 2043 2426 est,
2073 2352 2221 2429 quia
2248 2350 2388 2411 finis
2410 2352 2701 2412 humanae
2730 2352 3080 2431 reipublioae
3113 2358 3206 2413 est
3232 2372 3378 2413 vera
3398 2352 3493 2413 fe-

1927 2443 2126 2503 licitas
2147 2442 2421 2522 politica,
2449 2462 2588 2521 quae
2618 2444 2750 2504 sine
2774 2444 3049 2504 moribus
3069 2445 3343 2505 honestis
3364 2461 3492 2506 esse

1926 2554 2054 2595 non
2091 2541 2329 2613 potest:
2375 2553 2485 2614 per
2528 2535 2695 2613 leges
2723 2543 2932 2596 autem
2972 2537 3181 2597 civiles
3207 2537 3496 2615 dirigitur

1924 2627 1991 2686 in
2023 2645 2162 2687 eam
2198 2627 2576 2692 felicitatem,
2611 2633 2674 2687 et
2706 2628 2845 2687 ideo
2874 2646 3118 2689 necesse
3148 2635 3240 2689 est
3277 2636 3346 2689 ut
3372 2629 3493 2689 illae

1924 2719 2093 2796 leges
2115 2719 2196 2779 ad
2225 2720 2459 2780 bonum
2493 2721 2726 2781 morale
2754 2740 2864 2800 per
2897 2739 2960 2781 se
2987 2723 3267 2795 tendant,
3301 2722 3489 2801 quod,

1926 2817 1997 2870 ut
2036 2812 2189 2886 dixi,
2220 2818 2312 2871 est
2353 2813 2589 2873 bonum
2622 2812 3004 2891 simpliciter.
3054 2814 3309 2886 Quando
3346 2832 3491 2873 vero

1926 2905 2283 2965 Aristoteles
2329 2905 2565 2965 honum
2619 2907 2820 2966 civem
2870 2907 3195 2985 distinguit
3238 2926 3276 2966 a
3330 2907 3492 2967 bono

1926 2998 2084 3072 vir0,
2111 2998 2176 3057 id
2206 2998 2374 3073 facit,
2402 2999 2545 3076 quia
2574 2999 2710 3076 plus
2732 3000 3071 3076 requiritur
3097 2999 3175 3059 ad
3200 3000 3493 3059 virtutem

1925 3089 2075 3150 boni
2102 3090 2221 3150 viri
2248 3107 2435 3169 quam
2463 3090 2611 3150 boni
2639 3091 2826 3152 civis:
2858 3091 3141 3171 quamvis
3173 3092 3341 3152 enim
3369 3093 3495 3152 vir-

1925 3188 2028 3242 tus
2067 3183 2216 3243 boni
2252 3183 2404 3242 civis
2446 3183 2697 3243 moralis
2742 3185 2842 3257 sit,
2884 3191 2946 3244 et
2989 3185 3248 3244 honesta
3281 3203 3358 3245 ex
3402 3203 3489 3259 se,

1926 3280 2138 3335 tamen
2161 3276 2411 3354 proeoise
2440 3281 2686 3354 sumpta
2715 3283 2806 3336 est
2831 3277 3170 3337 secuudum
3199 3277 3371 3356 quid,
3403 3295 3496 3337 se-

1930 3370 2136 3430 cundo
2163 3388 2346 3430 seusu
2371 3388 2555 3448 supra
2578 3370 2908 3445 declarato,
2931 3377 2993 3432 et
3014 3371 3143 3431 sola
3163 3389 3289 3430 non
3322 3371 3495 3430 suffi-

1930 3464 2013 3522 cit
2059 3462 2137 3522 ad
2183 3463 2682 3523 constituendum
2723 3464 3085 3543 simpliciter
3116 3464 3351 3524 bonum
3395 3464 3495 3523 vi-

1929 3573 2071 3615 rum
2099 3576 2112 3613 :
2150 3555 2318 3615 unde
2363 3555 2414 3614 si
2454 3555 2593 3634 quis
2625 3555 2703 3615 sit
2732 3556 3062 3631 solitarius,
3106 3557 3331 3635 poterit
3367 3574 3497 3616 esse

1930 3647 2028 3707 vir
2073 3647 2294 3720 bonuS,
2339 3647 2580 3707 etiamsi
2616 3666 2742 3707 non
2786 3648 2866 3708 sit
2911 3649 3111 3708 bonus
3159 3649 3349 3709 civis:
3387 3648 3498 3726 qui

1930 3744 2140 3799 autem
2163 3755 2304 3817 pars
2327 3744 2418 3799 est
2440 3740 2705 3799 civitatis
2727 3758 2853 3799 non
2892 3740 3010 3801 erit
3041 3741 3240 3801 bonus
3267 3739 3501 3818 simpli-

1929 3832 2103 3906 citer,
2130 3833 2248 3891 nisi
2272 3837 2333 3891 et
2357 3833 2454 3892 vir
2480 3833 2702 3906 bonuS,
2730 3838 2794 3893 et
2816 3833 3014 3893 bonus
3040 3834 3190 3893 civis
3218 3834 3320 3908 sit,
3353 3833 3502 3911 quia

1930 3922 2164 3982 bonum
2193 3941 2273 3983 ex
2314 3924 2560 4001 integra
2601 3944 2825 3985 causa:
2863 3927 3089 4004 poterit
3130 3932 3337 3985 autem
3370 3943 3500 3986 esse

1928 4012 2131 4074 bonus
2163 4015 2337 4089 civiS,
2367 4016 2511 4075 licet
2545 4035 2672 4075 non
2702 4017 2781 4075 sit
2808 4016 3008 4076 bonus
3040 4018 3159 4090 vir,
3188 4017 3336 4095 quia
3370 4034 3501 4077 esse

1930 4104 2167 4164 bonum
2191 4106 2391 4164 civem
2418 4111 2509 4165 est
2536 4125 2665 4165 esse
2693 4106 2931 4166 bonum
2958 4108 3295 4167 secundum
3323 4107 3494 4184 quid.

2012 4196 2075 4256 8.
2121 4196 2304 4272 Leyes
2358 4198 2653 4257 canonica»
2707 4198 2951 4271 saciant
3010 4199 3184 4259 bonos
3237 4200 3504 4270 subditos

1933 4287 2317 4364 simpliciter.
2340 4322 2421 4331 —
2438 4288 2637 4365 Atque
2658 4288 2807 4347 hinc
2830 4295 3067 4350 constat
3089 4309 3128 4349 a
3149 4287 3387 4351 fortiori
3414 4291 3502 4351 le-

1936 4399 2044 4460 ges
2072 4381 2397 4441 cauonicas
2429 4381 2629 4442 facere
2657 4383 2891 4443 bonum
2930 4384 3288 4463 simpliciter
3314 4387 3377 4445 in
3402 4404 3503 4445 eo-

1935 4474 2076 4534 dem
2101 4491 2319 4535 sensu:
2345 4493 2491 4535 nam
2516 4476 2567 4535 si
2592 4476 2712 4535 iuae
2736 4481 2981 4536 tantum
3005 4484 3347 4553 serventur,
3376 4497 3503 4539 non

1935 4568 2173 4628 faciunt
2200 4566 2436 4628 bonum
2459 4569 2713 4628 omnino
2742 4575 3260 4644 consummatum,
3297 4570 3362 4629 id
3388 4575 3503 4643 est,

1936 4659 2002 4719 in
2031 4660 2203 4719 omni
2232 4677 2460 4737 genere
2483 4661 2650 4737 boni,
2675 4661 2840 4740 quod
2860 4661 2935 4722 de
2963 4676 3348 4741 quacumque
3370 4662 3506 4740 lege

1934 4752 2002 4811 in
2044 4753 2401 4830 particulari
2447 4753 2570 4814 dici
2617 4760 2837 4834 potest,
2880 4756 3027 4833 quia
3059 4774 3184 4815 non
3232 4755 3507 4834 praecipit

1935 4862 2120 4905 omne
2152 4846 2414 4920 bonum,
2460 4848 2563 4907 sed
2592 4854 2830 4926 partem
2862 4850 3018 4925 ejus,
3058 4856 3279 4927 praeter
3301 4849 3504 4925 legem

1937 4936 2271 5012 charitatis,
2325 4956 2463 5016 quae
2506 4940 2738 5000 virtute
2795 4940 3005 5019 omnia
3053 4940 3499 5017 complectitur.

1938 5029 2138 5107 Atque
2160 5030 2248 5088 ita
2268 5048 2658 5109 unaquoeque
2686 5032 2793 5091 lex>
2815 5031 2961 5090 facit
2982 5031 3214 5090 bonum
3236 5049 3312 5091 ex
3329 5039 3505 5110 parte

300 5117 433 5176 sine
465 5115 652 5175 dubio
675 5115 919 5175 locutus
945 5123 1038 5176 est
1068 5117 1133 5174 in
1165 5114 1357 5194 priori
1380 5131 1582 5186 sensu,
1614 5113 1767 5172 adeo
1792 5120 1862 5173 ut
1943 5122 2036 5196 (ut
2064 5121 2152 5180 ita
2198 5121 2446 5196 dicam),
2494 5128 2555 5181 et
2592 5124 2657 5182 in
2699 5122 2817 5181 hoc
2858 5140 3040 5181 sensu
3087 5122 3234 5182 facit
3271 5122 3505 5184 bonum

302 5208 529 5267 dixerit
552 5209 719 5285 leges
744 5207 1061 5268 latronum
1083 5208 1134 5267 si
1157 5211 1502 5276 serventur,
1526 5204 1728 5265 facere
1752 5205 1860 5265 bo-

1943 5213 2280 5272 secundum
2330 5213 2519 5290 quid:
2565 5201 2694 5273 tota
2738 5219 2948 5273 autem
2982 5215 3259 5275 collectio
3294 5216 3505 5294 legum

303 5317 418 5360 nos
444 5300 715 5360 latrones
765 5306 829 5361 et
878 5301 1044 5360 idem
1087 5305 1178 5360 est
1223 5298 1299 5358 de
1341 5298 1478 5374 lege
1523 5296 1760 5357 militiae
1802 5304 1865 5358 et
1942 5302 2092 5363 facit
2118 5303 2395 5364 absolute
2423 5304 2678 5366 bonum.
2708 5307 2782 5365 Et
2807 5306 2923 5365 hoc
2946 5307 3146 5385 ipsum
3180 5309 3246 5366 in
3274 5325 3341 5367 re
3368 5326 3507 5367 eeu-

305 5392 634 5470 cujuslibet
659 5393 808 5452 artis
824 5409 843 5468 ;
874 5394 978 5452 sed
1012 5393 1132 5451 illae
1167 5392 1333 5468 leges
1370 5407 1496 5449 non
1524 5395 1669 5448 sunt
1699 5390 1866 5467 leges
1945 5401 2202 5454 suerunt
2229 5394 2554 5472 caietanus
2576 5404 2637 5457 et
2674 5399 2817 5458 Soto
2840 5399 3003 5460 circa
3028 5400 3263 5459 dictum
3291 5406 3404 5459 art.
3444 5402 3503 5469 1,

307 5485 693 5564 simpliciter,
720 5487 824 5546 sed
851 5486 1188 5546 secuudum
1214 5484 1387 5563 quid,
1417 5488 1490 5542 ut
1520 5500 1598 5542 ex
1641 5485 1865 5562 princi·

1945 5488 2230 5566 quamvis
2253 5489 2319 5548 in
2345 5488 2548 5550 verbis
2570 5490 2816 5552 differre
2838 5491 3186 5553 videantur.
