<?xml version="1.0" encoding="UTF-8"?>
<!DOCTYPE html PUBLIC "-//W3C//DTD XHTML 1.0 Transitional//EN"
    "http://www.w3.org/TR/xhtml1/DTD/xhtml1-transitional.dtd">
<html xmlns="http://www.w3.org/1999/xhtml" xml:lang="en" lang="en">
 <head>
  <title>
</title>
<meta http-equiv="Content-Type" content="text/html;charset=utf-8" />
  <meta name='ocr-system' content='tesseract 3.04.00' />
  <meta name='ocr-capabilities' content='ocr_page ocr_carea ocr_par ocr_line ocrx_word'/>
</head>
<body>
  <div class='ocr_page' id='page_1' title='image "./rpfranciscisuar02duvagoog_0115.png"; bbox 0 0 3976 6219; ppageno 0'>
   <div class='ocr_carea' id='block_1_1' title="bbox 921 345 2845 411">
    <p class='ocr_par' dir='ltr' id='par_1_1' title="bbox 921 345 2845 411">
     <span class='ocr_line' id='line_1_1' title="bbox 921 345 2845 411; baseline -0.002 -10"><span class='ocrx_word' id='word_1_1' title='bbox 921 349 1055 401; x_wconf 74' lang='lat' dir='ltr'><strong>CAP.</strong></span> <span class='ocrx_word' id='word_1_2' title='bbox 1090 350 1173 401; x_wconf 88' lang='lat' dir='ltr'>IV.</span> <span class='ocrx_word' id='word_1_3' title='bbox 1208 349 1292 400; x_wconf 75' lang='lat' dir='ltr'>AN</span> <span class='ocrx_word' id='word_1_4' title='bbox 1323 348 1446 400; x_wconf 79' lang='lat' dir='ltr'>LEX</span> <span class='ocrx_word' id='word_1_5' title='bbox 1478 347 1743 399; x_wconf 75' lang='lat' dir='ltr'><strong>AETERNA</strong></span> <span class='ocrx_word' id='word_1_6' title='bbox 1775 347 1869 399; x_wconf 88' lang='lat' dir='ltr'>SIT</span> <span class='ocrx_word' id='word_1_7' title='bbox 1903 347 2106 399; x_wconf 75' lang='lat' dir='ltr'>CAUSA</span> <span class='ocrx_word' id='word_1_8' title='bbox 2138 345 2417 401; x_wconf 70' lang='lat' dir='ltr'><strong>ALIARUM</strong></span> <span class='ocrx_word' id='word_1_9' title='bbox 2449 347 2675 411; x_wconf 68' lang='lat' dir='ltr'>LEGOE,</span> <span class='ocrx_word' id='word_1_10' title='bbox 2712 347 2845 399; x_wconf 80' lang='lat' dir='ltr'>ETc.</span> 
     </span>
    </p>
   </div>
   <div class='ocr_carea' id='block_1_2' title="bbox 295 442 1848 1164">
    <p class='ocr_par' dir='ltr' id='par_1_2' title="bbox 295 442 1848 1164">
     <span class='ocr_line' id='line_1_2' title="bbox 298 442 1844 522; baseline -0.001 -19"><span class='ocrx_word' id='word_1_11' title='bbox 298 461 438 503; x_wconf 90' lang='lat' dir='ltr'>nem</span> <span class='ocrx_word' id='word_1_12' title='bbox 465 442 722 502; x_wconf 86' lang='lat' dir='ltr'>unitatis</span> <span class='ocrx_word' id='word_1_13' title='bbox 748 445 816 501; x_wconf 89' lang='lat' dir='ltr'>in</span> <span class='ocrx_word' id='word_1_14' title='bbox 842 442 980 521; x_wconf 90' lang='lat' dir='ltr'>lege</span> <span class='ocrx_word' id='word_1_15' title='bbox 1006 462 1194 522; x_wconf 88' lang='lat' dir='ltr'>quam</span> <span class='ocrx_word' id='word_1_16' title='bbox 1229 446 1298 503; x_wconf 91' lang='lat' dir='ltr'>in</span> <span class='ocrx_word' id='word_1_17' title='bbox 1320 444 1486 504; x_wconf 87' lang='lat' dir='ltr'>idea:</span> <span class='ocrx_word' id='word_1_18' title='bbox 1532 461 1680 503; x_wconf 90' lang='lat' dir='ltr'>nam</span> <span class='ocrx_word' id='word_1_19' title='bbox 1704 443 1844 503; x_wconf 88' lang='lat' dir='ltr'>idea</span> 
     </span>
     <span class='ocr_line' id='line_1_3' title="bbox 296 535 1845 614; baseline 0 -20"><span class='ocrx_word' id='word_1_20' title='bbox 296 536 490 596; x_wconf 90' lang='lat' dir='ltr'>solum</span> <span class='ocrx_word' id='word_1_21' title='bbox 537 535 684 594; x_wconf 86' lang='lat' dir='ltr'>dicit</span> <span class='ocrx_word' id='word_1_22' title='bbox 732 535 1164 595; x_wconf 83' lang='lat' dir='ltr'><strong>habitudinem</strong></span> <span class='ocrx_word' id='word_1_23' title='bbox 1212 536 1290 595; x_wconf 89' lang='lat' dir='ltr'>ad</span> <span class='ocrx_word' id='word_1_24' title='bbox 1340 536 1675 614; x_wconf 86' lang='lat' dir='ltr'>exemplar,</span> <span class='ocrx_word' id='word_1_25' title='bbox 1735 554 1845 595; x_wconf 88' lang='lat' dir='ltr'>seu</span> 
     </span>
     <span class='ocr_line' id='line_1_4' title="bbox 296 627 1846 705; baseline -0.001 -17"><span class='ocrx_word' id='word_1_26' title='bbox 296 627 732 705; x_wconf 81' lang='lat' dir='ltr'>exemplatum,</span> <span class='ocrx_word' id='word_1_27' title='bbox 777 632 841 687; x_wconf 90' lang='lat' dir='ltr'>et</span> <span class='ocrx_word' id='word_1_28' title='bbox 890 628 1030 687; x_wconf 92' lang='lat' dir='ltr'>ideo</span> <span class='ocrx_word' id='word_1_29' title='bbox 1078 627 1538 689; x_wconf 78' lang='lat' dir='ltr'>distinctionem</span> <span class='ocrx_word' id='word_1_30' title='bbox 1587 628 1846 688; x_wconf 90' lang='lat' dir='ltr'>rationis</span> 
     </span>
     <span class='ocr_line' id='line_1_5' title="bbox 295 719 1846 798; baseline 0 -19"><span class='ocrx_word' id='word_1_31' title='bbox 295 719 508 797; x_wconf 82' lang='lat' dir='ltr'>recipit</span> <span class='ocrx_word' id='word_1_32' title='bbox 541 737 652 797; x_wconf 92' lang='lat' dir='ltr'>pro</span> <span class='ocrx_word' id='word_1_33' title='bbox 685 719 1034 780; x_wconf 86' lang='lat' dir='ltr'>diversitate</span> <span class='ocrx_word' id='word_1_34' title='bbox 1074 720 1561 798; x_wconf 80' lang='lat' dir='ltr'>exemplarium:</span> <span class='ocrx_word' id='word_1_35' title='bbox 1606 721 1705 781; x_wconf 86' lang='lat' dir='ltr'>lex</span> <span class='ocrx_word' id='word_1_36' title='bbox 1739 739 1846 780; x_wconf 89' lang='lat' dir='ltr'>au·</span> 
     </span>
     <span class='ocr_line' id='line_1_6' title="bbox 297 811 1846 890; baseline 0.001 -18"><span class='ocrx_word' id='word_1_37' title='bbox 297 817 421 872; x_wconf 86' lang='lat' dir='ltr'>tem</span> <span class='ocrx_word' id='word_1_38' title='bbox 454 811 613 870; x_wconf 91' lang='lat' dir='ltr'>sicut</span> <span class='ocrx_word' id='word_1_39' title='bbox 639 816 701 871; x_wconf 91' lang='lat' dir='ltr'>et</span> <span class='ocrx_word' id='word_1_40' title='bbox 730 811 1120 888; x_wconf 88' lang='lat' dir='ltr'>providentia</span> <span class='ocrx_word' id='word_1_41' title='bbox 1146 813 1392 890; x_wconf 82' lang='lat' dir='ltr'>respicit</span> <span class='ocrx_word' id='word_1_42' title='bbox 1411 814 1646 873; x_wconf 90' lang='lat' dir='ltr'>bonum</span> <span class='ocrx_word' id='word_1_43' title='bbox 1683 831 1846 873; x_wconf 93' lang='lat' dir='ltr'>com-</span> 
     </span>
     <span class='ocr_line' id='line_1_7' title="bbox 297 902 1847 984; baseline 0 -20"><span class='ocrx_word' id='word_1_44' title='bbox 297 922 502 974; x_wconf 92' lang='lat' dir='ltr'>mune,</span> <span class='ocrx_word' id='word_1_45' title='bbox 540 908 612 962; x_wconf 91' lang='lat' dir='ltr'>ut</span> <span class='ocrx_word' id='word_1_46' title='bbox 632 902 846 977; x_wconf 89' lang='lat' dir='ltr'>finem,</span> <span class='ocrx_word' id='word_1_47' title='bbox 874 909 937 962; x_wconf 89' lang='lat' dir='ltr'>et</span> <span class='ocrx_word' id='word_1_48' title='bbox 962 903 1099 964; x_wconf 90' lang='lat' dir='ltr'>ideo</span> <span class='ocrx_word' id='word_1_49' title='bbox 1128 905 1339 964; x_wconf 84' lang='lat' dir='ltr'>omnia</span> <span class='ocrx_word' id='word_1_50' title='bbox 1377 911 1681 983; x_wconf 85' lang='lat' dir='ltr'>praecepta</span> <span class='ocrx_word' id='word_1_51' title='bbox 1708 922 1847 984; x_wconf 81' lang='lat' dir='ltr'>quae</span> 
     </span>
     <span class='ocr_line' id='line_1_8' title="bbox 296 994 1848 1073; baseline -0.001 -17"><span class='ocrx_word' id='word_1_52' title='bbox 296 996 658 1056; x_wconf 78' lang='lat' dir='ltr'>ordinantur</span> <span class='ocrx_word' id='word_1_53' title='bbox 686 995 762 1054; x_wconf 94' lang='lat' dir='ltr'>ad</span> <span class='ocrx_word' id='word_1_54' title='bbox 788 994 978 1054; x_wconf 89' lang='lat' dir='ltr'>finem</span> <span class='ocrx_word' id='word_1_55' title='bbox 1001 997 1276 1073; x_wconf 82' lang='lat' dir='ltr'>ejusdem</span> <span class='ocrx_word' id='word_1_56' title='bbox 1298 998 1572 1070; x_wconf 88' lang='lat' dir='ltr'>rationis,</span> <span class='ocrx_word' id='word_1_57' title='bbox 1598 1015 1848 1057; x_wconf 89' lang='lat' dir='ltr'>censen-</span> 
     </span>
     <span class='ocr_line' id='line_1_9' title="bbox 296 1087 1846 1164; baseline 0.001 -19"><span class='ocrx_word' id='word_1_58' title='bbox 296 1092 396 1146; x_wconf 90' lang='lat' dir='ltr'>tur</span> <span class='ocrx_word' id='word_1_59' title='bbox 415 1105 611 1146; x_wconf 91' lang='lat' dir='ltr'>unum</span> <span class='ocrx_word' id='word_1_60' title='bbox 624 1087 724 1164; x_wconf 84' lang='lat' dir='ltr'>jus</span> <span class='ocrx_word' id='word_1_61' title='bbox 737 1093 800 1147; x_wconf 87' lang='lat' dir='ltr'>et</span> <span class='ocrx_word' id='word_1_62' title='bbox 822 1105 1011 1146; x_wconf 92' lang='lat' dir='ltr'>unam</span> <span class='ocrx_word' id='word_1_63' title='bbox 1028 1087 1229 1164; x_wconf 89' lang='lat' dir='ltr'>legem</span> <span class='ocrx_word' id='word_1_64' title='bbox 1254 1089 1647 1148; x_wconf 90' lang='lat' dir='ltr'>constituere.</span> <span class='ocrx_word' id='word_1_65' title='bbox 1672 1088 1846 1148; x_wconf 85' lang='lat' dir='ltr'>Unde</span> 
     </span>
    </p>
   </div>
   <div class='ocr_carea' id='block_1_3' title="bbox 296 1178 1870 1258">
    <p class='ocr_par' dir='ltr' id='par_1_3' title="bbox 296 1178 1870 1258">
     <span class='ocr_line' id='line_1_10' title="bbox 296 1178 1870 1258; baseline 0.002 -22"><span class='ocrx_word' id='word_1_66' title='bbox 296 1179 438 1256; x_wconf 88' lang='lat' dir='ltr'>quia</span> <span class='ocrx_word' id='word_1_67' title='bbox 457 1180 614 1239; x_wconf 89' lang='lat' dir='ltr'>Deus</span> <span class='ocrx_word' id='word_1_68' title='bbox 636 1178 881 1258; x_wconf 83' lang='lat' dir='ltr'>respicit</span> <span class='ocrx_word' id='word_1_69' title='bbox 903 1179 1492 1241; x_wconf 82' lang='lat' dir='ltr'>universalissimum</span> <span class='ocrx_word' id='word_1_70' title='bbox 1514 1180 1727 1254; x_wconf 85' lang='lat' dir='ltr'>finem,</span> <span class='ocrx_word' id='word_1_71' title='bbox 1746 1180 1870 1240; x_wconf 73' lang='lat' dir='ltr'>lex&#39;</span> 
     </span>
    </p>
   </div>
   <div class='ocr_carea' id='block_1_4' title="bbox 294 1271 1849 1424">
    <p class='ocr_par' dir='ltr' id='par_1_4' title="bbox 294 1271 1849 1424">
     <span class='ocr_line' id='line_1_11' title="bbox 296 1271 1849 1421; baseline 0.002 -91"><span class='ocrx_word' id='word_1_72' title='bbox 296 1288 430 1421; x_wconf 59' lang='lat' dir='ltr'>quiae</span> <span class='ocrx_word' id='word_1_73' title='bbox 449 1276 539 1331; x_wconf 91' lang='lat' dir='ltr'>est</span> <span class='ocrx_word' id='word_1_74' title='bbox 560 1271 627 1331; x_wconf 91' lang='lat' dir='ltr'>in</span> <span class='ocrx_word' id='word_1_75' title='bbox 651 1273 785 1350; x_wconf 89' lang='lat' dir='ltr'>ejus</span> <span class='ocrx_word' id='word_1_76' title='bbox 807 1278 1014 1333; x_wconf 87' lang='lat' dir='ltr'>mente</span> <span class='ocrx_word' id='word_1_77' title='bbox 1038 1272 1263 1332; x_wconf 90' lang='lat' dir='ltr'>dicitur</span> <span class='ocrx_word' id='word_1_78' title='bbox 1283 1291 1434 1349; x_wconf 87' lang='lat' dir='ltr'>una,</span> <span class='ocrx_word' id='word_1_79' title='bbox 1457 1273 1612 1333; x_wconf 90' lang='lat' dir='ltr'>sicut</span> <span class='ocrx_word' id='word_1_80' title='bbox 1630 1278 1691 1332; x_wconf 90' lang='lat' dir='ltr'>et</span> <span class='ocrx_word' id='word_1_81' title='bbox 1708 1291 1849 1351; x_wconf 86' lang='lat' dir='ltr'>pro-</span> 
     </span>
     <span class='ocr_line' id='line_1_12' title="bbox 294 1362 588 1424; baseline 0.003 -2"><span class='ocrx_word' id='word_1_82' title='bbox 294 1362 355 1422; x_wconf 83' lang='lat' dir='ltr'>vi</span> <span class='ocrx_word' id='word_1_83' title='bbox 399 1363 588 1424; x_wconf 88' lang='lat' dir='ltr'>entia.</span> 
     </span>
    </p>
   </div>
   <div class='ocr_carea' id='block_1_5' title="bbox 876 1547 1261 1610">
    <p class='ocr_par' dir='ltr' id='par_1_5' title="bbox 876 1547 1261 1610">
     <span class='ocr_line' id='line_1_13' title="bbox 876 1547 1261 1610; baseline -0.003 0"><span class='ocrx_word' id='word_1_84' title='bbox 876 1547 1123 1610; x_wconf 85' lang='lat' dir='ltr'>CAPUT</span> <span class='ocrx_word' id='word_1_85' title='bbox 1162 1550 1261 1609; x_wconf 85' lang='lat' dir='ltr'>IV.</span> 
     </span>
    </p>
   </div>
   <div class='ocr_carea' id='block_1_6' title="bbox 298 1750 1844 1889">
    <p class='ocr_par' dir='ltr' id='par_1_6' title="bbox 298 1750 1844 1889">
     <span class='ocr_line' id='line_1_14' title="bbox 298 1750 1844 1811; baseline 0.002 -16"><span class='ocrx_word' id='word_1_86' title='bbox 298 1750 495 1796; x_wconf 76' lang='lat' dir='ltr'>trrlttm</span> <span class='ocrx_word' id='word_1_87' title='bbox 522 1752 634 1795; x_wconf 79' lang='lat' dir='ltr'>LEX</span> <span class='ocrx_word' id='word_1_88' title='bbox 661 1751 911 1797; x_wconf 72' lang='lat' dir='ltr'>AETERNA</span> <span class='ocrx_word' id='word_1_89' title='bbox 938 1753 1027 1796; x_wconf 86' lang='lat' dir='ltr'>SIT</span> <span class='ocrx_word' id='word_1_90' title='bbox 1052 1751 1239 1797; x_wconf 72' lang='lat' dir='ltr'>CAUSA</span> <span class='ocrx_word' id='word_1_91' title='bbox 1264 1753 1459 1797; x_wconf 71' lang='lat' dir='ltr'><strong>LEGUM</strong></span> <span class='ocrx_word' id='word_1_92' title='bbox 1485 1752 1735 1811; x_wconf 75' lang='lat' dir='ltr'>OMNIUM,</span> <span class='ocrx_word' id='word_1_93' title='bbox 1768 1754 1844 1799; x_wconf 77' lang='lat' dir='ltr'>ET</span> 
     </span>
     <span class='ocr_line' id='line_1_15' title="bbox 525 1843 1616 1889; baseline 0 -1"><span class='ocrx_word' id='word_1_94' title='bbox 525 1845 637 1888; x_wconf 75' lang='lat' dir='ltr'>PER</span> <span class='ocrx_word' id='word_1_95' title='bbox 674 1843 834 1889; x_wconf 81' lang='lat' dir='ltr'>ILLAS</span> <span class='ocrx_word' id='word_1_96' title='bbox 867 1844 1220 1889; x_wconf 73' lang='lat' dir='ltr'>mNO‘rEscA&#39;r</span> <span class='ocrx_word' id='word_1_97' title='bbox 1249 1846 1324 1888; x_wconf 74' lang='lat' dir='ltr'>ET</span> <span class='ocrx_word' id='word_1_98' title='bbox 1354 1844 1616 1889; x_wconf 82' lang='lat' dir='ltr'><strong>OBLIGET.</strong></span> 
     </span>
    </p>
   </div>
   <div class='ocr_carea' id='block_1_7' title="bbox 217 2009 1856 5589">
    <p class='ocr_par' dir='ltr' id='par_1_7' title="bbox 217 2009 1856 4674">
     <span class='ocr_line' id='line_1_16' title="bbox 378 2009 1851 2088; baseline 0.002 -21"><span class='ocrx_word' id='word_1_99' title='bbox 378 2011 434 2069; x_wconf 74' lang='lat'>1.</span> <span class='ocrx_word' id='word_1_100' title='bbox 482 2009 900 2088; x_wconf 86' lang='lat' dir='ltr'>Explicuimus</span> <span class='ocrx_word' id='word_1_101' title='bbox 938 2011 1242 2070; x_wconf 89' lang='lat' dir='ltr'>rationem</span> <span class='ocrx_word' id='word_1_102' title='bbox 1261 2053 1280 2083; x_wconf 92' lang='lat'>,</span> <span class='ocrx_word' id='word_1_103' title='bbox 1322 2009 1851 2070; x_wconf 81' lang='lat' dir='ltr'>universalitatem</span> 
     </span>
     <span class='ocr_line' id='line_1_17' title="bbox 299 2101 1852 2179; baseline 0.001 -18"><span class='ocrx_word' id='word_1_104' title='bbox 299 2106 357 2161; x_wconf 89' lang='lat' dir='ltr'>et</span> <span class='ocrx_word' id='word_1_105' title='bbox 386 2102 816 2161; x_wconf 85' lang='lat' dir='ltr'>necessitatem</span> <span class='ocrx_word' id='word_1_106' title='bbox 834 2101 989 2179; x_wconf 86' lang='lat' dir='ltr'>legis</span> <span class='ocrx_word' id='word_1_107' title='bbox 1017 2108 1289 2162; x_wconf 81' lang='lat' dir='ltr'>aetcrnae:</span> <span class='ocrx_word' id='word_1_108' title='bbox 1321 2103 1397 2161; x_wconf 90' lang='lat' dir='ltr'>de</span> <span class='ocrx_word' id='word_1_109' title='bbox 1426 2103 1619 2161; x_wconf 88' lang='lat' dir='ltr'>causis</span> <span class='ocrx_word' id='word_1_110' title='bbox 1644 2108 1852 2162; x_wconf 87' lang='lat' dir='ltr'>autem</span> 
     </span>
     <span class='ocr_line' id='line_1_18' title="bbox 298 2193 1853 2272; baseline -0.001 -18"><span class='ocrx_word' id='word_1_111' title='bbox 298 2194 427 2271; x_wconf 85' lang='lat' dir='ltr'>ejus</span> <span class='ocrx_word' id='word_1_112' title='bbox 453 2211 576 2253; x_wconf 90' lang='lat' dir='ltr'>non</span> <span class='ocrx_word' id='word_1_113' title='bbox 606 2193 885 2272; x_wconf 90' lang='lat' dir='ltr'>estquod</span> <span class='ocrx_word' id='word_1_114' title='bbox 909 2193 1208 2267; x_wconf 84' lang='lat' dir='ltr'>dicamuS,</span> <span class='ocrx_word' id='word_1_115' title='bbox 1244 2193 1391 2269; x_wconf 91' lang='lat' dir='ltr'>quia</span> <span class='ocrx_word' id='word_1_116' title='bbox 1418 2211 1560 2252; x_wconf 92' lang='lat' dir='ltr'>cum</span> <span class='ocrx_word' id='word_1_117' title='bbox 1588 2195 1667 2252; x_wconf 91' lang='lat' dir='ltr'>sit</span> <span class='ocrx_word' id='word_1_118' title='bbox 1696 2194 1853 2253; x_wconf 91' lang='lat' dir='ltr'>Deus</span> 
     </span>
     <span class='ocr_line' id='line_1_19' title="bbox 297 2284 1853 2363; baseline -0.001 -18"><span class='ocrx_word' id='word_1_119' title='bbox 297 2286 445 2363; x_wconf 88' lang='lat' dir='ltr'>ipse,</span> <span class='ocrx_word' id='word_1_120' title='bbox 472 2285 711 2345; x_wconf 90' lang='lat' dir='ltr'>nullam</span> <span class='ocrx_word' id='word_1_121' title='bbox 746 2285 934 2344; x_wconf 86' lang='lat' dir='ltr'>habet</span> <span class='ocrx_word' id='word_1_122' title='bbox 961 2302 1233 2357; x_wconf 87' lang='lat' dir='ltr'>causam,</span> <span class='ocrx_word' id='word_1_123' title='bbox 1272 2284 1377 2343; x_wconf 90' lang='lat' dir='ltr'>sed</span> <span class='ocrx_word' id='word_1_124' title='bbox 1422 2285 1499 2343; x_wconf 90' lang='lat' dir='ltr'>ad</span> <span class='ocrx_word' id='word_1_125' title='bbox 1537 2303 1853 2344; x_wconf 88' lang='lat' dir='ltr'>summum</span> 
     </span>
     <span class='ocr_line' id='line_1_20' title="bbox 298 2376 1851 2457; baseline 0 -20"><span class='ocrx_word' id='word_1_126' title='bbox 298 2383 495 2457; x_wconf 87' lang='lat' dir='ltr'>potest</span> <span class='ocrx_word' id='word_1_127' title='bbox 524 2378 752 2437; x_wconf 87' lang='lat' dir='ltr'>habere</span> <span class='ocrx_word' id='word_1_128' title='bbox 780 2378 1110 2451; x_wconf 89' lang='lat' dir='ltr'>rationem,</span> <span class='ocrx_word' id='word_1_129' title='bbox 1154 2394 1227 2436; x_wconf 89' lang='lat' dir='ltr'>eo</span> <span class='ocrx_word' id='word_1_130' title='bbox 1267 2376 1451 2436; x_wconf 92' lang='lat' dir='ltr'>modo</span> <span class='ocrx_word' id='word_1_131' title='bbox 1481 2395 1603 2454; x_wconf 90' lang='lat' dir='ltr'>quo</span> <span class='ocrx_word' id='word_1_132' title='bbox 1626 2377 1724 2436; x_wconf 85' lang='lat' dir='ltr'>vel</span> <span class='ocrx_word' id='word_1_133' title='bbox 1761 2377 1851 2437; x_wconf 92' lang='lat' dir='ltr'>di-</span> 
     </span>
     <span class='ocr_line' id='line_1_21' title="bbox 297 2469 1847 2548; baseline -0.002 -17"><span class='ocrx_word' id='word_1_134' title='bbox 297 2472 441 2531; x_wconf 82' lang='lat' dir='ltr'>vina</span> <span class='ocrx_word' id='word_1_135' title='bbox 462 2470 745 2531; x_wconf 87' lang='lat' dir='ltr'>voluntas</span> <span class='ocrx_word' id='word_1_136' title='bbox 773 2476 864 2532; x_wconf 90' lang='lat' dir='ltr'>est</span> <span class='ocrx_word' id='word_1_137' title='bbox 891 2472 1048 2530; x_wconf 89' lang='lat' dir='ltr'>ratio</span> <span class='ocrx_word' id='word_1_138' title='bbox 1078 2470 1386 2548; x_wconf 87' lang='lat' dir='ltr'>praecipua</span> <span class='ocrx_word' id='word_1_139' title='bbox 1407 2469 1630 2528; x_wconf 83' lang='lat' dir='ltr'>divinae</span> <span class='ocrx_word' id='word_1_140' title='bbox 1668 2469 1847 2547; x_wconf 81' lang='grc'><strong>16313,</strong></span> 
     </span>
     <span class='ocr_line' id='line_1_22' title="bbox 298 2561 1850 2641; baseline -0.001 -19"><span class='ocrx_word' id='word_1_141' title='bbox 298 2568 368 2622; x_wconf 88' lang='lat' dir='ltr'>ut</span> <span class='ocrx_word' id='word_1_142' title='bbox 399 2564 598 2641; x_wconf 90' lang='lat' dir='ltr'>posita</span> <span class='ocrx_word' id='word_1_143' title='bbox 645 2568 735 2622; x_wconf 88' lang='lat' dir='ltr'>est</span> <span class='ocrx_word' id='word_1_144' title='bbox 783 2563 850 2621; x_wconf 87' lang='lat' dir='ltr'>in</span> <span class='ocrx_word' id='word_1_145' title='bbox 894 2564 1016 2622; x_wconf 88' lang='lat' dir='ltr'>Deo</span> <span class='ocrx_word' id='word_1_146' title='bbox 1054 2581 1130 2622; x_wconf 80' lang='lat' dir='ltr'>ex</span> <span class='ocrx_word' id='word_1_147' title='bbox 1174 2561 1539 2636; x_wconf 77' lang='lat' dir='ltr'>aeternitate,</span> <span class='ocrx_word' id='word_1_148' title='bbox 1585 2561 1685 2621; x_wconf 84' lang='lat' dir='ltr'>vel</span> <span class='ocrx_word' id='word_1_149' title='bbox 1726 2580 1850 2640; x_wconf 92' lang='lat' dir='ltr'>quo</span> 
     </span>
     <span class='ocr_line' id='line_1_23' title="bbox 300 2653 1849 2733; baseline -0.001 -18"><span class='ocrx_word' id='word_1_150' title='bbox 300 2655 510 2715; x_wconf 84' lang='lat' dir='ltr'>divina</span> <span class='ocrx_word' id='word_1_151' title='bbox 555 2656 855 2733; x_wconf 81' lang='lat' dir='ltr'>sapientia</span> <span class='ocrx_word' id='word_1_152' title='bbox 894 2655 1015 2715; x_wconf 90' lang='lat' dir='ltr'>dici</span> <span class='ocrx_word' id='word_1_153' title='bbox 1054 2660 1254 2733; x_wconf 85' lang='lat' dir='ltr'>potest</span> <span class='ocrx_word' id='word_1_154' title='bbox 1296 2654 1453 2713; x_wconf 89' lang='lat' dir='ltr'>ratio</span> <span class='ocrx_word' id='word_1_155' title='bbox 1492 2653 1849 2731; x_wconf 64' lang='lat' dir='ltr'>justissimae</span> 
     </span>
     <span class='ocr_line' id='line_1_24' title="bbox 299 2746 1849 2825; baseline 0 -19"><span class='ocrx_word' id='word_1_156' title='bbox 299 2747 631 2807; x_wconf 85' lang='lat' dir='ltr'>voluntatis</span> <span class='ocrx_word' id='word_1_157' title='bbox 666 2748 821 2824; x_wconf 83' lang='lat' dir='ltr'>ejuS,</span> <span class='ocrx_word' id='word_1_158' title='bbox 858 2748 925 2806; x_wconf 90' lang='lat' dir='ltr'>in</span> <span class='ocrx_word' id='word_1_159' title='bbox 962 2765 1084 2825; x_wconf 78' lang='lat' dir='ltr'>qua</span> <span class='ocrx_word' id='word_1_160' title='bbox 1119 2746 1441 2807; x_wconf 88' lang='lat' dir='ltr'>efficacitas</span> <span class='ocrx_word' id='word_1_161' title='bbox 1481 2746 1669 2823; x_wconf 88' lang='lat' dir='ltr'>hujus</span> <span class='ocrx_word' id='word_1_162' title='bbox 1696 2747 1849 2824; x_wconf 87' lang='lat' dir='ltr'>legis</span> 
     </span>
     <span class='ocr_line' id='line_1_25' title="bbox 297 2838 1850 2918; baseline 0 -20"><span class='ocrx_word' id='word_1_163' title='bbox 297 2839 493 2918; x_wconf 90' lang='lat' dir='ltr'>posita</span> <span class='ocrx_word' id='word_1_164' title='bbox 532 2847 646 2914; x_wconf 79' lang='lat' dir='ltr'>est,</span> <span class='ocrx_word' id='word_1_165' title='bbox 685 2845 756 2899; x_wconf 90' lang='lat' dir='ltr'>ut</span> <span class='ocrx_word' id='word_1_166' title='bbox 800 2839 1225 2918; x_wconf 83' lang='lat' dir='ltr'>explicuimus,</span> <span class='ocrx_word' id='word_1_167' title='bbox 1272 2843 1334 2899; x_wconf 90' lang='lat' dir='ltr'>et</span> <span class='ocrx_word' id='word_1_168' title='bbox 1376 2838 1514 2898; x_wconf 91' lang='lat' dir='ltr'>ideo</span> <span class='ocrx_word' id='word_1_169' title='bbox 1549 2839 1624 2898; x_wconf 91' lang='lat' dir='ltr'>de</span> <span class='ocrx_word' id='word_1_170' title='bbox 1655 2839 1850 2898; x_wconf 88' lang='lat' dir='ltr'>causis</span> 
     </span>
     <span class='ocr_line' id='line_1_26' title="bbox 297 2928 1847 3011; baseline -0.001 -21"><span class='ocrx_word' id='word_1_171' title='bbox 297 2930 481 3008; x_wconf 89' lang='lat' dir='ltr'>hujus</span> <span class='ocrx_word' id='word_1_172' title='bbox 504 2931 660 3008; x_wconf 88' lang='lat' dir='ltr'>legis</span> <span class='ocrx_word' id='word_1_173' title='bbox 685 2932 846 2991; x_wconf 85' lang='lat' dir='ltr'>nihil</span> <span class='ocrx_word' id='word_1_174' title='bbox 874 2937 1148 3011; x_wconf 87' lang='lat' dir='ltr'>superest</span> <span class='ocrx_word' id='word_1_175' title='bbox 1169 2930 1523 2990; x_wconf 89' lang='lat' dir='ltr'>dicendum.</span> <span class='ocrx_word' id='word_1_176' title='bbox 1554 2931 1638 2989; x_wconf 92' lang='lat' dir='ltr'>De</span> <span class='ocrx_word' id='word_1_177' title='bbox 1665 2928 1847 2989; x_wconf 85' lang='lat' dir='ltr'>effec-</span> 
     </span>
     <span class='ocr_line' id='line_1_27' title="bbox 217 3021 1851 3102; baseline -0.003 -19"><span class='ocrx_word' id='word_1_178' title='bbox 217 3079 220 3083; x_wconf 88' lang='lat'><strong>.</strong></span> <span class='ocrx_word' id='word_1_179' title='bbox 295 3021 462 3082; x_wconf 83' lang='lat' dir='ltr'>tibus</span> <span class='ocrx_word' id='word_1_180' title='bbox 497 3029 706 3083; x_wconf 88' lang='lat' dir='ltr'>autem</span> <span class='ocrx_word' id='word_1_181' title='bbox 747 3024 881 3102; x_wconf 88' lang='lat' dir='ltr'>ejus</span> <span class='ocrx_word' id='word_1_182' title='bbox 924 3029 1224 3102; x_wconf 90' lang='lat' dir='ltr'>quantum</span> <span class='ocrx_word' id='word_1_183' title='bbox 1267 3022 1344 3081; x_wconf 89' lang='lat' dir='ltr'>ad</span> <span class='ocrx_word' id='word_1_184' title='bbox 1385 3028 1558 3081; x_wconf 87' lang='lat' dir='ltr'>actus</span> <span class='ocrx_word' id='word_1_185' title='bbox 1591 3021 1696 3099; x_wconf 82' lang='lat' dir='ltr'>qui</span> <span class='ocrx_word' id='word_1_186' title='bbox 1742 3038 1851 3099; x_wconf 90' lang='lat' dir='ltr'>per</span> 
     </span>
     <span class='ocr_line' id='line_1_28' title="bbox 297 3113 1851 3195; baseline -0.001 -21"><span class='ocrx_word' id='word_1_187' title='bbox 297 3116 493 3194; x_wconf 87' lang='lat' dir='ltr'>ipsam</span> <span class='ocrx_word' id='word_1_188' title='bbox 529 3116 934 3195; x_wconf 88' lang='lat' dir='ltr'>imperantur,</span> <span class='ocrx_word' id='word_1_189' title='bbox 968 3115 1064 3176; x_wconf 86' lang='lat' dir='ltr'>vel</span> <span class='ocrx_word' id='word_1_190' title='bbox 1104 3133 1181 3175; x_wconf 85' lang='lat' dir='ltr'>ex</span> <span class='ocrx_word' id='word_1_191' title='bbox 1222 3115 1624 3192; x_wconf 87' lang='lat' dir='ltr'>impressione</span> <span class='ocrx_word' id='word_1_192' title='bbox 1661 3113 1851 3191; x_wconf 90' lang='lat' dir='ltr'>ipsius</span> 
     </span>
     <span class='ocr_line' id='line_1_29' title="bbox 297 3206 1853 3287; baseline -0.003 -18"><span class='ocrx_word' id='word_1_193' title='bbox 297 3208 480 3283; x_wconf 86' lang='lat' dir='ltr'>fiunt,</span> <span class='ocrx_word' id='word_1_194' title='bbox 516 3209 712 3269; x_wconf 91' lang='lat' dir='ltr'>obiter</span> <span class='ocrx_word' id='word_1_195' title='bbox 741 3213 928 3269; x_wconf 84' lang='lat' dir='ltr'>etiam</span> <span class='ocrx_word' id='word_1_196' title='bbox 958 3208 1227 3269; x_wconf 83' lang='lat' dir='ltr'>diximus</span> <span class='ocrx_word' id='word_1_197' title='bbox 1264 3226 1402 3287; x_wconf 82' lang='lat' dir='ltr'>quae</span> <span class='ocrx_word' id='word_1_198' title='bbox 1428 3225 1541 3285; x_wconf 92' lang='lat' dir='ltr'>pro</span> <span class='ocrx_word' id='word_1_199' title='bbox 1581 3206 1853 3265; x_wconf 82' lang='lat' dir='ltr'>materiae</span> 
     </span>
     <span class='ocr_line' id='line_1_30' title="bbox 297 3298 1853 3379; baseline -0.003 -19"><span class='ocrx_word' id='word_1_200' title='bbox 297 3302 632 3379; x_wconf 84' lang='lat' dir='ltr'>capacitate</span> <span class='ocrx_word' id='word_1_201' title='bbox 678 3300 1015 3361; x_wconf 88' lang='lat' dir='ltr'>neccssaria</span> <span class='ocrx_word' id='word_1_202' title='bbox 1055 3300 1186 3360; x_wconf 83' lang='lat' dir='ltr'>visa</span> <span class='ocrx_word' id='word_1_203' title='bbox 1229 3306 1395 3359; x_wconf 91' lang='lat' dir='ltr'>sunt.</span> <span class='ocrx_word' id='word_1_204' title='bbox 1440 3298 1654 3359; x_wconf 90' lang='lat' dir='ltr'>Solum</span> <span class='ocrx_word' id='word_1_205' title='bbox 1705 3314 1853 3373; x_wconf 91' lang='lat' dir='ltr'>ergo</span> 
     </span>
     <span class='ocr_line' id='line_1_31' title="bbox 297 3388 1853 3471; baseline -0.003 -19"><span class='ocrx_word' id='word_1_206' title='bbox 297 3398 576 3471; x_wconf 87' lang='lat' dir='ltr'>superest</span> <span class='ocrx_word' id='word_1_207' title='bbox 593 3392 920 3453; x_wconf 87' lang='lat' dir='ltr'>dicendum</span> <span class='ocrx_word' id='word_1_208' title='bbox 936 3392 1013 3452; x_wconf 91' lang='lat' dir='ltr'>de</span> <span class='ocrx_word' id='word_1_209' title='bbox 1031 3392 1336 3471; x_wconf 85' lang='lat' dir='ltr'>proximo,</span> <span class='ocrx_word' id='word_1_210' title='bbox 1359 3396 1421 3450; x_wconf 91' lang='lat' dir='ltr'>et</span> <span class='ocrx_word' id='word_1_211' title='bbox 1437 3389 1611 3468; x_wconf 84' lang='lat' dir='ltr'>quasi</span> <span class='ocrx_word' id='word_1_212' title='bbox 1631 3388 1853 3448; x_wconf 87' lang='lat' dir='ltr'>intrin-</span> 
     </span>
     <span class='ocr_line' id='line_1_32' title="bbox 299 3480 1848 3563; baseline -0.004 -18"><span class='ocrx_word' id='word_1_213' title='bbox 299 3502 439 3545; x_wconf 89' lang='lat' dir='ltr'>seco</span> <span class='ocrx_word' id='word_1_214' title='bbox 478 3485 694 3544; x_wconf 84' lang='lat' dir='ltr'>effectu</span> <span class='ocrx_word' id='word_1_215' title='bbox 741 3484 915 3561; x_wconf 87' lang='lat' dir='ltr'>legis,</span> <span class='ocrx_word' id='word_1_216' title='bbox 961 3483 1071 3563; x_wconf 89' lang='lat' dir='ltr'>qui</span> <span class='ocrx_word' id='word_1_217' title='bbox 1109 3489 1201 3543; x_wconf 89' lang='lat' dir='ltr'>est</span> <span class='ocrx_word' id='word_1_218' title='bbox 1244 3482 1517 3560; x_wconf 90' lang='lat' dir='ltr'>obligare</span> <span class='ocrx_word' id='word_1_219' title='bbox 1551 3480 1848 3555; x_wconf 83' lang='lat' dir='ltr'>subditos,</span> 
     </span>
     <span class='ocr_line' id='line_1_33' title="bbox 297 3574 1853 3656; baseline -0.004 -20"><span class='ocrx_word' id='word_1_220' title='bbox 297 3577 608 3656; x_wconf 87' lang='lat' dir='ltr'>quomodo</span> <span class='ocrx_word' id='word_1_221' title='bbox 636 3576 702 3635; x_wconf 91' lang='lat' dir='ltr'>in</span> <span class='ocrx_word' id='word_1_222' title='bbox 732 3575 932 3652; x_wconf 86' lang='lat' dir='ltr'>legem</span> <span class='ocrx_word' id='word_1_223' title='bbox 966 3582 1261 3636; x_wconf 86' lang='lat' dir='ltr'>aeternam</span> <span class='ocrx_word' id='word_1_224' title='bbox 1290 3574 1632 3635; x_wconf 83' lang='lat' dir='ltr'>conveniat.</span> <span class='ocrx_word' id='word_1_225' title='bbox 1671 3574 1748 3633; x_wconf 90' lang='lat' dir='ltr'>Et</span> <span class='ocrx_word' id='word_1_226' title='bbox 1784 3577 1853 3630; x_wconf 91' lang='lat' dir='ltr'>ut</span> 
     </span>
     <span class='ocr_line' id='line_1_34' title="bbox 295 3665 1852 3747; baseline -0.003 -19"><span class='ocrx_word' id='word_1_227' title='bbox 295 3668 414 3728; x_wconf 90' lang='lat' dir='ltr'>hoc</span> <span class='ocrx_word' id='word_1_228' title='bbox 441 3673 766 3747; x_wconf 86' lang='lat' dir='ltr'>punctum,</span> <span class='ocrx_word' id='word_1_229' title='bbox 789 3667 952 3746; x_wconf 85' lang='lat' dir='ltr'>quod</span> <span class='ocrx_word' id='word_1_230' title='bbox 976 3668 1208 3729; x_wconf 91' lang='lat' dir='ltr'>morale</span> <span class='ocrx_word' id='word_1_231' title='bbox 1228 3673 1342 3742; x_wconf 87' lang='lat' dir='ltr'>est,</span> <span class='ocrx_word' id='word_1_232' title='bbox 1368 3667 1500 3727; x_wconf 91' lang='lat' dir='ltr'>sine</span> <span class='ocrx_word' id='word_1_233' title='bbox 1521 3665 1852 3726; x_wconf 87' lang='lat' dir='ltr'>verborum</span> 
     </span>
     <span class='ocr_line' id='line_1_35' title="bbox 295 3760 1851 3840; baseline -0.001 -20"><span class='ocrx_word' id='word_1_234' title='bbox 295 3760 701 3838; x_wconf 86' lang='lat' dir='ltr'>ambiguitate</span> <span class='ocrx_word' id='word_1_235' title='bbox 718 3765 1035 3835; x_wconf 90' lang='lat' dir='ltr'>tractetur,</span> <span class='ocrx_word' id='word_1_236' title='bbox 1058 3779 1333 3840; x_wconf 90' lang='lat' dir='ltr'>suppono</span> <span class='ocrx_word' id='word_1_237' title='bbox 1351 3776 1701 3821; x_wconf 88' lang='lat' dir='ltr'>sermonem</span> <span class='ocrx_word' id='word_1_238' title='bbox 1723 3775 1851 3818; x_wconf 87' lang='lat' dir='ltr'>esse</span> 
     </span>
     <span class='ocr_line' id='line_1_36' title="bbox 296 3852 1851 3932; baseline -0.002 -20"><span class='ocrx_word' id='word_1_239' title='bbox 296 3853 374 3913; x_wconf 88' lang='lat' dir='ltr'>de</span> <span class='ocrx_word' id='word_1_240' title='bbox 400 3853 537 3930; x_wconf 87' lang='lat' dir='ltr'>lege</span> <span class='ocrx_word' id='word_1_241' title='bbox 566 3858 820 3927; x_wconf 85' lang='lat' dir='ltr'>aeterna,</span> <span class='ocrx_word' id='word_1_242' title='bbox 850 3859 920 3912; x_wconf 89' lang='lat' dir='ltr'>ut</span> <span class='ocrx_word' id='word_1_243' title='bbox 948 3858 1041 3913; x_wconf 91' lang='lat' dir='ltr'>est</span> <span class='ocrx_word' id='word_1_244' title='bbox 1062 3854 1306 3932; x_wconf 88' lang='lat' dir='ltr'>proprie</span> <span class='ocrx_word' id='word_1_245' title='bbox 1332 3852 1701 3932; x_wconf 79' lang='lat' dir='ltr'>praeceptiva</span> <span class='ocrx_word' id='word_1_246' title='bbox 1727 3868 1851 3910; x_wconf 88' lang='lat' dir='ltr'>res-</span> 
     </span>
     <span class='ocr_line' id='line_1_37' title="bbox 294 3943 1851 4025; baseline -0.002 -20"><span class='ocrx_word' id='word_1_247' title='bbox 294 3952 477 4024; x_wconf 85' lang='lat' dir='ltr'>pectu</span> <span class='ocrx_word' id='word_1_248' title='bbox 513 3946 839 4005; x_wconf 90' lang='lat' dir='ltr'>hominum</span> <span class='ocrx_word' id='word_1_249' title='bbox 870 3948 954 4022; x_wconf 90' lang='lat' dir='ltr'>(et</span> <span class='ocrx_word' id='word_1_250' title='bbox 985 3945 1150 4007; x_wconf 88' lang='lat' dir='ltr'>idem</span> <span class='ocrx_word' id='word_1_251' title='bbox 1187 3964 1329 4007; x_wconf 87' lang='lat' dir='ltr'>cum</span> <span class='ocrx_word' id='word_1_252' title='bbox 1357 3946 1748 4025; x_wconf 88' lang='lat' dir='ltr'>proportione</span> <span class='ocrx_word' id='word_1_253' title='bbox 1775 3943 1851 4003; x_wconf 91' lang='lat' dir='ltr'>de</span> 
     </span>
     <span class='ocr_line' id='line_1_38' title="bbox 296 4036 1855 4118; baseline -0.003 -20"><span class='ocrx_word' id='word_1_254' title='bbox 296 4039 571 4115; x_wconf 80' lang='lat' dir='ltr'>Angelis)</span> <span class='ocrx_word' id='word_1_255' title='bbox 595 4059 614 4113; x_wconf 83' lang='lat'>3</span> <span class='ocrx_word' id='word_1_256' title='bbox 642 4057 788 4098; x_wconf 91' lang='lat' dir='ltr'>nam</span> <span class='ocrx_word' id='word_1_257' title='bbox 815 4043 1000 4118; x_wconf 90' lang='lat' dir='ltr'>prout</span> <span class='ocrx_word' id='word_1_258' title='bbox 1033 4038 1384 4100; x_wconf 82' lang='lat' dir='ltr'>extenditur</span> <span class='ocrx_word' id='word_1_259' title='bbox 1420 4037 1500 4097; x_wconf 89' lang='lat' dir='ltr'>ad</span> <span class='ocrx_word' id='word_1_260' title='bbox 1535 4036 1855 4095; x_wconf 84' lang='lat' dir='ltr'>inferiores</span> 
     </span>
     <span class='ocr_line' id='line_1_39' title="bbox 295 4127 1856 4204; baseline -0.004 -12"><span class='ocrx_word' id='word_1_261' title='bbox 295 4137 631 4204; x_wconf 79' lang='lat' dir='ltr'>creaturaS,</span> <span class='ocrx_word' id='word_1_262' title='bbox 656 4129 895 4191; x_wconf 89' lang='lat' dir='ltr'>clarum</span> <span class='ocrx_word' id='word_1_263' title='bbox 918 4136 1007 4191; x_wconf 85' lang='lat' dir='ltr'>est</span> <span class='ocrx_word' id='word_1_264' title='bbox 1043 4150 1168 4192; x_wconf 89' lang='lat' dir='ltr'>non</span> <span class='ocrx_word' id='word_1_265' title='bbox 1211 4130 1508 4190; x_wconf 88' lang='lat' dir='ltr'>inducere</span> <span class='ocrx_word' id='word_1_266' title='bbox 1536 4127 1856 4204; x_wconf 86' lang='lat' dir='ltr'>obligatio-</span> 
     </span>
     <span class='ocr_line' id='line_1_40' title="bbox 293 4219 1853 4302; baseline -0.003 -19"><span class='ocrx_word' id='word_1_267' title='bbox 293 4241 443 4284; x_wconf 89' lang='lat' dir='ltr'>nem</span> <span class='ocrx_word' id='word_1_268' title='bbox 470 4223 807 4302; x_wconf 84' lang='lat' dir='ltr'>propriam,</span> <span class='ocrx_word' id='word_1_269' title='bbox 836 4223 942 4284; x_wconf 91' lang='lat' dir='ltr'>sed</span> <span class='ocrx_word' id='word_1_270' title='bbox 969 4223 1357 4297; x_wconf 88' lang='lat' dir='ltr'>instinctum,</span> <span class='ocrx_word' id='word_1_271' title='bbox 1388 4220 1486 4282; x_wconf 85' lang='lat' dir='ltr'>vel</span> <span class='ocrx_word' id='word_1_272' title='bbox 1506 4219 1853 4280; x_wconf 89' lang='lat' dir='ltr'>inclinatio-</span> 
     </span>
     <span class='ocr_line' id='line_1_41' title="bbox 293 4314 1855 4395; baseline -0.003 -19"><span class='ocrx_word' id='word_1_273' title='bbox 293 4334 469 4392; x_wconf 89' lang='lat' dir='ltr'>nem,</span> <span class='ocrx_word' id='word_1_274' title='bbox 495 4322 602 4376; x_wconf 89' lang='lat' dir='ltr'>aut</span> <span class='ocrx_word' id='word_1_275' title='bbox 623 4317 925 4395; x_wconf 87' lang='lat' dir='ltr'>impetum</span> <span class='ocrx_word' id='word_1_276' title='bbox 946 4315 1312 4376; x_wconf 87' lang='lat' dir='ltr'>naturaliter</span> <span class='ocrx_word' id='word_1_277' title='bbox 1338 4314 1855 4376; x_wconf 87' lang='lat' dir='ltr'>determinantem</span> 
     </span>
     <span class='ocr_line' id='line_1_42' title="bbox 293 4405 1855 4487; baseline -0.003 -17"><span class='ocrx_word' id='word_1_278' title='bbox 293 4409 380 4470; x_wconf 88' lang='lat' dir='ltr'>ad</span> <span class='ocrx_word' id='word_1_279' title='bbox 405 4424 638 4469; x_wconf 86' lang='lat' dir='ltr'>unum:</span> <span class='ocrx_word' id='word_1_280' title='bbox 671 4408 779 4487; x_wconf 91' lang='lat' dir='ltr'>qui</span> <span class='ocrx_word' id='word_1_281' title='bbox 816 4409 1067 4470; x_wconf 84' lang='lat' dir='ltr'>effectus</span> <span class='ocrx_word' id='word_1_282' title='bbox 1094 4425 1290 4487; x_wconf 88' lang='lat' dir='ltr'>neque</span> <span class='ocrx_word' id='word_1_283' title='bbox 1313 4407 1389 4467; x_wconf 87' lang='lat' dir='ltr'>ad</span> <span class='ocrx_word' id='word_1_284' title='bbox 1427 4405 1741 4485; x_wconf 88' lang='lat' dir='ltr'>propriam</span> <span class='ocrx_word' id='word_1_285' title='bbox 1769 4405 1855 4466; x_wconf 93' lang='grc'>16-</span> 
     </span>
     <span class='ocr_line' id='line_1_43' title="bbox 293 4499 1847 4581; baseline -0.003 -19"><span class='ocrx_word' id='word_1_286' title='bbox 293 4519 442 4580; x_wconf 91' lang='lat' dir='ltr'>gem</span> <span class='ocrx_word' id='word_1_287' title='bbox 466 4502 752 4581; x_wconf 87' lang='lat' dir='ltr'>pertinet,</span> <span class='ocrx_word' id='word_1_288' title='bbox 775 4519 975 4580; x_wconf 88' lang='lat' dir='ltr'>neque</span> <span class='ocrx_word' id='word_1_289' title='bbox 997 4501 1184 4561; x_wconf 87' lang='lat' dir='ltr'>aliam</span> <span class='ocrx_word' id='word_1_290' title='bbox 1206 4500 1550 4561; x_wconf 89' lang='lat' dir='ltr'>doctrinam</span> <span class='ocrx_word' id='word_1_291' title='bbox 1566 4499 1847 4578; x_wconf 87' lang='lat' dir='ltr'>requirit,</span> 
     </span>
     <span class='ocr_line' id='line_1_44' title="bbox 289 4594 1060 4674; baseline -0.001 -19"><span class='ocrx_word' id='word_1_292' title='bbox 289 4601 520 4674; x_wconf 81' lang='lat' dir='ltr'>praeter</span> <span class='ocrx_word' id='word_1_293' title='bbox 550 4594 1060 4673; x_wconf 85' lang='lat' dir='ltr'>philosophicam.</span> 
     </span>
    </p>

    <p class='ocr_par' dir='ltr' id='par_1_8' title="bbox 285 4684 1854 5505">
     <span class='ocr_line' id='line_1_45' title="bbox 379 4684 1854 4765; baseline -0.002 -18"><span class='ocrx_word' id='word_1_294' title='bbox 379 4689 438 4748; x_wconf 74' lang='lat'>2.</span> <span class='ocrx_word' id='word_1_295' title='bbox 484 4687 609 4749; x_wconf 72' lang='lat' dir='ltr'>Lea</span> <span class='ocrx_word' id='word_1_296' title='bbox 634 4692 856 4748; x_wconf 77' lang='lat' dir='ltr'>oetorna</span> <span class='ocrx_word' id='word_1_297' title='bbox 894 4685 1255 4765; x_wconf 76' lang='lat' dir='ltr'>proeoeptiva</span> <span class='ocrx_word' id='word_1_298' title='bbox 1297 4684 1673 4760; x_wconf 71' lang='lat' dir='ltr'>sufficienter</span> <span class='ocrx_word' id='word_1_299' title='bbox 1707 4700 1854 4761; x_wconf 80' lang='lat' dir='ltr'>pro-</span> 
     </span>
     <span class='ocr_line' id='line_1_46' title="bbox 291 4776 1853 4860; baseline -0.004 -19"><span class='ocrx_word' id='word_1_300' title='bbox 291 4780 573 4860; x_wconf 70' lang='lat' dir='ltr'>mnlyata</span> <span class='ocrx_word' id='word_1_301' title='bbox 598 4782 722 4841; x_wconf 82' lang='lat' dir='ltr'>vim</span> <span class='ocrx_word' id='word_1_302' title='bbox 749 4780 1054 4857; x_wconf 68' lang='lat' dir='ltr'>obliyandi</span> <span class='ocrx_word' id='word_1_303' title='bbox 1082 4779 1274 4840; x_wconf 71' lang='lat' dir='ltr'>habet.</span> <span class='ocrx_word' id='word_1_304' title='bbox 1297 4810 1378 4823; x_wconf 91' lang='lat'>—</span> <span class='ocrx_word' id='word_1_305' title='bbox 1396 4778 1480 4836; x_wconf 93' lang='lat' dir='ltr'>De</span> <span class='ocrx_word' id='word_1_306' title='bbox 1503 4776 1638 4854; x_wconf 86' lang='lat' dir='ltr'>lege</span> <span class='ocrx_word' id='word_1_307' title='bbox 1661 4776 1853 4854; x_wconf 86' lang='lat' dir='ltr'>igitur</span> 
     </span>
     <span class='ocr_line' id='line_1_47' title="bbox 291 4868 1852 4951; baseline -0.003 -18"><span class='ocrx_word' id='word_1_308' title='bbox 291 4879 530 4933; x_wconf 85' lang='lat' dir='ltr'>aeterna</span> <span class='ocrx_word' id='word_1_309' title='bbox 565 4873 653 4932; x_wconf 90' lang='lat' dir='ltr'>sic</span> <span class='ocrx_word' id='word_1_310' title='bbox 693 4876 961 4951; x_wconf 87' lang='lat' dir='ltr'>spectata</span> <span class='ocrx_word' id='word_1_311' title='bbox 988 4871 1248 4931; x_wconf 89' lang='lat' dir='ltr'>dicimus</span> <span class='ocrx_word' id='word_1_312' title='bbox 1283 4868 1510 4930; x_wconf 90' lang='lat' dir='ltr'>habere</span> <span class='ocrx_word' id='word_1_313' title='bbox 1538 4868 1665 4927; x_wconf 87' lang='lat' dir='ltr'>vim</span> <span class='ocrx_word' id='word_1_314' title='bbox 1701 4868 1852 4928; x_wconf 91' lang='lat' dir='ltr'>obli·</span> 
     </span>
     <span class='ocr_line' id='line_1_48' title="bbox 288 4961 1853 5043; baseline -0.003 -19"><span class='ocrx_word' id='word_1_315' title='bbox 288 4965 488 5043; x_wconf 86' lang='lat' dir='ltr'>gandi</span> <span class='ocrx_word' id='word_1_316' title='bbox 516 4965 592 5024; x_wconf 92' lang='lat' dir='ltr'>de</span> <span class='ocrx_word' id='word_1_317' title='bbox 614 4983 701 5039; x_wconf 87' lang='lat' dir='ltr'>se,</span> <span class='ocrx_word' id='word_1_318' title='bbox 728 4966 782 5024; x_wconf 86' lang='lat' dir='ltr'>si</span> <span class='ocrx_word' id='word_1_319' title='bbox 818 4964 1190 5024; x_wconf 86' lang='lat' dir='ltr'>sufficienter</span> <span class='ocrx_word' id='word_1_320' title='bbox 1215 4961 1642 5041; x_wconf 83' lang='lat' dir='ltr'>promulgetur</span> <span class='ocrx_word' id='word_1_321' title='bbox 1663 4965 1853 5039; x_wconf 80' lang='lat' dir='ltr'>et‘ap-</span> 
     </span>
     <span class='ocr_line' id='line_1_49' title="bbox 291 5055 1854 5135; baseline -0.001 -20"><span class='ocrx_word' id='word_1_322' title='bbox 291 5056 582 5135; x_wconf 90' lang='lat' dir='ltr'>plicetur.</span> <span class='ocrx_word' id='word_1_323' title='bbox 618 5056 941 5131; x_wconf 87' lang='lat' dir='ltr'>Probatur,</span> <span class='ocrx_word' id='word_1_324' title='bbox 963 5058 1112 5134; x_wconf 89' lang='lat' dir='ltr'>quia</span> <span class='ocrx_word' id='word_1_325' title='bbox 1128 5055 1278 5116; x_wconf 86' lang='lat' dir='ltr'>alias</span> <span class='ocrx_word' id='word_1_326' title='bbox 1302 5073 1429 5115; x_wconf 91' lang='lat' dir='ltr'>non</span> <span class='ocrx_word' id='word_1_327' title='bbox 1447 5060 1601 5114; x_wconf 88' lang='lat' dir='ltr'>esset</span> <span class='ocrx_word' id='word_1_328' title='bbox 1624 5071 1770 5114; x_wconf 87' lang='lat' dir='ltr'>vera</span> <span class='ocrx_word' id='word_1_329' title='bbox 1791 5058 1854 5113; x_wconf 90' lang='lat' dir='ltr'>et</span> 
     </span>
     <span class='ocr_line' id='line_1_50' title="bbox 287 5145 1849 5227; baseline -0.002 -19"><span class='ocrx_word' id='word_1_330' title='bbox 287 5149 546 5227; x_wconf 87' lang='lat' dir='ltr'>propria</span> <span class='ocrx_word' id='word_1_331' title='bbox 575 5148 697 5218; x_wconf 86' lang='lat' dir='ltr'>lex,</span> <span class='ocrx_word' id='word_1_332' title='bbox 729 5167 872 5209; x_wconf 92' lang='lat' dir='ltr'>cum</span> <span class='ocrx_word' id='word_1_333' title='bbox 899 5149 974 5208; x_wconf 90' lang='lat' dir='ltr'>de</span> <span class='ocrx_word' id='word_1_334' title='bbox 1001 5149 1240 5209; x_wconf 83' lang='lat' dir='ltr'>ratione</span> <span class='ocrx_word' id='word_1_335' title='bbox 1266 5146 1420 5225; x_wconf 89' lang='lat' dir='ltr'>legis</span> <span class='ocrx_word' id='word_1_336' title='bbox 1446 5147 1525 5206; x_wconf 90' lang='lat' dir='ltr'>sit</span> <span class='ocrx_word' id='word_1_337' title='bbox 1555 5145 1849 5223; x_wconf 88' lang='lat' dir='ltr'>obligare,</span> 
     </span>
     <span class='ocr_line' id='line_1_51' title="bbox 287 5237 1853 5319; baseline -0.002 -19"><span class='ocrx_word' id='word_1_338' title='bbox 287 5247 365 5300; x_wconf 90' lang='lat' dir='ltr'>ut</span> <span class='ocrx_word' id='word_1_339' title='bbox 394 5259 581 5319; x_wconf 89' lang='lat' dir='ltr'>supra</span> <span class='ocrx_word' id='word_1_340' title='bbox 609 5247 920 5301; x_wconf 88' lang='lat' dir='ltr'>ostensum</span> <span class='ocrx_word' id='word_1_341' title='bbox 949 5248 1059 5301; x_wconf 88' lang='lat' dir='ltr'>est.</span> <span class='ocrx_word' id='word_1_342' title='bbox 1092 5243 1268 5314; x_wconf 90' lang='lat' dir='ltr'>Item,</span> <span class='ocrx_word' id='word_1_343' title='bbox 1300 5243 1447 5317; x_wconf 89' lang='lat' dir='ltr'>quia</span> <span class='ocrx_word' id='word_1_344' title='bbox 1471 5239 1631 5298; x_wconf 91' lang='lat' dir='ltr'>Deus</span> <span class='ocrx_word' id='word_1_345' title='bbox 1668 5237 1853 5297; x_wconf 87' lang='lat' dir='ltr'>habet</span> 
     </span>
     <span class='ocr_line' id='line_1_52' title="bbox 287 5330 1854 5412; baseline -0.002 -21"><span class='ocrx_word' id='word_1_346' title='bbox 287 5351 647 5412; x_wconf 86' lang='lat' dir='ltr'>supremam</span> <span class='ocrx_word' id='word_1_347' title='bbox 676 5340 1035 5411; x_wconf 83' lang='lat' dir='ltr'>potestatem</span> <span class='ocrx_word' id='word_1_348' title='bbox 1060 5332 1404 5411; x_wconf 85' lang='lat' dir='ltr'>imperandi</span> <span class='ocrx_word' id='word_1_349' title='bbox 1424 5349 1439 5390; x_wconf 72' lang='grc' dir='ltr'>ε</span> <span class='ocrx_word' id='word_1_350' title='bbox 1465 5349 1612 5407; x_wconf 86' lang='lat' dir='ltr'>ergo</span> <span class='ocrx_word' id='word_1_351' title='bbox 1625 5336 1685 5389; x_wconf 88' lang='lat' dir='ltr'>et</span> <span class='ocrx_word' id='word_1_352' title='bbox 1702 5330 1854 5389; x_wconf 90' lang='lat' dir='ltr'>obli-</span> 
     </span>
     <span class='ocr_line' id='line_1_53' title="bbox 285 5424 1854 5505; baseline -0.003 -18"><span class='ocrx_word' id='word_1_353' title='bbox 285 5427 485 5505; x_wconf 84' lang='lat' dir='ltr'>gandi</span> <span class='ocrx_word' id='word_1_354' title='bbox 538 5429 706 5503; x_wconf 89' lang='lat' dir='ltr'>(nam</span> <span class='ocrx_word' id='word_1_355' title='bbox 751 5427 1080 5505; x_wconf 88' lang='lat' dir='ltr'>superioris</span> <span class='ocrx_word' id='word_1_356' title='bbox 1120 5434 1491 5505; x_wconf 70' lang='lat' dir='ltr'>praeceptum</span> <span class='ocrx_word' id='word_1_357' title='bbox 1537 5424 1854 5501; x_wconf 82' lang='lat' dir='ltr'>obligatio-</span> 
     </span>
    </p>

    <p class='ocr_par' dir='ltr' id='par_1_9' title="bbox 704 5544 767 5589">
     <span class='ocr_line' id='line_1_54' title="bbox 704 5544 767 5589; baseline 0.048 -3"><span class='ocrx_word' id='word_1_358' title='bbox 704 5544 767 5589; x_wconf 77' lang='lat' dir='ltr'>v.</span> 
     </span>
    </p>
   </div>
   <div class='ocr_carea' id='block_1_8' title="bbox 3407 343 3487 404">
    <p class='ocr_par' dir='ltr' id='par_1_10' title="bbox 3407 343 3487 404">
     <span class='ocr_line' id='line_1_55' title="bbox 3407 343 3487 404; baseline 0 0"><span class='ocrx_word' id='word_1_359' title='bbox 3407 343 3487 404; x_wconf 85' lang='lat'>97</span> 
     </span>
    </p>
   </div>
   <div class='ocr_carea' id='block_1_9' title="bbox 1925 441 3489 1352">
    <p class='ocr_par' dir='ltr' id='par_1_11' title="bbox 1925 441 3489 1352">
     <span class='ocr_line' id='line_1_56' title="bbox 1926 441 3481 523; baseline 0.003 -21"><span class='ocrx_word' id='word_1_360' title='bbox 1926 462 2068 503; x_wconf 89' lang='lat' dir='ltr'>nem</span> <span class='ocrx_word' id='word_1_361' title='bbox 2117 441 2395 522; x_wconf 88' lang='lat' dir='ltr'>inducit),</span> <span class='ocrx_word' id='word_1_362' title='bbox 2430 446 2536 505; x_wconf 89' lang='lat' dir='ltr'>sed</span> <span class='ocrx_word' id='word_1_363' title='bbox 2586 463 2696 523; x_wconf 89' lang='lat' dir='ltr'>per</span> <span class='ocrx_word' id='word_1_364' title='bbox 2723 463 2898 505; x_wconf 90' lang='lat' dir='ltr'>suam</span> <span class='ocrx_word' id='word_1_365' title='bbox 2938 444 3139 523; x_wconf 86' lang='lat' dir='ltr'>legem</span> <span class='ocrx_word' id='word_1_366' title='bbox 3183 449 3481 508; x_wconf 84' lang='lat' dir='ltr'>aeternam</span> 
     </span>
     <span class='ocr_line' id='line_1_57' title="bbox 1927 536 3480 617; baseline 0.005 -24"><span class='ocrx_word' id='word_1_367' title='bbox 1927 536 2191 613; x_wconf 89' lang='lat' dir='ltr'>imperat</span> <span class='ocrx_word' id='word_1_368' title='bbox 2236 537 2385 611; x_wconf 90' lang='lat' dir='ltr'>(non</span> <span class='ocrx_word' id='word_1_369' title='bbox 2428 538 2595 596; x_wconf 91' lang='lat' dir='ltr'>enim</span> <span class='ocrx_word' id='word_1_370' title='bbox 2636 539 2849 617; x_wconf 89' lang='lat' dir='ltr'>incipit</span> <span class='ocrx_word' id='word_1_371' title='bbox 2892 539 2959 598; x_wconf 90' lang='lat' dir='ltr'>in</span> <span class='ocrx_word' id='word_1_372' title='bbox 2996 545 3271 616; x_wconf 86' lang='lat' dir='ltr'>tempore</span> <span class='ocrx_word' id='word_1_373' title='bbox 3297 559 3480 600; x_wconf 88' lang='lat' dir='ltr'>suum</span> 
     </span>
     <span class='ocr_line' id='line_1_58' title="bbox 1925 626 3486 708; baseline 0.004 -22"><span class='ocrx_word' id='word_1_374' title='bbox 1925 626 2257 705; x_wconf 90' lang='lat' dir='ltr'>imperium</span> <span class='ocrx_word' id='word_1_375' title='bbox 2295 630 2669 707; x_wconf 85' lang='lat' dir='ltr'>concipere):</span> <span class='ocrx_word' id='word_1_376' title='bbox 2703 648 2851 706; x_wconf 87' lang='lat' dir='ltr'>ergo</span> <span class='ocrx_word' id='word_1_377' title='bbox 2884 649 2995 708; x_wconf 92' lang='lat' dir='ltr'>per</span> <span class='ocrx_word' id='word_1_378' title='bbox 3020 632 3301 691; x_wconf 92' lang='lat' dir='ltr'>eamdem</span> <span class='ocrx_word' id='word_1_379' title='bbox 3330 632 3486 692; x_wconf 91' lang='lat' dir='ltr'>obli-</span> 
     </span>
     <span class='ocr_line' id='line_1_59' title="bbox 1927 721 3487 802; baseline 0.002 -22"><span class='ocrx_word' id='word_1_380' title='bbox 1927 726 2055 798; x_wconf 88' lang='lat' dir='ltr'>gat.</span> <span class='ocrx_word' id='word_1_381' title='bbox 2102 721 2296 795; x_wconf 74' lang='lat' dir='ltr'>DiceS,</span> <span class='ocrx_word' id='word_1_382' title='bbox 2341 739 2488 799; x_wconf 83' lang='lat' dir='ltr'>ergo</span> <span class='ocrx_word' id='word_1_383' title='bbox 2525 721 2757 799; x_wconf 87' lang='lat' dir='ltr'>obligat</span> <span class='ocrx_word' id='word_1_384' title='bbox 2781 722 2859 782; x_wconf 87' lang='lat' dir='ltr'>ab</span> <span class='ocrx_word' id='word_1_385' title='bbox 2891 729 3144 797; x_wconf 81' lang='lat' dir='ltr'>aeternO,</span> <span class='ocrx_word' id='word_1_386' title='bbox 3171 741 3313 782; x_wconf 91' lang='lat' dir='ltr'>cum</span> <span class='ocrx_word' id='word_1_387' title='bbox 3354 725 3487 802; x_wconf 90' lang='lat' dir='ltr'>ipsa</span> 
     </span>
     <span class='ocr_line' id='line_1_60' title="bbox 1927 813 3481 894; baseline 0.003 -22"><span class='ocrx_word' id='word_1_388' title='bbox 1927 813 2007 872; x_wconf 90' lang='lat' dir='ltr'>sit</span> <span class='ocrx_word' id='word_1_389' title='bbox 2028 818 2292 872; x_wconf 83' lang='lat' dir='ltr'>aeterna:</span> <span class='ocrx_word' id='word_1_390' title='bbox 2325 831 2699 891; x_wconf 89' lang='lat' dir='ltr'>consequens</span> <span class='ocrx_word' id='word_1_391' title='bbox 2720 820 2811 874; x_wconf 88' lang='lat' dir='ltr'>est</span> <span class='ocrx_word' id='word_1_392' title='bbox 2834 814 2995 874; x_wconf 90' lang='lat' dir='ltr'>clare</span> <span class='ocrx_word' id='word_1_393' title='bbox 3021 816 3277 875; x_wconf 84' lang='lat' dir='ltr'>falsum:</span> <span class='ocrx_word' id='word_1_394' title='bbox 3311 834 3481 894; x_wconf 90' lang='lat' dir='ltr'>ergo.</span> 
     </span>
     <span class='ocr_line' id='line_1_61' title="bbox 1927 904 3485 984; baseline 0.002 -19"><span class='ocrx_word' id='word_1_395' title='bbox 1927 904 2352 982; x_wconf 89' lang='lat' dir='ltr'>Respondetur</span> <span class='ocrx_word' id='word_1_396' title='bbox 2399 906 2681 983; x_wconf 88' lang='lat' dir='ltr'>negando</span> <span class='ocrx_word' id='word_1_397' title='bbox 2725 908 3227 984; x_wconf 86' lang='lat' dir='ltr'>consequentiam</span> <span class='ocrx_word' id='word_1_398' title='bbox 3264 929 3278 966; x_wconf 74' lang='grc' dir='ltr'><strong><em>ε</em></strong></span> <span class='ocrx_word' id='word_1_399' title='bbox 3336 926 3485 968; x_wconf 88' lang='lat' dir='ltr'>nam</span> 
     </span>
     <span class='ocr_line' id='line_1_62' title="bbox 1927 996 3487 1078; baseline 0.003 -23"><span class='ocrx_word' id='word_1_400' title='bbox 1927 996 2316 1074; x_wconf 83' lang='lat' dir='ltr'>providentia</span> <span class='ocrx_word' id='word_1_401' title='bbox 2341 1003 2573 1057; x_wconf 84' lang='lat' dir='ltr'>aeterna</span> <span class='ocrx_word' id='word_1_402' title='bbox 2605 1003 2717 1071; x_wconf 90' lang='lat' dir='ltr'>est,</span> <span class='ocrx_word' id='word_1_403' title='bbox 2754 1003 2816 1058; x_wconf 92' lang='lat' dir='ltr'>et</span> <span class='ocrx_word' id='word_1_404' title='bbox 2847 1016 2975 1057; x_wconf 91' lang='lat' dir='ltr'>non</span> <span class='ocrx_word' id='word_1_405' title='bbox 3011 998 3089 1058; x_wconf 91' lang='lat' dir='ltr'>ab</span> <span class='ocrx_word' id='word_1_406' title='bbox 3118 1005 3349 1059; x_wconf 83' lang='lat' dir='ltr'>aeterno</span> <span class='ocrx_word' id='word_1_407' title='bbox 3374 1019 3487 1078; x_wconf 86' lang='lat' dir='ltr'>gu-</span> 
     </span>
     <span class='ocr_line' id='line_1_63' title="bbox 1928 1088 3489 1167; baseline 0.004 -20"><span class='ocrx_word' id='word_1_408' title='bbox 1928 1088 2172 1162; x_wconf 88' lang='lat' dir='ltr'>bernat,</span> <span class='ocrx_word' id='word_1_409' title='bbox 2211 1089 2358 1167; x_wconf 85' lang='lat' dir='ltr'>quia</span> <span class='ocrx_word' id='word_1_410' title='bbox 2399 1089 2742 1167; x_wconf 84' lang='lat' dir='ltr'>gubernare</span> <span class='ocrx_word' id='word_1_411' title='bbox 2780 1090 2926 1149; x_wconf 83' lang='lat' dir='ltr'>dicit</span> <span class='ocrx_word' id='word_1_412' title='bbox 2966 1091 3273 1152; x_wconf 89' lang='lat' dir='ltr'>actionem</span> <span class='ocrx_word' id='word_1_413' title='bbox 3319 1098 3489 1154; x_wconf 86' lang='lat' dir='ltr'>tran-</span> 
     </span>
     <span class='ocr_line' id='line_1_64' title="bbox 1928 1181 3488 1258; baseline 0.003 -18"><span class='ocrx_word' id='word_1_414' title='bbox 1928 1187 2210 1241; x_wconf 91' lang='lat' dir='ltr'>seuntem</span> <span class='ocrx_word' id='word_1_415' title='bbox 2254 1181 2417 1241; x_wconf 86' lang='lat' dir='ltr'>circa</span> <span class='ocrx_word' id='word_1_416' title='bbox 2464 1186 2773 1242; x_wconf 86' lang='lat' dir='ltr'>creaturas</span> <span class='ocrx_word' id='word_1_417' title='bbox 2803 1188 2939 1241; x_wconf 87' lang='lat' dir='ltr'>actu</span> <span class='ocrx_word' id='word_1_418' title='bbox 2986 1183 3318 1243; x_wconf 87' lang='lat' dir='ltr'>existentes</span> <span class='ocrx_word' id='word_1_419' title='bbox 3344 1205 3363 1258; x_wconf 82' lang='lat'>3</span> <span class='ocrx_word' id='word_1_420' title='bbox 3400 1184 3488 1244; x_wconf 87' lang='lat' dir='ltr'>ita</span> 
     </span>
     <span class='ocr_line' id='line_1_65' title="bbox 1929 1272 3488 1352; baseline 0.002 -19"><span class='ocrx_word' id='word_1_421' title='bbox 1929 1291 2078 1350; x_wconf 86' lang='lat' dir='ltr'>ergo</span> <span class='ocrx_word' id='word_1_422' title='bbox 2124 1272 2224 1334; x_wconf 86' lang='lat' dir='ltr'>lex</span> <span class='ocrx_word' id='word_1_423' title='bbox 2255 1278 2486 1334; x_wconf 66' lang='lat' dir='ltr'>aeterna</span> <span class='ocrx_word' id='word_1_424' title='bbox 2517 1273 2596 1334; x_wconf 89' lang='lat' dir='ltr'>ab</span> <span class='ocrx_word' id='word_1_425' title='bbox 2627 1278 2858 1334; x_wconf 83' lang='lat' dir='ltr'>aeterno</span> <span class='ocrx_word' id='word_1_426' title='bbox 2900 1274 3174 1352; x_wconf 89' lang='lat' dir='ltr'>ponitur,</span> <span class='ocrx_word' id='word_1_427' title='bbox 3223 1294 3352 1335; x_wconf 91' lang='lat' dir='ltr'>non</span> <span class='ocrx_word' id='word_1_428' title='bbox 3395 1283 3488 1336; x_wconf 84' lang='lat' dir='ltr'>ta-</span> 
     </span>
    </p>
   </div>
   <div class='ocr_carea' id='block_1_10' title="bbox 1829 1364 3489 1447">
    <p class='ocr_par' dir='ltr' id='par_1_12' title="bbox 1829 1364 3489 1447">
     <span class='ocr_line' id='line_1_66' title="bbox 1829 1364 3489 1447; baseline 0.002 -22"><span class='ocrx_word' id='word_1_429' title='bbox 1829 1409 1830 1412; x_wconf 22' lang='lat'><em>*</em></span> <span class='ocrx_word' id='word_1_430' title='bbox 1930 1383 2078 1425; x_wconf 89' lang='lat' dir='ltr'>men</span> <span class='ocrx_word' id='word_1_431' title='bbox 2104 1365 2184 1426; x_wconf 89' lang='lat' dir='ltr'>ab</span> <span class='ocrx_word' id='word_1_432' title='bbox 2212 1371 2442 1426; x_wconf 78' lang='lat' dir='ltr'>oeterno</span> <span class='ocrx_word' id='word_1_433' title='bbox 2469 1364 2723 1443; x_wconf 88' lang='lat' dir='ltr'>obligat,</span> <span class='ocrx_word' id='word_1_434' title='bbox 2756 1365 2861 1426; x_wconf 88' lang='lat' dir='ltr'>sed</span> <span class='ocrx_word' id='word_1_435' title='bbox 2902 1366 2969 1425; x_wconf 90' lang='lat' dir='ltr'>in</span> <span class='ocrx_word' id='word_1_436' title='bbox 2995 1372 3294 1446; x_wconf 88' lang='lat' dir='ltr'>tempore,</span> <span class='ocrx_word' id='word_1_437' title='bbox 3340 1370 3489 1447; x_wconf 85' lang='lat' dir='ltr'>quia</span> 
     </span>
    </p>
   </div>
   <div class='ocr_carea' id='block_1_11' title="bbox 1922 1457 3495 5496">
    <p class='ocr_par' dir='ltr' id='par_1_13' title="bbox 1926 1457 3489 1907">
     <span class='ocr_line' id='line_1_67' title="bbox 1927 1457 3487 1537; baseline 0.002 -20"><span class='ocrx_word' id='word_1_438' title='bbox 1927 1457 2204 1535; x_wconf 87' lang='lat' dir='ltr'>obligare</span> <span class='ocrx_word' id='word_1_439' title='bbox 2260 1458 2409 1518; x_wconf 90' lang='lat' dir='ltr'>dicit</span> <span class='ocrx_word' id='word_1_440' title='bbox 2457 1464 2802 1537; x_wconf 90' lang='lat' dir='ltr'>respectum</span> <span class='ocrx_word' id='word_1_441' title='bbox 2856 1458 2935 1517; x_wconf 91' lang='lat' dir='ltr'>ad</span> <span class='ocrx_word' id='word_1_442' title='bbox 2985 1469 3293 1520; x_wconf 88' lang='lat' dir='ltr'>creaturas</span> <span class='ocrx_word' id='word_1_443' title='bbox 3347 1469 3487 1520; x_wconf 89' lang='lat' dir='ltr'>actu</span> 
     </span>
     <span class='ocr_line' id='line_1_68' title="bbox 1927 1551 3489 1628; baseline 0 -16"><span class='ocrx_word' id='word_1_444' title='bbox 1927 1551 2276 1613; x_wconf 63' lang='lat' dir='ltr'>existentes</span> <span class='ocrx_word' id='word_1_445' title='bbox 2304 1552 2432 1610; x_wconf 92' lang='lat' dir='ltr'>Hoc</span> <span class='ocrx_word' id='word_1_446' title='bbox 2466 1567 2614 1626; x_wconf 86' lang='lat' dir='ltr'>ergo</span> <span class='ocrx_word' id='word_1_447' title='bbox 2645 1551 2864 1628; x_wconf 87' lang='lat' dir='ltr'>posit0,</span> <span class='ocrx_word' id='word_1_448' title='bbox 2905 1551 3350 1611; x_wconf 89' lang='lat' dir='ltr'>declarandum</span> <span class='ocrx_word' id='word_1_449' title='bbox 3389 1571 3489 1612; x_wconf 91' lang='lat' dir='ltr'>su-</span> 
     </span>
     <span class='ocr_line' id='line_1_69' title="bbox 1926 1643 3484 1723; baseline 0.001 -19"><span class='ocrx_word' id='word_1_450' title='bbox 1926 1650 2127 1722; x_wconf 86' lang='lat' dir='ltr'>perest</span> <span class='ocrx_word' id='word_1_451' title='bbox 2169 1643 2476 1723; x_wconf 87' lang='lat' dir='ltr'>quomodo</span> <span class='ocrx_word' id='word_1_452' title='bbox 2503 1643 2633 1704; x_wconf 84' lang='lat' dir='ltr'>haec</span> <span class='ocrx_word' id='word_1_453' title='bbox 2673 1644 2773 1704; x_wconf 85' lang='lat' dir='ltr'>lex</span> <span class='ocrx_word' id='word_1_454' title='bbox 2801 1643 3053 1721; x_wconf 87' lang='lat' dir='ltr'>obliget,</span> <span class='ocrx_word' id='word_1_455' title='bbox 3094 1662 3199 1719; x_wconf 90' lang='lat' dir='ltr'>an,</span> <span class='ocrx_word' id='word_1_456' title='bbox 3232 1646 3484 1720; x_wconf 86' lang='lat' dir='ltr'>scilicet,</span> 
     </span>
     <span class='ocr_line' id='line_1_70' title="bbox 1928 1736 3482 1816; baseline 0.001 -20"><span class='ocrx_word' id='word_1_457' title='bbox 1928 1737 2283 1797; x_wconf 86' lang='lat' dir='ltr'>immediate</span> <span class='ocrx_word' id='word_1_458' title='bbox 2316 1755 2426 1815; x_wconf 91' lang='lat' dir='ltr'>per</span> <span class='ocrx_word' id='word_1_459' title='bbox 2448 1754 2512 1796; x_wconf 79' lang='lat' dir='ltr'>se</span> <span class='ocrx_word' id='word_1_460' title='bbox 2543 1737 2764 1815; x_wconf 88' lang='lat' dir='ltr'>ipsam,</span> <span class='ocrx_word' id='word_1_461' title='bbox 2795 1737 2893 1796; x_wconf 87' lang='lat' dir='ltr'>vel</span> <span class='ocrx_word' id='word_1_462' title='bbox 2921 1736 3140 1797; x_wconf 89' lang='lat' dir='ltr'>mediis</span> <span class='ocrx_word' id='word_1_463' title='bbox 3164 1737 3302 1797; x_wconf 92' lang='lat' dir='ltr'>aliis</span> <span class='ocrx_word' id='word_1_464' title='bbox 3329 1738 3482 1816; x_wconf 90' lang='lat' dir='ltr'>legi·</span> 
     </span>
     <span class='ocr_line' id='line_1_71' title="bbox 1927 1827 2782 1907; baseline 0 -20"><span class='ocrx_word' id='word_1_465' title='bbox 1927 1827 2045 1887; x_wconf 89' lang='lat' dir='ltr'>bus</span> <span class='ocrx_word' id='word_1_466' title='bbox 2067 1847 2205 1906; x_wconf 84' lang='lat' dir='ltr'>quae</span> <span class='ocrx_word' id='word_1_467' title='bbox 2233 1828 2310 1888; x_wconf 89' lang='lat' dir='ltr'>ab</span> <span class='ocrx_word' id='word_1_468' title='bbox 2340 1829 2473 1907; x_wconf 90' lang='lat' dir='ltr'>ipsa</span> <span class='ocrx_word' id='word_1_469' title='bbox 2499 1833 2782 1889; x_wconf 86' lang='lat' dir='ltr'>manant.</span> 
     </span>
    </p>

    <p class='ocr_par' dir='ltr' id='par_1_14' title="bbox 1922 1920 3495 4114">
     <span class='ocr_line' id='line_1_72' title="bbox 2014 1920 3487 2000; baseline 0.003 -22"><span class='ocrx_word' id='word_1_470' title='bbox 2014 1922 2072 1979; x_wconf 92' lang='lat'>3.</span> <span class='ocrx_word' id='word_1_471' title='bbox 2119 1920 2218 1980; x_wconf 78' lang='lat' dir='ltr'>An</span> <span class='ocrx_word' id='word_1_472' title='bbox 2247 1927 2470 1982; x_wconf 78' lang='lat' dir='ltr'>ooeteroe</span> <span class='ocrx_word' id='word_1_473' title='bbox 2496 1921 2650 1998; x_wconf 69' lang='lat' dir='ltr'>loyes</span> <span class='ocrx_word' id='word_1_474' title='bbox 2674 1921 2748 1982; x_wconf 85' lang='lat' dir='ltr'>ab</span> <span class='ocrx_word' id='word_1_475' title='bbox 2776 1925 3000 1983; x_wconf 77' lang='lat' dir='ltr'>oeterna</span> <span class='ocrx_word' id='word_1_476' title='bbox 3027 1920 3153 1982; x_wconf 81' lang='lat' dir='ltr'>vim</span> <span class='ocrx_word' id='word_1_477' title='bbox 3178 1922 3295 1982; x_wconf 79' lang='lat' dir='ltr'>obli</span> <span class='ocrx_word' id='word_1_478' title='bbox 3298 1923 3487 2000; x_wconf 65' lang='lat' dir='ltr'>glandi</span> 
     </span>
     <span class='ocr_line' id='line_1_73' title="bbox 1933 2012 3486 2075; baseline 0.001 -3"><span class='ocrx_word' id='word_1_479' title='bbox 1933 2012 2474 2075; x_wconf 54' lang='lat' dir='ltr'>habeant—Ratio</span> <span class='ocrx_word' id='word_1_480' title='bbox 2517 2013 2852 2073; x_wconf 81' lang='lat' dir='ltr'>dubitandi.</span> <span class='ocrx_word' id='word_1_481' title='bbox 2878 2045 2961 2056; x_wconf 94' lang='lat'>—</span> <span class='ocrx_word' id='word_1_482' title='bbox 2986 2013 3079 2072; x_wconf 88' lang='lat' dir='ltr'>Ad</span> <span class='ocrx_word' id='word_1_483' title='bbox 3116 2014 3233 2073; x_wconf 90' lang='lat' dir='ltr'>hoc</span> <span class='ocrx_word' id='word_1_484' title='bbox 3279 2019 3486 2073; x_wconf 88' lang='lat' dir='ltr'>autem</span> 
     </span>
     <span class='ocr_line' id='line_1_74' title="bbox 1931 2103 3491 2182; baseline 0.001 -19"><span class='ocrx_word' id='word_1_485' title='bbox 1931 2103 2392 2181; x_wconf 86' lang='lat' dir='ltr'>explicandum,</span> <span class='ocrx_word' id='word_1_486' title='bbox 2427 2103 2821 2163; x_wconf 86' lang='lat' dir='ltr'>tractandum</span> <span class='ocrx_word' id='word_1_487' title='bbox 2847 2109 2936 2163; x_wconf 86' lang='lat' dir='ltr'>est</span> <span class='ocrx_word' id='word_1_488' title='bbox 2970 2105 3351 2182; x_wconf 70' lang='lat' dir='ltr'>praecipuum</span> <span class='ocrx_word' id='word_1_489' title='bbox 3379 2106 3491 2164; x_wconf 91' lang='lat' dir='ltr'>du-</span> 
     </span>
     <span class='ocr_line' id='line_1_75' title="bbox 1932 2195 3493 2274; baseline 0.001 -20"><span class='ocrx_word' id='word_1_490' title='bbox 1932 2195 2106 2255; x_wconf 92' lang='lat' dir='ltr'>bium</span> <span class='ocrx_word' id='word_1_491' title='bbox 2140 2197 2519 2274; x_wconf 89' lang='lat' dir='ltr'>propositum</span> <span class='ocrx_word' id='word_1_492' title='bbox 2545 2195 2621 2255; x_wconf 89' lang='lat' dir='ltr'>de</span> <span class='ocrx_word' id='word_1_493' title='bbox 2645 2196 2883 2272; x_wconf 89' lang='lat' dir='ltr'>origine</span> <span class='ocrx_word' id='word_1_494' title='bbox 2910 2195 3123 2273; x_wconf 88' lang='lat' dir='ltr'>legum</span> <span class='ocrx_word' id='word_1_495' title='bbox 3151 2196 3431 2255; x_wconf 90' lang='lat' dir='ltr'>omnium</span> <span class='ocrx_word' id='word_1_496' title='bbox 3454 2215 3493 2256; x_wconf 90' lang='lat' dir='ltr'>a</span> 
     </span>
     <span class='ocr_line' id='line_1_76' title="bbox 1931 2286 3493 2366; baseline 0 -19"><span class='ocrx_word' id='word_1_497' title='bbox 1931 2287 2069 2364; x_wconf 90' lang='lat' dir='ltr'>lege</span> <span class='ocrx_word' id='word_1_498' title='bbox 2095 2295 2349 2362; x_wconf 84' lang='lat' dir='ltr'>aeterna,</span> <span class='ocrx_word' id='word_1_499' title='bbox 2383 2288 2546 2366; x_wconf 91' lang='lat' dir='ltr'>quod</span> <span class='ocrx_word' id='word_1_500' title='bbox 2583 2287 2719 2347; x_wconf 87' lang='lat' dir='ltr'>aliis</span> <span class='ocrx_word' id='word_1_501' title='bbox 2745 2286 2947 2346; x_wconf 85' lang='lat' dir='ltr'>verbis</span> <span class='ocrx_word' id='word_1_502' title='bbox 2978 2288 3174 2365; x_wconf 83' lang='lat' dir='ltr'>quaeri</span> <span class='ocrx_word' id='word_1_503' title='bbox 3208 2287 3382 2362; x_wconf 88' lang='lat' dir='ltr'>solet,</span> <span class='ocrx_word' id='word_1_504' title='bbox 3411 2307 3493 2348; x_wconf 90' lang='lat' dir='ltr'>an</span> 
     </span>
     <span class='ocr_line' id='line_1_77' title="bbox 1932 2378 3491 2457; baseline 0.001 -19"><span class='ocrx_word' id='word_1_505' title='bbox 1932 2397 2149 2440; x_wconf 90' lang='lat' dir='ltr'>omnes</span> <span class='ocrx_word' id='word_1_506' title='bbox 2176 2380 2340 2456; x_wconf 86' lang='lat' dir='ltr'>leges</span> <span class='ocrx_word' id='word_1_507' title='bbox 2370 2380 2495 2438; x_wconf 90' lang='lat' dir='ltr'>sint</span> <span class='ocrx_word' id='word_1_508' title='bbox 2524 2378 2774 2438; x_wconf 87' lang='lat' dir='ltr'>effectus</span> <span class='ocrx_word' id='word_1_509' title='bbox 2795 2379 2947 2456; x_wconf 87' lang='grc'><strong>16313</strong></span> <span class='ocrx_word' id='word_1_510' title='bbox 2976 2385 3245 2452; x_wconf 83' lang='lat' dir='ltr'>aeternae,</span> <span class='ocrx_word' id='word_1_511' title='bbox 3266 2397 3336 2438; x_wconf 88' lang='lat' dir='ltr'>ac</span> <span class='ocrx_word' id='word_1_512' title='bbox 3359 2380 3491 2457; x_wconf 88' lang='lat' dir='ltr'>ejus</span> 
     </span>
     <span class='ocr_line' id='line_1_78' title="bbox 1931 2469 3490 2549; baseline 0 -20"><span class='ocrx_word' id='word_1_513' title='bbox 1931 2471 2452 2549; x_wconf 77' lang='lat' dir='ltr'>participationeS,</span> <span class='ocrx_word' id='word_1_514' title='bbox 2499 2470 2586 2529; x_wconf 90' lang='lat' dir='ltr'>ita</span> <span class='ocrx_word' id='word_1_515' title='bbox 2632 2475 2702 2529; x_wconf 90' lang='lat' dir='ltr'>ut</span> <span class='ocrx_word' id='word_1_516' title='bbox 2743 2469 2822 2529; x_wconf 92' lang='lat' dir='ltr'>ab</span> <span class='ocrx_word' id='word_1_517' title='bbox 2862 2470 2971 2530; x_wconf 90' lang='lat' dir='ltr'>illa</span> <span class='ocrx_word' id='word_1_518' title='bbox 3005 2472 3133 2530; x_wconf 81' lang='lat' dir='ltr'>vim</span> <span class='ocrx_word' id='word_1_519' title='bbox 3176 2470 3490 2549; x_wconf 88' lang='lat' dir='ltr'>obligandi</span> 
     </span>
     <span class='ocr_line' id='line_1_79' title="bbox 1930 2562 3490 2641; baseline 0 -20"><span class='ocrx_word' id='word_1_520' title='bbox 1930 2562 2232 2622; x_wconf 88' lang='lat' dir='ltr'>habeant:</span> <span class='ocrx_word' id='word_1_521' title='bbox 2285 2563 2443 2622; x_wconf 89' lang='lat' dir='ltr'>ratio</span> <span class='ocrx_word' id='word_1_522' title='bbox 2474 2567 2685 2621; x_wconf 88' lang='lat' dir='ltr'>autem</span> <span class='ocrx_word' id='word_1_523' title='bbox 2731 2562 3061 2622; x_wconf 87' lang='lat' dir='ltr'>dubitandi</span> <span class='ocrx_word' id='word_1_524' title='bbox 3084 2581 3210 2623; x_wconf 88' lang='lat' dir='ltr'>esse</span> <span class='ocrx_word' id='word_1_525' title='bbox 3250 2569 3490 2641; x_wconf 87' lang='lat' dir='ltr'>potest,</span> 
     </span>
     <span class='ocr_line' id='line_1_80' title="bbox 1928 2652 3493 2732; baseline 0.001 -19"><span class='ocrx_word' id='word_1_526' title='bbox 1928 2655 2075 2732; x_wconf 84' lang='lat' dir='ltr'>quia</span> <span class='ocrx_word' id='word_1_527' title='bbox 2100 2653 2198 2714; x_wconf 87' lang='lat' dir='ltr'>vel</span> <span class='ocrx_word' id='word_1_528' title='bbox 2223 2659 2314 2714; x_wconf 89' lang='lat' dir='ltr'>est</span> <span class='ocrx_word' id='word_1_529' title='bbox 2354 2671 2556 2713; x_wconf 90' lang='lat' dir='ltr'>sermo</span> <span class='ocrx_word' id='word_1_530' title='bbox 2592 2653 2667 2712; x_wconf 92' lang='lat' dir='ltr'>de</span> <span class='ocrx_word' id='word_1_531' title='bbox 2694 2652 2829 2731; x_wconf 91' lang='grc'><strong>1636</strong></span> <span class='ocrx_word' id='word_1_532' title='bbox 2857 2654 3092 2729; x_wconf 88' lang='lat' dir='ltr'>divina,</span> <span class='ocrx_word' id='word_1_533' title='bbox 3128 2654 3226 2714; x_wconf 89' lang='lat' dir='ltr'>vel</span> <span class='ocrx_word' id='word_1_534' title='bbox 3265 2655 3340 2714; x_wconf 91' lang='lat' dir='ltr'>de</span> <span class='ocrx_word' id='word_1_535' title='bbox 3379 2655 3493 2714; x_wconf 90' lang='lat' dir='ltr'>hu-</span> 
     </span>
     <span class='ocr_line' id='line_1_81' title="bbox 1930 2747 3492 2825; baseline 0.001 -19"><span class='ocrx_word' id='word_1_536' title='bbox 1930 2763 2149 2806; x_wconf 86' lang='lat' dir='ltr'>mana:</span> <span class='ocrx_word' id='word_1_537' title='bbox 2189 2747 2296 2806; x_wconf 87' lang='lat' dir='ltr'>sed</span> <span class='ocrx_word' id='word_1_538' title='bbox 2338 2751 2559 2806; x_wconf 88' lang='lat' dir='ltr'>neutra</span> <span class='ocrx_word' id='word_1_539' title='bbox 2585 2751 2785 2824; x_wconf 89' lang='lat' dir='ltr'>potest</span> <span class='ocrx_word' id='word_1_540' title='bbox 2821 2748 3067 2825; x_wconf 87' lang='lat' dir='ltr'>proprie</span> <span class='ocrx_word' id='word_1_541' title='bbox 3088 2747 3210 2807; x_wconf 91' lang='lat' dir='ltr'>dici</span> <span class='ocrx_word' id='word_1_542' title='bbox 3241 2747 3492 2807; x_wconf 86' lang='lat' dir='ltr'>effectus</span> 
     </span>
     <span class='ocr_line' id='line_1_82' title="bbox 1928 2838 3495 2918; baseline 0 -20"><span class='ocrx_word' id='word_1_543' title='bbox 1928 2838 2082 2915; x_wconf 87' lang='lat' dir='ltr'>legis</span> <span class='ocrx_word' id='word_1_544' title='bbox 2104 2843 2379 2898; x_wconf 85' lang='lat' dir='ltr'>aeternae:</span> <span class='ocrx_word' id='word_1_545' title='bbox 2406 2855 2574 2914; x_wconf 88' lang='lat' dir='ltr'>ergo.</span> <span class='ocrx_word' id='word_1_546' title='bbox 2609 2839 2810 2898; x_wconf 89' lang='lat' dir='ltr'>Minor</span> <span class='ocrx_word' id='word_1_547' title='bbox 2831 2838 3032 2916; x_wconf 86' lang='lat' dir='ltr'>quoad</span> <span class='ocrx_word' id='word_1_548' title='bbox 3057 2839 3326 2917; x_wconf 85' lang='lat' dir='ltr'>priorem</span> <span class='ocrx_word' id='word_1_549' title='bbox 3354 2857 3495 2918; x_wconf 89' lang='lat' dir='ltr'>par-</span> 
     </span>
     <span class='ocr_line' id='line_1_83' title="bbox 1928 2929 3491 3009; baseline 0.001 -20"><span class='ocrx_word' id='word_1_550' title='bbox 1928 2936 2056 2990; x_wconf 89' lang='lat' dir='ltr'>tem</span> <span class='ocrx_word' id='word_1_551' title='bbox 2087 2929 2411 3007; x_wconf 86' lang='lat' dir='ltr'>probatur:</span> <span class='ocrx_word' id='word_1_552' title='bbox 2451 2931 2598 3008; x_wconf 89' lang='lat' dir='ltr'>quia</span> <span class='ocrx_word' id='word_1_553' title='bbox 2635 2929 2736 2988; x_wconf 85' lang='lat' dir='ltr'>lex</span> <span class='ocrx_word' id='word_1_554' title='bbox 2770 2930 2984 2990; x_wconf 74' lang='lat' dir='ltr'>divina</span> <span class='ocrx_word' id='word_1_555' title='bbox 3024 2936 3116 2990; x_wconf 91' lang='lat' dir='ltr'>est</span> <span class='ocrx_word' id='word_1_556' title='bbox 3156 2931 3491 3009; x_wconf 90' lang='lat' dir='ltr'>imperium</span> 
     </span>
     <span class='ocr_line' id='line_1_84' title="bbox 1927 3021 3490 3101; baseline 0.001 -19"><span class='ocrx_word' id='word_1_557' title='bbox 1927 3022 2249 3101; x_wconf 86' lang='lat' dir='ltr'>ipsiusmet</span> <span class='ocrx_word' id='word_1_558' title='bbox 2280 3022 2425 3082; x_wconf 88' lang='lat' dir='ltr'>Dei:</span> <span class='ocrx_word' id='word_1_559' title='bbox 2464 3040 2610 3100; x_wconf 86' lang='lat' dir='ltr'>ergo</span> <span class='ocrx_word' id='word_1_560' title='bbox 2644 3027 2737 3082; x_wconf 92' lang='lat' dir='ltr'>est</span> <span class='ocrx_word' id='word_1_561' title='bbox 2770 3021 2837 3081; x_wconf 91' lang='lat' dir='ltr'>in</span> <span class='ocrx_word' id='word_1_562' title='bbox 2885 3023 3014 3101; x_wconf 90' lang='lat' dir='ltr'>ipso</span> <span class='ocrx_word' id='word_1_563' title='bbox 3050 3023 3201 3082; x_wconf 89' lang='lat' dir='ltr'>Deo:</span> <span class='ocrx_word' id='word_1_564' title='bbox 3244 3040 3391 3101; x_wconf 90' lang='lat' dir='ltr'>ergo</span> <span class='ocrx_word' id='word_1_565' title='bbox 3414 3041 3490 3083; x_wconf 84' lang='lat' dir='ltr'>ex</span> 
     </span>
     <span class='ocr_line' id='line_1_85' title="bbox 1929 3116 3492 3195; baseline 0 -19"><span class='ocrx_word' id='word_1_566' title='bbox 1929 3116 2272 3177; x_wconf 63' lang='lat' dir='ltr'>aeternitate</span> <span class='ocrx_word' id='word_1_567' title='bbox 2305 3122 2396 3176; x_wconf 88' lang='lat' dir='ltr'>est</span> <span class='ocrx_word' id='word_1_568' title='bbox 2423 3116 2674 3195; x_wconf 88' lang='lat' dir='ltr'>inipso:</span> <span class='ocrx_word' id='word_1_569' title='bbox 2715 3133 2861 3192; x_wconf 90' lang='lat' dir='ltr'>ergo</span> <span class='ocrx_word' id='word_1_570' title='bbox 2890 3120 2981 3175; x_wconf 87' lang='lat' dir='ltr'>est</span> <span class='ocrx_word' id='word_1_571' title='bbox 3014 3116 3146 3194; x_wconf 89' lang='lat' dir='ltr'>ipsa</span> <span class='ocrx_word' id='word_1_572' title='bbox 3180 3116 3281 3176; x_wconf 87' lang='lat' dir='ltr'>lex</span> <span class='ocrx_word' id='word_1_573' title='bbox 3307 3123 3492 3176; x_wconf 80' lang='lat' dir='ltr'>oeter—</span> 
     </span>
     <span class='ocr_line' id='line_1_86' title="bbox 1930 3206 3491 3286; baseline 0 -18"><span class='ocrx_word' id='word_1_574' title='bbox 1930 3224 2051 3268; x_wconf 84' lang='lat' dir='ltr'>na:</span> <span class='ocrx_word' id='word_1_575' title='bbox 2083 3225 2230 3284; x_wconf 91' lang='lat' dir='ltr'>ergo</span> <span class='ocrx_word' id='word_1_576' title='bbox 2267 3226 2395 3267; x_wconf 90' lang='lat' dir='ltr'>non</span> <span class='ocrx_word' id='word_1_577' title='bbox 2434 3212 2525 3267; x_wconf 88' lang='lat' dir='ltr'>est</span> <span class='ocrx_word' id='word_1_578' title='bbox 2559 3206 2806 3267; x_wconf 85' lang='lat' dir='ltr'>effectus</span> <span class='ocrx_word' id='word_1_579' title='bbox 2831 3207 2885 3284; x_wconf 89' lang='lat' dir='ltr'>ej</span> <span class='ocrx_word' id='word_1_580' title='bbox 2894 3225 2985 3267; x_wconf 92' lang='lat' dir='ltr'>us.</span> <span class='ocrx_word' id='word_1_581' title='bbox 3035 3207 3247 3279; x_wconf 91' lang='lat' dir='ltr'>Quoad</span> <span class='ocrx_word' id='word_1_582' title='bbox 3282 3214 3491 3286; x_wconf 87' lang='lat' dir='ltr'>poste-</span> 
     </span>
     <span class='ocr_line' id='line_1_87' title="bbox 1931 3298 3490 3377; baseline 0 -18"><span class='ocrx_word' id='word_1_583' title='bbox 1931 3302 2160 3360; x_wconf 88' lang='lat' dir='ltr'>riorem</span> <span class='ocrx_word' id='word_1_584' title='bbox 2203 3305 2412 3360; x_wconf 88' lang='lat' dir='ltr'>autem</span> <span class='ocrx_word' id='word_1_585' title='bbox 2452 3304 2694 3377; x_wconf 87' lang='lat' dir='ltr'>partem</span> <span class='ocrx_word' id='word_1_586' title='bbox 2737 3298 3058 3376; x_wconf 86' lang='lat' dir='ltr'>probatur,</span> <span class='ocrx_word' id='word_1_587' title='bbox 3112 3299 3261 3377; x_wconf 87' lang='lat' dir='ltr'>quia</span> <span class='ocrx_word' id='word_1_588' title='bbox 3301 3300 3354 3359; x_wconf 89' lang='lat' dir='ltr'>si</span> <span class='ocrx_word' id='word_1_589' title='bbox 3388 3300 3490 3360; x_wconf 83' lang='lat' dir='ltr'>lex</span> 
     </span>
     <span class='ocr_line' id='line_1_88' title="bbox 1931 3390 3492 3469; baseline 0.001 -19"><span class='ocrx_word' id='word_1_590' title='bbox 1931 3392 2208 3451; x_wconf 89' lang='lat' dir='ltr'>humana</span> <span class='ocrx_word' id='word_1_591' title='bbox 2249 3397 2405 3452; x_wconf 90' lang='lat' dir='ltr'>esset</span> <span class='ocrx_word' id='word_1_592' title='bbox 2439 3390 2691 3451; x_wconf 87' lang='lat' dir='ltr'>effectus</span> <span class='ocrx_word' id='word_1_593' title='bbox 2733 3390 2889 3469; x_wconf 90' lang='lat' dir='ltr'>legis</span> <span class='ocrx_word' id='word_1_594' title='bbox 2931 3397 3206 3467; x_wconf 80' lang='lat' dir='ltr'>aeternae,</span> <span class='ocrx_word' id='word_1_595' title='bbox 3254 3391 3334 3452; x_wconf 90' lang='lat' dir='ltr'>ab</span> <span class='ocrx_word' id='word_1_596' title='bbox 3382 3392 3492 3453; x_wconf 91' lang='lat' dir='ltr'>illa</span> 
     </span>
     <span class='ocr_line' id='line_1_89' title="bbox 1930 3481 3491 3563; baseline 0.001 -19"><span class='ocrx_word' id='word_1_597' title='bbox 1930 3484 2329 3563; x_wconf 88' lang='lat' dir='ltr'>participaret</span> <span class='ocrx_word' id='word_1_598' title='bbox 2357 3483 2488 3543; x_wconf 83' lang='lat' dir='ltr'>vim</span> <span class='ocrx_word' id='word_1_599' title='bbox 2514 3481 2864 3561; x_wconf 89' lang='lat' dir='ltr'>obligandi:</span> <span class='ocrx_word' id='word_1_600' title='bbox 2903 3501 3052 3561; x_wconf 90' lang='lat' dir='ltr'>ergo</span> <span class='ocrx_word' id='word_1_601' title='bbox 3087 3483 3386 3563; x_wconf 85' lang='lat' dir='ltr'>obligaret</span> <span class='ocrx_word' id='word_1_602' title='bbox 3413 3503 3491 3545; x_wconf 84' lang='lat' dir='ltr'>ex</span> 
     </span>
     <span class='ocr_line' id='line_1_90' title="bbox 1922 3574 3489 3653; baseline 0.002 -18"><span class='ocrx_word' id='word_1_603' title='bbox 1922 3577 2067 3653; x_wconf 88' lang='lat' dir='ltr'>jure</span> <span class='ocrx_word' id='word_1_604' title='bbox 2086 3576 2320 3650; x_wconf 87' lang='lat' dir='ltr'>divino,</span> <span class='ocrx_word' id='word_1_605' title='bbox 2347 3581 2409 3635; x_wconf 90' lang='lat' dir='ltr'>et</span> <span class='ocrx_word' id='word_1_606' title='bbox 2431 3593 2557 3636; x_wconf 92' lang='lat' dir='ltr'>non</span> <span class='ocrx_word' id='word_1_607' title='bbox 2584 3574 2883 3651; x_wconf 90' lang='lat' dir='ltr'>humano,</span> <span class='ocrx_word' id='word_1_608' title='bbox 2904 3576 3069 3653; x_wconf 90' lang='lat' dir='ltr'>quod</span> <span class='ocrx_word' id='word_1_609' title='bbox 3089 3582 3178 3637; x_wconf 89' lang='lat' dir='ltr'>est</span> <span class='ocrx_word' id='word_1_610' title='bbox 3198 3577 3358 3638; x_wconf 87' lang='lat' dir='ltr'>clare</span> <span class='ocrx_word' id='word_1_611' title='bbox 3376 3577 3489 3638; x_wconf 85' lang='lat' dir='ltr'>fal-</span> 
     </span>
     <span class='ocr_line' id='line_1_91' title="bbox 1930 3667 3486 3729; baseline 0.001 -1"><span class='ocrx_word' id='word_1_612' title='bbox 1930 3686 2090 3728; x_wconf 91' lang='lat' dir='ltr'>sum.</span> <span class='ocrx_word' id='word_1_613' title='bbox 2125 3667 2424 3728; x_wconf 88' lang='lat' dir='ltr'>Probatur</span> <span class='ocrx_word' id='word_1_614' title='bbox 2451 3673 2660 3728; x_wconf 90' lang='lat' dir='ltr'>autem</span> <span class='ocrx_word' id='word_1_615' title='bbox 2687 3667 2908 3729; x_wconf 89' lang='lat' dir='ltr'>ultima</span> <span class='ocrx_word' id='word_1_616' title='bbox 2934 3668 3129 3729; x_wconf 88' lang='lat' dir='ltr'>illatio</span> <span class='ocrx_word' id='word_1_617' title='bbox 3157 3685 3174 3729; x_wconf 71' lang='grc' dir='ltr'><strong><em>ε</em></strong></span> <span class='ocrx_word' id='word_1_618' title='bbox 3212 3686 3360 3729; x_wconf 89' lang='lat' dir='ltr'>nam</span> <span class='ocrx_word' id='word_1_619' title='bbox 3389 3668 3486 3729; x_wconf 87' lang='lat' dir='ltr'>lex</span> 
     </span>
     <span class='ocr_line' id='line_1_92' title="bbox 1928 3759 3486 3839; baseline 0.001 -19"><span class='ocrx_word' id='word_1_620' title='bbox 1928 3760 2229 3820; x_wconf 87' lang='lat' dir='ltr'>naturalis</span> <span class='ocrx_word' id='word_1_621' title='bbox 2268 3759 2501 3838; x_wconf 89' lang='lat' dir='ltr'>obligat</span> <span class='ocrx_word' id='word_1_622' title='bbox 2536 3777 2613 3819; x_wconf 87' lang='lat' dir='ltr'>ex</span> <span class='ocrx_word' id='word_1_623' title='bbox 2665 3760 2877 3821; x_wconf 84' lang='lat' dir='ltr'>divino</span> <span class='ocrx_word' id='word_1_624' title='bbox 2902 3761 3067 3838; x_wconf 87' lang='lat' dir='ltr'>jure,</span> <span class='ocrx_word' id='word_1_625' title='bbox 3098 3761 3297 3821; x_wconf 90' lang='lat' dir='ltr'>solum</span> <span class='ocrx_word' id='word_1_626' title='bbox 3341 3762 3486 3839; x_wconf 87' lang='lat' dir='ltr'>quia</span> 
     </span>
     <span class='ocr_line' id='line_1_93' title="bbox 1931 3850 3486 3932; baseline 0 -20"><span class='ocrx_word' id='word_1_627' title='bbox 1931 3858 2023 3913; x_wconf 85' lang='lat' dir='ltr'>est</span> <span class='ocrx_word' id='word_1_628' title='bbox 2050 3852 2435 3932; x_wconf 86' lang='lat' dir='ltr'>participatio</span> <span class='ocrx_word' id='word_1_629' title='bbox 2469 3850 2622 3929; x_wconf 88' lang='lat' dir='ltr'>legis</span> <span class='ocrx_word' id='word_1_630' title='bbox 2646 3858 2919 3913; x_wconf 83' lang='lat' dir='ltr'>aeternae:</span> <span class='ocrx_word' id='word_1_631' title='bbox 2953 3871 3099 3931; x_wconf 88' lang='lat' dir='ltr'>ergo</span> <span class='ocrx_word' id='word_1_632' title='bbox 3137 3854 3189 3912; x_wconf 87' lang='lat' dir='ltr'>si</span> <span class='ocrx_word' id='word_1_633' title='bbox 3233 3853 3336 3914; x_wconf 86' lang='lat' dir='ltr'>lex</span> <span class='ocrx_word' id='word_1_634' title='bbox 3370 3853 3486 3912; x_wconf 90' lang='lat' dir='ltr'>hu-</span> 
     </span>
     <span class='ocr_line' id='line_1_94' title="bbox 1931 3943 3488 4022; baseline -0.001 -17"><span class='ocrx_word' id='word_1_635' title='bbox 1931 3962 2120 4005; x_wconf 88' lang='lat' dir='ltr'>mana</span> <span class='ocrx_word' id='word_1_636' title='bbox 2136 3950 2229 4005; x_wconf 88' lang='lat' dir='ltr'>est</span> <span class='ocrx_word' id='word_1_637' title='bbox 2254 3943 2472 4004; x_wconf 87' lang='lat' dir='ltr'>similis</span> <span class='ocrx_word' id='word_1_638' title='bbox 2493 3943 2900 4022; x_wconf 88' lang='lat' dir='ltr'>participatio,</span> <span class='ocrx_word' id='word_1_639' title='bbox 2925 3945 3141 4005; x_wconf 89' lang='lat' dir='ltr'>eodem</span> <span class='ocrx_word' id='word_1_640' title='bbox 3159 3943 3303 4021; x_wconf 87' lang='lat' dir='ltr'>jure</span> <span class='ocrx_word' id='word_1_641' title='bbox 3333 3943 3488 4004; x_wconf 91' lang='lat' dir='ltr'>obli-</span> 
     </span>
     <span class='ocr_line' id='line_1_95' title="bbox 1932 4035 2125 4114; baseline 0.005 -19"><span class='ocrx_word' id='word_1_642' title='bbox 1932 4035 2125 4114; x_wconf 89' lang='lat' dir='ltr'>gabit.</span> 
     </span>
    </p>

    <p class='ocr_par' dir='ltr' id='par_1_15' title="bbox 1926 4122 3489 5496">
     <span class='ocr_line' id='line_1_96' title="bbox 2015 4122 3489 4202; baseline 0.002 -16"><span class='ocrx_word' id='word_1_643' title='bbox 2015 4128 2075 4187; x_wconf 72' lang='grc'>4.</span> <span class='ocrx_word' id='word_1_644' title='bbox 2121 4126 2425 4190; x_wconf 76' lang='lat' dir='ltr'>Resolatio</span> <span class='ocrx_word' id='word_1_645' title='bbox 2447 4122 3374 4202; x_wconf 78' lang='lat' dir='ltr'>affirmativa.—Nihilominus,</span> <span class='ocrx_word' id='word_1_646' title='bbox 3396 4129 3489 4189; x_wconf 88' lang='lat' dir='ltr'>di-</span> 
     </span>
     <span class='ocr_line' id='line_1_97' title="bbox 1935 4216 3486 4296; baseline -0.001 -15"><span class='ocrx_word' id='word_1_647' title='bbox 1935 4219 2201 4281; x_wconf 90' lang='lat' dir='ltr'>cendum</span> <span class='ocrx_word' id='word_1_648' title='bbox 2227 4223 2320 4278; x_wconf 87' lang='lat' dir='ltr'>est</span> <span class='ocrx_word' id='word_1_649' title='bbox 2350 4218 2551 4296; x_wconf 90' lang='lat' dir='ltr'>primo</span> <span class='ocrx_word' id='word_1_650' title='bbox 2574 4234 2823 4278; x_wconf 90' lang='lat' dir='ltr'>omnem</span> <span class='ocrx_word' id='word_1_651' title='bbox 2843 4216 3046 4295; x_wconf 90' lang='lat' dir='ltr'>legem</span> <span class='ocrx_word' id='word_1_652' title='bbox 3073 4217 3278 4296; x_wconf 89' lang='lat' dir='ltr'>aliquo</span> <span class='ocrx_word' id='word_1_653' title='bbox 3301 4220 3486 4280; x_wconf 91' lang='lat' dir='ltr'>modo</span> 
     </span>
     <span class='ocr_line' id='line_1_98' title="bbox 1935 4308 3489 4389; baseline -0.001 -16"><span class='ocrx_word' id='word_1_654' title='bbox 1935 4329 2065 4374; x_wconf 85' lang='lat' dir='ltr'>esse</span> <span class='ocrx_word' id='word_1_655' title='bbox 2097 4311 2296 4389; x_wconf 88' lang='lat' dir='ltr'>alege</span> <span class='ocrx_word' id='word_1_656' title='bbox 2323 4315 2574 4385; x_wconf 71' lang='lat' dir='ltr'>aeterna,</span> <span class='ocrx_word' id='word_1_657' title='bbox 2597 4315 2660 4371; x_wconf 90' lang='lat' dir='ltr'>et</span> <span class='ocrx_word' id='word_1_658' title='bbox 2683 4308 2763 4369; x_wconf 89' lang='lat' dir='ltr'>ab</span> <span class='ocrx_word' id='word_1_659' title='bbox 2791 4309 2897 4369; x_wconf 90' lang='lat' dir='ltr'>illa</span> <span class='ocrx_word' id='word_1_660' title='bbox 2928 4308 3155 4369; x_wconf 85' lang='lat' dir='ltr'>habere</span> <span class='ocrx_word' id='word_1_661' title='bbox 3178 4310 3306 4370; x_wconf 81' lang='lat' dir='ltr'>vim</span> <span class='ocrx_word' id='word_1_662' title='bbox 3334 4311 3489 4372; x_wconf 86' lang='lat' dir='ltr'>obli-</span> 
     </span>
     <span class='ocr_line' id='line_1_99' title="bbox 1934 4402 3480 4484; baseline 0 -20"><span class='ocrx_word' id='word_1_663' title='bbox 1934 4404 2145 4484; x_wconf 88' lang='lat' dir='ltr'>gandi.</span> <span class='ocrx_word' id='word_1_664' title='bbox 2183 4406 2325 4465; x_wconf 84' lang='lat' dir='ltr'>Haec</span> <span class='ocrx_word' id='word_1_665' title='bbox 2345 4409 2436 4465; x_wconf 90' lang='lat' dir='ltr'>est</span> <span class='ocrx_word' id='word_1_666' title='bbox 2462 4404 2531 4465; x_wconf 88' lang='lat' dir='ltr'>D.</span> <span class='ocrx_word' id='word_1_667' title='bbox 2559 4404 2812 4464; x_wconf 80' lang='lat' dir='ltr'>Thomas</span> <span class='ocrx_word' id='word_1_668' title='bbox 2842 4402 3169 4477; x_wconf 85' lang='lat' dir='ltr'>sententia,</span> <span class='ocrx_word' id='word_1_669' title='bbox 3204 4402 3265 4463; x_wconf 91' lang='lat' dir='ltr'>d.</span> <span class='ocrx_word' id='word_1_670' title='bbox 3293 4421 3355 4481; x_wconf 89' lang='lat' dir='ltr'>q.</span> <span class='ocrx_word' id='word_1_671' title='bbox 3380 4405 3480 4477; x_wconf 85' lang='lat'>93,</span> 
     </span>
     <span class='ocr_line' id='line_1_100' title="bbox 1933 4495 3484 4576; baseline -0.001 -17"><span class='ocrx_word' id='word_1_672' title='bbox 1933 4505 2050 4559; x_wconf 91' lang='lat' dir='ltr'>art.</span> <span class='ocrx_word' id='word_1_673' title='bbox 2079 4501 2139 4574; x_wconf 87' lang='lat'>3,</span> <span class='ocrx_word' id='word_1_674' title='bbox 2166 4498 2424 4575; x_wconf 88' lang='lat' dir='ltr'>Alensis,</span> <span class='ocrx_word' id='word_1_675' title='bbox 2455 4497 2519 4558; x_wconf 93' lang='lat' dir='ltr'>d.</span> <span class='ocrx_word' id='word_1_676' title='bbox 2540 4515 2600 4576; x_wconf 92' lang='lat' dir='ltr'>q.</span> <span class='ocrx_word' id='word_1_677' title='bbox 2625 4498 2726 4558; x_wconf 75' lang='lat'>26.</span> <span class='ocrx_word' id='word_1_678' title='bbox 2758 4496 3018 4558; x_wconf 89' lang='lat' dir='ltr'>membr.</span> <span class='ocrx_word' id='word_1_679' title='bbox 3052 4499 3111 4570; x_wconf 87' lang='lat'>7,</span> <span class='ocrx_word' id='word_1_680' title='bbox 3132 4501 3193 4556; x_wconf 90' lang='lat' dir='ltr'>et</span> <span class='ocrx_word' id='word_1_681' title='bbox 3219 4495 3484 4557; x_wconf 88' lang='lat' dir='ltr'>aliorum</span> 
     </span>
     <span class='ocr_line' id='line_1_101' title="bbox 1931 4588 3488 4670; baseline -0.001 -18"><span class='ocrx_word' id='word_1_682' title='bbox 1931 4592 2381 4670; x_wconf 87' lang='lat' dir='ltr'>theologorum.</span> <span class='ocrx_word' id='word_1_683' title='bbox 2436 4591 2513 4651; x_wconf 89' lang='lat' dir='ltr'>Et</span> <span class='ocrx_word' id='word_1_684' title='bbox 2555 4590 2819 4650; x_wconf 89' lang='lat' dir='ltr'>sumitur</span> <span class='ocrx_word' id='word_1_685' title='bbox 2853 4607 2932 4650; x_wconf 87' lang='lat' dir='ltr'>ex</span> <span class='ocrx_word' id='word_1_686' title='bbox 2961 4588 3331 4667; x_wconf 88' lang='lat' dir='ltr'>Augustino,</span> <span class='ocrx_word' id='word_1_687' title='bbox 3370 4589 3488 4667; x_wconf 49' lang='lat' dir='ltr'>libi</span> 
     </span>
     <span class='ocr_line' id='line_1_102' title="bbox 1932 4681 3485 4762; baseline 0 -18"><span class='ocrx_word' id='word_1_688' title='bbox 1932 4683 2010 4745; x_wconf 89' lang='lat' dir='ltr'>de</span> <span class='ocrx_word' id='word_1_689' title='bbox 2035 4702 2181 4745; x_wconf 87' lang='lat' dir='ltr'>vera</span> <span class='ocrx_word' id='word_1_690' title='bbox 2203 4684 2426 4762; x_wconf 90' lang='lat' dir='ltr'>Relig.,</span> <span class='ocrx_word' id='word_1_691' title='bbox 2458 4701 2593 4762; x_wconf 88' lang='lat' dir='ltr'>cap.</span> <span class='ocrx_word' id='word_1_692' title='bbox 2623 4685 2723 4758; x_wconf 80' lang='lat'>31,</span> <span class='ocrx_word' id='word_1_693' title='bbox 2757 4682 2868 4742; x_wconf 90' lang='lat' dir='ltr'>ubi</span> <span class='ocrx_word' id='word_1_694' title='bbox 2899 4681 3059 4742; x_wconf 90' lang='lat' dir='ltr'>hanc</span> <span class='ocrx_word' id='word_1_695' title='bbox 3096 4686 3273 4742; x_wconf 78' lang='lat' dir='ltr'>vocat</span> <span class='ocrx_word' id='word_1_696' title='bbox 3301 4682 3485 4760; x_wconf 70' lang='lat' dir='ltr'>leqem</span> 
     </span>
     <span class='ocr_line' id='line_1_103' title="bbox 1933 4773 3486 4852; baseline -0.001 -15"><span class='ocrx_word' id='word_1_697' title='bbox 1933 4778 2196 4837; x_wconf 81' lang='lat' dir='ltr'>omniwm</span> <span class='ocrx_word' id='word_1_698' title='bbox 2234 4778 2488 4852; x_wconf 78' lang='lat' dir='ltr'>artium,</span> <span class='ocrx_word' id='word_1_699' title='bbox 2528 4780 2591 4835; x_wconf 88' lang='lat' dir='ltr'>et</span> <span class='ocrx_word' id='word_1_700' title='bbox 2634 4773 2820 4852; x_wconf 89' lang='lat' dir='ltr'>paulo</span> <span class='ocrx_word' id='word_1_701' title='bbox 2853 4774 3150 4834; x_wconf 85' lang='lat' dir='ltr'>inferius:</span> <span class='ocrx_word' id='word_1_702' title='bbox 3198 4773 3486 4837; x_wconf 79' lang='lat' dir='ltr'>Conditor</span> 
     </span>
     <span class='ocr_line' id='line_1_104' title="bbox 1934 4866 3487 4947; baseline -0.001 -18"><span class='ocrx_word' id='word_1_703' title='bbox 1934 4869 2065 4947; x_wconf 88' lang='lat' dir='ltr'>(ait)</span> <span class='ocrx_word' id='word_1_704' title='bbox 2100 4869 2295 4947; x_wconf 68' lang='lat' dir='ltr'>layum</span> <span class='ocrx_word' id='word_1_705' title='bbox 2328 4866 2765 4946; x_wconf 77' lang='lat' dir='ltr'>temporalium,</span> <span class='ocrx_word' id='word_1_706' title='bbox 2787 4866 2961 4928; x_wconf 72' lang='lat' dir='ltr'>sivir</span> <span class='ocrx_word' id='word_1_707' title='bbox 2986 4867 3168 4928; x_wconf 72' lang='lat' dir='ltr'>bonus</span> <span class='ocrx_word' id='word_1_708' title='bbox 3188 4871 3275 4927; x_wconf 73' lang='lat' dir='ltr'>est</span> <span class='ocrx_word' id='word_1_709' title='bbox 3305 4872 3361 4928; x_wconf 80' lang='lat' dir='ltr'>et</span> <span class='ocrx_word' id='word_1_710' title='bbox 3387 4884 3487 4928; x_wconf 76' lang='lat' dir='ltr'>sa-</span> 
     </span>
     <span class='ocr_line' id='line_1_105' title="bbox 1927 4959 3486 5039; baseline -0.002 -15"><span class='ocrx_word' id='word_1_711' title='bbox 1927 4963 2122 5039; x_wconf 76' lang='lat' dir='ltr'>piens,</span> <span class='ocrx_word' id='word_1_712' title='bbox 2166 4962 2339 5023; x_wconf 80' lang='lat' dir='ltr'>illam</span> <span class='ocrx_word' id='word_1_713' title='bbox 2380 4962 2579 5039; x_wconf 71' lang='lat' dir='ltr'>ipsam</span> <span class='ocrx_word' id='word_1_714' title='bbox 2620 4959 2877 5022; x_wconf 73' lang='lat' dir='ltr'>consulit</span> <span class='ocrx_word' id='word_1_715' title='bbox 2916 4965 3221 5032; x_wconf 74' lang='lat' dir='ltr'>aternam,</span> <span class='ocrx_word' id='word_1_716' title='bbox 3265 4960 3333 5019; x_wconf 76' lang='lat' dir='ltr'>de</span> <span class='ocrx_word' id='word_1_717' title='bbox 3365 4976 3486 5038; x_wconf 79' lang='lat' dir='ltr'>qua</span> 
     </span>
     <span class='ocr_line' id='line_1_106' title="bbox 1931 5052 3488 5131; baseline -0.001 -17"><span class='ocrx_word' id='word_1_718' title='bbox 1931 5053 2089 5116; x_wconf 77' lang='lat' dir='ltr'><em>nulli</em></span> <span class='ocrx_word' id='word_1_719' title='bbox 2117 5054 2336 5115; x_wconf 82' lang='lat' dir='ltr'>animoe</span> <span class='ocrx_word' id='word_1_720' title='bbox 2349 5053 2634 5131; x_wconf 79' lang='lat' dir='ltr'>judicare</span> <span class='ocrx_word' id='word_1_721' title='bbox 2660 5052 2867 5113; x_wconf 81' lang='lat' dir='ltr'>dacum</span> <span class='ocrx_word' id='word_1_722' title='bbox 2904 5055 3014 5124; x_wconf 77' lang='lat' dir='ltr'>est,</span> <span class='ocrx_word' id='word_1_723' title='bbox 3055 5053 3125 5111; x_wconf 79' lang='lat' dir='ltr'>ut</span> <span class='ocrx_word' id='word_1_724' title='bbox 3170 5053 3488 5113; x_wconf 76' lang='lat' dir='ltr'>secundum</span> 
     </span>
     <span class='ocr_line' id='line_1_107' title="bbox 1933 5142 3487 5224; baseline 0.001 -19"><span class='ocrx_word' id='word_1_725' title='bbox 1933 5147 2063 5224; x_wconf 77' lang='lat' dir='ltr'>ejus</span> <span class='ocrx_word' id='word_1_726' title='bbox 2097 5144 2608 5207; x_wconf 77' lang='lat' dir='ltr'>incommutabiles</span> <span class='ocrx_word' id='word_1_727' title='bbox 2635 5143 2879 5222; x_wconf 70' lang='lat' dir='ltr'>requlas</span> <span class='ocrx_word' id='word_1_728' title='bbox 2910 5142 3059 5221; x_wconf 79' lang='lat' dir='ltr'>quid</span> <span class='ocrx_word' id='word_1_729' title='bbox 3081 5142 3166 5203; x_wconf 71' lang='lat' dir='ltr'>sit</span> <span class='ocrx_word' id='word_1_730' title='bbox 3195 5159 3309 5221; x_wconf 80' lang='lat' dir='ltr'>pro</span> <span class='ocrx_word' id='word_1_731' title='bbox 3337 5150 3487 5206; x_wconf 80' lang='lat' dir='ltr'>tem-</span> 
     </span>
     <span class='ocr_line' id='line_1_108' title="bbox 1926 5234 3487 5314; baseline -0.001 -17"><span class='ocrx_word' id='word_1_732' title='bbox 1926 5254 2073 5314; x_wconf 78' lang='lat' dir='ltr'>poro</span> <span class='ocrx_word' id='word_1_733' title='bbox 2127 5236 2475 5313; x_wconf 78' lang='lat' dir='ltr'>jubendum,</span> <span class='ocrx_word' id='word_1_734' title='bbox 2548 5235 2926 5296; x_wconf 77' lang='lat' dir='ltr'>vetandamve</span> <span class='ocrx_word' id='word_1_735' title='bbox 2988 5234 3306 5296; x_wconf 74' lang='lat' dir='ltr'>discernat.</span> <span class='ocrx_word' id='word_1_736' title='bbox 3364 5237 3487 5296; x_wconf 90' lang='lat' dir='ltr'>Hac</span> 
     </span>
     <span class='ocr_line' id='line_1_109' title="bbox 1934 5325 3480 5402; baseline -0.001 -15"><span class='ocrx_word' id='word_1_737' title='bbox 1934 5329 2121 5387; x_wconf 80' lang='lat' dir='ltr'>etiam</span> <span class='ocrx_word' id='word_1_738' title='bbox 2152 5327 2388 5385; x_wconf 90' lang='lat' dir='ltr'>ratione</span> <span class='ocrx_word' id='word_1_739' title='bbox 2417 5326 2572 5384; x_wconf 86' lang='lat' dir='ltr'>dixit</span> <span class='ocrx_word' id='word_1_740' title='bbox 2594 5325 2758 5384; x_wconf 76' lang='lat' dir='ltr'>idem</span> <span class='ocrx_word' id='word_1_741' title='bbox 2781 5326 3181 5402; x_wconf 83' lang='lat' dir='ltr'>Augustinus,</span> <span class='ocrx_word' id='word_1_742' title='bbox 3222 5333 3399 5386; x_wconf 86' lang='lat' dir='ltr'>tract.</span> <span class='ocrx_word' id='word_1_743' title='bbox 3445 5330 3480 5387; x_wconf 78' lang='grc'><strong>6</strong></span> 
     </span>
     <span class='ocr_line' id='line_1_110' title="bbox 1933 5419 3468 5496; baseline -0.001 -16"><span class='ocrx_word' id='word_1_744' title='bbox 1933 5423 2002 5480; x_wconf 91' lang='lat' dir='ltr'>in</span> <span class='ocrx_word' id='word_1_745' title='bbox 2028 5420 2247 5480; x_wconf 71' lang='lat' dir='ltr'>Joan.:</span> <span class='ocrx_word' id='word_1_746' title='bbox 2293 5420 2443 5496; x_wconf 76' lang='lat' dir='ltr'>Ipsa</span> <span class='ocrx_word' id='word_1_747' title='bbox 2469 5420 2626 5496; x_wconf 80' lang='lat' dir='ltr'>jara</span> <span class='ocrx_word' id='word_1_748' title='bbox 2658 5419 2918 5478; x_wconf 77' lang='lat' dir='ltr'>lcamaaa</span> <span class='ocrx_word' id='word_1_749' title='bbox 2951 5437 3059 5495; x_wconf 81' lang='lat' dir='ltr'>per</span> <span class='ocrx_word' id='word_1_750' title='bbox 3099 5422 3468 5495; x_wconf 74' lang='lat' dir='ltr'>imperatore.</span> 
     </span>
    </p>
   </div>
   <div class='ocr_carea' id='block_1_12' title="bbox 3056 5524 3089 5580">
    <p class='ocr_par' dir='ltr' id='par_1_16' title="bbox 3056 5524 3089 5580">
     <span class='ocr_line' id='line_1_111' title="bbox 3056 5524 3089 5580; baseline 0 0"><span class='ocrx_word' id='word_1_751' title='bbox 3056 5524 3089 5580; x_wconf 75' lang='lat'><em>7</em></span> 
     </span>
    </p>
   </div>
  </div>
 </body>
</html>
