3976 6219
467 388 587 449 548

463 492 599 566 fiat,
623 491 751 550 sive
777 507 905 550 non
928 489 1061 564 fiat,
1087 487 1253 549 idem
1275 489 1414 562 erit,
1456 507 1605 548 nam
1626 488 1789 549 facta
1807 494 1868 549 et
1892 506 2022 550 non

466 585 630 645 facta
654 582 1113 643 renuntiatione
1136 586 1307 641 actus
1335 586 1428 640 est
1451 580 1713 654 validus,
1758 587 1820 641 et
1845 586 2023 641 utro-

464 694 583 755 que
605 674 788 735 modo
811 678 904 734 est
919 672 1401 751 peccaminosus.
1432 673 1496 733 Si
1516 690 1662 750 ergo
1685 678 1834 732 tunc
1851 678 2022 733 actus

465 774 557 829 est
574 767 831 839 validus,
862 783 989 825 non
1013 771 1104 825 est
1126 765 1273 842 quia
1298 764 1500 825 forma
1516 764 1860 825 renuntiari
1884 782 2023 844 pos-

463 861 565 935 sit,
582 860 686 920 sed
709 859 857 938 quia
879 857 1245 936 supponitur
1264 874 1393 918 esse
1415 856 1834 932 accidentalis,
1857 855 2023 934 quod

462 952 713 1012 aliunde
751 951 1036 1028 colligere
1063 966 1307 1009 necesse
1335 955 1448 1010 est.

541 1047 600 1106 7.
647 1043 920 1104 Alteram
963 1042 1151 1102 etiam
1194 1046 1433 1119 partem
1474 1040 1660 1119 hujus
1701 1040 2017 1100 sententia!

455 1138 786 1216 impugnat
832 1137 1118 1195 Panorm.
1150 1133 1219 1191 111
1260 1133 1322 1192 (1.
1350 1151 1404 1192 0.
1441 1133 1620 1207 Tuis,
1651 1132 1727 1192 de
1759 1132 2016 1207 Testib.‚

461 1231 609 1308 quia
639 1230 1062 1307 juramentum
1090 1232 1181 1286 est
1206 1226 1281 1285 de
1316 1224 1660 1285 substantia
1681 1223 2021 1284 testimonii

457 1321 787 1400 judicialis,
819 1338 873 1380 0.
905 1321 973 1380 do
1006 1319 1257 1392 Tostib„
1280 1318 1493 1377 eodem
1515 1333 1535 1393 ;
1567 1322 1629 1376 et
1658 1322 1870 1376 tamen
1910 1334 2022 1395 per

456 1419 662 1493 partes
679 1411 1027 1472 renuntiari
1043 1414 1243 1489 potest
1261 1410 1298 1468 d
1309 1453 1324 1468 .
1343 1426 1398 1469 0.
1420 1409 1597 1470 Tuis.
1630 1408 2021 1487 Respondent

457 1506 654 1566 Felin.
697 1509 760 1565 et
785 1503 893 1563 alii
917 1504 1342 1581 juramentum
1370 1518 1502 1560 esse
1530 1500 1781 1578 quidem
1808 1518 2019 1561 neces-

455 1599 687 1657 sarium
732 1596 810 1656 ad
850 1595 1125 1655 valorem
1167 1592 1530 1667 testimonii,
1561 1594 1614 1652 si
1655 1598 1857 1671 partes
1887 1611 2016 1653 non

454 1689 814 1750 renuntient
853 1687 980 1765 juri
1027 1702 1173 1762 su03
1221 1685 1625 1745 nihilominus
1652 1690 1863 1745 tamen
1887 1702 2017 1745 non

454 1800 585 1843 esse
629 1782 706 1841 de
733 1779 1097 1852 substantia,
1147 1778 1318 1856 quia,
1365 1776 1644 1837 absolute
1682 1777 2013 1855 loquendO,

341 1896 344 1901 ·
457 1873 730 1951 separari
776 1875 977 1949 potest
1017 1869 1098 1929 ab
1135 1874 1299 1929 actu.
1345 1868 1465 1929 Sed
1505 1868 1637 1928 haec
1679 1869 2016 1947 speculatio

456 1982 683 2044 parum
721 1963 911 2022 refert
935 1960 1014 2020 ad
1051 1979 1187 2021 rem
1230 1960 1568 2036 moralem;
1597 1959 1702 2019 hic
1734 1962 1904 2020 enim
1937 1960 2016 2022 de

452 2055 795 2117 substantia
811 2070 1101 2114 vocamus
1120 2051 1423 2130 quidquid
1443 2056 1574 2111 tam
1600 2053 2015 2113 necessarium

450 2156 541 2211 est
567 2149 645 2209 ad
673 2147 948 2207 valorem
971 2150 1165 2219 actuS,
1195 2149 1379 2224 prout
1397 2144 1501 2204 bic
1523 2148 1585 2204 et
1613 2162 1784 2205 nunc
1817 2144 1910 2220 fit,
1942 2151 2015 2206 ut

450 2242 582 2319 ejus
610 2239 859 2300 omissio
898 2237 1120 2298 reddat
1151 2242 1355 2297 actum
1384 2235 1659 2313 nullum3
1704 2237 2013 2315 loquendo

448 2340 658 2394 autem
680 2334 795 2392 hoc
832 2331 1040 2405 mod0‚
1071 2333 1511 2407 argumentum
1547 2330 1856 2389 convincit
1898 2329 2012 2390 ali-

447 2444 637 2505 quam
687 2423 1211 2485 circumstantiam
1241 2438 1415 2501 posse
1448 2439 1576 2482 esse
1608 2422 2012 2482 necessariam

448 2521 549 2580 cui
579 2517 926 2578 renuntiari
954 2515 1164 2594 possit,
1214 2515 1371 2573 sicut
1394 2518 1527 2574 erat
1557 2532 1759 2574 annus
1789 2515 2011 2593 proba-

446 2612 635 2672 tionis
662 2615 805 2671 ante
832 2608 1061 2670 Concil.
1089 2608 1257 2667 Trid.
1293 2606 1467 2668 Unde
1500 2607 1567 2666 in
1596 2607 1701 2666 illo
1725 2608 2010 2687 euemplo

443 2721 662 2764 verum
677 2702 927 2779 quidem
940 2705 1032 2761 est
1046 2701 1473 2776 juramentum
1489 2715 1615 2757 non
1631 2716 1761 2759 esse
1779 2700 1855 2759 de
1866 2699 2009 2759 sub-

443 2797 670 2870 stantia
693 2813 801 2855 seu
821 2793 1184 2853 necessitate
1210 2792 1412 2851 omnis
1433 2791 1770 2850 testimonii
1787 2792 2003 2867 validi,

442 2889 592 2967 quia
630 2888 763 2946 sine
802 2886 908 2944 illo
946 2888 1145 2961 potest
1182 2881 1515 2960 aliquando
1549 2899 1679 2942 esse
1700 2882 2002 2960 validum,

440 2981 657 3041 saltem
685 2979 761 3038 de
793 2993 1092 3036 consensu
1133 2975 1423 3053 partium.
1472 2974 1885 3035 Nihilominus
1912 2981 2007 3036 ta-

440 3091 612 3149 men,
640 3069 948 3150 loquendo
972 3067 1047 3129 de
1073 3084 1142 3127 re
1166 3066 1509 3127 secundum
1532 3084 1595 3127 se
1623 3072 1912 3145 spectata,
1943 3075 2007 3131 et

440 3168 685 3242 integro
727 3163 1088 3242 persistente
1123 3160 1266 3237 jure
1312 3161 1628 3237 utriusque
1668 3162 1878 3238 partis,
1918 3163 2006 3222 sic

445 3259 567 3318 (1101
594 3262 790 3335 potest
805 3256 1235 3333 juramentum
1264 3253 1341 3311 de
1369 3252 1711 3312 substantia
1730 3255 2005 3316 testimo-

441 3352 556 3426 nii,
577 3350 724 3428 quia
748 3347 1154 3408 necessarium
1174 3350 1264 3404 est
1282 3344 1360 3405 ad
1379 3343 1650 3404 valorem
1666 3346 1819 3424 ejus.
1835 3347 2005 3407 Sicut

443 3445 631 3505 etiam
660 3452 905 3519 tempus
942 3439 1268 3518 praefixum
1306 3455 1344 3496 a
1381 3436 1705 3514 delegante
1742 3445 1812 3497 ut
1839 3440 2005 3500 intra

442 3537 600 3598 illud
622 3536 991 3596 terminetur
1020 3549 1223 3605 causa,
1243 3529 1520 3590 absolute
1547 3530 1669 3590 dici
1699 3536 1904 3609 potest
1926 3533 2004 3593 de

443 3629 812 3700 substantia,
856 3626 1004 3703 quia
1030 3629 1166 3703 post
1191 3622 1346 3682 illud
1372 3622 1530 3682 nihil
1575 3623 1740 3683 valet
1763 3642 2005 3702 proces-

443 3741 566 3797 suS,
587 3723 710 3781 nisi
728 3724 933 3798 partes
956 3716 1374 3776 consenserint
1400 3716 1566 3774 intra
1591 3715 1826 3775 dictum
1846 3722 2002 3777 tem-

441 3834 559 3896 pus
586 3814 654 3873 in
681 3810 958 3888 ejusdem
997 3809 1452 3887 prorogatione,
1486 3813 1555 3867 ut
1585 3807 1812 3868 dicitur
1838 3810 1906 3869 in
1932 3809 1996 3870 d.

441 3929 496 3971 0.
528 3908 619 3969 De
640 3905 863 3966 causis.

523 4001 583 4060 8.
627 3996 834 4056 Tertia
859 4011 1006 4071 ergo
1028 3991 1244 4069 regula
1265 3997 1398 4053 est:
1429 3991 1674 4071 quando
1695 3991 1797 4052 lex
1825 3991 2001 4053 insti-

444 4093 565 4153 tuit
608 4096 815 4150 actum
856 4103 998 4147 cum
1041 4084 1432 4146 solemnitate
1459 4085 1538 4144 ab
1566 4085 1829 4163 ipsamet
1863 4086 1999 4164 lege

441 4188 716 4254 inventa,
747 4181 995 4258 signum
1024 4183 1115 4238 est
1153 4177 1419 4237 formam
1459 4195 1588 4238 esse
1630 4177 2001 4239 substantia-

439 4280 564 4339 lem
580 4282 643 4336 et
661 4273 936 4335 absolute
954 4271 1387 4345 necessariam3
1405 4288 1576 4330 secus
1584 4288 1731 4331 vero
1748 4272 1998 4349 quando

438 4371 642 4432 forma
666 4367 776 4427 illa
802 4365 1050 4426 additur
1074 4362 1241 4423 actui
1257 4364 1428 4441 prius
1444 4363 1747 4442 instituto.
1774 4365 1998 4424 Exem-

441 4465 541 4543 pla
564 4480 692 4523 esse
716 4463 969 4538 possunt
987 4457 1051 4514 in
1070 4455 1284 4515 formis
1301 4462 1847 4531 sacramentorum,
1860 4474 1997 4536 quae

440 4568 584 4616 sunt
619 4555 696 4613 de
729 4550 1069 4611 substantia
1096 4565 1336 4622 eorum,
1367 4549 1515 4625 quia
1541 4548 1932 4626 peculiariter
1957 4568 1998 4610 a

437 4648 674 4711 Christo
705 4645 965 4704 Domino
983 4643 1185 4701 denuo
1208 4643 1525 4700 institutae.
1561 4643 1712 4701 Item
1748 4643 1814 4702 in
1841 4642 1996 4721 legi·-

437 4743 552 4802 bus
586 4738 874 4800 humanis
910 4740 1053 4794 sunt
1078 4734 1426 4811 frequentia
1452 4734 1734 4813 exempla
1780 4735 1857 4796 de
1899 4755 1996 4796 so-

435 4835 754 4895 lemnitate
780 4829 1229 4889 alienationum
1264 4828 1332 4886 10
1358 4827 1656 4888 Clement.
1689 4828 1882 4904 unic.,
1916 4830 1993 4890 de

435 4928 640 4989 Rebus
665 4923 945 4984 Ecclesiae
982 4937 1111 4981 1100
1156 4920 1520 4994 alienandis,
1551 4938 1607 4980 0.
1654 4921 1808 4984 Sine
1835 4940 1993 4984 esoce.

428 5018 782 5100 ptione,12,
814 5021 1029 5093 quaest.
1061 5018 1124 5088 2,
1167 5012 1267 5073 vel
1309 5014 1385 5073 de
1424 5013 1808 5075 solemnitate
1834 5015 1992 5076 elec-

433 5116 674 5173 tionum
696 5110 764 5168 10
784 5127 838 5167 0.
874 5109 1032 5180 Quia
1047 5113 1321 5184 propter,
1346 5107 1422 5165 de
1450 5106 1787 5181 Electione‚
1814 5113 1876 5167 et
1909 5109 1988 5168 si-

430 5205 706 5266 milibus,
755 5202 899 5260 Haec
940 5216 1086 5259 vero
1116 5198 1335 5277 regula
1375 5199 1442 5258 in
1475 5199 1831 5259 universum
1859 5218 1988 5261 1100

431 5299 750 5371 satisfacit,
770 5302 981 5355 tamen
999 5295 1065 5354 in
1093 5312 1221 5353 uno
1245 5311 1425 5354 sensu
1446 5300 1645 5372 potest
1664 5312 1791 5354 esse
1806 5295 1984 5355 valde

427 5394 618 5453 utilis.
658 5390 828 5450 Prior
854 5407 995 5467 pars
1021 5388 1386 5461 declaratur,
1427 5388 1575 5465 quia
1601 5388 1787 5447 etiam
1826 5390 1983 5448 acci-

1362 389 1479 440 us.
1515 388 1575 440 v.
1610 387 1691 440 1111
1723 384 2079 439 numum
2110 356 2321 439 monn
2351 382 2761 437 011111111οω.

2100 486 2490 548 substantiali
2516 485 2781 559 institui,
2808 489 2880 545 ut
2905 483 3124 545 mixtio
3154 501 3329 563 aquae
3356 501 3502 544 cum
3530 483 3666 562 ipsa

2099 579 2491 640 institutione
2530 577 2908 637 Eucharistae
2944 577 3177 655 incepit
3188 598 3205 650 3
3248 581 3309 636 et
3349 577 3419 635 in
3451 593 3665 636 conse-

2099 673 2374 732 cratione
2419 670 2628 730 altaris
2669 675 2779 729 aut
2813 669 3015 729 calicis
3054 667 3210 729 forte
3253 685 3381 727 non
3412 674 3665 728 tantum

2099 762 2518 825 substantialis
2541 762 2646 823 sed
2675 761 2863 822 etiam
2888 760 3280 822 accidentalis
3307 759 3664 821 solemnitas

2098 856 2288 916 simul
2318 854 2397 916 ab
2423 853 2693 915 Ecclesia
2719 854 2976 914 inventa
3005 858 3067 913 et
3106 856 3411 932 praecepta
3440 857 3549 913 est.
3584 854 3665 913 Et

2099 966 2135 1009 e
2157 965 2473 1022 convers0‚
2496 948 2641 1008 licet
2661 952 2834 1007 actus
2855 964 2983 1006 non
3000 945 3363 1005 instituatur
3380 944 3456 1005 de
3474 963 3658 1018 novo,

2097 1041 2298 1102 forma
2338 1040 2759 1101 substantialis
2799 1039 2859 1099 ei
2897 1039 2974 1100 de
3000 1055 3163 1099 novo
3190 1037 3459 1113 additur,
3497 1044 3567 1098 ut
3591 1039 3662 1099 in

2097 1123 2502 1206 testamentiS,
2523 1130 2999 1192 alienationibus
3017 1136 3080 1192 et
3096 1129 3498 1191 electionibus
3517 1149 3660 1191 con·

2099 1232 2240 1300 stat,
2259 1232 2322 1286 et
2352 1225 2684 1285 novissime
2712 1224 2782 1284 in
2804 1229 3123 1285 contractu
3145 1222 3527 1283 matrimonii
3549 1242 3661 1303 per

2098 1318 2327 1378 Concil.
2355 1317 2527 1378 Trid.
2556 1316 2623 1376 id
2649 1316 2886 1376 factum
2909 1321 3021 1376 est.
3051 1317 3128 1375 Et
3150 1314 3435 1376 similiter
3458 1316 3662 1377 forma

2099 1410 2377 1488 antiqua,
2429 1428 2568 1488 quae
2616 1414 2799 1469 antea
2853 1407 3270 1468 substantialis
3320 1426 3446 1467 non
3499 1415 3656 1483 erat,

2099 1507 2301 1581 potest
2346 1520 2458 1581 per
2497 1519 2726 1562 novam
2773 1500 2975 1578 legem
3026 1498 3443 1559 substantialis
3495 1500 3654 1561 fieri.

2096 1596 2315 1655 Annus
2341 1596 2508 1656 enim
2536 1594 2916 1673 probationis
2946 1611 3074 1654 non
3115 1592 3204 1651 ita
3240 1598 3375 1653 erat
3403 1593 3480 1653 de
3512 1592 3657 1652 sub-

2097 1689 2326 1750 stantia
2354 1688 2745 1769 professionis
2771 1692 2914 1748 ante
2942 1687 3126 1747 Cone.
3157 1686 3328 1745 Trid.
3355 1685 3510 1747 sicut
3528 1704 3659 1747 mo-

2095 1781 2174 1841 do
2197 1780 2289 1841 est
2303 1797 2324 1858 3
2354 1787 2489 1842 erat
2514 1785 2727 1841 tamen
2747 1780 2881 1858 jam
2919 1778 3261 1853 institutus,
3293 1784 3355 1839 et
3385 1796 3494 1838 suo
3527 1795 3661 1838 mo-

2094 1873 2173 1934 do
2199 1874 2605 1935 necessarius:
2642 1890 2815 1950 ergo,
2842 1873 2910 1933 in
2931 1872 3294 1932 universum
3320 1870 3653 1949 loquendo,

2093 1966 2341 2044 signum
2385 1965 2542 2026 illud
2578 1982 2694 2026 nee
2736 1965 3156 2026 necessarium
3197 1969 3291 2025 est
3333 1980 3447 2024 nec
3490 1962 3657 2023 suffi-

2092 2076 2281 2119 010115.

2171 2153 2231 2211 9.
2281 2150 2517 2223 Qwarta
2549 2148 2783 2228 reyula.
2812 2182 2894 2193 -
2926 2149 3205 2210 Potestas
3231 2148 3541 2210 limitatur
3565 2165 3653 2209 so-

2092 2245 2344 2305 cundum
2382 2243 2813 2321 *praescriptam
2861 2242 3129 2318 somam
3176 2240 3352 2302 illius
3403 2242 3505 2319 qui
3548 2240 3656 2301 dat

2083 2334 2898 2414 potestatem—Explicatur
2920 2351 3069 2394 vero
3097 2332 3289 2395 altera
3325 2351 3489 2411 parS,
3520 2350 3658 2410 pos-

2090 2434 2302 2507 setque
2344 2445 2471 2488 esse
2511 2444 2676 2487 nova
2708 2425 2952 2503 regula,
2983 2426 3150 2503 quia,
3181 2425 3432 2502 quando
3471 2424 3656 2501 legis-

2087 2520 2248 2580 lator
2276 2520 2386 2599 qui
2414 2519 2654 2580 invenit
2671 2524 2733 2578 et
2754 2517 3025 2597 praecipit
3040 2517 3311 2577 formam
3333 2517 3438 2576 dat
3465 2517 3657 2577 etiam

2086 2618 2451 2691 potestatem
2484 2612 2563 2672 ad
2596 2610 2988 2671 efficiendum
3028 2616 3232 2669 actum
3266 2613 3506 2668 servata
3541 2608 3656 2667 tali

2085 2704 2308 2779 forma,
2325 2721 2625 2781 magnum
2644 2707 3078 2781 argumentum
3096 2706 3208 2775 est,
3223 2705 3283 2760 et
3300 2699 3654 2760 secundum

2078 2797 2182 2874 jus
2208 2796 2335 2857 fere
2362 2794 2712 2871 infallibile,
2743 2794 2931 2855 talem
2956 2793 3221 2853 formam
3246 2808 3371 2852 esse
3399 2792 3477 2851 de
3504 2790 3656 2851 sub-

2085 2889 2312 2949 stantia
2356 2893 2527 2948 actus
2538 2903 2559 2965 3
2619 2888 2869 2966 quando
2923 2903 3071 2948 vero
3114 2884 3480 2963 supponitur
3536 2902 3652 2962 po-

2082 2986 2289 3055 1051115,
2319 2992 2383 3041 et
2409 2998 2572 3040 nova
2604 2979 2958 3039 solemnitas
2985 2977 3258 3051 additur,
3286 2994 3414 3036 non
3443 2993 3645 3035 cense-

2082 3076 2186 3132 tur
2211 3090 2341 3134 esse
2369 3072 2808 3146 substantialis,
2847 3070 2969 3131 nisi
3000 3089 3110 3150 per
3135 3069 3457 3150 specialem
3484 3067 3646 3129 clau-

2083 3166 2281 3225 sulam
2313 3165 2681 3226 declaretur.
2730 3165 2904 3224 Prior
2937 3164 3117 3223 valde
3147 3162 3492 3223 communis
3527 3167 3642 3237 est,

2082 3263 2253 3320 tenet
2278 3258 2489 3319 Glossa
2515 3259 2583 3318 in
2614 3257 2807 3319 Clem.
2856 3258 2916 3332 1,
2945 3257 3023 3316 (10
3053 3258 3203 3316 Jure
3234 3261 3423 3334 patr„
3456 3254 3645 3316 verbo

2079 3352 2450 3426 Inhibentes,
2479 3350 2589 3410 ubi
2629 3352 2740 3425 ait,
2770 3350 3018 3430 quando
3052 3368 3091 3410 a
3130 3349 3434 3428 principio
3464 3348 3648 3408 datur

2079 3449 2347 3523 potestas
2378 3443 2493 3503 sub
2518 3443 2630 3504 tali
2656 3443 2882 3518 forma,
2920 3443 3225 3503 defectum
3260 3442 3479 3502 formae
3507 3441 3645 3501 irri-

2079 3543 2212 3597 tare
2255 3543 2483 3597 actum.
2516 3538 2594 3595 Et
2631 3535 2798 3597 idem
2835 3537 3021 3596 sentit
3048 3534 3239 3596 Felin.
3269 3535 3338 3594 in
3370 3551 3504 3612 cap.
3534 3535 3646 3596 Eoe

2074 3636 2273 3709 parte,
2306 3630 2382 3690 de
2408 3632 2643 3704 const„
2668 3629 2736 3689 in
2762 3630 2964 3709 princ.
2979 3644 2999 3706 3
3024 3645 3173 3689 nam
3202 3627 3348 3706 quia
3373 3626 3460 3686 ibi
3487 3628 3647 3686 Pon-

2080 3722 2232 3782 tifex
2272 3722 2380 3783 dat
2405 3722 2761 3783 facultatem
2789 3721 3161 3802 quibusdam
3187 3719 3464 3800 personis
3500 3737 3646 3779 con-

2076 3814 2318 3876 ferendi
2348 3821 2545 3876 certas
2588 3815 2948 3894 praebendas
2994 3831 3137 3875 cum
3180 3811 3433 3874 consilio
3469 3813 3645 3890 Epis-

2079 3909 2238 3987 copi,
2271 3908 2324 3968 si
2357 3908 2678 3969 conferant
2712 3909 2846 3968 sine
2885 3907 3141 3967 consilio
3169 3906 3450 3985 Episcopi
3490 3906 3642 3965 dicit

2079 4001 2471 4061 collationem·
2498 4019 2627 4062 esse
2655 4001 2916 4076 nullam,
2948 4000 3096 4079 quia
3125 4017 3255 4060 non
3281 4003 3521 4059 servata
3546 4002 3638 4058 est

2075 4094 2277 4154 forma
2303 4112 2446 4154 cum
2473 4112 2598 4173 (1110
2630 4094 2776 4154 (10ῐο
2801 4100 2894 4153 est
2920 4097 3207 4172 potestas.
3237 4091 3316 4150 Et
3338 4091 3499 4150 idem
3523 4090 3639 4149 ha-

2077 4186 2258 4247 betur
2284 4188 2352 4246 in
2385 4206 2440 4247 0.
2476 4186 2628 4249 Gwm
2656 4187 2894 4260 dilecta,
2925 4186 3001 4246 de
3044 4184 3343 4263 Rescript.
3374 4184 3451 4243 Et
3474 4188 3640 4243 recte

2075 4280 2371 4359 probatur
2419 4296 2497 4340 ex
2543 4278 2588 4338 l.
2641 4278 2794 4341 Cum
2838 4280 2929 4353 ki,
2959 4277 2997 4356 ἓ
3050 4277 3133 4340 Si
3174 4282 3426 4355 proetor,
3458 4275 3525 4336 ff.
3562 4275 3640 4336 de

2074 4372 2632 4432 Transactionibus.
2695 4373 2773 4432 Et
2834 4371 2951 4432 1100
3010 4370 3341 4431 confirmat
3407 4369 3640 4447 optime

2074 4465 2428 4543 exemplum
2449 4470 3009 4525 sacramentorum:
3034 4481 3183 4523 nam
3207 4462 3354 4541 (11110
3374 4467 3640 4541 potestas

2072 4575 2209 4635 quae
2232 4559 2299 4616 in
2322 4558 2717 4618 sacramentis
2742 4561 3065 4618 exercetur
3090 4556 3237 4616 data
3256 4561 3348 4616 est
3374 4554 3453 4614 ab
3475 4555 3640 4633 ipso-

2071 4656 2202 4711 met
2226 4656 2474 4710 auctore
2503 4655 3047 4721 sacramentorum,
3077 4648 3282 4709 forma
3306 4646 3385 4706 ab
3416 4647 3636 4707 eodem

2070 4743 2214 4802 data
2255 4742 2672 4802 substantialis
2703 4749 2823 4819 est3
2855 4742 3210 4802 solemnitas
3235 4756 3384 4799 vero
3426 4744 3635 4816 postea

2069 4834 2147 4895 ab
2174 4836 2446 4896 Ecclesia
2464 4837 2675 4896 addita
2695 4836 3107 4896 accidentaria
3129 4838 3237 4894 est.
3264 4834 3421 4892 Hinc
3443 4832 3633 4892 etiam

2067 4928 2317 5006 quando
2331 4934 2598 5007 potestas
2616 4928 2959 5005 delegatur,
2982 4933 3044 4988 et
3065 4928 3248 4986 datur
3272 4926 3470 4985 forma
3487 4942 3630 5002 pro-

2067 5021 2323 5081 cedendi
2343 5023 2410 5081 in
2433 5038 2639 5096 causa,
2659 5020 2928 5080 defectus
2946 5019 3086 5080 talis
3112 5018 3328 5078 formae
3346 5023 3631 5077 censetur

2065 5118 2272 5175 actum
2292 5114 2528 5188 vitiare,
2552 5119 2624 5172 ut
2640 5112 2861 5192 probat
2877 5112 3110 5173 dictum
3133 5130 3190 5172 c.
3215 5111 3366 5174 Cum
3385 5111 3627 5184 dilecta,

2063 5205 2139 5264 de
2172 5207 2497 5284 Rescript.,
2529 5205 2618 5264 ibi
2646 5221 2662 5264 :
2695 5206 2955 5283 Propter
2980 5205 3135 5284 quod
3152 5220 3495 5282 processum
3521 5202 3629 5279 ip-

2061 5316 2264 5358 sorum
2292 5303 2498 5360 contra
2523 5299 2719 5361 nostri
2745 5301 3008 5373 sormam
3035 5296 3439 5376 rescriptaoo
3448 5294 3630 5372 ,iuris

2061 5394 2326 5454 ordinem
2353 5398 2732 5466 attentatum,
2759 5392 3010 5451 irritum
3029 5390 3396 5450 decernimus
3417 5396 3474 5449 st
3490 5390 3631 5450 ina-

427 5485 687 5548 dentalis
703 5483 1056 5545 solemnitas
1070 5487 1270 5559 potest
1287 5481 1619 5559 aliquando
1636 5482 1821 5543 simul
1837 5499 1981 5544 cum
2057 5500 2212 5558 nem,
2251 5491 2315 5546 et
2340 5502 2396 5548 0.
2440 5484 2799 5560 Venerabili,
2823 5482 3042 5561 juncta
3067 5479 3281 5542 Glossa
3308 5479 3386 5540 de
3410 5477 3629 5540 Officio
