3976 6219
932 377 1071 431 GAP.
1103 376 1190 429 xl.
1224 376 1311 429 AN
1341 376 1466 430 LEX
1498 370 1810 428 cANmtch
1842 365 2093 422 HABEAT
2124 367 2438 421 Puerum!
2467 367 2809 420 mmmm.

259 488 394 544 tem
412 475 733 557 probatur,
753 474 907 554 quia
919 479 1134 536 eontra
1155 474 1392 537 nullam
1409 479 1502 536 est
1511 473 1830 536 virtutem.

265 573 422 633 Item
448 568 597 648 quia
622 568 676 628 si
704 567 912 646 aliqua
939 573 1098 629 esset
1115 585 1226 646 per
1251 586 1315 630 se
1345 566 1612 642 malitia,
1635 566 1833 627 maxi-

264 679 369 724 me
398 659 546 739 quia
580 658 940 739 temporalis
981 665 1249 739 potestas
1292 658 1625 739 impediret
1651 658 1830 719 debi-

266 760 396 816 tam
419 770 659 827 curam,
681 758 745 814 et
760 751 1239 813 sollicitudinem
1251 752 1416 814 circa
1436 751 1835 813 administra-

266 847 505 909 tionem
553 844 892 924 spiritualis
921 844 1271 923 potestatis3
1310 844 1440 917 1100,
1469 851 1681 906 autem
1718 861 1835 906 nec

267 939 614 1001 necessario
663 937 966 1017 sequitur,
1032 938 1179 1016 quia
1242 955 1353 1018 per
1416 937 1832 1001 ministerium

267 1031 535 1093 aliorum
554 1034 754 1109 potest
780 1028 888 1090 illa
912 1034 1182 1108 potestas
1204 1029 1552 1091 executioni
1578 1029 1835 1091 manda·

267 1126 349 1201 ri,
377 1125 468 1186 ita
504 1129 575 1185 111
607 1142 735 1185 11011
768 1122 1040 1185 multum
1059 1123 1377 1204 impediat.
1406 1125 1731 1200 Praeterea,
1778 1122 1831 1184 si

270 1217 423 1298 quid
432 1216 660 1278 laboris
677 1217 778 1279 vel
790 1217 1323 1279 incommodihinc
1338 1218 1510 1298 sequi
1521 1216 1829 1293 videatur,

273 1315 476 1392 potest
505 1309 880 1371 utilitatibus
901 1310 1040 1372 aliis
1074 1311 1462 1390 compensari
1474 1327 1496 1389 3
1520 1316 1657 1371 tum
1687 1310 1835 1388 quia

273 1402 611 1465 verisimile
652 1407 745 1463 est
778 1403 1088 1481 justitiam
1115 1404 1342 1465 rectius
1384 1422 1516 1466 esse
1544 1402 1838 1466 adminis-

277 1496 566 1557 trandam
584 1512 696 1575 per
721 1495 1076 1574 hujusmodi
1102 1496 1410 1576 principes
1433 1512 1453 1574 ;
1490 1504 1628 1558 tum
1650 1496 1840 1557 etiam

281 1589 431 1667 quia
472 1588 825 1667 conjunctio
852 1587 1102 1649 illarum
1126 1594 1498 1667 potestatum
1526 1589 1595 1649 in
1624 1589 1841 1649 eadem

278 1698 538 1759 persona
557 1669 827 1742 inultum
847 1681 1153 1743 deservim
1191 1687 1390 1760 potest
1430 1680 1510 1741 ad
1538 1689 1840 1761 majorem

279 1791 521 1852 pacem,
552 1780 615 1835 et
643 1776 963 1850 unionem,
999 1779 1064 1835 et
1097 1780 1170 1835 ut
1194 1773 1531 1855 temporale
1557 1773 1840 1851 regimen

278 1866 360 1926 ad
388 1867 708 1945 spirituale
731 1867 954 1928 melius
976 1867 1311 1945 reseratus-3
1332 1873 1468 1928 tum
1489 1867 1677 1928 etiam
1695 1866 1842 1945 quia

275 1958 394 2019 hoc
414 1960 698 2020 conciliat
722 1962 1025 2039 majorem
1057 1960 1468 2022 reverentiam
1487 1978 1635 2039 erga
1651 1960 1845 2021 ecele-

276 2051 589 2111 siasticum
617 2052 987 2132 principem,
1016 2053 1124 2133 qui
1152 2054 1341 2114 etiam
1374 2053 1592 2113 melius
1617 2053 1846 2133 poterit

276 2144 559 2204 resistere
604 2144 882 2205 hostibus
934 2145 1102 2219 fidei,
1151 2146 1204 2205 si
1249 2150 1613 2224 potestatem
1656 2145 1845 2206 habet

277 2236 705 2314 temporalem,
730 2241 802 2296 ut
824 2237 1203 2316 experientia
1227 2237 1694 2315 comprobatum
1729 2242 1840 2298 est.

277 2328 480 2408 Atque
509 2330 598 2389 ita
626 2328 810 2389 simul
842 2329 1100 2408 probata
1146 2335 1237 2390 est
1279 2331 1464 2390 tertia
1493 2347 1637 2408 pars
1676 2336 1850 2391 ante-

286 2421 578 2483 cedentis,
611 2422 889 2482 Secunda
915 2428 1122 2483 autem
1150 2421 1466 2500 probatur,
1498 2423 1647 2501 quia
1674 2422 1847 2483 nulla

281 2520 377 2576 est
407 2515 546 2575 talis
571 2513 669 2575 lex
705 2514 935 2588 divina,
969 2514 1069 2575 vel
1089 2514 1390 2591 humana,
1422 2515 1588 2594 quod
1612 2516 1849 2594 patebit

281 2607 712 2685 respondendo
738 2608 819 2668 ad
839 2606 1248 2668 fundamenta
1276 2607 1571 2669 contrarii
1598 2609 1842 2669 erroris.

365 2700 425 2759 5.
469 2700 886 2779 Explicantur
932 2699 1318 2762 auctoritates
1358 2701 1681 2763 contraria»
1716 2701 1845 2762 72oe-

280 2791 464 2853 resis.
481 2825 562 2836 —-
579 2793 672 2851 Ex
693 2790 898 2853 verbis
923 2807 1071 2868 ergo
1098 2790 1322 2851 Christi
1361 2791 1628 2866 Domini,
1655 2792 1848 2870 Reyos

284 2884 555 2962 acutium
580 2883 971 2946 dominantur
1002 2900 1224 2945 eorum.
1268 2888 1385 2943 etc.
1393 2926 1414 2957 ,
1460 2882 1602 2943 talis
1642 2883 1849 2963 prohi-

285 2975 444 3037 bitio
476 2994 605 3037 non
631 2974 976 3054 colligitur3
1002 2993 1153 3036 nam
1179 2993 1325 3036 cum
1347 2975 1574 3052 subdit,
1609 2977 1722 3042 Vos
1741 2995 1851 3040 aw-

288 3073 404 3132 τινι
431 3085 556 3131 uon
581 3067 695 3144 sio,
716 3086 846 3130 non
868 3078 961 3129 est
995 3083 1252 3129 sensus:
1291 3069 1414 3129 Vos
1439 3085 1566 3131 non
1593 3068 1846 3132 habebi-

286 3163 367 3223 tis
395 3162 742 3224 dominium
782 3161 1144 3240 temporale,
1168 3162 1276 3223 sed
1314 3181 1526 3224 sensus
1547 3169 1678 3225 est:
1709 3166 1846 3226 Non

290 3253 770 3315 dominabimini
796 3254 952 3314 sicut
979 3253 1073 3313 illi
1099 3253 1527 3330 dominantur,
1544 3256 1609 3315 id
1637 3262 1749 3332 est,
1771 3256 1851 3317 ad

285 3352 563 3408 vestrum
589 3346 1007 3420 commodum,
1038 3345 1396 3420 utilitatem,
1428 3353 1491 3408 et
1523 3347 1846 3424 honoiem,

289 3438 400 3500 ubi
421 3458 550 3501 non
578 3440 854 3519 loquitur
875 3438 952 3500 de
974 3439 1278 3518 regimine
1300 3441 1625 3522 temporali
1646 3441 1850 3502 Eccle-

288 3520 419 3595 sioe,
449 3520 556 3582 sed
597 3520 674 3581 de
715 3517 1056 3599 spirituali3
1092 3524 1155 3580 et
1188 3518 1456 3581 formam
1494 3538 1567 3581 ac
1593 3522 1850 3583 modum

292 3614 429 3692 ejus
450 3611 789 3693 praescribit
812 3629 920 3691 per
946 3613 1469 3691 comparationem
1496 3612 1576 3672 ad
1605 3618 1850 3693 tempo-

293 3704 450 3780 rale,
480 3705 645 3785 quod
670 3705 740 3765 in
774 3703 1189 3783 superioribus
1222 3704 1412 3765 etiam
1439 3709 1673 3766 tactum
1715 3711 1845 3767 est:

296 3803 361 3858 et
403 3797 472 3858 in
514 3798 731 3859 eodem
770 3813 953 3857 sensu
998 3795 1276 3875 loquitur
1313 3797 1607 3859 Bernard.
1662 3804 1737 3858 ut
1773 3816 1853 3859 ex

289 3894 584 3951 contextu
605 3894 699 3952 est
719 3887 1137 3950 manifestum.
1166 3887 1340 3949 Addo
1362 3889 1552 3969 quod,
1576 3888 1723 3950 licet
1744 3890 1854 3950 da·

288 3999 499 4043 remus
527 3982 835 4044 Christum
862 3981 951 4041 ibi
976 3980 1150 4060 loqui
1189 3980 1265 4041 de
1311 3980 1589 4042 dominio
1615 3986 1849 4061 tempo-

288 4074 429 4150 rali,
441 4074 548 4136 illa
574 4074 763 4137 verba
787 4092 917 4135 non
935 4072 1324 4134 continerent
1340 4072 1848 4153 prohibitionem,

290 4169 398 4229 sed
424 4168 625 4230 solum
670 4165 1047 4246 explicarent
1090 4164 1402 4228 Christum
1445 4183 1575 4226 non
1614 4165 1866 4228 dedisse

289 4260 647 4322 hominibus
688 4258 853 4319 hanc
882 4262 1271 4336 potestatem,
1305 4258 1451 4319 licet
1475 4275 1603 4320 non
1640 4259 1850 4337 prohi-

293 4352 520 4427 buerit,
548 4357 619 4412 ut
644 4369 756 4430 per
788 4350 1070 4411 homines
1115 4349 1258 4411 dari,
1276 4350 1466 4430 possit
1489 4350 1851 4412 ecclesiasti-

295 4446 381 4506 cis
403 4443 802 4525 principibus,
818 4444 1027 4523 Neque
1049 4443 1239 4505 etiam
1262 4461 1341 4504 ex
1362 4444 1495 4505 1000
1517 4443 1692 4506 Ρο1111
1710 4444 1849 4505 talis

293 4538 626 4618 prohibitio
643 4537 850 4618 colligi
869 4542 1091 4617 potest.
1103 4536 1590 4615 Expendendum
1614 4537 1848 4598 etenim

294 4636 386 4694 est
411 4631 567 4692 illud
610 4630 869 4693 verbum
897 4631 1175 4710 implicat
1196 4648 1259 4693 se
1278 4653 1306 4703 ;
1339 4634 1539 4709 potest
1581 4647 1852 4710 namque

291 4723 736 4785 ecclesiasticus
760 4723 1047 4803 princeps
1079 4719 1176 4782 uti
1200 4722 1318 4782 hac
1362 4726 1660 4801 potestate
1699 4728 1857 4783 tem-

293 4815 515 4896 porali,
537 4833 664 4875 non
682 4832 747 4875 se
767 4814 1144 4895 implicando
1166 4815 1428 4894 negotiis
1449 4814 1856 4891 secularibus,

293 4906 403 4968 sed
431 4906 790 4985 prudenter,
819 4924 892 4967 00
923 4907 1236 4968 moderate
1263 4906 1374 4968 illa
1414 4907 1666 4969 utendo.
1699 4908 1855 4969 Item

297 5005 393 5062 est
418 4999 886 5080 ponderandum
903 4999 1059 5061 illud
1079 4999 1341 5061 verbum
1359 5000 1616 5079 madiis
1633 5001 1859 5064 secula—

298 5094 495 5169 ribus,
541 5091 707 5172 quod
737 5091 981 5171 proprie
1009 5091 1322 5170 significat
1345 5091 1855 5171 negotiationem,

295 5191 360 5248 et
390 5185 655 5246 nimiam
682 5183 1154 5245 sollicitudinem
1188 5185 1349 5245 circa
1381 5185 1743 5264 temporalia
1761 5186 1861 5247 lu-

294 5296 420 5354 cra,
452 5284 524 5338 ut
551 5277 793 5338 notavit
817 5276 1302 5356 Chrysostomus.
1332 5277 1622 5357 Princeps
1649 5284 1860 5339 autem

301 5370 746 5433 ecclesiasticus
772 5387 899 5430 non
927 5370 1005 5429 ad
1034 5369 1201 5430 hunc
1234 5367 1425 5435 finem
1453 5369 1673 5450 accipit
1705 5378 1861 5432 tem-

294 5462 577 5547 poralem
600 5463 1043 5545 principatum,
1073 5463 1180 5527 sed
1207 5468 1279 5523 ut
1301 5460 1583 5525 Ecclesiae
1604 5463 1863 5526 utilitati

700 5583 769 5634 π.

1913 471 1976 528 et
1997 464 2278 527 fidelium
2304 465 2645 527 commodis
2668 463 2868 544 magis
2889 463 3188 526 inserviat
3200 479 3221 542 3
3242 469 3307 525 et
3332 464 3473 529 ideo

1913 558 2069 621 illud
2096 558 2434 638 temporale
2456 558 2545 619 ita
2573 558 2976 635 conjunctum
3018 557 3324 636 spirituali
3346 574 3477 617 non

1913 657 2008 713 est
2024 651 2294 713 seculare
2316 650 2596 726 omnino,
2628 650 2733 710 sed
2757 649 2968 728 aliquo
2993 649 3177 709 modo
3199 663 3473 710 sacrum:

1914 744 2144 806 habere
2175 743 2369 822 igitur
2394 743 2582 804 talem
2613 746 2983 822 potestatem
3008 740 3253 802 civilem
3294 740 3479 801 simul

1917 854 2064 898 cum
2094 835 2423 916 spirituali,
2463 838 2676 895 contra
2700 832 2942 897 nullam
2967 832 3172 912 legem
3200 832 3482 893 divinam

1917 935 2031 1005 est,
2056 927 2158 989 vel
2182 928 2537 1008 positivam,
2562 926 2663 989 vel
2706 926 3080 988 naturalem.
3127 926 3300 999 Quod
3333 943 3480 987 vero

1918 1026 2136 1083 contra
2145 1019 2490 1082 humanam
2514 1037 2642 1080 non
2659 1019 2761 1095 sit,
2778 1037 2891 1099 per
2908 1037 2972 1081 se
2990 1023 3211 1080 notum
3232 1023 3346 1094 est,
3363 1035 3479 1079 nec

1914 1114 2160 1192 indiget
2175 1113 2557 1192 probatione.
2592 1111 2692 1173 Sic
2719 1130 2868 1190 ergo
2896 1128 3258 1191 responsum
3287 1115 3380 1172 est
3399 1110 3480 1171 ad

1916 1205 2398 1267 fundamentum
2419 1204 2675 1266 secundi
2723 1205 2948 1266 erroris
2976 1220 2992 1265 ε
3036 1204 3345 1265 Adrianus
3371 1221 3483 1263 au-

1918 1303 2047 1361 tem
2073 1300 2240 1380 Papa
2266 1298 2334 1359 in
2354 1297 2628 1377 Epistola
2648 1297 2737 1357 ibi
2755 1298 2940 1359 citata
2962 1296 3165 1358 solum
3188 1296 3480 1370 intendit,

1919 1393 2086 1472 quod
2112 1393 2180 1454 in
2199 1392 2393 1472 priori
2416 1395 2648 1470 puncto
2674 1395 2889 1452 contra
2912 1391 3190 1470 primum
3210 1406 3486 1452 errorem

1920 1485 2213 1561 diximus,
2244 1502 2360 1546 nec
2386 1483 2557 1545 enim
2584 1484 2785 1562 potuit
2816 1483 3090 1544 indicare
3118 1501 3248 1544 esse
3275 1480 3485 1561 prohi-

1923 1576 2128 1637 bitum
2154 1576 2318 1657 quod
2341 1578 2600 1655 ipsemet
2620 1575 3042 1654 profitebatur.
3069 1575 3253 1636 Plura
3274 1575 3351 1635 de
3368 1573 3489 1633 hoc

1921 1675 2291 1748 argumento
2316 1669 2442 1747 legi
2484 1674 2745 1747 possunt
2788 1669 2858 1730 in
2904 1668 3192 1731 Bellarm.
3235 1665 3281 1728 l.
3316 1667 3354 1726 5
3409 1665 3487 1725 de

1921 1764 2101 1826 Rom.
2136 1765 2314 1841 Pont,
2338 1781 2474 1843 cap.
2503 1764 2544 1825 9
2583 1768 2646 1823 et
2679 1764 2777 1823 10.

2504 1948 2753 2010 CAPUT
2793 1947 2896 2007 XI.

1923 2148 2006 2195 AN
2045 2148 2160 2193 m
2202 2146 2491 2193 amoma
2534 2145 2778 2191 lustu·
2826 2144 3117 2190 norm
3167 2145 3487 2192 MATERIAM

2004 2241 2065 2286 m
2107 2241 2222 2292 QUA
2260 2239 2529 2298 HONESTA
2564 2239 2882 2283 PRAEGIPIAT
2922 2239 3000 2284 ΕΤ
3047 2238 3248 2284 PRAVA
3287 2241 3488 2285 Paom-

2004 2332 2186 2393 BEAT,
2218 2331 2567 2379 ms'rmcwu
2593 2330 2637 2376 A
2661 2329 2934 2376 numa
2958 2330 3125 2376 LEGIS
3150 2332 3382 2378 GIVmS.

2007 2508 2065 2566 1.
2111 2505 2337 2568 Prima
2383 2504 2786 2567 convenientia
2826 2504 2978 2584 leqis
3023 2505 3315 2567 canonica
3357 2523 3490 2567 cum

1927 2597 2119 2661 civili.
2143 2629 2226 2642 —
2249 2596 2550 2661 Secunda.
2572 2596 2945 2657 —Diximus
2972 2597 3048 2658 de
3072 2596 3247 2658 finali
3275 2603 3337 2658 et
3358 2598 3489 2659 effi-

1925 2689 2114 2750 cienti
2147 2706 2334 2749 causa
2360 2688 2513 2767 legis
2557 2688 2893 2764 canonicae,
2925 2688 3254 2750 dicendum
3286 2691 3490 2769 sequi-

1924 2788 2032 2843 tur
2058 2781 2135 2843 de
2162 2780 2493 2856 materiali,
2515 2780 2584 2841 in
2612 2799 2737 2860 qua
2765 2780 2961 2842 multa
2986 2781 3176 2843 habet
3210 2800 3491 2844 eommu-

1925 2873 2034 2934 nia
2058 2890 2203 2934 cum
2233 2872 2372 2950 lege
2388 2872 2578 2948 civili,
2611 2890 2749 2951 quae
2787 2873 3058 2936 breviter
3086 2875 3492 2955 supponenda

1927 2969 2073 3026 sunt
2115 2986 2130 3024 ε
2185 2982 2335 3026 110111
2373 2963 2520 3025 111ᾱο
2568 2964 2769 3025 oritur
2817 2965 3143 3027 difficultas
3174 2968 3493 3046 praesentis

1926 3057 2303 3137 quaestionis,
2335 3073 2473 3135 quoe
2518 3056 2588 3118 in
2626 3056 2745 3118 hoc
2776 3064 3075 3134 versatur,
3120 3063 3194 3119 ut
3237 3059 3493 3121 distinc-

1929 3151 2167 3212 tionem
2192 3149 2257 3211 in
2287 3149 2549 3210 materia
2571 3150 2736 3212 inter
2760 3155 3088 3230 utramque
3113 3151 3318 3229 legem
3346 3153 3494 3213 assi-

1931 3259 2213 3321 gnemus.
2238 3241 2444 3302 Primo
2463 3258 2610 3319 ergo
2633 3243 2922 3304 convenit
2948 3244 3317 3304 canonicum
3346 3263 3491 3305 cum

1928 3334 2099 3395 civili
2117 3334 2189 3395 in
2224 3334 2366 3409 hoc,
2398 3333 2566 3413 quod
2593 3334 2756 3395 circa
2796 3334 2989 3397 solam
3019 3337 3345 3397 materiam
3380 3337 3493 3398 ho-

1928 3433 2170 3489 nestam
2198 3427 2427 3489 versari
2462 3433 2662 3506 potest
2675 3443 2696 3505 3
2739 3446 2889 3489 nam
2918 3428 3036 3490 1100
3060 3428 3259 3490 multo
3291 3431 3492 3509 magis

1929 3521 2349 3582 necessarium
2376 3527 2469 3581 est
2484 3520 2564 3582 ad
2586 3520 2777 3582 finem
2806 3522 2961 3599 ejuS‚
2987 3539 3179 3600 quam
3198 3522 3275 3582 ad
3300 3522 3491 3584 finem

1927 3612 2085 3692 legis
2111 3612 2331 3688 civilis,
2360 3617 2431 3672 ut
2457 3631 2567 3692 per
2594 3631 2660 3673 se
2682 3618 2941 3674 constat.
2982 3615 3160 3690 Item,
3199 3615 3348 3694 quia
3374 3614 3495 3676 hoc

1928 3710 2164 3786 spectat
2206 3703 2286 3765 ad
2340 3705 2783 3784 perfectionem
2827 3705 2981 3785 legis
3033 3728 3048 3767 z
3101 3724 3249 3785 ergo
3296 3707 3494 3770 multo

1930 3798 2129 3876 magis
2147 3796 2331 3859 debet
2358 3797 2689 3859 convenire
2713 3798 2839 3876 legi
2861 3800 3172 3861 canonicae
3197 3817 3386 3878 quam
3408 3801 3497 3860 ci·

1929 3890 2060 3953 vili.
2088 3890 2276 3952 'Unde
2307 3907 2421 3969 pro
2454 3888 2674 3965 regula
2712 3891 3002 3952 constitui
3040 3897 3261 3973 potest,
3316 3893 3494 3972 quid·

1934 3983 2084 4062 quid
2104 3981 2497 4063 perfectionis
2521 3981 2591 4041 in
2617 3980 2737 4043 1100
2760 4000 2984 4061 genere
3006 3984 3282 4045 materiae
3306 3983 3496 4046 habet

1930 4075 2035 4137 lex
2080 4074 2298 4149 civilis,
2327 4074 2527 4135 multo
2549 4074 2751 4152 magis
2778 4076 3107 4138 convenire
3143 4076 3269 4155 legi
3313 4094 3498 4137 cano-

1931 4167 2110 4228 nicae.
2129 4165 2412 4227 Secundo
2434 4182 2583 4243 ergo
2609 4167 2897 4227 convenit
2917 4166 3020 4229 lex
3036 4166 3331 4228 canonica
3351 4185 3494 4227 cum

1934 4258 2121 4333 civili,
2157 4256 2305 4338 quia
2334 4257 2671 4338 praecipere
2696 4264 2895 4338 potest
2915 4259 2982 4320 in
3005 4258 3265 4320 materia
3291 4259 3386 4337 cuj
3394 4277 3497 4320 us-

1938 4368 2204 4431 cumque
2230 4349 2500 4423 virtutis,
2531 4349 2678 4428 quia
2703 4351 3024 4412 ordinatur
3042 4351 3123 4412 ad
3144 4350 3334 4412 finem
3362 4369 3497 4430 per-

1936 4443 2253 4505 fectiorem
2265 4489 2288 4520 ,
2344 4442 2665 4522 magisque
2716 4443 3123 4523 spiritualem,
3179 4442 3259 4504 ad
3309 4462 3497 4523 quem

1938 4554 2088 4596 usus
2112 4535 2394 4596 omnium
2416 4534 2722 4596 virtutum
2746 4536 2946 4614 magis
2966 4536 3348 4596 necessarius
3370 4541 3462 4596 est
3471 4553 3493 4614 3

1936 4634 2000 4689 01
2024 4628 2112 4689 110
2132 4634 2375 4690 constat
2393 4643 2473 4690 ex
2498 4647 2639 4705 usu,
2665 4629 2814 4710 quia
2838 4628 3106 4691 Ecclesia
3128 4627 3501 4690 determinat

1934 4726 2241 4802 praecepta
2269 4722 2502 4797 divina,
2532 4721 2633 4783 vel
2660 4722 2829 4784 addit
2854 4740 3038 4798 nova,
3059 4722 3129 4783 in
3153 4739 3499 4783 sacramen-
3529 4773 3535 4780 .

1935 4813 2038 4889 tis,
2066 4814 2346 4893 jejuniis,
2381 4814 2786 4891 orationibus,
2816 4821 2963 4893 etc.,
2997 4819 3070 4875 ut
3094 4814 3217 4876 late
3248 4821 3313 4876 et
3339 4814 3499 4876 bene

1938 4908 2092 4969 Nav.
2148 4907 2225 4969 de
2264 4907 2416 4970 Red.
2465 4906 2658 4985 Eccl.,
2702 4915 2917 4989 quaest.
2965 4911 3028 4985 Ξ,
3060 4925 3232 4970 111011.
3253 4908 3395 4984 1111.,
3425 4926 3493 4970 11.

1937 5001 2001 5076 2,
2027 5005 2090 5060 01
2116 4999 2178 5060 3.

2020 5093 2082 5151 2.
2118 5090 2332 5154 Tertia
2356 5091 3069 5156 convenientia—Tertio
3095 5093 3492 5171 conveniunt,

1937 5184 2087 5263 quia
2125 5183 2229 5244 lex
2255 5184 2445 5243 etiam
2467 5185 2761 5246 canonica
2795 5204 2924 5247 non
2965 5188 3242 5268 praecipit
3284 5207 3500 5252 omnes

1937 5281 2113 5337 actus
2154 5276 2435 5337 omnium
2473 5278 2799 5355 virtutum,
2833 5279 2977 5341 licet
3017 5282 3332 5362 praecipiat
3369 5302 3501 5344 om-

1937 5370 2116 5431 nium
2153 5368 2456 5430 virtutum
2491 5375 2693 5431 actus:
2722 5372 2871 5451 quia
2896 5373 3062 5434 inter
3087 5392 3274 5454 opera
3303 5377 3503 5436 virtu-

1936 5469 2076 5528 tum
2102 5461 2302 5526 multa
2323 5470 2468 5528 sunt
2489 5461 2751 5543 consilii,
2781 5483 2920 5548 quse
2945 5485 3074 5529 non
3097 5473 3353 5549 possunt
3385 5467 3502 5531 sub

3017 5575 3099 5635 24
