3976 6219
423 380 547 443 408
1420 379 1537 434 Lm.
1572 379 1654 433 lv,
1690 379 1772 432 DE
1801 378 1962 433 LEGE
1994 378 2284 431 Posl'rIVA
2315 376 2641 431 GANONICA.

423 485 736 565 tinguitur
762 501 800 543 a
838 482 976 561 1636
1001 480 1469 560 jurisdictioniS,
1493 487 1567 543 ut
1593 481 1664 543 in
1698 499 1832 561 cap.
1872 481 1990 544 Di·

426 582 632 654 lectus,
684 576 759 638 de
807 574 979 636 Offic.
1020 575 1252 652 ordin.,
1293 581 1356 637 et
1401 578 1502 652 10,
1554 579 1769 654 quaest.
1820 576 1882 650 1,
1921 573 1991 634 in

424 673 703 745 Summa,
734 673 798 731 et
827 686 961 748 cap.
991 671 1049 744 1,
1096 667 1210 728 ubi
1240 668 1468 730 dicitur
1509 667 1827 747 religiosos
1859 684 1990 728 esse

424 766 742 842 exemptos
768 760 968 840 61636
993 760 1359 837 dioecesana,
1381 766 1444 822 et
1468 760 1834 840 supponitur
1860 778 1987 822 non

424 875 555 920 6556
574 859 891 934 6661611165
917 854 1113 933 61636
1150 853 1613 932 jurisdictionis.
1646 855 1801 915 Cum
1840 868 1990 930 ergo

423 949 756 1030 praecipere
797 946 1105 1026 pertineat
1152 947 1233 1007 ad
1276 946 1478 1025 legem
1497 945 1938 1025 jurisdictionis
1963 990 1985 1020 ,

424 1041 809 1106 concluditur
821 1039 1139 1121 religiosos
1155 1059 1285 1102 non
1308 1057 1437 1103 6556
1451 1044 1765 1120 exemptos
1784 1058 1824 1101 a
1833 1057 1985 1119 prse-

425 1137 619 1218 ceptis
656 1135 1120 1216 Episcoporum.

504 1232 564 1291 2.
609 1230 822 1309 ἱερᾶν(
831 1227 1292 1309 jurisdictionis
1318 1226 1637 1291 consistere
1671 1227 1741 1289 in
1767 1226 1992 1306 offendo

425 1341 528 1386 seu
545 1324 822 1402 reymdo,
845 1323 1029 1402 leqem
1044 1322 1435 1383 dioecesanam
1458 1320 1529 1382 in
1549 1319 1993 1399 recipiendo.—

423 1416 506 1477 Ut
544 1423 754 1478 autem
797 1417 931 1477 haec
974 1413 1280 1476 sententia
1316 1412 1723 1491 intelligatur,
1749 1418 1991 1494 oportet

425 1509 503 1569 de
547 1509 655 1570 illa
705 1510 1096 1572 distinctione
1136 1524 1336 1588 pauca
1374 1506 1791 1586 praemittere3
1838 1504 1991 1585 quid

425 1603 594 1665 enim
619 1621 729 1682 per
755 1603 892 1664 illas
917 1620 1095 1663 voces
1140 1600 1546 1679 significetur,
1582 1617 1710 1661 non
1751 1597 1991 1660 161661-

423 1702 527 1759 tur
551 1699 617 1757 in
642 1699 781 1777 jure
810 1697 955 1758 satis
982 1696 1379 1757 declaratum.
1407 1694 1630 1756 Glossoe
1659 1694 1851 1772 igitur
1888 1711 1987 1754 su-

423 1809 537 1871 pra
570 1790 758 1851 citata
781 1792 944 1869 jura,
964 1790 1053 1850 ita
1068 1789 1207 1849 illas
1236 1787 1566 1866 explicant,
1584 1793 1655 1847 ut
1681 1786 1783 1848 lex
1805 1786 1995 1865 juris-

424 1883 710 1945 dictionis
768 1882 846 1942 sit
892 1882 1001 1943 illa
1054 1900 1191 1961 quse
1250 1880 1528 1941 consistit
1587 1879 1655 1940 in
1719 1879 1986 1957 agend0,

423 1973 827 2054 gubernando
861 2022 876 2049 ,
936 1992 1046 2034 seu
1104 1972 1513 2034 ministrando
1542 1996 1560 2047 3
1617 1972 1720 2033 166
1779 1977 1987 2031 661616

422 2069 770 2129 (1166665666
810 2085 884 2129 66
923 2085 1064 2146 quoe
1094 2067 1369 2127 consistit
1404 2064 1473 2127 in
1512 2065 1887 2145 recipiendo,
1921 2063 1988 2124 id

421 2169 536 2236 est,
568 2179 706 2240 quae
739 2161 952 2221 statuit
987 2160 1062 2221 de
1108 2159 1205 2220 his
1241 2178 1379 2239 quae
1429 2166 1574 2220 sunt
1616 2158 1991 2220 conferenda

420 2255 740 2333 Episcopo,
799 2260 863 2314 et
921 2252 1002 2313 ab
1055 2253 1187 2332 ipso
1230 2252 1609 2332 recipienda.
1670 2253 1844 2326 Quod
1890 2252 1988 2311 1115

421 2345 719 2424 exemplis
745 2345 1101 2418 declarant3
1126 2362 1274 2405 nam
1297 2345 1376 2405 ad
1394 2345 1597 2423 163616
1610 2343 1987 2423 jurisdictio-

417 2440 514 2500 nis
537 2439 851 2519 pertinent
885 2439 1141 2513 omnia,
1173 2455 1312 2517 quae
1345 2437 1511 2497 circa
1531 2437 1764 2516 judicia
1790 2455 1987 2515 agun-

420 2537 545 2608 tur,
568 2537 641 2591 ut
667 2536 813 2591 sunt
836 2530 1069 2606 citatio,
1096 2547 1291 2590 666566
1311 2529 1686 2590 examinatio
1689 2574 1710 2604 ,
1732 2529 1984 2605 (1661516,

415 2623 680 2703 11661116,
711 2622 812 2683 161
838 2621 1164 2697 absolutio,
1198 2626 1270 2681 ut
1296 2639 1374 2683 ex
1410 2621 1519 2682 illo
1546 2625 1725 2682 textu
1752 2621 1990 2699 colligi-

417 2723 559 2779 tur:
616 2716 785 2778 unde
843 2715 1055 2776 omnia
1098 2716 1285 2777 etiam
1345 2733 1483 2795 quae
1543 2714 1854 2794 pertinent
1906 2716 1986 2776 ad

416 2808 929 2889 gubernationem
957 2807 1259 2882 dioecesis,
1288 2806 1367 2867 ad
1394 2805 1556 2866 hanc
1574 2806 1780 2885 legem
1808 2824 1982 2886 spec-

415 2902 661 2977 tabunt,
692 2905 755 2963 61
781 2904 1222 2980 consequenter
1252 2899 1442 2960 etiam
1475 2904 1703 2959 statuta
1720 2897 1984 2960 condere

416 3001 478 3057 et
516 2995 703 3072 leges,
749 2993 828 3055 ad
873 2992 1157 3055 eamdem
1196 2992 1398 3071 legem
1444 2992 1729 3070 pertinet.
1790 2992 1983 3053 Addit

415 3088 604 3150 etiam
630 3087 738 3149 illa
755 3086 988 3164 Glossa,
1010 3091 1540 3149 sacramentorum
1562 3084 1976 3162 collationem,

415 3182 936 3244 consecrationem
966 3180 1383 3257 ecclesiarum,
1428 3186 1490 3241 et
1534 3179 1982 3242 confectionem

414 3276 786 3352 611115166115,
839 3295 912 3337 66
950 3274 1178 3336 similia
1219 3275 1409 3337 etiam
1447 3274 1759 3353 pertinere
1788 3275 1867 3335 ad
1895 3274 1982 3335 le·

412 3388 557 3450 gem
593 3368 1066 3449 jurisdictionis.
1108 3368 1283 3441 Quod
1321 3368 1659 3429 Panormit.
1694 3367 1782 3427 ibi
1808 3367 1982 3428 vide-

411 3469 517 3524 tur
561 3461 831 3537 difficile,
863 3460 1010 3540 quia
1037 3460 1091 3520 si
1116 3459 1248 3521 11616
1283 3468 1487 3521 essent
1509 3459 1977 3539 jurisdictioniS,

411 3560 662 3635 possent
697 3553 970 3632 delegari
997 3571 1126 3614 non
1159 3552 1416 3613 habenti
1442 3553 1724 3613 ordinem
1751 3553 1981 3631 episco-

410 3646 638 3728 palem.
671 3646 792 3707 Sed
819 3646 954 3707 haec
979 3663 1109 3706 non
1135 3644 1430 3705 dicuntur
1456 3662 1586 3705 esse
1603 3643 1981 3723 jurisdictio—

411 3737 531 3813 nis,
591 3738 740 3817 quia
786 3754 916 3798 666
967 3737 1293 3816 requirunt
1341 3742 1706 3817 potestatem
1747 3736 1981 3798 ordinis

414 3829 794 3909 episcopalis,
820 3829 926 3892 sed
947 3829 1096 3910 quia
1125 3829 1453 3909 requirunt
1484 3829 1979 3908 jurisdictionem

411 3928 483 3983 ut
511 3921 714 3983 debite
737 3922 1192 3983 ministrentur.
1224 3923 1300 3982 Et
1324 3921 1411 3982 sic
1432 3922 1768 4002 Episcopus
1792 3923 1980 3984 ratio-

410 4033 491 4076 ne
522 4033 648 4076 56611
675 4015 1122 4094 jurisdictionis
1151 4020 1349 4095 potest
1383 4014 1492 4075 illa
1521 4014 1735 4076 omnia
1769 4020 1981 4077 aucto-

411 4109 595 4169 ritate
630 4126 744 4169 sua
770 4107 837 4168 in
860 4126 973 4170 sua
999 4108 1268 4184 dioecesi,
1311 4111 1376 4170 et
1401 4107 1527 4168 suis
1566 4108 1831 4169 subditis
1861 4108 1979 4168 mi—

408 4201 694 4276 nistrare,
744 4206 807 4261 et
845 4218 974 4261 1166
1025 4201 1184 4278 61115,
1229 4207 1291 4262 61
1330 4218 1365 4261 6
1406 4218 1698 4262 66616156
1743 4201 1977 4263 subditi

411 4286 700 4356 tenentur
727 4294 858 4355 haec
885 4295 1160 4375 recipere
1184 4313 1223 4355 6
1248 4312 1362 4356 566
1389 4293 1711 4374 Episcopo,
1758 4300 1822 4357 et
1848 4314 1975 4356 non

406 4386 486 4449 ab
529 4387 652 4448 alio
690 4387 823 4448 sine
863 4386 1116 4449 licentia
1150 4387 1340 4463 illius,
1386 4405 1524 4466 quae
1550 4386 1850 4466 subjectio
1872 4388 1976 4449 de-

405 4480 589 4541 betur
609 4480 906 4560 Episcopo
933 4485 1184 4560 propter
1208 4480 1410 4557 legem
1424 4479 1889 4558 jurisdictionis,
1914 4487 1977 4544 et

405 4573 544 4634 ideo
582 4573 773 4634 etiam
798 4573 867 4634 in
893 4574 1012 4634 hoc
1038 4572 1311 4651 religiosi
1347 4571 1761 4650 subjiciuntur
1802 4574 1974 4655 Epis-

404 4667 593 4747 copis,
625 4684 758 4746 cap.
790 4667 1247 4742 Imm-dicimus,
1280 4667 1382 4742 16,
1411 4671 1625 4746 quaest.
1646 4670 1705 4727 1.

487 4763 548 4822 3.
591 4759 699 4822 Aa
743 4759 1117 4839 Episcopum
1145 4760 1258 4822 duo
1295 4765 1604 4838 spectant:
1634 4778 1878 4840 pascere
1920 4766 1974 4825 et

395 4853 591 4933 pasci.
618 4884 701 4899 -
718 4851 815 4912 Ad
840 4850 1043 4929 legem
1068 4857 1279 4913 autem
1299 4852 1729 4927 dioecesanam,
1752 4855 1840 4915 ait
1865 4853 1974 4915 illa

401 4945 635 5022 Glossa,
660 4944 971 5023 pertinere
1001 4943 1519 5021 Cathedraticum,
1554 4952 1840 5024 quartam
1865 4947 1972 5008 de-

401 5038 824 5114 cimationem,
854 5041 918 5099 et
946 5036 1451 5113 mortuariorum,
1493 5038 1838 5117 Synodum,
1869 5039 1971 5100 11-

400 5132 752 5193 51161166616
779 5148 1080 5207 annuam,
1098 5131 1175 5193 de
1202 5130 1425 5211 quibus
1442 5130 1511 5191 in
1537 5150 1672 5212 cap.
1702 5132 1968 5214 Conque-

399 5229 588 5300 rente‚
644 5224 722 5285 de
763 5225 936 5286 Offic.
981 5224 1182 5286 ordin.
1230 5227 1308 5286 Et
1333 5224 1577 5285 videtur
1603 5225 1851 5288 fundari
1896 5226 1964 5289 in

398 5317 541 5393 1166,
572 5317 736 5396 quod
775 5318 854 5377 ab
887 5317 1247 5398 hujusmodi
1276 5319 1542 5399 J'uribuS,
1577 5324 1640 5382 et
1671 5320 1963 5382 oneribus

400 5412 761 5473 eximuntur
802 5413 1176 5474 monasteria
1214 5413 1283 5473 in
1304 5413 1472 5492 jure,
1519 5414 1588 5474 in
1621 5432 1755 5494 cap.
1789 5416 1965 5478 Inter

399 5503 551 5582 alia,
587 5508 688 5583 10,
717 5508 932 5586 quaest.
961 5505 1023 5585 3,
1052 5523 1196 5591 cum
1227 5507 1386 5585 aliis,
1417 5524 1557 5587 quae
1585 5506 1727 5571 ibia
1751 5506 1963 5571 Glossa

2070 481 2360 542 citantur.
2410 478 2606 558 objici
2640 495 2787 539 1616
2823 482 3046 558 1161651,
3089 479 3260 558 quia,
3301 477 3453 540 licet
3473 498 3645 561 (1661-

2070 573 2216 635 dam
2261 591 2339 634 ex
2380 572 2478 633 his
2521 571 2857 633 consistant
2888 571 2957 631 16
2984 571 3361 651 recipiendo,
3393 591 3522 634 non
3549 580 3647 635 ta-

2069 683 2214 728 men
2248 665 2483 740 616616,
2526 670 2589 727 61
2625 669 2929 739 praeterea
2967 664 3142 725 nullo
3174 665 3315 744 jure
3338 666 3647 746 probatur

2068 759 2272 838 legem
2304 759 2712 820 dioecesanam
2751 757 3081 820 consistere
3116 775 3355 838 semper
3387 759 3459 819 in
3485 760 3647 821 reci—

2069 852 2318 933 piendo.
2361 851 2639 913 Primum
2666 855 2855 931 patet,
2882 850 3029 930 quia
3054 851 3279 930 synodi
3303 870 3646 932 congrega·

2071 946 2160 1006 tio
2201 964 2331 1007 non
2371 944 2654 1007 consistit
2684 944 2751 1004 in
2801 944 3154 1024 recipiendo
3165 961 3186 1022 ;
3222 963 3372 1006 nam
3419 964 3645 1009 vocare

2072 1038 2152 1100 ad
2181 1038 2523 1118 Synodum,
2551 1054 2734 1117 agere
2756 1042 2871 1113 est,
2892 1042 2955 1097 et
2978 1036 3440 1117 propriissimus
3467 1045 3646 1101 66165

2064 1130 2534 1210 jurisdictionis,
2552 1135 2613 1191 et
2630 1128 2916 1191 similiter
2937 1129 3030 1189 illi
3046 1129 3405 1208 praesidere3
3426 1132 3643 1194 115116-

2070 1225 2160 1285 tio
2189 1225 2377 1286 etiam
2392 1242 2604 1285 annua
2626 1222 3074 1303 ¹jurisdictionis
3091 1228 3207 1300 est,
3233 1229 3297 1285 et
3314 1224 3383 1285 in
3397 1227 3640 1304 agendo

2070 1318 2369 1379 consistit.
2398 1317 2608 1379 Altera
2629 1334 2771 1396 pars
2798 1333 2926 1377 non
2956 1315 3135 1377 aliter
3161 1316 3488 1397 probatur,
3516 1321 3641 1381 nisi

2070 1412 2219 1491 quia
2244 1410 2436 1471 Gloss,
2476 1409 2721 1471 nullum
2749 1415 2990 1470 textum
3030 1409 3111 1469 ad
3135 1409 3202 1470 id
3246 1410 3642 1490 probandum

2069 1503 2341 1565 adducit.
2374 1502 2791 1565 Nihilominus
2822 1501 3152 1581 explicatio
3178 1503 3406 1564 Glossae
3440 1513 3645 1585 potaet

2068 1597 2375 1678 probabili
2410 1597 2655 1658 suaderi
2686 1596 3083 1674 conjectura:
3126 1599 3329 1677 quoad
3354 1600 3641 1681 Episcopi

2068 1693 2194 1771 jus,
2221 1691 2343 1751 duo
2366 1695 2642 1771 spectant
2654 1707 2674 1769 ;
2702 1707 2900 1750 unum
2924 1695 3015 1750 est
3040 1708 3255 1770 regere
3278 1698 3341 1753 61
3364 1711 3639 1772 11656616,

2073 1789 2136 1845 61
2167 1784 2378 1844 616616
2407 1802 2543 1864 quae
2569 1783 2649 1844 ad
2677 1783 2795 1843 1166
2821 1801 3051 1843 munus
3086 1790 3390 1862 spectant,
3421 1787 3643 1849 dicun-

2070 1884 2174 1939 tur
2202 1895 2333 1938 esse
2367 1878 2443 1938 de
2475 1877 2612 1956 1636
2628 1875 3073 1955 jurisdictionis
3084 1892 3104 1955 ;
3128 1877 3297 1938 aliud
3326 1887 3416 1940 est
3437 1882 3632 1960 pasci,

2071 1990 2177 2032 seu
2211 1970 2489 2031 debitum
2508 1970 2886 2050 stipendium
2912 1971 3212 2049 accipere,
3235 1973 3391 2033 etita
3416 1974 3637 2035 omnia

2070 2063 2343 2140 servitia,
2371 2069 2433 2125 et
2458 2063 2730 2124 subsidia
2752 2064 3139 2143 temporalia,
3167 2082 3304 2143 (1666
3327 2066 3640 2127 debentur

2067 2156 2378 2236 Episcopis
2408 2156 2648 2216 ratione
2674 2155 2772 2215 sui
2803 2156 3101 2232 muneris,
3131 2156 3423 2219 dicuntur
3446 2161 3643 2238 perti-

2068 2266 2217 2309 nere
2262 2247 2342 2309 ad
2379 2249 2581 2328 legem
2610 2248 3050 2324 dioecesanam,
3098 2250 3187 2311 516
3213 2251 3421 2313 stricte
3463 2270 3643 2313 sum-

2068 2352 2263 2420 ptam.

2147 2435 2209 2493 4.
2249 2433 2530 2494 Admissa
2577 2451 2724 2495 vero
2771 2433 2889 2495 bac
2939 2433 3353 2498 declaratione
3403 2437 3474 2497 in
3530 2436 3642 2499 illo

2067 2542 2274 2602 sensu,
2296 2526 2578 2606 exempla
2594 2526 2822 2588 debent
2839 2547 2983 2590 cum
3004 2528 3214 2590 (1611116
3235 2531 3641 2609 proportione

2067 2619 2391 2697 assignari,
2414 2620 2675 2699 ideoque
2693 2622 3091 2700 congregatio
3118 2623 3366 2701 synodi,
3398 2629 3464 2684 et
3488 2624 3641 2684 visi·

2067 2711 2221 2774 tatio
2266 2729 2477 2773 annua
2521 2713 2600 2773 ad
2644 2713 2849 2791 163616
2873 2714 3322 2793 ¹jurisdictionis
3365 2716 3640 2795 pertine·

2064 2801 2246 2879 bunt,
2271 2810 2343 2864 ut
2370 2804 2591 2883 probat
2607 2806 2766 2867 ratio
2785 2806 2969 2883 facta,
3001 2807 3145 2868 licet
3165 2809 3267 2887 jus
3291 2809 3639 2889 recipiendi

2063 2897 2495 2975 synodaticum
2542 2899 2635 2975 (ut
2657 2898 2992 2979 appellant)
3017 2905 3080 2960 et
3106 2901 3632 2980 procurationem,

2061 2990 2369 3069 pertineat
2388 2991 2469 3052 ad
2486 2991 2689 3070 163616
2712 2992 3143 3054 dioecesanam.
3167 2995 3375 3074 Neque
3399 2997 3468 3056 in
3488 2996 3637 3074 jure

2061 3088 2154 3145 651
2178 3084 2413 3165 aliquid
2441 3084 2609 3165 quod
2636 3091 2967 3167 repugnet,
3013 3088 3163 3167 quia
3211 3087 3277 3149 iu
3321 3090 3463 3169 jure
3505 3108 3637 3151 non

2059 3176 2377 3239 invenitur
2420 3180 2824 3257 declaratum,
2869 3182 2979 3261 qui
3006 3188 3175 3244 actus
3202 3183 3280 3245 ad
3312 3184 3498 3260 hanc,
3534 3186 3637 3246 161

2060 3269 2234 3331 111616
2272 3271 2475 3351 163616
2514 3274 2881 3353 11611166661.
2924 3277 3101 3337 Τ666
3126 3283 3336 3338 autem
3376 3278 3634 3341 difficile

2061 3363 2182 3423 erit
2219 3362 2550 3427 defendere
2594 3366 2748 3428 duas
2795 3367 2932 3429 illas
2988 3370 3306 3447 generales
3352 3372 3629 3450 regulas,

2060 3455 2223 3533 quod
2248 3456 2523 3536 religiosi
2553 3465 2700 3520 sunt
2728 3463 3000 3541 exempti
3028 3479 3066 3521 a
3091 3462 3229 3542 1636
3256 3463 3629 3541 dioecesana,

2062 3565 2188 3609 non
2219 3566 2367 3610 1616
2407 3569 2446 3611 6
2472 3550 2609 3630 1636
2638 3553 3103 3631 jurisdictionis,
3147 3559 3221 3616 ut
3251 3574 3329 3617 ex
3352 3556 3452 3617 his
3491 3576 3634 3637 quae

2063 3640 2483 3704 Panormitan.
2530 3644 2653 3706 late
2694 3647 3108 3726 prosequitur,
3146 3647 3325 3710 facile
3360 3648 3634 3728 intelligi

2061 3737 2278 3810 potest.
2307 3735 2514 3797 Posset
2540 3742 2750 3797 autem
2772 3739 3153 3817 responderi,
3169 3745 3499 3820 utramque
3526 3760 3632 3802 16·

2061 3823 2293 3886 rificari
2321 3844 2465 3888 cum
2488 3829 2865 3909 exceptione,
2896 3831 3018 3892 nisi
3053 3832 3121 3892 in
3148 3833 3386 3893 casibus
3413 3852 3451 3893 a
3483 3835 3633 3911 jure

2062 3919 2384 3997 6611165515,
2441 3922 2529 3982 116
2581 3927 2653 3983 61
2704 3941 2919 3984 566565
2968 3924 3070 4002 511,
3132 3925 3449 4004 1611316565
3496 3945 3630 3989 6556

2061 4018 2377 4092 exemptos
2404 4014 2601 4095 alege
2630 4016 2995 4094 dioecesana,
3021 4018 3086 4079 id
3119 4024 3233 4095 est,
3263 4037 3303 4080 a
3332 4019 3630 4082 solvendo

2060 4104 2331 4167 subsidio
2370 4107 2470 4170 vel
2516 4110 2690 4188 quasi
2731 4109 2964 4173 tributo
3005 4112 3342 4193 Episcopis,
3385 4114 3505 4174 nisi
3556 4116 3628 4175 in

2059 4198 2299 4261 casibus
2353 4218 2393 4260 a
2443 4202 2585 4279 jure
2647 4205 2949 4282 expressis
2983 4253 3000 4280 ‚
3053 4223 3182 4266 non
3228 4212 3439 4268 tamen
3492 4226 3629 4269 esse

2059 4297 2373 4372 exemptos
2399 4293 2480 4354 ab
2508 4294 2860 4357 obedientia
2893 4303 2957 4357 et
2990 4297 3128 4377 1636
3151 4298 3623 4377 jurisdictionis,

2056 4383 2179 4444 nisi
2205 4385 2274 4445 in
2299 4385 2508 4466 aliquo
2539 4406 2687 4449 casu
2712 4389 2961 4468 speciali
2984 4391 3053 4450 in
3079 4392 3224 4469 jure
3251 4410 3559 4472 expresso.

2136 4478 2194 4539 5.
2222 4479 2460 4558 Regula
2492 4480 2783 4543 Panorm.
2836 4484 2906 4545 de
2941 4485 3257 4563 proediotis
3282 4487 3632 4565 romaicu—

2055 4569 2253 4632 Aliter
2285 4589 2433 4632 vero
2474 4574 2895 4636 Panormitan.
2941 4575 3213 4638 declarat
3239 4577 3376 4639 illas
3416 4597 3626 4655 vocae,

2050 4665 2468 4745 supponitque
2526 4667 2847 4746 religiosos
2907 4670 3047 4749 jure
3105 4672 3422 4732 communi
3490 4690 3628 4735 esse

2053 4764 2368 4838 exemptos
2397 4759 2478 4820 ab
2505 4760 2815 4841 Episcopis
2832 4762 2899 4822 in
2920 4762 3296 4841 quibusdam
3318 4764 3530 4840 161165,
3560 4773 3630 4828 61

2053 4869 2178 4911 666
2208 4851 2277 4911 16
2308 4851 2466 4913 61115.
2511 4852 2669 4913 Dicit
2712 4853 2906 4932 igitur
2954 4854 3062 4915 illa
3097 4858 3327 4932 omnia,
3361 4876 3503 4936 quae
3554 4859 3626 4920 in

2044 4945 2189 5023 jure
2215 4944 2624 5007 inveniuntur
2655 4963 2962 5025 expressa,
2992 4947 3061 5007 16
3089 4948 3315 5027 quibus
3346 4949 3627 5029 religiosi

2050 5043 2195 5099 sunt
2220 5038 2490 5117 exempti
2522 5037 2602 5100 ab
2647 5038 3023 5119 episcopali
2996 5058 3167 5118 Jure,
3202 5041 3516 5149 appellari
3541 5044 3626 5106 de

2049 5133 2187 5212 lege
2230 5133 2611 5211 dioecesana3
2665 5134 2905 5214 reliqua
2929 5152 3076 5196 vero
3122 5136 3333 5197 omnia
3369 5155 3505 5199 esse
3542 5138 3624 5200 de

2047 5225 2185 5303 1636
2199 5224 2665 5303 jurisdictionis.
2685 5227 2893 5307 Neque
2915 5226 3106 5289 aliam
3126 5228 3377 5289 adducit
3394 5228 3626 5308 proba-

2043 5318 2313 5394 tionem,
2363 5319 2468 5382 vel
2524 5321 2831 5390 rationem
2884 5321 3247 5398 nominum,
3307 5322 3416 5382 sed
3468 5322 3624 5384 dicit

2041 5412 2228 5474 fuisse
2246 5413 2450 5493 potius
2465 5415 2888 5493 magistralem
2903 5415 3405 5495 applicationem,
3422 5433 3625 5495 quam

2038 5507 2198 5587 iuris
2243 5507 2728 5589 impositionem,
2768 5508 2868 5575 vel
2901 5526 3110 5573 usum.
3160 5508 3338 5573 Unde
3384 5504 3623 5591 (quoad

3896 983 3934 1490 ί

3886 1669 3933 3086 ἔ

3892 3214 3938 4405 1
