3976 6219
850 381 982 433 CAP.
1017 382 1144 432 XVI.
1181 382 1390 433 UTRUM
1424 383 1486 432 ΙΝ
1517 382 1678 435 LEGE
1709 381 2023 433 NATURALI
2057 380 2302 432 HABEAT
2335 381 2541 434 Locum
2574 381 2822 440 ΕΡΙΙΚῙΑ,
2858 380 2993 430 ETC.

319 478 385 538 in
426 478 515 537 eis
555 478 819 558 intelligi
869 482 1026 544 alius
1069 483 1287 544 modus
1334 484 1867 545 determinationis

320 576 425 630 aut
470 572 755 634 carentiae
816 574 1208 652 obligationis
1251 595 1362 656 pro
1416 576 1623 655 aliquo
1678 594 1860 636 casu:

317 681 463 723 nam
508 663 559 723 si
600 664 758 725 ratio
797 665 1164 728 determinat
1193 686 1306 748 pro
1348 668 1555 746 aliquo
1591 674 1868 747 tempore

317 774 441 815 non
483 755 779 834 obligare,
827 758 944 820 hoc
985 760 1119 839 ipso
1160 760 1528 838 intelligitur
1564 760 1687 821 talc
1717 778 1871 838 prae-

318 854 562 927 ceptum
591 856 812 910 natura
851 869 961 911 sua
999 869 1127 912 non
1156 871 1281 913 esse
1317 852 1517 912 latum
1543 871 1656 932 pro
1693 870 1868 912 occa·

317 941 508 1016 sione,
536 948 597 1001 et
619 942 1090 1004 circumstantiis
1113 944 1219 1005 illo
1236 951 1514 1025 tempore
1542 963 1869 1005 occurren-

317 1034 502 1110 tibus;
533 1040 624 1109 ut,
659 1035 832 1094 verbi
862 1036 1082 1112 gratia,
1112 1037 1178 1096 in
1207 1043 1508 1116 praecepto
1541 1036 1868 1097 correctio-

315 1127 409 1186 nis
429 1127 743 1202 sraternae,
768 1134 1074 1205 quatenus
1102 1130 1380 1190 naturale
1410 1137 1524 1206 est,
1554 1132 1686 1208 ipsa
1712 1130 1870 1189 ratio

316 1219 683 1279 determinat
699 1237 830 1279 non
859 1219 1160 1299 obligare,
1192 1221 1440 1299 quando
1470 1239 1594 1280 non
1623 1225 1712 1282 est
1739 1238 1872 1298 spes

316 1310 567 1385 fructuS,
589 1329 716 1371 non
736 1329 847 1390 per
866 1312 1188 1390 epiikiam‚
1220 1313 1325 1374 sed
1346 1312 1873 1392 quiajpraeceptum

317 1402 470 1462 illud
514 1408 740 1462 natura
782 1422 892 1464 sua
928 1422 1053 1463 non
1095 1404 1328 1482 obligat
1370 1424 1479 1484 pro
1519 1422 1775 1483 semper,
1812 1408 1874 1463 et

319 1492 429 1553 illa
463 1499 554 1554 est
602 1513 731 1554 una
787 1514 866 1555 ex
910 1495 1388 1556 circumstantiis
1430 1514 1542 1574 pro
1580 1514 1703 1574 qua
1747 1513 1874 1555 non

322 1584 575 1663 obligat.
598 1588 697 1647 Sic
729 1588 916 1648 etiam
939 1587 1220 1666 intelligo
1242 1593 1613 1665 praeceptum
1639 1586 1716 1647 de
1735 1586 1873 1646 red-

322 1678 525 1739 dendo
575 1679 847 1759 deposito
879 1726 901 1754 ,
951 1680 1004 1740 si
1049 1699 1161 1759 per
1209 1680 1460 1739 modum
1515 1679 1872 1740 affirmativi

323 1772 609 1848 praecepti
659 1771 1036 1850 concipiatur
1057 1816 1077 1845 ,
1122 1772 1267 1850 quia
1310 1790 1433 1834 non
1485 1771 1720 1849 obligat
1758 1790 1871 1850 pro

324 1880 597 1941 semper,
633 1863 739 1923 sed
762 1881 872 1941 pro
898 1869 1209 1942 tempore,
1248 1864 1314 1924 in
1348 1882 1469 1942 quo
1498 1864 1687 1943 possit
1709 1882 1865 1924 com·

322 1954 503 2014 mode
530 2000 551 2030 ,
598 1954 661 2013 id
705 1960 795 2014 est
820 1999 842 2029 ,
899 1955 1029 2015 sine
1074 1954 1321 2015 alterius
1372 1955 1729 2034 praejudicio
1774 1956 1872 2016 vel

317 2046 546 2123 injuria
578 2047 779 2107 reddi.
823 2046 915 2108 lta
941 2067 1086 2126 ergo
1119 2050 1186 2108 in
1226 2048 1324 2108 his
1349 2049 1665 2128 praeceptis
1700 2050 1872 2110 nulla

317 2145 409 2197 est
437 2138 684 2216 epiikia.

399 2232 504 2290 M.
538 2230 736 2291 Venio
773 2230 852 2291 ad
883 2232 1196 2310 negativa,
1233 2250 1497 2311 quorum
1522 2239 1743 2293 natura
1780 2239 1872 2294 est

317 2326 388 2382 ut
433 2340 673 2401 semper
722 2329 784 2383 et
827 2342 940 2402 pro
986 2342 1227 2402 semper
1275 2324 1576 2402 obligent,
1620 2325 1871 2384 vitando

315 2414 480 2473 mala
504 2416 646 2493 quia
669 2416 833 2475 mala
861 2422 1006 2476 sunt
1038 2438 1052 2475 :
1090 2417 1209 2477 hoc
1236 2417 1404 2476 enim
1425 2422 1515 2477 est
1539 2417 1613 2476 de
1633 2417 1872 2477 ratione

315 2508 605 2585 praecepti
646 2508 945 2568 naturalis
984 2508 1281 2585 negativi,
1328 2514 1388 2568 et
1415 2507 1494 2568 ob
1533 2508 1694 2568 hanc
1729 2508 1872 2567 ulti-

314 2616 483 2658 mam
513 2606 752 2677 partem
780 2619 907 2661 non
932 2601 1163 2679 patitur
1189 2599 1485 2679 epiikiam
1517 2622 1531 2658 ε
1576 2601 1723 2678 quia
1755 2600 1871 2659 im·
1902 2659 1912 2671 ,

316 2691 603 2765 possibile
645 2697 735 2753 est
778 2693 842 2752 id
883 2692 1046 2770 quod
1078 2698 1167 2751 est
1206 2709 1318 2770 per
1349 2709 1412 2753 se
1444 2697 1506 2753 et
1540 2692 1869 2753 intrinsece

314 2782 550 2842 malum
577 2783 714 2844 fieri
740 2784 976 2844 bonum
1004 2790 1112 2844 aut
1138 2801 1265 2843 non
1295 2782 1554 2857 malum,
1581 2789 1871 2844 manente

316 2873 531 2935 eodem
568 2875 806 2954 objecto
837 2885 899 2936 ct
932 2874 1425 2949 circumstantiiS,
1461 2879 1522 2934 et
1556 2874 1692 2934 ideo
1720 2874 1871 2934 dici-

316 2984 456 3026 mus
483 2985 609 3027 non
638 2986 807 3045 posse
842 2968 960 3028 hoc
991 2968 1125 3027 fieri
1153 2984 1262 3044 per
1302 2966 1817 3044 dispensationem
1846 2982 1866 3041 3

318 3077 464 3137 ergo
497 3059 693 3121 multo
740 3060 946 3120 minus
993 3058 1126 3120 fieri
1161 3063 1360 3137 potest
1398 3075 1509 3136 per
1548 3057 1865 3136 epiikiam.

317 3152 617 3213 Probatur
653 3151 1113 3231 consequentia,
1153 3150 1301 3229 quia
1328 3150 1489 3228 quod
1521 3167 1647 3209 non
1674 3156 1872 3227 potest

313 3262 442 3305 csse
480 3262 608 3305 non
651 3245 884 3305 malum
928 3260 1261 3321 nunquam,
1288 3259 1414 3300 non
1462 3245 1553 3301 est
1590 3240 1867 3318 malum,

314 3352 462 3414 ergo
490 3354 813 3415 nunquam
837 3355 964 3396 non
993 3341 1084 3396 est
1110 3332 1492 3413 prohibitum
1518 3349 1538 3408 3
1575 3351 1722 3410 ergo
1744 3350 1871 3392 non

311 3434 514 3506 potest
540 3448 682 3489 vere
710 3428 1005 3490 declarari
1035 3446 1162 3487 non
1190 3426 1570 3505 prohibitum
1604 3424 1739 3503 lege
1762 3444 1871 3485 na-

311 3522 496 3581 turali
523 3540 630 3599 pro
658 3521 864 3600 aliquo
886 3526 1185 3599 tempore,
1207 3518 1308 3579 vel
1336 3518 1674 3591 occasione,
1705 3517 1870 3596 quod

311 3613 392 3672 ad
421 3613 715 3692 epiikiam
746 3613 1031 3691 pertinet.
1073 3610 1246 3684 Quod
1282 3610 1334 3669 si
1367 3609 1628 3669 mutatio
1660 3607 1770 3669 fiat
1804 3609 1870 3668 in

309 3704 551 3781 objecto
566 3750 586 3779 ,
625 3703 724 3764 vel
754 3702 1223 3763 circumstantiis
1249 3699 1596 3761 intrinsecis
1616 3744 1635 3775 ,
1678 3704 1739 3759 et
1770 3717 1869 3759 ra-

309 3795 481 3856 tione
505 3797 637 3874 ejus
655 3795 1013 3856 mutationis
1032 3800 1205 3853 actus
1227 3792 1467 3854 desinat
1485 3809 1616 3852 esse
1645 3791 1864 3866 malus,

303 3889 440 3966 jam
477 3888 584 3949 illa
624 3906 750 3949 non
783 3894 874 3948 est
914 3886 1143 3966 epiikia
1158 3931 1180 3962 ,
1225 3885 1372 3964 quia
1417 3902 1542 3944 non
1588 3890 1867 3945 versatur

309 3980 473 4040 circa
495 3981 818 4041 materiam
846 3979 958 4039 sub
985 3978 1096 4039 tali
1128 3978 1263 4055 lege
1291 3975 1562 4037 naturali
1590 3993 1866 4053 compre·

309 4072 593 4147 hensam,
641 4072 748 4133 sed
799 4078 889 4133 est
941 4070 1234 4148 cognitio,
1286 4087 1394 4129 seu
1439 4066 1866 4144 interpretatio

307 4166 589 4225 materiae
615 4164 767 4243 legis
796 4169 857 4225 et
880 4164 1101 4224 finium
1125 4162 1279 4240 ejuS.
1311 4162 1392 4221 Ut
1411 4159 1657 4238 quando
1677 4159 1866 4217 inter-

305 4263 626 4335 pretamur
663 4275 773 4336 per
804 4256 1004 4335 legem
1042 4273 1168 4315 non
1206 4251 1459 4313 furandi
1499 4268 1627 4310 non
1660 4249 1865 4329 prohi-

307 4348 445 4409 beri
484 4351 760 4427 accipere
800 4348 878 4409 ab
915 4347 1037 4408 alio
1075 4345 1417 4407 necessaria
1453 4341 1532 4403 ad
1571 4342 1765 4402 vitam
1799 4341 1865 4400 in

308 4445 586 4501 extrema
625 4440 1006 4514 necessitate,
1045 4439 1153 4499 illa
1181 4456 1308 4498 non
1345 4442 1438 4497 est
1463 4434 1714 4514 epiikia,
1759 4433 1866 4493 sed

306 4534 560 4612 propria
585 4533 913 4593 declaratio
941 4532 1104 4592 illius
1134 4530 1289 4609 legis
1326 4548 1464 4608 quae
1492 4546 1618 4588 non
1652 4526 1863 4606 prohi-

307 4623 414 4684 bet
441 4624 564 4684 nisi
590 4624 851 4699 furtum,
867 4624 931 4683 id
943 4629 1053 4698 est,
1071 4622 1488 4701 acceptionem
1507 4621 1597 4681 rei
1620 4620 1861 4694 alienae,

307 4716 562 4776 domino
585 4716 1033 4776 rationabiliter
1059 4715 1279 4788 invit0,
1305 4731 1413 4773 seu
1441 4713 1865 4790 acceptionem

306 4809 401 4869 rei
414 4808 629 4868 alienae
640 4809 838 4887 quoad
850 4808 1289 4888 proprietatem
1299 4811 1361 4866 et
1374 4823 1553 4864 usum
1556 4820 1577 4881 3
1593 4803 1865 4881 acceptio

306 4906 519 4961 autem
536 4900 629 4960 rei
646 4900 865 4960 alienae
879 4902 944 4959 in
964 4906 1242 4960 extrema
1260 4898 1621 4958 necessitate
1640 4914 1752 4956 nec
1774 4899 1864 4955 est

307 4992 385 5052 de
399 5011 464 5052 re
475 4992 731 5052 omnino
746 4992 968 5066 aliena,
985 4992 1132 5070 quia
1145 5009 1256 5069 pro
1271 4989 1375 5050 illo
1387 4989 1643 5049 articulo
1655 4988 1864 5048 omnia

307 5090 454 5144 sunt
477 5084 831 5144 communia
845 5128 866 5158 ,
915 5102 1030 5143 nec
1055 5088 1145 5142 est
1166 5083 1361 5141 invito
1401 5081 1651 5140 domino
1679 5081 1864 5140 ratio·

304 5175 617 5235 nabiliter.
639 5176 737 5235 Sic
763 5177 950 5235 etiam
964 5175 1031 5233 in
1047 5174 1154 5234 illo
1173 5173 1454 5251 exemplo
1473 5172 1548 5232 de
1564 5172 1837 5251 deposito
1839 5216 1861 5246 ,

305 5268 357 5327 si
384 5267 768 5344 intelligatur
789 5275 1163 5345 praeceptum
1193 5265 1340 5324 illud
1365 5271 1660 5342 tanquam
1679 5282 1865 5343 nega-

303 5359 528 5433 tivum,
546 5359 705 5419 sicut
722 5364 1098 5438 praeceptum
1115 5356 1505 5431 restituendi,
1525 5356 1587 5416 id
1603 5361 1714 5430 est,
1737 5374 1865 5415 non

305 5452 616 5514 retinendi
643 5454 991 5533 depositum
1018 5452 1292 5515 alienum
1310 5494 1333 5527 ,
1376 5468 1505 5512 non
1531 5455 1623 5512 est
1645 5450 1735 5512 ita
1761 5451 1864 5511 in-

3391 375 3504 433 157

1946 482 2270 543 definitum
2298 490 2696 562 praeceptum,
2731 483 2832 543 sed
2865 499 2989 542 non
3022 480 3328 541 retinendi
3354 482 3505 541 irra-

1946 574 2348 650 tionabiliter,
2391 594 2500 635 seu
2541 575 2673 635 sine
2706 592 2889 634 causa
2920 578 3199 650 cogente.
3241 573 3332 632 Ita
3358 590 3506 651 ergo

1948 667 2015 726 in
2036 668 2358 746 praeceptis
2371 666 2674 745 negativis
2689 666 3073 726 naturalibus
3093 664 3360 742 intelligi
3384 682 3509 724 non

1948 765 2149 837 potest
2176 757 2425 837 propria
2462 758 2711 837 epiikia.

2040 853 2132 913 12.
2182 851 2463 929 objectio.
2481 883 2563 896 —
2579 850 2820 928 Duplecc
2864 848 3216 929 differentia
3252 847 3411 910 inter
3438 850 3515 910 Ze-

1949 959 2082 1021 ,qem
2118 942 2442 1021 positivam
2482 947 2537 1003 et
2580 941 2943 1015 naturalem,
2983 959 3054 1003 em
3102 958 3222 1020 qua
3262 941 3517 1002 solvitur

1952 1035 2215 1113 objectio.
2230 1066 2311 1079 —
2330 1034 2659 1095 Prima.—
2682 1032 2989 1094 Probatur
3010 1033 3379 1095 mendacium
3397 1051 3517 1095 esse

1950 1127 2270 1189 intrinsece
2294 1125 2542 1198 malum,
2574 1143 2646 1187 ao
2665 1125 2919 1203 proinde
2948 1125 3120 1186 nulla
3143 1142 3326 1187 caasa
3353 1127 3516 1186 colzo-

1950 1218 2183 1281 nectari
2220 1236 2331 1298 per
2369 1237 2450 1281 se.
2474 1252 2556 1265 —
2578 1218 2782 1278 Dices:
2821 1234 2970 1295 ergo
3017 1217 3235 1278 eadem
3277 1219 3514 1279 ratione

1953 1313 2144 1373 etiam
2169 1311 2236 1371 in
2261 1312 2577 1391 praeceptis
2615 1311 2893 1390 positivis
2928 1328 3251 1389 nunquam
3290 1311 3516 1371 intelli-

1955 1411 2134 1483 getur
2183 1403 2431 1483 epiikia.
2488 1404 2690 1478 Patet,
2746 1402 2896 1481 quia
2942 1402 3041 1464 vel
3086 1408 3297 1464 manet
3343 1409 3514 1463 actus

1955 1514 2197 1575 semper
2247 1514 2389 1555 cum
2436 1494 2668 1556 eisdem
2720 1495 3222 1571 circumstantiiS,
3258 1502 3318 1557 et
3365 1502 3515 1557 tunc

1953 1587 2328 1667 impossibile
2353 1593 2445 1648 est
2476 1592 2546 1646 ut
2568 1591 2944 1665 praeceptum
2972 1588 3332 1664 negativum
3363 1608 3511 1668 pro-

1952 1680 2173 1740 hibens
2200 1685 2406 1740 actum
2435 1697 2600 1738 nunc
2628 1679 2860 1756 obliget
2881 1685 2943 1739 et
2966 1685 3175 1757 postea
3206 1699 3331 1739 non
3362 1680 3514 1740 obli-

1950 1777 2055 1851 get
2095 1790 2111 1833 t
2155 1771 2257 1832 vel
2307 1771 2780 1832 circumstantiae
2832 1776 3008 1831 actus
3054 1777 3397 1845 mutantur,
3451 1778 3513 1832 et

1952 1869 2102 1924 tunc
2128 1864 2314 1924 etiam
2339 1882 2464 1924 non
2490 1864 2604 1923 erit
2633 1863 2880 1941 epiikia,
2914 1864 2989 1922 Et
3017 1863 3180 1923 idem
3206 1883 3344 1924 cum
3376 1882 3514 1942 pro-

1951 1957 2235 2034 portione
2281 1956 2400 2016 dici
2443 1955 2667 2033 poterit
2696 1955 2765 2014 in
2805 1955 3209 2015 affirmativis,
3241 1958 3511 2034 Respon-

1954 2048 2135 2107 detur
2154 2047 2437 2125 negando
2461 2047 2988 2126 consequentiam:
3018 2054 3161 2107 sunt
3183 2049 3349 2108 enim
3374 2049 3511 2108 duae

1951 2139 2314 2199 differentiae
2342 2139 2629 2198 notandae
2651 2140 2815 2198 inter
2835 2139 2940 2216 jus
2962 2138 3295 2216 positivum
3324 2146 3385 2199 et
3403 2158 3513 2200 na-

1950 2230 2174 2304 turale,
2233 2249 2369 2308 quae
2415 2232 2684 2290 maxime
2736 2229 3054 2289 declarant
3102 2230 3265 2289 hanc
3311 2236 3511 2290 mate-

1951 2325 2133 2384 riam.
2154 2323 2328 2382 Prior
2351 2329 2465 2398 est,
2484 2323 2646 2400 quod
2667 2324 2732 2382 in
2756 2322 2891 2399 lege
2913 2322 3196 2401 positiva,
3223 2329 3512 2383 manente

1951 2422 2082 2477 tota
2110 2415 2370 2475 materia
2398 2421 2571 2476 actus
2613 2433 2756 2474 cum
2783 2413 3072 2475 omnibus
3117 2416 3512 2476 circumstan-

1953 2508 2055 2568 tiis
2089 2507 2439 2567 intrinsecis
2487 2507 2643 2584 eju3,
2675 2512 2874 2585 potest
2910 2524 3020 2584 per
3063 2507 3513 2586 interpretatio-

1951 2618 2096 2661 nem
2136 2617 2380 2678 oequam
2429 2617 2661 2659 cessare
2712 2599 3030 2676 obligatio,
3085 2601 3370 2678 quamvis
3398 2618 3507 2660 ne-

1950 2710 2109 2752 cesse
2156 2692 2235 2751 sit
2282 2697 2352 2750 ut
2401 2691 2607 2769 aliqua
2658 2691 3118 2752 circumstantia
3172 2693 3513 2752 extrinseca

1951 2788 2250 2858 occurrat,
2271 2801 2410 2862 quae
2434 2787 2609 2860 cogat
2632 2783 2710 2843 ad
2730 2783 2917 2843 talem
2940 2783 3511 2862 interpretationem

1949 2873 2319 2949 faciendam,
2342 2880 2404 2934 et
2427 2874 2535 2934 illa
2562 2880 2653 2934 est
2678 2875 3092 2953 propriissima
3119 2876 3368 2952 epiikia.
3402 2878 3513 2935 Pa-

1951 2971 2040 3025 tet
2077 2968 2143 3025 in
2186 2965 2466 3044 exemplo
2517 2967 2832 3026 communi
2873 2966 2949 3026 de
2984 2967 3394 3044 prohibitione
3425 2969 3510 3028 se-

1948 3057 2130 3118 rendi
2155 3075 2330 3118 arma
2355 3062 2569 3133 noctu3
2601 3075 2748 3117 nam
2778 3057 2828 3117 si
2869 3058 2948 3117 sit
2976 3059 3225 3120 evidens
3252 3061 3509 3121 necessi·

1951 3154 2070 3222 taS,
2118 3155 2180 3209 et
2228 3150 2316 3209 ita
2360 3166 2610 3225 urgenS,
2643 3154 2714 3208 ut
2749 3167 2874 3209 non
2920 3151 3107 3227 possit
3134 3169 3171 3210 a
3212 3153 3510 3230 superiori

1951 3240 2203 3301 licentia
2245 3240 2584 3320 postulari,
2619 3241 2785 3317 juste
2840 3241 3319 3319 interpretamur
3363 3249 3511 3303 tunc

1950 3337 2326 3411 praeceptum
2345 3332 2471 3392 no‘n
2501 3332 2798 3410 obligare,
2821 3350 2950 3392 non
2977 3333 3122 3411 quia
3146 3351 3273 3392 non
3301 3334 3381 3392 sit
3402 3334 3508 3394 illa

1950 3425 2210 3485 materia
2240 3425 2383 3485 talis
2433 3425 2743 3503 praecepti,
2776 3424 2883 3485 sed
2925 3425 3072 3503 quia
3103 3425 3247 3486 licet
3294 3427 3372 3485 sit
3408 3444 3506 3486 ea-

1949 3514 2116 3590 dem,
2143 3516 2222 3576 ab
2242 3534 2314 3577 ea
2341 3521 2432 3576 est
2461 3515 2818 3595 separabilis
2846 3516 3104 3593 malitia,
3141 3518 3345 3579 ablata
3367 3537 3506 3598 pro-

1950 3606 2276 3684 hibitione,
2309 3614 2370 3669 et
2410 3614 2559 3669 tunc
2580 3626 2707 3669 non
2736 3615 2827 3670 est
2867 3611 3193 3671 verisimile
3216 3612 3506 3673 intentio-

1949 3717 2094 3759 nem
2127 3700 2492 3779 legislatoris
2533 3702 2611 3761 ad
2639 3701 2819 3761 illum
2872 3721 3080 3763 casum
3123 3704 3394 3764 extendi.
3426 3704 3506 3763 At

1947 3809 2095 3851 vero
2117 3792 2185 3852 in
2204 3792 2339 3870 lege
2361 3792 2627 3853 naturali
2654 3792 2789 3854 fieri
2814 3812 2937 3854 non
2966 3801 3163 3873 potest
3190 3801 3283 3871 ut,
3307 3801 3504 3856 stante

1947 3886 2192 3964 integra
2214 3889 2473 3947 materia
2495 3904 2637 3949 cum
2661 3888 2891 3947 eisdem
2910 3889 3387 3950 circumstantiis
3411 3892 3504 3950 in-

1945 3978 2248 4052 trinseciS,
2284 3984 2534 4056 propter
2562 3978 2719 4038 solas
2765 3981 3133 4040 extrinsecas
3160 3984 3505 4044 occasiones

1945 4069 2422 4147 interpretemur
2447 4068 2650 4146 legem
2672 4070 3102 4147 prohibentem
3122 4091 3249 4132 non
3270 4074 3504 4152 obliga-

1947 4180 2038 4235 re,
2080 4162 2227 4239 quia
2272 4159 2645 4237 impossibile
2691 4166 2784 4220 cst
2838 4180 2876 4221 a
2922 4162 3034 4222 tali
3079 4168 3339 4226 materia
3377 4169 3501 4227 suis

1947 4252 2292 4313 intrinsecis
2309 4251 2760 4313 conditionibus
2787 4253 3006 4313 affecta
3028 4258 3300 4333 separari
3325 4259 3502 4319 mali-

1947 4345 2121 4419 tiam,
2153 4350 2213 4406 et
2242 4349 2684 4422 consequenter
2710 4363 2825 4406 nec
2854 4346 3199 4408 naturalem
3227 4349 3502 4428 prohibi-

1946 4438 2203 4512 tionem,
2235 4436 2474 4498 etiamsi
2506 4439 2883 4498 extrinsecus
2929 4436 3070 4499 finis
3099 4440 3196 4500 vel
3240 4441 3502 4502 circum-

1944 4531 2184 4592 stantiae
2209 4530 2551 4592 varientur.
2585 4532 2711 4592 Hoc
2734 4532 3000 4593 declarat
3030 4534 3274 4612 egregie
3298 4552 3503 4595 exem-

1943 4623 2118 4702 plum
2163 4622 2239 4684 de
2268 4623 2614 4699 mendaciO,
2659 4623 2734 4684 de
2766 4643 2889 4702 quo
2923 4643 3199 4703 suppono
3239 4627 3329 4686 ita
3376 4645 3503 4687 esse

1944 4715 2275 4775 intrinsece
2304 4715 2559 4788 malum,
2593 4721 2662 4777 ut
2685 4723 2935 4796 propter
2973 4718 3206 4778 nullam
3236 4722 3503 4778 occasio-

1946 4825 2093 4867 nem
2123 4805 2223 4867 vel
2246 4809 2667 4868 necessitatem
2696 4809 3104 4870 extrinsecam
3134 4811 3319 4872 licere
3367 4829 3505 4888 pos-

1944 4899 2057 4973 sit,
2105 4898 2159 4958 si
2213 4904 2423 4959 manet
2473 4902 2897 4976 mendacium,
2940 4903 3122 4979 juxta
3164 4903 3502 4963 doctrinam

1943 4990 2276 5067 Augustini
2296 4991 2363 5050 in
2392 4991 2501 5051 lib.
2526 4992 2602 5053 de
2629 4993 2832 5052 Mend.
2867 5000 2928 5053 et
2956 5001 3166 5052 contra
3194 4994 3501 5068 mendac„

1944 5088 2007 5143 et
2038 5083 2105 5142 in
2134 5082 2312 5161 epist.
2348 5087 2382 5144 8
2426 5083 2506 5143 ad
2530 5085 2778 5144 Hieron.
2816 5090 2878 5144 et
2905 5084 3321 5162 sequentibus,
3367 5105 3504 5165 quae

1944 5174 2065 5234 fuit
2095 5176 2284 5235 etiam
2307 5174 2538 5249 Basilii,
2574 5181 2635 5235 et
2663 5175 2877 5252 regula
2902 5177 2978 5234 76
3007 5194 3082 5235 ex
3113 5176 3413 5252 Brevior.,
3444 5184 3506 5237 et

1946 5267 2308 5344 Hieronymi
2336 5265 2591 5344 Apolog.
2630 5274 2843 5326 contra
2891 5266 3085 5341 Buff„
3136 5274 3197 5327 et
3246 5269 3499 5348 Epistol.

1945 5360 2047 5432 65,
2082 5364 2144 5418 et
2187 5363 2276 5417 est
2303 5363 2547 5436 recepta
2574 5358 2652 5418 ab
2690 5358 2977 5419 omnibus
3021 5360 3321 5438 theologis
3358 5379 3504 5421 cum

1944 5451 2235 5529 Magistro
2262 5448 2329 5509 in
2353 5450 2414 5525 3,
2447 5448 2509 5510 d.
2538 5452 2637 5527 38,
2660 5457 2722 5514 et
2748 5451 2816 5513 D.
2845 5451 3085 5516 Thoma
3111 5455 3169 5514 2.
3195 5454 3256 5527 2,
3273 5470 3334 5530 q.
3362 5455 3503 5529 110,
