3976 6219
726 390 862 442 CAP.
898 392 1024 443 xvl.
1061 392 1205 454 QUAE
1235 389 1671 445 PROMULGATIO
1702 389 2086 443 NECESSARIA
2118 390 2214 441 SIT
2247 390 2329 443 An
2362 390 2749 454 PERFECTAM,
2786 392 2923 445 ETc.

211 507 358 569 gem
385 490 880 553 constituendam
917 500 978 553 et
1017 494 1366 572 requiratur
1397 500 1460 555 et
1491 493 1787 558 suffic-iat:

211 584 366 644 alias
388 601 715 663 nunquam
742 596 944 663 posset
981 585 1243 646 subditis
1271 592 1575 661 constare,
1601 604 1794 664 quan-

213 676 294 736 do
327 675 429 737 lex
457 677 537 735 sit
569 676 942 737 sufficienter
970 679 1402 739 constitutaita
1428 686 1498 738 ut
1518 678 1785 757 obliget:

215 786 393 846 ergo,
427 786 571 828 cum
605 768 722 829 hoc
749 788 876 831 non
901 770 981 830 sit
1017 787 1093 830 ex
1137 776 1360 851 natura
1385 771 1474 831 rei
1504 770 1793 838 determi-

217 868 465 937 natum,
501 867 744 941 oportet
779 880 889 942 per
927 861 1244 923 hominem
1295 868 1658 942 potestatem
1685 863 1797 923 ha-

219 956 478 1016 bentem
533 956 829 1016 constitui
863 972 885 1034 3
939 974 1088 1035 ergo
1135 957 1340 1035 quoad
1384 958 1549 1041 leges
1585 957 1797 1023 civiles

223 1049 500 1109 maxime
548 1048 612 1108 id
659 1048 795 1109 fieri
841 1043 1041 1131 potest
1080 1067 1190 1127 per
1227 1050 1332 1127 jus
1374 1050 1579 1125 civile,
1615 1051 1800 1129 juxta

224 1142 392 1220 quod
417 1140 556 1202 fieri
576 1141 800 1202 debent
819 1140 1174 1227 Ιιιιῇιιειιιοιιι
1190 1141 1378 1221 leges,
1406 1142 1504 1203 vel
1524 1162 1635 1222 per
1657 1160 1774 1221 con

226 1233 660 1310 suetudinem,
713 1252 852 1314 quae
908 1234 988 1294 ad
1030 1234 1234 1315 legem
1281 1234 1800 1297 introducendum

225 1326 479 1402 sufficit,
520 1332 590 1386 ιιι
617 1326 780 1388 infra
807 1327 1104 1402 dicemuS,
1147 1328 1245 1388 vel
1279 1346 1388 1410 per
1414 1328 1798 1389 voluntatem

228 1420 598 1499 legislatoris
615 1441 636 1503 3
679 1438 826 1481 nam
869 1420 1023 1481 sicut
1047 1426 1247 1501 potest
1271 1422 1476 1501 legem
1497 1420 1680 1497 ferre,
1710 1421 1800 1481 ita

227 1519 292 1575 et
327 1512 587 1574 modum
625 1513 760 1603 eJus
796 1513 1228 1590 determinare,
1287 1520 1360 1574 ut
1402 1513 1610 1574 statim
1636 1513 1800 1574 dice-

231 1624 396 1667 mus.

313 1699 374 1761 6.
401 1698 555 1773 Quot
583 1700 651 1759 in
672 1697 828 1771 loeis
835 1700 1172 1761 necessaria
1191 1698 1597 1779 promulgatio
1622 1696 1795 1777 lepis.

233 1826 316 1839 —
344 1792 531 1870 Leyes
555 1791 698 1851 alioe
723 1792 1089 1864 inferiorum
1119 1792 1628 1867 communitatum,
1663 1791 1805 1852 alioe

237 1884 870 1964 amplissimarum.—
885 1882 1328 1943 Declarandum
1358 1902 1505 1963 ergo
1530 1886 1806 1963 superest

235 1996 378 2057 quse
399 1981 564 2039 certa
588 1976 942 2037 solemnitas
963 1976 1471 2055 promulgationis
1489 1995 1658 2041 nunc
1680 1976 1807 2037 suf-

238 2070 412 2132 ficiat
439 2069 540 2130 vel
569 2068 912 2130 necessaria
953 2070 1033 2129 sit
1070 2088 1184 2147 pro
1215 2068 1456 2147 legibus
1501 2069 1804 2144 civilibus,

239 2172 302 2226 et
327 2182 452 2243 quo
473 2164 618 2242 jure
659 2164 739 2223 sit
769 2162 1202 2223 determinata.
1245 2164 1320 2221 Et
1357 2163 1426 2222 in
1455 2162 1809 2241 particulari

239 2257 398 2319 solet
440 2255 714 2317 dubitari
755 2274 837 2317 an
879 2254 1141 2317 sufficiat
1181 2255 1366 2315 unica
1399 2255 1812 2335 promulgatio

237 2349 304 2410 in
345 2348 518 2409 curia
553 2348 850 2429 principis
903 2346 1006 2407 vel
1041 2347 1110 2407 in
1131 2346 1452 2425 metropoli
1492 2347 1680 2407 totius
1718 2364 1815 2408 re-

239 2441 374 2520 gni,
405 2441 508 2501 vel
533 2440 742 2520 plures
768 2439 1192 2518 requirantur,
1215 2445 1276 2499 ει
1306 2444 1479 2517 quot.
1505 2439 1583 2500 Ut
1605 2446 1815 2500 autem

243 2534 319 2595 ad
363 2534 485 2594 hoc
528 2533 696 2593 clare
738 2532 1245 2610 respondeamus,
1290 2549 1492 2611 operae
1541 2533 1816 2611 pretium

245 2626 364 2687 erit
391 2625 774 2705 distinguere
803 2622 1074 2703 duplices
1117 2623 1308 2703 leges,
1353 2623 1644 2697 Quaedam
1672 2630 1819 2685 sunt

246 2718 614 2779 inferiorum
641 2717 1185 2791 communitatum,
1206 2735 1317 2777 seu
1339 2718 1545 2778 minus
1568 2720 1817 2779 univer-

249 2811 511 2887 salium3
553 2810 692 2871 aliae
719 2809 1244 2889 amplissimarum
1273 2808 1811 2871 communitatum.

251 2904 380 2965 Sub
418 2902 613 2983 priori
643 2902 925 2963 membro
957 2901 1567 2981 comprehenduntur
1609 2902 1816 2963 muni-

249 2996 482 3075 cipales
529 2996 696 3073 leges
735 2994 1056 3069 civitatum
1103 2994 1608 3075 particularium3
1665 2995 1816 3056 item

247 3090 422 3168 leges
459 3088 648 3150 unius
676 3088 1028 3168 provinciae,
1060 3086 1159 3149 vel
1202 3090 1391 3150 etiam
1422 3089 1608 3151 unius
1641 3088 1818 3170 parvi

246 3181 455 3261 regni,
499 3181 572 3240 in
596 3197 716 3260 quo
744 3199 868 3242 una
892 3187 1134 3241 tantum
1163 3187 1254 3242 est
1288 3181 1646 3264 principalis
1672 3181 1817 3244 civi-

249 3281 365 3350 tas,
401 3291 514 3334 seu
552 3274 931 3353 metropoliS,
963 3292 1101 3352 quse
1134 3279 1224 3334 est
1246 3274 1439 3335 veluti
1462 3281 1646 3354 caput
1677 3292 1818 3337 om—

255 3368 432 3427 nium
455 3365 724 3427 aliorum
745 3366 1134 3446 populorum.
1155 3366 1283 3428 Sub
1306 3367 1427 3428 alio
1455 3367 1651 3448 capite
1679 3385 1823 3428 con-

255 3460 537 3523 tinentur
548 3457 716 3538 leges
735 3477 871 3540 quae
889 3457 1175 3520 feruntur
1187 3477 1224 3518 a
1246 3477 1532 3540 supremo
1545 3459 1823 3539 principe

254 3552 528 3614 habente
581 3552 698 3613 sub
747 3569 812 3612 se
862 3551 1225 3612 latissimam
1275 3551 1597 3615 ditionem.
1651 3551 1823 3626 Quod

258 3644 592 3724 dupliciter
630 3643 955 3726 contingit,
1005 3663 1134 3705 uno
1167 3645 1352 3706 modo
1385 3645 1826 3725 perunionem

255 3737 536 3817 plurium
584 3736 1041 3817 provinciarum
1077 3737 1145 3797 in
1188 3756 1315 3799 uno
1359 3756 1576 3817 regno,
1623 3738 1713 3798 ita
1756 3742 1828 3800 ut

257 3829 522 3909 singulte
563 3830 898 3910 provinciae
938 3848 1051 3910 per
1092 3847 1156 3891 se
1205 3836 1577 3910 componant
1620 3831 1829 3910 aliquo

259 3923 448 3983 modo
461 3940 662 3983 unum
676 3940 918 4002 corpuS,
931 3928 994 3982 et
1010 3939 1395 4001 unaquaeque
1414 3923 1637 3984 habeat
1653 3940 1832 3984 suam

261 4016 582 4077 civitatem
599 4016 991 4096 praecipuam,
1005 4015 1253 4096 etquasi
1270 4015 1830 4094 metropolitanam,

261 4108 409 4169 licet
430 4127 509 4170 ex
535 4107 658 4168 illis
683 4109 972 4169 omnibus
992 4108 1324 4190 provinciis
1346 4125 1543 4169 unum
1568 4125 1835 4188 regnum

265 4201 594 4278 coalescat,
623 4200 786 4279 quod
827 4201 1046 4260 iisdem
1071 4199 1310 4278 legibus
1338 4199 1760 4279 gubernatum}
1774 4205 1846 4261 et-

266 4291 594 4354 moraliter
617 4298 707 4353 est
727 4293 906 4371 quasi
923 4311 1120 4354 unum
1141 4297 1202 4353 et
1219 4284 1331 4372 pe'r
1349 4310 1412 4354 se
1434 4291 1830 4354 indivisibile.

269 4385 533 4460 Quando
577 4391 788 4446 autem
817 4386 1148 4465 provinciae
1177 4385 1454 4464 ejusdem
1486 4386 1664 4464 regni
1697 4404 1838 4446 cen-

269 4479 394 4539 seri
423 4477 691 4538 debeant
721 4495 848 4538 esse
873 4478 964 4537 ita
999 4477 1320 4552 distinctae,
1351 4483 1412 4538 et
1450 4476 1678 4554 habere
1719 4477 1840 4538 dis-

267 4573 466 4631 tincta
499 4571 702 4650 capita
731 4571 1215 4652 provinciarum,
1241 4589 1319 4631 ex
1345 4589 1461 4633 usu
1485 4577 1547 4632 ει
1565 4569 1840 4650 moribus

269 4663 673 4744 populorum,
719 4671 781 4724 et
806 4671 1099 4726 consueto
1125 4663 1450 4743 regimine,
1483 4670 1546 4726 ει
1578 4663 1842 4728 aestima-

267 4758 448 4818 tione
468 4756 742 4833 illarum,
765 4757 1072 4817 credimus
1093 4775 1221 4818 esse
1239 4756 1689 4840 accipiendum.
1705 4757 1843 4818 Alio

273 4849 466 4910 modo
503 4849 808 4928 contingit
851 4837 1150 4910 ditionem
1195 4851 1438 4934 regiam
1478 4868 1606 4912 non
1644 4849 1846 4917 solum

275 4961 356 5004 ex
401 4941 619 5003 multis
659 4943 1016 5023 provinciis,
1047 4942 1153 5003 sed
1182 4943 1370 5003 etiam
1399 4961 1474 5004 ex
1511 4942 1722 5003 multis
1749 4961 1846 5004 re-

277 5037 422 5116 gnis
445 5041 750 5112 constare,
775 5054 919 5117 quae
947 5054 1074 5097 non
1101 5035 1334 5096 habent
1359 5035 1524 5096 inter
1551 5055 1616 5097 se
1647 5052 1848 5116 mora·

276 5130 409 5191 lem
438 5131 748 5191 unitatem
774 5147 885 5210 per
911 5146 998 5204 se,
1043 5128 1150 5188 sed
1190 5128 1391 5189 solum
1419 5147 1532 5209 per
1569 5128 1848 5190 accidens

276 5226 350 5286 in
377 5243 508 5284 una
526 5241 792 5330 persona
809 5222 1088 5302 ejusdem
1105 5221 1294 5300 regis,
1312 5221 1391 5282 ad
1411 5239 1597 5301 quem
1617 5219 1718 5282 vel
1741 5239 1852 5300 per

277 5318 756 5392 successionem,
798 5317 900 5377 vel
931 5315 1051 5376 alio
1079 5315 1262 5376 titulo
1290 5333 1401 5394 per
1439 5313 1720 5376 accidens
1747 5315 1854 5376 de-

277 5416 639 5474 venerunt:
675 5408 960 5490 exempla
1008 5407 1293 5468 omnium
1345 5408 1605 5469 istorum
1659 5423 1856 5472 mem-

276 5505 547 5566 brorum
572 5502 842 5566 inveniri
864 5507 1120 5582 possunt
1147 5501 1217 5561 in
1237 5501 1500 5581 imperio
1522 5499 1854 5580 Hispaniae,

3315 384 3439 447 239

1873 493 1941 552 in
1967 510 2092 573 quo
2125 492 2241 553 sub
2272 510 2398 553 uno
2423 492 2703 572 principe
2730 499 2875 558 sunt
2906 492 3307 572 pluranegna
3332 495 3455 555 ιω..

1870 591 1966 647 ιει·
1991 605 2055 648 se
2086 586 2577 660 distinctissima,
2588 604 2735 664 quae
2768 586 2967 653 aliam.
2987 586 3285 651 unionem
3307 606 3437 651 non

1871 678 2105 739 habent
2126 678 2245 739 nisi
2266 678 2331 739 iu
2358 696 2485 745 una
2501 696 2773 757 ‚persona
2790 680 2970 757 regis.
2986 680 3077 745 Ex
3098 679 3197 745 his
3224 687 3437 743 autem

1873 772 2083 851 regnis
2103 772 2387 853 quaedam
2411 776 2557 833 sunt
2582 771 2997 850 particularia,
3022 790 3289 851 quorum
3313 775 3442 835 sin-

1875 864 2027 943 gula
2058 882 2250 941 unam
2277 862 2509 925 habent
2537 862 3075 943 metropolitanam
3100 865 3465 943 civitatem,

1877 962 1950 1017 ut
1965 956 2210 1018 videtur
2238 975 2369 1019 esse
2389 956 2886 1035 Neapolitanum,
2900 975 3175 1037 ¹regnum
3208 960 3442 1039 Arago.

1878 1049 2023 1124 nioe,
2060 1049 2387 1124 Valenciae,
2432 1055 2577 1126 etc.;
2608 1049 2816 1128 aliqua
2842 1056 2986 1111 sunt
3014 1052 3337 1131 ampliora,
3370 1058 3448 1114 ut

1774 1175 1807 1221 ς
1881 1142 2155 1203 Castellae
2194 1160 2483 1221 regnum,
2532 1141 2697 1221 quod
2726 1142 3073 1220 provincias
3102 1144 3279 1205 valde
3316 1146 3443 1206 dis·

1878 1237 2100 1297 tinctas
2128 1240 2190 1297 et
2228 1235 2405 1313 quasi
2444 1234 2947 1313 metropoli-,tanae
2994 1237 3441 1316 complectitur,

1879 1334 1942 1391 et
1967 1328 2323 1408 hujusmodi
2344 1328 2533 1401 etiam
2568 1327 2813 1389 videtur
2848 1346 2977 1390 esse
3010 1348 3277 1409 regnum
3302 1332 3445 1394 Gal-

1878 1421 2004 1498 liae,
2037 1425 2101 1481 et
2126 1420 2457 1483 similia..

1961 1514 2019 1575 ’1.
2039 1514 2223 1593 Leyes
2239 1512 2474 1591 prioris
2492 1512 2725 1578 ordinis
2742 1518 2843 1583 ‚sat
2858 1514 3243 1594 promulgari
3264 1517 3448 1581 mica

1880 1606 2125 1669 solemni
2138 1605 2561 1683 publicatione.
2580 1636 2661 1650 —
2678 1605 2763 1664 De
2788 1603 3031 1682 legibus
3054 1624 3203 1685 ergo
3224 1609 3447 1687 prioris

1880 1696 2115 1759 ordinis
2137 1714 2350 1759 omnes
2376 1696 2751 1759 conveniunt
2774 1695 3152 1761 sufficienter
3172 1700 3449 1779 promul-

1883 1790 2021 1869 gari
2048 1790 2234 1851 unica
2254 1789 2517 1851 solemni
2532 1789 2953 1869 publicatione
2970 1790 3133 1856 facta
3152 1793 3217 1852 in
3248 1794 3445 1871 curia,

1883 1883 1984 1945 vel
2024 1884 2334 1963 praecipua
2377 1883 2649 1960 civitate,
2691 1883 2791 1945 vel
2824 1883 2891 1955 in
2926 1882 3063 1945 loco
3110 1886 3451 1948 secundum

1887 1993 2125 2037 morem
2164 1976 2379 2055 patriae
2412 1982 2738 2046 consueto:
2784 1976 2943 2037 ratio
2986 1982 3101 2051 est,
3150 1979 3299 2057 quia
3342 1979 3454 2041 illa

1889 2069 2113 2131 sufficit
2158 2074 2229 2135 ut
2264 2069 2365 2134 lex
2410 2068 2649 2129 dicatur
2690 2068 2936 2147 publice
2980 2088 3055 2131 ac
3096 2070 3455 2136 solemniter

1889 2162 2080 2237 edita,
2127 2166 2189 2223 ει
2219 2166 2289 2221 ιιι
2320 2160 2635 2223 moraliter
2660 2161 2865 2223 valeat
2902 2180 3011 2241 per
3036 2169 3235 2224 totum
3264 2166 3455 2227 terri-

1890 2256 2147 2329 torium,
2190 2272 2299 2315 seu
2326 2253 2674 2315 districtum
2714 2254 3024 2333 evulgari3
3059 2273 3207 2334 ergo
3239 2275 3317 2317 ex
3343 2275 3455 2317 na-

1894 2352 2037 2407 tura
2065 2347 2157 2407 rei
2182 2363 2307 2409 non
2336 2351 2537 2426 potest
2580 2363 2723 2407 cum
2768 2346 3174 2409 fundamento
3220 2348 3456 2428 aliqiiid

1895 2438 2161 2519 amplius
2207 2437 2507 2517 postulari
2541 2453 2559 2497 ε
2614 2456 2731 2499 nec
2776 2440 2963 2499 etiam
3006 2440 3149 2517 jure
3192 2443 3457 2520 positivo

1895 2532 2066 2593 aliud
2084 2531 2531 2610 praescriptum
2526 2530 2869 2594 invenitur·
2852 2576 2873 2607 ,
2894 2548 3045 2609 ergo
3068 2531 3187 2595 hoc
3206 2533 3454 2595 sufficit.

1896 2624 1973 2685 Et
1995 2623 2422 2698 confirmatur,
2454 2622 2615 2701 quia
2636 2622 2789 2695 alias
2800 2625 3166 2702 oporteret*
3142 2644 3217 2693 ,ιιι
3244 2626 3461 2703 singu-

1892 2716 1969 2777 lis
1996 2715 2345 2777 civitatibus
2374 2715 2471 2775 vel
2508 2714 2751 2794 populis
2790 2717 3200 2795 promulgari,
3226 2718 3401 2797 quia
3393 2719 3464 2781 si

1894 2827 2022 2869 una
2040 2807 2458 2889 promulgatio
2482 2825 2609 2867 non
2636 2808 2901 2874 sufficit'
2884 2826 2949 2867 ιιι
2974 2812 3197 2889 capite,
3218 2828 3349 2877 non.
3364 2816 3465 2875 ,εει

1895 2902 2095 2979 major
2123 2900 2280 2961 ratio
2312 2918 2421 2961 cur
2456 2900 2783 2979 exigatur
2764 2920 2832 2964 ιιι
2866 2902 3234 2980 quibusdam
3272 2921 3463 2982 quam

1896 2993 1964 3053 in
2007 2992 2295 3053 omnibus
2334 2991 2473 3052 aliis
2510 2992 2775 3071 populis.
2820 2992 3207 3074 Consequens
3251 3001 3465 3058 autem

1896 3091 1988 3147 est
2007 3084 2193 3165 plane
2226 3084 2478 3162 falsum,
2508 3090 2580 3144 ut
2596 3089 2854 3162 constat,
2887 3097 3025 3157 tum
3048 3104 3125 3151 ex
3152 3105 3295 3164 usu,
3324 3093 3465 3150 tum

1895 3181 2044 3260 quia
2070 3179 2171 3247 lex
2198 3196 2312 3258 per
2343 3196 2407 3243 se
2434 3178 2685 3258 respicit
2710 3183 3217 3253 communitatem
3244 3199 3261 3246 ι
3290 3187 3357 3246 ει,
3376 3181 3473 3246 ita.

1899 3272 2047 3334 satis
2078 3277 2171 3333 est
2196 3270 2362 3350 quod
2388 3271 2502 3352 toti
2534 3272 2984 3350 εοιιιιιιιιιιιιιιιι,
3002 3272 3198 3344 semel
3212 3274 3471 3354 publice

1899 3368 2301 3445 proponatur.
2344 3363 2435 3422 Ex
2464 3381 2589 3442 qua
2627 3364 2867 3442 ratione
2893 3364 3477 3446 dicebamusffiupra·

1901 3477 2030 3519 non
2072 3456 2303 3538 requiri
2338 3455 2651 3536 privatam
2687 3457 3151 3532 intimationem
3182 3465 3467 3539 respectu

1903 3567 2333 3631 personarum,
2375 3547 2476 3610 vel
2507 3547 2925 3627 familiarum3
2942 3613 2949 3620 ,
2968 3551 3187 3622 eadem
3213 3552 3343 3620 fere
3370 3571 3469 3616 os-

1904 3643 2078 3704 tendi
2122 3648 2321 3724 potest
2364 3659 2493 3702 non
2547 3658 2675 3704 esse
2728 3644 3141 3707 necessariam
3188 3651 3471 3726 respectu

1905 3735 2290 3816 singulorum
2316 3732 2689 3814 populqrutn
2706 3736 2891 3812 unius
2915 3736 3173 3814 privata}
3182 3739 3468 3815 ditionis,

1910 3832 2039 3893 sive
2061 3830 2347 3906 civitatis,
2364 3829 2492 3892 sive
2514 3830 2845 3908 provinciae
2858 3831 3247 3909 particularis
3264 3835 3469 3912 regni.

1914 3925 2055 3986 Haec
2082 3928 2292 3998 autem
2321 3921 2691 4000 intelligitur
2716 3939 2826 4000 per
2850 3939 2941 3998 βθ,
2976 3929 3041 3994 ει
3054 3925 3185 3993 ,nisi
3218 3927 3287 3988 in
3313 3928 3475 4006 ipsa·

1913 4022 2043 4076 met
2080 4014 2219 4098 lege
2248 4013 2417 4086 aliud
2442 4012 2875 4096 praffscribatur
2910 4035 2926 4072 ε
2976 4033 3129 4087 nam
3156 4017 3476 4084 interdum

1914 4107 1979 4168 id
2008 4106 2233 4187 poterit
2277 4105 2699 4184 expedirehet
2738 4122 2875 4182 non,
2906 4112 3013 4178 est,
3031 4107 3293 4180 dubium
3318 4110 3479 4188 quin

1913 4199 2051 4261 fieri
2086 4199 2278 4279 possit
2312 4202 2601 4280 et‚.÷²›³t³99.
2616 4197 2747 4278 fiat,
2785 4202 2857 4259 ut
2872 4261 2879 4270 ,
2896 4215 2971 4259 ex
3015 4199 3289 4263 dicendis
3332 4219 3481 4264 con-

1917 4292 2125 4370 stabit,
2142 4297 2273 4352 tam
2299 4291 2369 4352 in
2394 4292 2683 4372 praesenti
2710 4308 2899 4372 quam
2934 4291 3003 4353 in
3028 4291 3269 4372 legibus
3296 4311 3475 4356 cano-

1915 4387 2093 4448 niCiS.
3058 4433 3151 4458 .....
3308 4429 3359 4456 ι.)

2000 4479 2060 4539 8.
2084 4478 2305 4540 Pri-ma
2328 4476 2563 4556 opinio
2546 4477 2615 4540 de
2626 4441 2879 4556 las-vibus
2888 4480 3127 4554 secuml
3140 4481 3397 4550 ordinis.
3398 4512 3483 4530 ·-

1917 4572 2006 4632 De
2032 4569 2270 4648 legibus
2309 4575 2519 4631 autem
2558 4571 2813 4643 secundi
2854 4572 3085 4632 ordinis
3121 4578 3266 4642 sunt
3282 4575 3485 4644 variae

1920 4663 2262 4741 opiniones
2310 4663 2519 4724 Prima
2554 4663 2865 4725 affirmat
2848 4683 2917 4724 in
2956 4664 3079 4725 illis
3112 4664 3353 4744 legibus
3380 4685 3489 4728 ne-

1921 4756 2211 4818 cessarias
2234 4774 2363 4818 esse
2390 4755 2595 4835 plures
2614 4757 3161 4836 promulgationes,
3177 4779 3317 4838 quas
3332 4760 3489 4820 fiant

1924 4850 1990 4911 in
2020 4849 2321 4928 capitibus
2358 4867 2717 4932 regnorum,
2762 4850 2863 4914 vel
2896 4853 3381 4932 provinciarum,
3426 4858 3491 4914 et

1924 4944 2152 5004 factam
2174 4945 2242 5005 in
2266 4962 2637 5024 unaquaque
2661 4945 2993 5024 metropoli
3020 4946 3221 5006 solum
3242 4965 3353 5024 pro
3377 4963 3491 5009 sua

1925 5035 2247 5115 provincia
2288 5036 2605 5115 sufficere3
2645 5036 2745 5098 vel
2770 5037 2823 5098 si
2854 5037 2965 5098 fiat
2988 5039 3058 5098 in
3096 5039 3273 5105 curia
3302 5041 3486 5118 regis,

1929 5126 2130 5190 solum
2178 5128 2457 5190 sufficere
2498 5147 2611 5210 pro
2666 5129 2775 5190 illa
2818 5130 3137 5209 pmvincja
3180 5131 3355 5211 cnjus
3386 5138 3497 5194 «εει

1931 5225 2135 5300 caput,
2178 5221 2277 5282 vel
2311 5221 2379 5281 in
2420 5239 2545 5300 qua
2587 5222 2815 5282 existit.
2853 5224 2945 5282 lta
2977 5228 3151 5285 tenet
3190 5225 3403 5288 Glossa
3426 5227 3497 5289 in

1933 5312 2293 5375 authentica
2315 5313 2397 5374 Ut
2426 5313 2608 5376 factae
2635 5332 2811 5375 novae
2836 5317 3152 5378 constitut.
3191 5319 3395 5381 collat.
3430 5323 3492 5396 5,

1932 5406 2107 5469 verb.
2140 5407 2513 5486 Hujus-modi
2540 5409 2659 5484 les,
2680 5412 2743 5470 et
2770 5411 3049 5490 sequitur
3074 5411 3165 5473 ibi
3190 5413 3495 5491 Bai-tolus,

1937 5504 2002 5562 ει
2026 5499 2249 5563 Baldus
2274 5500 2342 5560 ιιι
2368 5498 2506 5580 lege
2545 5501 2731 5583 Leyee
2756 5504 3214 5580 sacratissimoe,
3252 5522 3389 5587 cap.
3420 5507 3501 5570 de
