3976 6219
784 393 918 447 CAP.
948 391 1080 446 XIX.
1113 390 1330 446 mmm
1359 389 1742 447 AcOEPTATlo
1774 389 1997 446 Porum
2028 390 2126 445 sn·
2157 391 2536 447 NECESSARIA
2568 391 2632 446 IN
2663 391 2843 457 LEGE,
2877 391 3015 447 ΕΤΕ-

299 500 353 562 si
381 496 564 560 sciret
587 495 812 573 legem.
845 493 1051 553 Potest
1076 496 1285 552 autem
1334 489 1435 551 lex
1464 489 1739 570 ignorari
1764 490 1862 550 in-

297 589 692 662 vincibiliter,
721 592 793 646 ut
819 602 1098 664 suppono
1126 603 1203 643 ex
1232 587 1261 644 1
1278 629 1292 643 .
1324 586 1386 658 2,
1419 602 1480 662 q.
1516 585 1617 659 76,
1644 588 1706 644 81
1737 582 1859 643 1818

297 689 519 745 1188181
543 682 751 742 Castro
776 679 888 739 lib.
924 682 952 739 1
987 677 1064 737 (18
1085 678 1229 754 Leg.
1262 676 1516 756 poenal.,
1548 694 1601 736 8.
1637 679 1665 736 1
1701 681 1764 737 81
1796 675 1856 749 3,

298 783 361 839 et
387 775 678 849 Cordub.,
702 772 813 833 lib.
836 773 898 846 2,
929 776 1142 850 quaest.
1176 772 1235 829 4.
1262 769 1519 842 Quando
1550 786 1698 829 vero
1721 768 1861 829 talis

297 869 375 929 sit
402 866 732 947 judicanda
748 863 1100 942 ignorantia
1120 862 1188 922 in
1211 862 1344 922 foro
1366 860 1750 922 conscientiae
1753 904 1774 934 ,
1792 859 1860 919 18

297 961 459 1021 (11818
492 964 548 1021 1.
579 961 641 1033 2,
673 953 888 1037 quaest.
919 957 960 1016 6
987 962 1050 1015 et
1092 958 1169 1016 76
1194 954 1431 1017 (1181818
1457 959 1567 1015 aet.
1601 953 1860 1027 Quando

295 1053 447 1114 item
478 1055 891 1131 praesumatur
928 1047 1071 1109 talis
1100 1048 1166 1108 in
1196 1047 1330 1109 foro
1374 1052 1653 1121 externo,
1699 1052 1859 1106 trac-

295 1149 435 1206 tant
454 1143 795 1205 Panormit.
811 1146 875 1202 et
886 1140 1078 1201 Felin.
1103 1140 1170 1200 in
1189 1139 1251 1201 d.
1268 1158 1399 1219 cap.
1413 1142 1453 1200 2
1475 1140 1553 1202 de
1572 1137 1855 1212 Constit.,

298 1238 560 1316 Sylvest.
590 1235 763 1296 verb.
795 1234 942 1309 Lea,
965 1238 1181 1312 quaest.
1208 1235 1264 1294 7.
1289 1232 1491 1293 Posita
1508 1249 1657 1310 ergo
1680 1231 1858 1309 igno-

297 1330 502 1390 rantia
524 1375 540 1399 ,
598 1346 813 1390 omnes
868 1334 1228 1405 supponunt
1286 1326 1679 1403 ignorantem
1734 1341 1860 1384 non

299 1441 483 1501 agere
524 1429 739 1483 contra
768 1422 998 1498 legem,
1021 1419 1167 1479 licet
1199 1417 1370 1479 illam
1399 1435 1525 1478 non
1552 1417 1858 1493 observet,

300 1515 387 1575 ita
413 1519 485 1574 ut
505 1516 584 1574 sit
605 1515 899 1574 dicendus
920 1513 1053 1590 ejus
1078 1516 1514 1590 transgressor,
1555 1509 1655 1570 vel
1683 1515 1750 1569 ut
1773 1514 1863 1568 ta-

298 1608 375 1668 lis
404 1607 774 1687 puniendus,

383 1703 482 1760 11.
532 1699 862 1763 Concordia
903 1698 1201 1759 dictarmn
1233 1696 1696 1775 0111πί08818.-
1736 1695 1861 1757 Lem

302 1794 528 1872 obliyat
572 1794 917 1871 iynorantcs
961 1791 1154 1869 quoad
1201 1786 1638 1865 sufficientiam
1661 1831 1683 1863 ,
1742 1805 1862 1849 non

299 1886 495 1965 quoad
516 1880 1257 1962 efficaciam.—-Dubitant
1276 1897 1421 1940 vero
1439 1897 1520 1938 an
1541 1878 1679 1957 lege
1706 1878 1861 1938 obli-

297 1982 478 2054 getur
514 1992 531 2036 1
575 1993 725 2036 8818
765 1976 1022 2055 quidam
1081 1974 1260 2034 aiunt
1307 1978 1456 2032 tunc
1494 1971 1699 2050 legem
1732 1990 1860 2032 non

296 2069 570 2144 obligare
598 2068 959 2145 ignorantes
974 2090 992 2142 ;
1024 2068 1263 2142 Innoc.,
1290 2066 1622 2127 Panormit.
1661 2065 1856 2140 Felin,

296 2165 358 2222 et
378 2159 486 2219 alii
515 2178 651 2238 cap.
681 2162 719 2219 2
739 2161 814 2220 de
843 2161 1075 2234 Const.,
1103 2160 1275 2220 Bald.
1312 2160 1379 2218 in
1405 2157 1515 2219 lib.
1543 2159 1725 2238 Lcycs
1764 2176 1861 2221 sa-

297 2254 677 2327 cratissimoe,
702 2254 765 2314 C.
801 2254 877 2313 de
904 2253 1157 2331 Legib.;
1185 2252 1394 2314 Glossa
1425 2253 1492 2312 18
1536 2271 1670 2331 cap.
1699 2255 1738 2313 2
1785 2252 1861 2313 de

298 2346 501 2407 Rebus
516 2346 833 2407 Eecclesioe
844 2364 971 2405 non
991 2344 1301 2406 alienand.
1312 2391 1332 2421 ,
1345 2345 1412 2420 in
1430 2347 1491 2420 6,
1504 2344 1676 2405 verb.
1692 2345 1771 2404 H
1763 2362 1862 2407 ac-

302 2445 495 2510 tcnas;
521 2445 582 2500 et
602 2438 808 2516 Glossa
835 2439 1023 2499 etiam
1043 2438 1110 2497 in
1148 2437 1293 2497 data
1322 2437 1368 2496 1.
1397 2438 1471 2512 63
1494 2436 1679 2497 sentit
1695 2436 1861 2497 idem

303 2531 492 2609 Cajet.
529 2537 739 2610 quaest.
770 2533 871 2606 90,
901 2549 957 2591 a.
983 2532 1044 2605 4,
1069 2536 1130 2591 81
1150 2529 1358 2589 Castro
1386 2546 1588 2608 supra.
1614 2527 1861 2589 Funda-

302 2629 407 2684 181
428 2623 529 2683 1118
561 2623 851 2702 loquendi
879 2623 1120 2696 modus,
1151 2621 1298 2700 quia
1325 2626 1395 2681 111
1439 2638 1621 2681 causa
1648 2636 1861 2699 opere-

297 2719 420 2791 tur,
453 2714 634 2776 debet
663 2734 791 2776 esse
822 2733 948 2775 non
985 2714 1184 2774 solum
1209 2714 1277 2773 iu
1309 2731 1374 2774 se
1401 2712 1727 2786 8811181888,
1753 2711 1860 2773 88(1

298 2809 488 2869 etiam
521 2810 666 2869 satis
701 2809 1041 2888 applicata3
1075 2808 1178 2868 188
1218 2812 1429 2867 881818
1456 2811 1549 2866 881
1574 2804 1860 2885 quaedam

296 2920 481 2964 causa
498 2921 638 2982 quae
657 2903 1002 2982 applicatur
1025 2920 1133 2980 per
1154 2900 1437 2960 notitiam
1444 2921 1461 2974 3
1475 2917 1622 2977 ergo
1644 2916 1862 2978 quam-

299 2995 407 3055 diu
446 2996 774 3072 ignoratur
801 2992 1260 3066 invincibiliter,
1290 3010 1419 3051 non
1437 2991 1676 3051 inducit
1706 2990 1862 3051 obli-

299 3087 639 3166 gationem.
673 3087 988 3147 Contrario
1025 3085 1209 3146 modo
1236 3084 1577 3163 loquuntur
1603 3084 1747 3144 Soto
1793 3101 1857 3162 q.

302 3183 364 3254 1,
394 3199 529 3260 cap.
565 3182 627 3255 4,
653 3180 761 3240 lib.
801 3183 860 3255 1,
891 3185 953 3240 81
974 3179 1202 3239 Medin.
1234 3183 1446 3256 quaest.
1479 3179 1584 3252 90,
1631 3182 1746 3238 art.
1794 3177 1856 3252 4,

295 3273 404 3332 ubi
427 3273 593 3334 favet
619 3274 688 3332 D.
714 3272 934 3333 Thom.
964 3271 1044 3331 ad
1068 3273 1127 3331 2.
1156 3271 1496 3345 Fundatur,
1515 3270 1661 3347 quia
1682 3269 1860 3347 igno-

295 3384 439 3427 rans
493 3366 773 3426 excusari
817 3365 1041 3425 dicitur
1075 3382 1114 3423 a
1152 3363 1367 3442 culpa3
1405 3363 1712 3423 excusatio
1749 3381 1858 3423 au-

294 3463 420 3518 tem
473 3457 766 3536 supponit
817 3456 1259 3534 obligationem
1305 3476 1319 3514 :
1367 3472 1516 3515 nam
1566 3455 1675 3533 qui
1727 3472 1856 3516 non

293 3550 602 3628 obligatur
628 3550 788 3628 lege,
812 3567 939 3609 non
968 3548 1195 3608 dicitur
1217 3548 1515 3622 excusari,
1541 3552 1612 3607 ut
1633 3546 1849 3623 181888,

289 3642 461 3703 verbi
491 3643 714 3720 gratia,
747 3660 873 3702 808
901 3641 1124 3701 (1181181
1150 3639 1431 3700 88888811
1454 3657 1493 3698 8
1518 3639 1851 3700 recitandis

287 3734 454 3795 110118
478 3734 810 3809 8118081818,
827 3734 932 3795 88(1
958 3733 1211 3793 0188180
1227 3749 1355 3791 808
1377 3731 1595 3792 188811.
1612 3732 1851 3793 Dissen-

287 3830 376 3888 sio
403 3833 637 3903 881818,
666 3833 737 3888 81
762 3827 913 3902 dixi,
950 3831 1043 3887 est
1080 3827 1156 3887 de
1184 3825 1369 3886 modo
1412 3824 1724 3903 loquendi.
1773 3826 1849 3885 Et

285 3922 609 3983 concordia
636 3940 764 3982 esse
793 3926 1012 4001 potest,
1054 3920 1282 3998 legem,
1316 3922 1621 3997 quantum
1652 3923 1743 3978 est
1769 3935 1846 3979 ex

283 4033 371 4091 88,
404 4014 679 4093 obligare
707 4015 894 4075 etiam
918 4014 1299 4092 ignorantes,
1328 4011 1382 4071 si
1409 4009 1680 4070 habeant
1710 4028 1845 4070 om-

281 4110 388 4170 nia
414 4109 537 4170 alia
562 4109 900 4188 requisita3
937 4125 1075 4186 quse
1099 4110 1295 4185 potest
1316 4104 1441 4164 dici
1460 4103 1753 4181 obligatio
1776 4105 1844 4164 18

280 4208 421 4264 8818
448 4204 670 4282 primo,
700 4220 839 4281 quae
866 4200 1014 4260 satis
1049 4203 1142 4260 est
1175 4198 1256 4259 ad
1294 4196 1612 4276 propriam
1653 4215 1842 4257 88811-

278 4289 600 4371 sation'em,
627 4301 691 4356 81
717 4295 805 4355 118
826 4292 1175 4355 excluditur
1214 4288 1565 4368 exemplum
1606 4288 1840 4349 adduc·

276 4393 438 4463 tum,
469 4406 617 4449 nam
661 4387 763 4448 lex
811 4386 889 4447 de
932 4384 1264 4447 recitandis
1312 4382 1480 4443 horis
1527 4382 1840 4443 canonicis

275 4481 464 4543 etiam
491 4482 569 4542 de
595 4498 659 4541 se
685 4498 812 4540 808
845 4477 1079 4556 obligat
1122 4477 1328 4537 181808.
1383 4476 1453 4535 Ι8
1498 4480 1641 4536 actu
1688 4492 1835 4535 vero

273 4574 563 4648 secundo,
595 4591 811 4633 revera
832 4590 958 4633 non
986 4575 1228 4632 exercet
1252 4569 1351 4630 lex
1389 4567 1832 4645 obligationem

270 4667 433 4727 eirca
460 4667 818 4745 ignorantes
856 4681 934 4725 ex
978 4663 1219 4724 defectu
1265 4661 1717 4740 applicationiS,
1770 4667 1834 4722 et

266 4758 385 4819 hoc
421 4759 640 4838 probat
671 4758 830 4819 ratio
880 4757 1130 4817 alterius
1156 4754 1475 4815 8881881188
1503 4769 1519 4813 :
1551 4754 1676 4814 imo
1714 4753 1831 4815 hoc

267 4852 473 4931 ipsum
501 4857 593 4912 est
620 4851 784 4930 quod
806 4850 1059 4912 nomine
1082 4846 1492 4909 excusationis
1524 4846 1830 4925 significa·

264 4950 389 5004 tur.
424 4944 611 5004 Recte
638 4961 786 5021 ergo
823 4942 944 5003 dici
979 4945 1177 5020 potest
1202 4940 1304 5001 lex
1343 4938 1619 5017 obligare
1651 4940 1829 5018 igno-

260 5042 473 5098 rantes
488 5036 691 5116 quoad
705 5034 1155 5109 sufficientiam,
1176 5050 1304 5094 808
1317 5050 1462 5093 vero
1485 5032 1685 5113 quoad
1700 5032 1831 5092 effi-

261 5130 513 5190 caciam.
528 5129 702 5202 Quod
721 5126 1088 5207 significavit
1109 5124 1744 5205 Sylvest.verb.Lech.
1760 5126 1821 5201 8,

261 5226 323 5282 et
349 5221 573 5300 Angel.
596 5240 664 5282 8.
708 5222 786 5281 12
817 5224 880 5280 et
908 5220 1020 5294 143
1051 5222 1114 5280 et
1152 5218 1220 5278 in
1259 5235 1327 5278 18
1362 5218 1520 5278 forte
1557 5216 1665 5277 alii
1697 5235 1827 5278 808

259 5315 650 5375 (11888811881.
671 5314 841 5388 Quod
863 5330 1010 5375 vero
1037 5310 1297 5392 speciale
1321 5310 1388 5370 in
1412 5308 1531 5370 hoc
1554 5308 1828 5371 habeant

3381 387 3503 452 249

2500 582 2749 644 CAPUT
2792 583 2948 644 XIX.

1944 784 2144 830 U'rmm
2163 783 2522 830 AGGEPTATIO
2549 784 2743 831 Pomm
2770 786 2858 831 SIT
2885 785 3246 833 NncnssAmA
3270 789 3334 834 IN
3355 789 3506 836 LEGE

2025 877 2194 923 clvlm
2220 877 2297 922 UT
2323 878 2624 924 PERFBCTE
2664 878 3100 927 CONSTITUATUR
3129 881 3207 927 m·
3246 882 3361 927 vm
3389 883 3508 929 HA-

2025 969 2183 1016 BEAT
2209 969 2533 1016 OBLIGANDI.

2028 1142 2088 1200 1.
2132 1140 2355 1202 Prima
2384 1140 2607 1219 opinio,
2636 1158 2754 1204 non
2783 1142 3053 1222 obliyare
3081 1142 3264 1224 Zeqem
3303 1145 3361 1207 si
3395 1164 3513 1209 non

1946 1238 2276 1312 acceptetur
2300 1250 2339 1295 a
2359 1234 2599 1312 populo.
2627 1254 2717 1278 ·—
2769 1235 3004 1315 Estque
3045 1239 3370 1301 communis
3402 1240 3513 1318 ju-

1942 1325 2263 1387 ristarum.
2295 1357 2377 1372 —
2416 1327 2559 1386 Haec
2586 1344 2716 1389 esse
2754 1332 2955 1405 potest
2981 1326 3204 1388 ultima
3241 1329 3511 1392 conditio

1942 1417 2021 1478 ad
2046 1416 2320 1478 valorem
2348 1424 2411 1478 et
2453 1419 2795 1495 efficaciam
2830 1419 2982 1499 lcqis
3017 1421 3296 1483 humanoe
3321 1440 3512 1485 ncces-

1941 1510 2137 1572 3aria.
2184 1511 2260 1569 Et
2305 1511 2465 1571 circa
2513 1510 2688 1571 illam
2733 1511 2921 1572 variae
2966 1518 3113 1573 sunt
3161 1513 3507 1592 opiniones.

1941 1596 2146 1662 Prima
2170 1602 2318 1662 dicit
2343 1602 2546 1681 legem
2560 1602 2810 1664 civilem
2835 1622 2963 1665 non
2977 1605 3254 1683 obligare
3277 1607 3330 1666 si
3348 1625 3385 1667 a
3404 1625 3512 1686 po-

1941 1693 2088 1773 pulo
2107 1712 2234 1756 non
2253 1699 2625 1774 acceptetur,
2652 1714 2723 1756 88
2741 1695 3001 1758 subinde
3020 1698 3511 1777 acceptationem

1941 1786 2153 1866 populi
2181 1805 2309 1847 esse
2336 1788 2768 1866 necessariam,
2803 1794 2876 1849 ut
2909 1788 3011 1852 lex
3032 1791 3258 1852 habeat
3277 1797 3510 1853 statum

1942 1887 2004 1939 et
2032 1880 2366 1940 efficaciam
2388 1881 2562 1958 legis».
2588 1883 2729 1943 Haec
2748 1883 2994 1944 videtur
3013 1902 3139 1945 esse
3164 1886 3511 1946 8018188818

1943 1972 2153 2051 opinio
2179 1972 2546 2050 jur-istarum
2572 1973 2640 2033 in
2667 1993 2780 2054 cap
2815 1980 2843 2037 1
2890 1976 2967 2036 (18
2994 1978 3217 2055 Treug.
3250 1984 3314 2038 et
3338 1997 3505 2057 pac„

1943 2063 2055 2123 ubi
2087 2064 2282 2125 Felin.
2332 2065 2539 2146 plures
2576 2066 2788 2143 refert,
2839 2074 2900 2129 et
2950 2071 3219 2131 maxime
3259 2071 3510 2133 videtur

1944 2173 2124 2216 suam
2161 2162 2432 2218 mentem
2472 2158 2590 2219 hoc
2634 2160 2818 2220 modo
2859 2160 3168 2222 declarare
3209 2162 3278 2222 in
3304 2181 3370 2223 n.
3404 2166 3505 2240 12;

1943 2248 2112 2308 Idem
2144 2249 2387 2311 Domin.
2448 2251 2516 2311 in
2543 2251 2580 2331 ξ
2615 2252 2822 2330 Myos,
2848 2252 2909 2313 d.
2944 2254 2984 2312 4
3003 2268 3024 2330 3
3061 2253 3301 2327 Covar.‚
3331 2254 3442 2315 lib.
3471 2257 3503 2315 1

1942 2341 2211 2418 variar„
2238 2361 2371 2423 cap.
2407 2345 2506 2419 16,
2543 2363 2607 2405 8.
2640 2346 2681 2405 6
2735 2344 2843 2404 ubi
2874 2343 3084 2424 plures
3112 2346 3299 2406 etiam
3327 2347 3474 2407 citat
3484 2364 3507 2426 ;

1941 2439 2005 2493 et
2031 2434 2179 2495 Nav.
2213 2435 2280 2494 in
2309 2436 2511 2510 Sum„
2545 2454 2680 2516 cap.
2712 2438 2814 2511 23,
2845 2456 2911 2496 8.
2948 2440 3018 2497 41
3045 2481 3068 2513 ,
3113 2443 3175 2499 81
3217 2438 3442 2500 Consil.
3472 2444 3503 2500 1

1941 2526 2018 2586 de
2047 2527 2275 2602 Const.,
2321 2548 2383 2607 q.
2431 2530 2490 2589 5.
2537 2529 2706 2590 Idem
2733 2530 2921 2590 sentit
2946 2532 3155 2591 Jason.
3182 2531 3251 2592 in
3282 2531 3327 2590 l.
3361 2533 3509 2595 Rem

1939 2636 2057 2680 non
2078 2637 2312 2696 novam,
2344 2620 2380 2700 ξ
2410 2622 2696 2699 Patroni,
2722 2641 2778 2686 8.
2812 2623 2888 2683 (18
2915 2623 3116 2683 .111(118.
3140 2624 3249 2684 11111
3272 2624 3504 2702 Glossa,

1938 2711 2111 2773 verb.
2139 2713 2378 2787 Pactis,
2402 2714 2570 2774 idem
2592 2715 2849 2789 indicat,
2877 2714 3023 2776 licet
3045 2718 3243 2795 magis
3263 2718 3338 2778 (18
3362 2737 3507 2778 808-

1940 2806 2266 2867 suetudine
2283 2806 2456 2886 loqui
2474 2807 2778 2868 videatur.
2808 2809 2900 2868 Ex
2937 2808 3126 2870 theol.
3149 2815 3320 2870 tenet
3340 2811 3508 2872 idem

1941 2897 2137 2976 Major
2161 2900 2230 2958 in
2256 2902 2319 2974 4,
2362 2900 2423 2960 d.
2462 2902 2561 2977 15,
2593 2919 2652 2979 q.
2690 2903 2753 2977 4,
2783 2901 2851 2961 18
2882 2903 3265 2980 argumentis
3293 2909 3508 2964 contra

1939 2991 2275 3051 secundam
2316 2993 2802 3070 conclusionem,
2833 2999 2895 3054 et
2923 2994 3155 3069 Dried.,
3200 2994 3309 3055 1111.
3353 2998 3384 3055 1
3429 2997 3506 3058 (18

1939 3082 2168 3145 Libert.
2200 3084 2447 3162 Christ„
2480 3103 2614 3166 cap.
2644 3088 2707 3162 9,
2734 3086 2978 3149 docum.
3008 3089 3068 3147 2.
3100 3088 3293 3149 Tenet
3315 3089 3506 3151 etiam

1940 3175 2187 3250 Armil.,
2210 3178 2384 3238 verb.
2403 3179 2549 3253 Lex,
2576 3196 2642 3237 8.
2676 3182 2742 3240 11
2771 3178 3057 3256 3Angel.,
3078 3197 3141 3240 8.
3168 3181 3229 3254 4,
3260 3180 3328 3241 in
3345 3180 3469 3241 fine
3481 3197 3501 3258 3

1941 3268 2205 3346 Sylvest.
2256 3271 2443 3331 etiam
2477 3271 2588 3347 ibi,
2633 3290 2696 3352 q.
2749 3271 2812 3347 6,
2861 3271 3028 3332 dicto
3058 3275 3123 3346 4,
3174 3273 3347 3352 prius
3389 3273 3507 3335 hoc

1937 3360 2216 3422 absolute
2234 3363 2524 3440 affirmat,
2547 3369 2756 3442 postea
2774 3381 2920 3424 vero
2944 3363 3032 3423 ita
3057 3382 3192 3425 rem
3216 3364 3500 3443 involvit,

1933 3460 2007 3514 ut
2032 3454 2139 3515 vix
2167 3473 2342 3517 mens
2371 3458 2504 3536 ejus
2531 3457 2929 3537 percipiatur.
2968 3458 3155 3518 Citari
3185 3459 3339 3520 solet
3367 3478 3504 3521 sen-

1934 3547 2132 3608 tentia
2159 3548 2416 3628 August.
2450 3550 2583 3630 in§
2623 3551 2830 3629 Lcyes,
2871 3550 3011 3610 dist.
3054 3553 3115 3611 4.
3147 3553 3252 3612 Est
3292 3558 3503 3616 tamen
3551 3545 3574 3562 ‘

1932 3639 2210 3701 Gratiani
2238 3643 2562 3703 asserentis
2590 3642 2743 3721 leycs
2764 3643 3245 3722 promalyatione
3286 3648 3504 3709 concti-

1932 3734 2050 3808 tai,
2082 3734 2331 3810 firmari
2360 3740 2556 3798 autem
2584 3752 2735 3806 ωτι,
2760 3751 2909 3794 8818
2940 3732 3086 3795 11188
3115 3737 3291 3815 sequi
3329 3739 3500 3800 vide-

1930 3828 2057 3902 tur,
2073 3827 2350 3906 accipere
2368 3827 2536 3905 leges
2562 3826 2920 3887 firmitatem
2941 3833 3003 3888 et
3023 3827 3153 3889 vim
3178 3828 3497 3909 obligandi

1930 3917 2010 3977 ab
2037 3937 2155 3978 usu
2185 3926 2249 3980 81
2287 3920 2706 3998 acceptatione
2735 3919 3141 3980 subditorum.
3189 3922 3497 3985 Consonat

1929 4012 2119 4072 etiam
2160 4011 2205 4072 l.
2237 4014 2329 4074 De
2355 4014 2595 4092 quibus,
2635 4012 2702 4073 ff.
2744 4013 2822 4072 de
2857 4013 3001 4090 Leg.
3035 4013 3287 4075 dicens:
3326 4018 3496 4096 Ipsoe

1929 4104 2085 4182 28988
2121 4105 2294 4166 nulla
2329 4106 2460 4166 alia
2495 4121 2677 4165 caasa
2718 4122 2826 4165 nos
2871 4109 3085 4178 tenent,
3124 4123 3302 4184 quam
3340 4110 3498 4187 quod

1914 4196 2153 4273 jndicio
2177 4197 2387 4274 populi
2417 4201 2662 4273 receptoe
2687 4200 2865 4265 sanu-
2902 4200 2965 4255 et
2990 4195 3204 4272 Arist.,
3232 4196 3278 4257 l.
3314 4200 3353 4259 2
3381 4202 3495 4260 Po-

1923 4287 2102 4364 litic.,
2134 4307 2269 4368 cap.
2319 4291 2381 4363 6,
2428 4288 2495 4348 in
2539 4287 2664 4349 fine
2709 4287 2904 4348 dixit:
2935 4287 3060 4349 Lem
3093 4289 3324 4353 nullam
3366 4293 3492 4354 vim

1925 4383 2233 4462 obliyandi
2266 4383 2462 4460 habet,
2489 4384 2618 4446 nisi
2654 4401 2726 4446 esc
2750 4400 2930 4444 more.

2004 4478 2064 4537 2.
2079 4477 2344 4543 Nullum
2370 4477 2763 4556 acceptatione
2784 4476 2995 4555 populi
3010 4477 3224 4540 melius
3240 4479 3487 4559 siquam

1922 4585 2003 4630 an
2040 4569 2137 4631 lca·
2164 4570 2455 4631 commwni
2485 4569 2625 4631 bono
2664 4569 2987 4632 conveniat.
3010 4601 3092 4616 —
3136 4571 3486 4649 Imperator

1919 4679 2037 4723 non
2059 4666 2251 4741 potest
2270 4664 2433 4739 ferre
2455 4663 2610 4741 loyes
2633 4663 2772 4724 bono
2797 4663 3089 4724 communi
3113 4665 3480 4728 contrarias.

1917 4789 2001 4802 —
2022 4756 2279 4816 Ratione
2306 4760 2506 4834 potest
2540 4754 2869 4834 dupliciter
2894 4754 3141 4815 fundari
3182 4753 3314 4816 haec
3345 4774 3484 4817 sen-

1915 4850 2141 4910 tentia:
2159 4866 2330 4925 nam,
2349 4849 2497 4927 quia
2514 4847 2594 4909 ad
2610 4848 2812 4926 legem
2827 4853 3095 4927 potestas
3115 4854 3176 4909 et
3194 4848 3482 4911 voluntas

1914 4959 2280 5003 concurrere
2323 4941 2571 5015 dehent,
2604 4946 2803 5020 potest
2838 4941 3175 5020 acceptatio
3216 4941 3476 5019 requiri,

1910 5033 2011 5095 vel
2038 5036 2114 5095 ex
2142 5033 2385 5095 defectu
2411 5032 2727 5112 potestatis
2746 5031 2826 5092 ad
2848 5031 3050 5110 legem
3070 5032 3250 5092 aliter
3273 5031 3479 5093 feren-

1910 5126 2079 5204 dam,
2123 5127 2222 5187 vel
2250 5132 2495 5188 1881818
2537 5143 2614 5186 88
2657 5124 2896 5185 defectu
2935 5123 3291 5184 voluntatis,
3343 5124 3476 5185 Pri-

1909 5238 2085 5280 mum
2114 5238 2260 5298 ergo
2287 5220 2764 5280 fundamentum
2791 5216 2895 5292 sit,
2919 5215 3066 5295 quia
3093 5215 3160 5275 iu
3193 5216 3471 5296 principe

1909 5311 2193 5387 seculari,
2215 5311 2314 5371 vel
2335 5329 2506 5390 rege,
2526 5328 2654 5371 non
2677 5314 2769 5369 est
2788 5313 3057 5390 potestas
3083 5307 3162 5368 ad
3185 5308 3469 5387 obligan-

255 5408 425 5487 leges
441 5408 784 5482 1111188188,
817 5408 919 5468 vel
952 5408 1082 5486 ipso
1122 5405 1284 5466 facto
1325 5404 1676 5484 punienteS,
1716 5409 1823 5464 aut
1906 5406 2058 5466 dum
2078 5403 2379 5485 populum
2399 5423 2510 5483 per
2529 5404 2732 5482 legem
2738 5448 2759 5479 ,
2781 5402 2904 5462 nisi
2922 5401 3181 5481 ipsemet
3206 5401 3472 5480 populus

256 5505 616 5564 revocantes
663 5500 840 5576 81188,
869 5499 1131 5562 inferius
1158 5497 1285 5559 suis
1332 5496 1483 5559 10818
1520 5496 1817 5558 (11881888.
1904 5497 2078 5558 illam
2109 5503 2423 5577 acceptet:
2452 5496 2570 5559 1108
2598 5495 2767 5558 enim
2807 5495 2875 5556 in
2916 5494 3094 5557 dictis
3117 5493 3364 5575 juribus
3407 5499 3471 5556 81
