3976 6219
952 415 1088 469 (ΞΑΡ.
1124 415 1163 469 1.
1198 415 1285 469 AN
1315 415 1414 469 sn·
1445 415 1509 471 m
1540 413 1837 470 Eccmsul
1866 411 2252 468 srmrmALls
2280 409 2614 474 POTESTAS,
2646 408 2786 462 mc,

261 513 548 593 exempla
583 513 784 575 multa
814 513 1116 577 habemns
1158 534 1236 578 ex
1269 518 1610 580 canonibus
1637 519 1827 597 Apos-

257 606 557 681 tolorum,
582 612 645 667 et
666 606 957 668 omnibus
986 608 1246 670 decretis
1272 629 1409 690 quae
1439 611 1506 672 in
1538 613 1675 690 jure
1719 628 1825 671 ea-

256 701 511 774 nonico,
540 705 602 761 et
620 700 689 760 in
716 699 1005 761 omnibus
1032 702 1303 764 conciliis
1325 704 1656 780 habentur,
1687 721 1826 782 quae

256 811 431 854 nunc
453 792 683 854 referre
718 811 1243 872 supervacaneum
1271 802 1386 857 est.

342 886 402 944 7.
452 884 666 947 Tertia
691 885 1008 948 melasio.
1033 919 1118 934 —
1139 888 1281 949 Dico
1307 890 1492 950 tertio
1517 904 1533 950 ε
1565 890 1696 952 11ωο
1717 908 1825 971 po-

253 981 447 1037 testas
493 977 828 1055 spiritualis
874 984 937 1040 et
985 982 1468 1060 supernaturalis
1515 989 1626 1046 est.
1678 984 1825 1057 Quae

253 1068 486 1130 veritas
530 1074 623 1130 est
666 1076 836 1132 certa
876 1072 953 1134 de
993 1071 1148 1150 fide,
1191 1074 1527 1136 dummodo
1570 1076 1826 1138 termini

253 1166 425 1222 recte
482 1162 933 1240 intelligantur.
987 1166 1094 1226 Est
1146 1167 1316 1228 enim
1370 1169 1823 1231 advertendum

251 1260 622 1334 potestatem
674 1256 837 1317 hanc
892 1276 1037 1319 non-
1066 1276 1196 1321 esse
1243 1261 1662 1323 characterem
1712 1262 1826 1324 ali-

253 1365 466 1427 quem,
491 1347 590 1410 vel
611 1350 996 1429 qualitatem,
1026 1357 1136 1412 aut
1158 1353 1478 1434 physicam
1502 1356 1823 1418 entitatem

254 1440 521 1503 inditam
558 1443 936 1505 hominibus.
970 1446 1106 1506 Non
1133 1447 1302 1508 enim
1331 1448 1514 1509 datur
1547 1449 1679 1511 haec
1714 1468 1823 1529 po·

256 1539 445 1594 testas
471 1553 584 1614 per
611 1538 1128 1599 consecrationem
1153 1539 1426 1619 aliquam
1457 1543 1591 1620 ejus
1619 1560 1825 1620 perso-

254 1645 357 1687 nae
381 1627 480 1687 cui
522 1628 834 1690 confertur
846 1653 865 1706 3
891 1649 1064 1706 nam,
1088 1633 1234 1694 licet
1262 1635 1537 1712 requirat
1557 1635 1651 1695 vel
1679 1654 1822 1716 sup-

255 1733 449 1800 ponat
476 1722 779 1799 ordinem,
823 1742 949 1785 non
993 1727 1267 1788 consistit
1306 1728 1372 1787 in
1413 1728 1436 1787 i
1480 1747 1547 1788 sa
1573 1729 1819 1789 ordina-

256 1813 451 1887 tione,
482 1832 596 1875 nec
621 1833 731 1894 per
756 1835 894 1877 eam
920 1816 1126 1894 datur,
1152 1820 1258 1880 sed
1290 1839 1401 1900 per
1429 1838 1464 1881 e
1488 1821 1815 1896 ectionem,

253 1905 355 1965 vel
393 1906 854 1985 deputationem
894 1910 1213 1974 voluntate
1249 1913 1520 1975 hominis
1560 1921 1669 1975 aut
1706 1915 1819 1976 110-

252 1997 499 2057 minum
518 1999 766 2077 factam,
784 2004 913 2063 sive
934 2003 1111 2065 detur
1128 2007 1208 2067 ab
1226 2007 1499 2083 homine,
1517 2011 1817 2087 tanquam

250 2107 293 2149 a
323 2091 606 2151 ministro
639 2095 771 2169 Dei,
814 2097 941 2157 sive
971 2098 1331 2162 immediate
1369 2101 1450 2162 ab
1493 2102 1626 2181 ipso
1669 2101 1812 2175 Deo,

248 2181 331 2242 ad
360 2185 750 2261 praesentiam
781 2188 874 2263 (ut
897 2188 982 2249 sic
1009 2190 1233 2268 dicam)
1261 2192 1579 2254 electionis
1598 2193 1817 2257 huma-

246 2292 371 2351 noe,
398 2275 474 2337 de
497 2295 621 2355 quo
639 2286 849 2357 postea
872 2282 1218 2345 videbimus
1231 2308 1249 2360 3
1272 2292 1335 2347 et
1351 2288 1511 2348 ratio
1534 2294 1646 2362 eet,
1670 2289 1818 2367 quia

245 2375 515 2449 potestas
535 2372 668 2432 11ωο
683 2373 1029 2451 jurisdictio
1051 2378 1336 2456 quaedam
1359 2385 1475 2454 est,
1494 2382 1816 2459 ,pertinens

245 2464 330 2523 ad
345 2470 669 2526 externum
683 2467 888 2528 forum
908 2470 1413 2548 ecclesiasticum,
1431 2480 1493 2535 et
1512 2475 1651 2535 ideo
1669 2475 1813 2537 data

248 2563 347 2618 est
384 2577 423 2619 a
448 2559 688 2621 Christo
715 2563 997 2640 Domin0,
1023 2566 1202 2644 juxta
1244 2567 1499 2628 modum
1525 2569 1812 2647 jurisdic-

244 2651 405 2712 tioni
432 2656 985 2718 accommodatum.
1012 2659 1365 2721 Jurisdictio
1392 2667 1623 2738 autem,
1649 2662 1812 2723 sicut

247 2749 315 2805 et
341 2744 687 2808 dominium
722 2766 850 2810 11011
878 2753 1155 2814 consistit
1180 2754 1249 2815 in
1272 2754 1570 2834 qualitate
1601 2755 1812 2835 physi-

247 2855 344 2913 ca,
389 2838 494 2899 sed
528 2839 596 2899 in
632 2842 775 2918 jure
820 2847 884 2903 et
921 2849 1219 2922 potestate
1255 2848 1505 2925 morali3
1549 2849 1636 2910 ita
1664 2868 1812 2929 ergo

244 2931 397 2991 data
420 2932 555 2994 haee
581 2938 675 2993 est
701 2939 1001 3013 potestas:
1045 2943 1107 2997 et
1145 2938 1306 3015 ideo,
1349 2941 1598 3018 quando
1637 2944 1814 3021 spiri-

241 3025 435 3085 tualis
475 3032 537 3086 et
578 3029 1060 3105 supernaturalis
1084 3031 1333 3107 dicitur,
1363 3050 1491 3093 non
1520 3039 1612 3094 est
1645 3053 1831 3115 quae-.

241 3118 446 3179 renda
485 3120 711 3181 entitas
743 3121 953 3201 aliqua
982 3124 1219 3186 ordinis
1259 3126 1545 3204 angelici,
1589 3128 1696 3188 sed
1736 3147 1813 3189 ex

240 3209 398 3285 fine,
416 3218 479 3272 et
497 3214 715 3274 mediis
733 3215 800 3276 in
820 3216 1042 3294 quibus
1063 3218 1196 3278 haec
1220 3225 1488 3298 potestas
1508 3226 1809 3297 versatur,

239 3303 384 3364 illas
422 3306 824 3384 proprietates
859 3309 958 3370 vel
998 3311 1532 3373 denominationes
1566 3315 1807 3393 recipit.

240 3395 347 3457 Sic
367 3414 516 3474 ergo
539 3398 853 3460 intellecta
879 3401 1187 3464 conclusio
1217 3404 1395 3466 facile
1415 3405 1664 3484 probari
1700 3424 1808 3486 po-

237 3493 400 3566 test;
452 3508 599 3551 nam
652 3490 795 3552 finis
840 3493 1027 3572 hujus
1077 3498 1393 3575 potestatis
1441 3503 1535 3558 est
1578 3503 1812 3559 aeterna

236 3581 540 3659 felicitas,
591 3590 655 3646 et
703 3593 1146 3665 consequenter
1194 3590 1382 3650 etiam
1425 3589 1615 3668 hujus
1663 3591 1808 3651 vitae.

236 3675 559 3751 sanctitas,
585 3695 722 3756 quae
749 3679 1019 3741 maxime
1050 3681 1398 3759 spirituales
1434 3687 1583 3743 sunt
1617 3688 1681 3743 et
1707 3702 1808 3744 su-

234 3768 708 3846 pernaturales:
749 3788 898 3850 ergo
926 3779 1190 3851 potestas
1228 3774 1359 3854 ipsa
1385 3774 1719 3853 spiritualis
1746 3782 1808 3837 et

234 3863 725 3939 supernaturalis
750 3870 860 3927 est.
902 3867 1098 3946 Major
1125 3867 1218 3929 est
1255 3868 1487 3929 Nicolai
1529 3870 1710 3949 Papae
1737 3871 1806 3931 in

234 3952 432 4031 Epist.
478 3955 554 4015 ad
598 3955 959 4019 Michaelem
996 3960 1457 4039 imperatorem,
1498 3960 1608 4021 ubi
1645 3962 1808 4024 inter

233 4044 366 4108 alia
403 4046 610 4126 inquit
646 4050 1035 4129 imperatores
1083 4053 1353 4131 indiyen
1392 4052 1806 4117 ecclesiasticis

235 4138 471 4216 loyibue
491 4157 605 4218 pro
633 4147 858 4204 oetma
896 4144 1048 4206 vita.
1080 4143 1355 4204 Habetur
1380 4144 1447 4204 in
1487 4162 1618 4223 cap.
1656 4144 1804 4207 Cum

235 4233 324 4294 ad
345 4251 570 4305 verum,
593 4236 674 4296 96
693 4235 860 4312 dist„
886 4237 1210 4298 ubimulta
1229 4237 1351 4298 alia
1370 4237 1614 4299 decreta
1640 4238 1806 4300 idem

236 4326 581 4403 continent,
612 4330 920 4409 praecipue
946 4348 1082 4410 cap.
1115 4332 1251 4393 Duo
1279 4337 1441 4408 amc,
1468 4337 1530 4392 et
1556 4349 1688 4411 cap.
1722 4333 1805 4397 Si

235 4418 592 4496 imperator,
621 4422 732 4482 ubi
758 4423 891 4483 haec
932 4429 1197 4503 potestas
1236 4423 1313 4485 ad
1356 4424 1599 4486 civilem
1639 4443 1804 4486 com-

231 4515 514 4590 paratur,
548 4513 711 4574 sicut
741 4515 954 4577 anima
989 4516 1070 4577 ad
1096 4535 1347 4597 corpus,
1378 4517 1538 4578 sicut
1562 4517 1803 4580 coeleste

231 4600 316 4661 ad
350 4607 667 4666 terrenum
684 4651 704 4681 ,
750 4613 1055 4670 aeternum
1101 4610 1180 4671 ad
1223 4610 1582 4689 temporale.
1632 4610 1801 4672 Idem

229 4695 502 4756 sumitur
540 4714 621 4759 ex
652 4716 788 4779 cap.
834 4699 1079 4778 Solitoe,
1123 4702 1201 4764 de
1243 4702 1510 4782 Majorit.
1556 4709 1620 4765 et
1657 4703 1800 4767 obe·

231 4784 426 4849 dient.
1124 4822 1133 4829 ·

311 4878 376 4939 8.
420 4880 498 4941 Et
546 4882 786 4945 ratione
830 4891 1024 4965 patet,
1058 4886 1206 4967 quia
1255 4892 1525 4967 potestas
1573 4889 1797 4953 Christi

226 4971 479 5032 Domini
502 4976 808 5055 proecipnc
856 4979 1143 5041 ordinata
1169 4985 1259 5041 est
1284 4980 1361 5042 ad
1397 4980 1588 5044 finem
1618 4985 1794 5064 spiri-

225 5064 462 5125 tualem
510 5071 574 5126 et
610 5072 1168 5149 supernaturalem,
1216 5088 1465 5153 propter
1502 5093 1691 5154 quem
1726 5077 1793 5138 in

224 5158 535 5219 mundum
569 5162 765 5238 venit,
791 5169 854 5225 et
879 5163 1018 5225 ideo
1048 5166 1180 5245 ipse
1207 5167 1491 5230 dicebat:
1520 5170 1793 5248 Reynum

223 5266 419 5309 meum
444 5269 562 5314 non
595 5259 681 5316 est
709 5257 776 5317 de
816 5257 923 5319 Ιιοο
948 5260 1199 5333 ’nundoe
1236 5277 1385 5339 ergo
1430 5261 1619 5321 etiam
1661 5260 1794 5325 haec

221 5346 520 5418 potestas,
544 5362 683 5423 quse
725 5352 818 5408 est
857 5350 1244 5429 participatio
1272 5352 1464 5428 illius,
1495 5354 1574 5414 ad
1611 5372 1787 5415 eum-

223 5431 371 5492 dem
400 5432 591 5497 finem
613 5439 837 5517 tendit,
862 5447 924 5502 et
951 5449 1273 5524 propterea
1299 5445 1489 5509 clavis
1513 5446 1793 5511 coelorum

221 5524 596 5613 appellatur,
623 5530 727 5595 vel
751 5533 868 5603 sub
890 5552 966 5603 ea
992 5537 1369 5608 continetur.
1396 5538 1567 5607 Idem
1602 5558 1791 5623 argu·

3353 401 3473 465 329

1906 520 2189 577 mentum
2217 513 2353 576 fieri
2379 517 2579 593 potest
2600 530 2677 574 ex
2703 514 2878 592 parte
2916 507 3285 583 mediorum,
3331 525 3470 587 quoe

1906 613 2052 670 sunt
2073 607 2266 668 veluti
2284 607 2593 686 objectum
2626 611 2688 666 et
2714 603 2968 666 effectus
2989 601 3178 679 hujus
3204 606 3471 680 potesta-

1907 704 1986 763 tis
2018 725 2033 762 :
2067 700 2274 762 media
2316 700 2485 761 enim
2522 704 2668 760 sunt
2710 695 3174 778 proportionata
3220 692 3358 768 fini,
3409 700 3472 756 et

1905 796 2046 857 ideo
2068 795 2146 857 ad
2168 793 2359 854 finem
2380 793 2743 872 praedictum
2772 787 3117 868 spiritualia
3156 792 3220 847 et
3258 805 3470 867 super-

1903 887 2214 950 naturalia
2251 886 2460 947 media
2500 884 2886 945 ordinantur.
2941 882 3214 942 Potestas
3256 886 3467 943 autem

1903 983 2038 1043 haec
2062 981 2221 1041 circa
2241 976 2598 1057 hujusmodi
2620 976 2828 1038 media
2843 978 3144 1048 versatur,
3175 991 3315 1053 quae
3334 991 3472 1054 pos-

1904 1080 2053 1136 sunt
2079 1073 2158 1133 ad
2189 1071 2493 1133 nonnulla
2524 1070 2728 1149 capita
2748 1067 2982 1141 reduci,
3002 1066 3237 1127 scilicet
3262 1066 3341 1127 ad
3368 1085 3471 1128 ve-

1901 1185 2041 1229 ram
2099 1166 2177 1227 de
2234 1166 2359 1226 Deo
2413 1163 2831 1242 cognitionem
2896 1159 3428 1239 supernaturalem
3444 1204 3465 1235 ,

1902 1278 2121 1322 verum
2144 1259 2378 1321 cultum
2402 1259 2707 1338 praecipue
2730 1256 3266 1317 Sacramentorum
3293 1260 3355 1314 et
3375 1271 3469 1314 sa-

1903 1356 2142 1431 crificii,
2170 1360 2231 1415 et
2258 1353 2336 1414 ad
2359 1371 2457 1414 res
2478 1351 2636 1414 alias
2664 1368 2803 1430 quoe
2826 1367 2937 1429 per
2958 1366 3023 1409 se
3050 1348 3364 1427 pertinent
3387 1346 3466 1408 ad

1901 1448 2191 1512 honestos
2214 1465 2442 1521 mores,
2463 1451 2528 1507 et
2556 1444 2811 1505 vitanda
2829 1447 3074 1523 peccata
3096 1441 3461 1517 hominum3

1902 1548 2034 1602 tota
2061 1547 2270 1602 autem
2297 1541 2430 1601 11ωο
2460 1542 2725 1618 potestas
2751 1537 2816 1597 in
2846 1536 2964 1596 hac
2983 1534 3245 1595 materia
3263 1550 3462 1594 versa-

1899 1648 2029 1711 tur,
2054 1641 2128 1696 ut
2147 1633 2314 1694 infra
2334 1633 2635 1706 dicemuS,
2664 1636 2730 1691 et
2760 1648 2834 1690 ex
2855 1629 2989 1708 ipso
3008 1647 3123 1689 usu
3151 1628 3296 1689 satis
3320 1645 3466 1688 con-

1900 1734 2058 1788 stat:
2090 1727 2255 1788 unde
2285 1731 2589 1805 quatenus
2616 1723 2914 1784 directiva
2940 1728 3052 1797 est,
3083 1721 3328 1781 ordinat
3353 1720 3466 1780 ho·

1897 1823 2134 1882 minem
2184 1819 2262 1880 ad
2318 1820 2586 1880 actiones
2637 1816 2905 1877 maxime
2964 1813 3310 1895 spirituales
3331 1859 3350 1888 ‚
3401 1819 3465 1874 et

1898 1921 2204 1994 quatenus
2237 1919 2328 1973 est
2354 1912 2654 1985 coercivs„
2691 1910 2999 1990 praecipue
3025 1908 3225 1966 utitur
3254 1906 3461 1984 gladio

1897 2005 2224 2087 spirituali,
2285 2004 2632 2084 spirituales
2670 2020 2883 2082 poenas
2934 1999 3334 2079 imponendO,
3388 2005 3461 2059 ut

1896 2100 1965 2160 111
1985 2105 2140 2161 10111.
2179 2099 2255 2160 de
2291 2099 2464 2159 Gens.
2496 2097 2621 2159 late
2650 2100 2977 2156 tractatum
3012 2097 3124 2154 est.
3157 2093 3358 2171 Atque
3387 2091 3454 2151 in

1894 2198 2027 2253 tota
2079 2193 2196 2253 hac
2227 2192 2511 2253 doctrina
2545 2189 2926 2251 conveniunt
2979 2185 3261 2247 catholici
3315 2201 3457 2244 auc-

1895 2293 2091 2363 tores;
2127 2286 2433 2365 praecipue
2456 2283 2650 2344 videri
2673 2286 2928 2362 possunt
2953 2279 3210 2352 Victor„
3243 2276 3450 2337 relect.

1898 2384 1922 2440 1
1994 2380 2071 2440 de
2116 2380 2339 2440 Potest.
2401 2376 2697 2453 ecclesioe3
2758 2372 3072 2445 Bellarm.,
3107 2371 3266 2431 libro
3302 2371 3343 2429 4
3379 2368 3457 2430 de

1826 2477 1831 2480 ’
1896 2472 2154 2532 Summo
2201 2470 2519 2544 Pontifice,
2571 2470 2769 2548 capite
2804 2469 2881 2528 15
2908 2473 2971 2527 61
3010 2483 3137 2543 seq.
3159 2486 3176 2538 ;
3223 2462 3456 2523 Salme-

1891 2583 2058 2639 ron.,
2079 2570 2232 2625 tom.
2263 2566 2304 2624 4
2324 2565 2391 2624 in
2416 2566 2679 2640 Evang„
2710 2581 2772 2642 p.
2806 2562 2866 2636 3,
2894 2565 3074 2620 tract.
3106 2560 3205 2633 12,
3234 2557 3344 2616 11111
3378 2556 3456 2617 de

1890 2658 2008 2719 hac
2043 2659 2302 2719 materia
2347 2657 2623 2733 erudite3
2660 2657 2894 2730 Castr0,
2936 2652 3043 2713 lib.
3103 2655 3134 2712 1
3183 2651 3260 2711 de
3304 2651 3451 2727 Leg.

1892 2751 2153 2832 poenal.,
2199 2770 2335 2830 cap.
2381 2753 2458 2827 43
2488 2750 2719 2823 Dried.,
2748 2750 2792 2809 l.
2826 2752 2854 2808 1
2890 2748 2968 2808 de
2995 2745 3221 2807 Libert.
3251 2744 3454 2805 Chris-

1891 2844 2084 2922 tian.;
2113 2844 2371 2920 Media„
2401 2843 2532 2905 cod.
2572 2843 2650 2904 de
2681 2840 2943 2915 Poenal.,
2976 2843 3155 2899 tract.
3187 2839 3247 2911 3,
3279 2855 3342 2916 q.
3374 2836 3453 2897 de

1893 2938 2180 2999 Necessit.
2206 2937 2434 3015 jejunii
2450 2952 2472 3013 3
2497 2937 2780 3011 Adrian.,
2811 2931 3085 3014 quodlib.
3109 2932 3183 3006 63
3218 2928 3448 2989 Anton.

1896 3033 1934 3091 3
1964 3048 2057 3109 p.,
2086 3031 2185 3091 tit.
2228 3033 2332 3106 22,
2362 3037 2425 3092 61
2458 3031 2614 3111 juris
2658 3028 2938 3090 canonici
2977 3027 3344 3104 interpretes
3384 3023 3451 3083 in

1890 3122 2061 3184 rubr.
2096 3123 2173 3185 de
2201 3124 2483 3199 Constit.,
2523 3122 2863 3203 praesertim
2904 3121 2973 3180 in
3004 3137 3139 3197 cap.
3171 3118 3453 3180 Ecclesia

1890 3221 2116 3277 sanotoe
2145 3218 2397 3291 Μανία»,
2430 3222 2493 3278 61
2518 3216 2585 3276 111
2608 3218 2861 3275 Decreto
2887 3213 3028 3273 dist.
3063 3212 3141 3271 15
3168 3215 3229 3270 et
3250 3210 3353 3271 96.

1970 3308 2033 3369 9.
2081 3308 2339 3387 Satisfit
2367 3309 2741 3387 aryumentis
2768 3306 3078 3385 oppositis.
3100 3335 3184 3349 -
3209 3302 3303 3362 Ad
3327 3300 3452 3381 pri-

1891 3419 2067 3461 mum
2103 3402 2298 3479 igitur
2326 3407 2789 3481 argumentum,
2819 3404 3137 3477 sumptum
3173 3415 3252 3457 ex
3285 3412 3453 3456 com-

1888 3494 2210 3574 paratione
2231 3495 2387 3573 legis
2410 3485 2977 3573 veteris,‘quidquid
3005 3491 3084 3551 sit
3110 3490 3186 3551 de
3209 3495 3452 3550 antece-

1886 3587 2071 3648 dente
2088 3588 2187 3665 (de
2205 3606 2329 3666 quo
2351 3588 2419 3648 in
2441 3588 2642 3668 capite
2659 3586 2941 3666 sequenti
2955 3583 3292 3644 dicendum
3310 3583 3450 3657 est),

1886 3681 2100 3757 negari
2141 3686 2340 3760 potest
2374 3680 2832 3760 consequentia.
2877 3678 2984 3738 Est
3015 3677 3184 3738 enim
3221 3692 3454 3753 magna

1884 3772 2238 3834 differentia
2255 3774 2417 3835 inter
2434 3779 2705 3835 veterem
2724 3772 2926 3850 1636111
2944 3776 3007 3831 61
3024 3787 3251 3831 novam
3266 3791 3282 3843 ;
3301 3787 3448 3830 nam

1884 3865 1954 3926 in
1979 3866 2088 3928 illa
2108 3866 2246 3947 lege
2285 3867 2441 3928 Deus
2476 3868 2605 3948 ipse
2633 3885 2760 3927 non
2789 3866 2987 3926 solum
3017 3865 3271 3926 dederat
3292 3882 3450 3943 proe-

1886 3964 2061 4037 cepta
2081 3960 2236 4038 legis
2266 3966 2504 4020 naturae
2531 3959 2629 4019 vel
2657 3959 2894 4037 gratiae,
2919 3958 3037 4037 ipsi
3062 3957 3275 4037 gratiae
3303 3975 3449 4017 con-

1887 4052 2232 4126 naturalia3
2273 4052 2382 4113 sed
2417 4052 2605 4112 etiam
2645 4050 2900 4111 dederat
2929 4052 3261 4110 innumera
3296 4067 3449 4127 prae-

1888 4150 2066 4223 cepta
2093 4144 2379 4224 positiva,
2423 4144 2761 4222 prasertim
2802 4141 3121 4221 judicialia
3159 4147 3223 4202 et
3263 4159 3448 4204 06116-

1885 4236 2206 4311 monialia,
2230 4242 2292 4297 et
2319 4237 2457 4297 ideo
2475 4238 2541 4296 in
2560 4235 2668 4296 illa
2694 4235 2832 4313 1636
2862 4234 3068 4295 minus
3092 4236 3447 4297 necessariae

1885 4336 2064 4389 erant
2089 4329 2256 4408 leges
2282 4329 2581 4409 positivae,
2604 4328 2948 4408 proesertim
2972 4328 3050 4388 ad
3078 4327 3446 4408 religionem

1883 4422 2265 4500 pertinentes
2295 4421 2529 4502 (quales
2558 4428 2703 4482 sunt
2738 4422 3096 4499 canonicae),
3140 4423 3288 4501 quia
3313 4439 3444 4482 om-

1882 4533 1994 4577 nes
2042 4515 2498 4577 caeremoniales
2550 4522 2727 4577 erant
2774 4514 3156 4593 hujusmodi,
3212 4520 3276 4576 et
3320 4515 3443 4576 511ae

1881 4614 2061 4670 erant
2100 4609 2595 4689 quamplurimae.
2659 4611 2729 4670 In
2769 4607 2906 4687 1636
2944 4614 3155 4670 autem
3199 4608 3440 4687 gratiae,

1880 4701 2156 4763 Christus
2177 4702 2548 4781 paucissima
2565 4702 2733 4764 dedit
2750 4720 2861 4782 per
2882 4702 3155 4782 seipsum
3177 4702 3443 4781 positiva

1877 4800 2207 4875 praecepta,
2231 4802 2300 4856 ut
2318 4795 2483 4856 infra
2508 4813 2618 4856 suo
2637 4795 2772 4857 loco
2792 4795 3141 4857 videbimus
3151 4812 3172 4873 ;
3195 4795 3299 4857 sed
3320 4795 3440 4856 hoc

1874 4887 2127 4967 reliquit
2153 4888 2536 4968 dispositioni
2551 4905 2805 4949 suorum
2824 4888 3274 4964 ministrorum,
3286 4906 3439 4968 quos

1872 4979 2125 5059 reliquit
2156 4986 2227 5041 nt
2257 4981 2703 5061 dispensatores
2728 4982 3169 5060 mysteriorum
3199 4981 3332 5057 Dei,
3367 4986 3439 5043 ut

1873 5071 1963 5132 ait
2001 5073 2171 5135 Paul.
2223 5077 2254 5134 1
2301 5074 2438 5134 Gor.
2468 5077 2532 5149 4,
2581 5074 2713 5154 qui,
2757 5080 2938 5136 utens
2968 5075 3085 5136 hac
3110 5080 3434 5155 potestate,

1873 5166 2024 5228 dicit
2053 5168 2121 5227 in
2148 5168 2364 5229 eadem
2395 5170 2584 5247 Epist.
2613 5184 2629 5228 ε
2684 5166 2914 5231 Goetera
2948 5173 3145 5231 autem
3181 5188 3315 5232 cum
3339 5188 3432 5232 ve-

1872 5278 2012 5321 nero
2043 5262 2351 5339 disponam
2363 5287 2390 5334 ,·
2406 5262 2471 5321 in
2491 5263 2794 5343 principio
2820 5263 3033 5324 laudat
3060 5280 3164 5323 eos
3186 5262 3429 5325 dicens:

1870 5351 2079 5413 Laudo
2105 5369 2231 5428 vos,
2260 5354 2417 5432 quod
2440 5372 2550 5432 per
2576 5358 2776 5417 omnia
2806 5357 2920 5419 mei
2949 5374 3230 5420 memores
3260 5358 3428 5433 estis,

1870 5450 1927 5508 et
1949 5446 2109 5509 siout
2125 5446 2358 5509 tradidi
2383 5447 2549 5511 vobis
2571 5455 2868 5530 praecepta
2893 5468 3023 5513 mea
3050 5453 3278 5514 tenetis.
3299 5452 3429 5512 Hoc

1867 5544 2081 5604 autem
2110 5538 2323 5605 fecisse
2353 5540 2597 5606 videtur
2630 5541 2907 5610 Christus
2936 5545 3255 5624 Dominus,
3292 5549 3427 5611 tum
