3976 6219
714 348 848 396 CAP.
884 348 944 397 11.
981 346 1126 407 QUID
1157 346 1261 397 ms
1293 344 1650 403 SIGNlFlCET,
1687 344 1765 393 ET
1799 344 2089 403 QUOMODO
2124 346 2205 395 AD
2238 344 2444 395 LEGEM
2478 344 2902 397 COMPARETUR·
3380 346 3418 403 3

242 444 569 523 obligante,
599 452 658 505 ει
682 447 766 506 εἰε
791 447 1086 524 distingui
1113 466 1149 505 a
1173 447 1440 507 consiliis
1464 467 1475 506 :
1507 446 1628 504 alio
1657 464 1785 504 mo-

241 537 335 611 de,
366 556 477 615 pro
505 556 891 617 quocumque
920 540 1250 599 dictamine
1289 539 1542 597 rationis
1574 537 1648 596 de
1676 537 1786 595 ho-

242 636 466 689 nestate
494 637 689 705 actuS,
722 638 783 690 et
805 633 891 691 sic
918 633 1130 691 dicunt
1155 632 1355 708 legem
1389 630 1787 706 comprehen-

241 721 377 781 dere
400 723 683 783 consilia:
706 742 852 782 nam
876 725 945 782 D.
964 724 1252 798 ThomaS,
1282 726 1338 782 1.
1361 725 1424 795 Ξ,
1449 728 1661 799 quaest.
1686 724 1783 795 19,

242 820 350 872 art.
383 816 656 889 4,‘dieit,
695 833 944 875 omnem
990 820 1196 873 actum
1238 815 1469 874 bonum
1521 813 1786 891 pendere

241 906 300 964 in
341 925 451 965 sua
486 907 759 967 bonitate
805 926 839 966 a
886 907 1022 983 lege
1056 912 1330 966 aeterna:
1376 911 1546 964 actus
1578 911 1786 964 autem

241 1000 627 1059 consiliorum
665 1001 813 1059 boni
859 1006 1004 1059 sunt
1036 1005 1097 1059 et
1134 1000 1352 1077 optimi
1392 1016 1406 1058 ε
1452 1017 1597 1075 ergo
1627 1016 1788 1060 com-

239 1091 699 1168 prehenduntur
723 1092 996 1168 sublege
1025 1098 1272 1151 aeterna.
1301 1092 1550 1167 Proprie
1579 1097 1788 1150 tamen

239 1183 539 1261 loquendo
556 1184 631 1244 de
651 1184 808 1261 lege,
831 1191 903 1243 ut
922 1184 1023 1243 hic
1044 1184 1378 1261 loquimur,
1402 1184 1506 1242 illa
1530 1202 1653 1242 non
1674 1189 1785 1257 est,

238 1277 352 1335 nisi
379 1296 515 1355 quae
543 1278 818 1355 aliquam
849 1278 1291 1354 obligationem
1319 1275 1576 1351 inducit,
1601 1284 1672 1336 ut
1693 1278 1789 1337 in-

236 1368 326 1428 fra
354 1369 538 1428 latius
577 1369 802 1429 dicam.

314 1462 372 1519 8.
421 1462 792 1539 Differenbia
821 1462 979 1522 inter
1006 1461 1211 1538 leyem,
1256 1467 1311 1522 et
1348 1461 1681 1522 consilium.
1708 1493 1790 1505 —

239 1550 338 1608 Est
366 1557 573 1609 autem
600 1552 1132 1626 considerandum,
1172 1552 1502 1630 aliquando
1529 1553 1665 1611 dari
1700 1553 1788 1611 le—

239 1660 377 1719 gem
427 1643 503 1702 de
552 1645 840 1703 exercitio
868 1651 1058 1717 actuS,
1105 1651 1166 1704 et
1212 1652 1356 1704 tunc
1390 1645 1664 1720 obligare
1709 1644 1788 1703 ad

240 1735 438 1808 illum,
471 1741 539 1793 ut
571 1742 681 1809 cst,
712 1737 882 1794 verbi
923 1739 1141 1812 gratia,
1177 1737 1275 1795 lex
1322 1738 1580 1795 faciendi
1633 1737 1780 1796 elee-

243 1842 602 1902 mosynam:
635 1827 964 1903 aliquando
994 1844 1139 1885 vero
1176 1827 1310 1885 dari
1348 1829 1549 1903 legem
1591 1828 1790 1886 solum

242 1918 316 1976 de
344 1917 813 1996 specificatione,
869 1938 975 1979 seu
1021 1918 1203 1977 modo
1250 1926 1441 1991 actus,
1486 1938 1620 1995 quae
1653 1921 1794 1978 licet

239 2026 364 2067 non
410 2007 639 2084 obliget
688 2010 765 2067 ad
814 2016 1019 2068 actum
1069 2011 1481 2069 exercendum
1501 2054 1520 2082 ,
1566 2011 1799 2086 obligat

237 2106 467 2174 tamen,
507 2106 576 2158 ut
612 2100 662 2158 si
691 2107 861 2159 actus
905 2101 1033 2174 fiat,
1079 2102 1219 2160 talis
1248 2103 1467 2160 modus
1499 2108 1794 2176 servetur,

236 2193 432 2271 qualis
448 2198 560 2266 est,
578 2193 751 2251 verbi
767 2194 988 2267 gratia,
1002 2199 1236 2253 attente
1252 2192 1492 2265 orandi,
1507 2193 1798 2270 quaelicet

236 2304 361 2345 non
392 2285 618 2361 obliget
646 2285 721 2343 ad
753 2284 1079 2358 orandum,
1131 2283 1389 2360 obligat,
1420 2289 1492 2341 ut
1528 2285 1579 2341 si
1601 2285 1796 2343 oratio

236 2377 363 2448 fiat,
402 2395 543 2436 cum
571 2376 911 2436 attentione
939 2375 1068 2434 fiat.
1102 2377 1229 2435 Hoc
1258 2376 1449 2451 igitur
1476 2376 1793 2452 posteriori

236 2470 418 2529 modo
460 2470 526 2528 in
554 2470 912 2528 universum
942 2486 1159 2527 verum
1194 2473 1309 2539 est,
1340 2467 1505 2544 quod
1535 2468 1602 2525 D.
1630 2468 1790 2526 Tho-

239 2580 369 2620 mas
401 2563 678 2639 proxime
701 2561 922 2619 citatus
951 2560 1127 2632 dixit,
1171 2576 1420 2617 omnem
1450 2564 1681 2632 actum,
1721 2565 1790 2617 ut

234 2653 433 2713 bonus
455 2654 555 2728 sit,
584 2652 804 2713 debere
829 2670 956 2711 esse
980 2651 1359 2711 conformem
1376 2650 1497 2728 legi
1523 2657 1790 2725 aeternae,

234 2746 487 2820 scilicet,
508 2744 939 2824 praescribendi
960 2745 1237 2804 debitum
1256 2745 1510 2803 modum
1537 2763 1795 2823 operan-

235 2840 322 2915 di,
362 2839 525 2917 quod
555 2840 742 2899 etiam
770 2839 837 2897 in
865 2837 1151 2915 operibus
1178 2838 1415 2897 consilii
1446 2837 1649 2897 locum
1687 2837 1794 2898 ha-

234 2932 338 2992 bet
370 2954 384 2990 :
425 2938 631 2991 tamen
657 2937 727 2989 ut
756 2932 842 2990 sic
874 2949 1001 2990 non
1025 2931 1317 2990 dicuntur
1344 2949 1473 2990 esse
1510 2930 1623 2989 sub
1646 2948 1791 2989 con—

232 3025 393 3100 silio,
419 3025 522 3085 sed
553 3030 857 3102 quatenus
881 3042 1094 3083 eorum
1112 3043 1280 3097 usus,
1297 3041 1406 3083 seu
1429 3023 1791 3083 exercitium

234 3137 361 3178 non
400 3118 778 3196 praecipitur,
821 3117 926 3177 sed
954 3118 1311 3178 consulitur.
1349 3118 1427 3176 Et
1463 3117 1581 3176 hoc
1608 3116 1791 3176 modo

232 3211 508 3272 absolute
560 3210 917 3287 negandum
966 3217 1079 3284 est,
1126 3209 1449 3270 consilium
1494 3209 1607 3269 sub
1655 3209 1790 3286 lege

232 3303 673 3383 comprehendi
717 3325 731 3361 ε
781 3302 1131 3363 excluditur
1156 3308 1366 3363 autem
1393 3302 1720 3362 consilium
1755 3319 1794 3360 a

231 3397 639 3475 descriptione
665 3396 830 3468 data,
859 3394 958 3455 vel
986 3396 1132 3473 quia
1160 3413 1287 3455 non
1310 3401 1399 3455 εει
1423 3393 1670 3472 propria
1696 3410 1793 3452 re-

232 3488 403 3565 gula,
421 3494 483 3548 et
508 3505 799 3547 mensura
822 3485 1114 3546 bonitatis
1133 3492 1333 3546 actus:
1356 3503 1503 3544 nam
1527 3484 1658 3544 haec
1686 3501 1793 3563 po—

228 3581 355 3640 tius
384 3580 655 3640 consistit
682 3581 750 3640 in
768 3579 903 3657 lege
923 3579 1352 3658 praescribente
1371 3577 1628 3638 modum
1650 3598 1666 3635 z
1693 3576 1793 3636 vel

228 3679 395 3734 certe
430 3673 575 3751 quia
611 3672 928 3731 moraliter
955 3672 1262 3751 loquendo
1301 3690 1427 3731 non
1465 3670 1791 3731 efficaciter

229 3766 471 3826 inducit
498 3765 575 3824 ad
606 3783 778 3844 opuS,
810 3763 1187 3842 imponendo
1226 3764 1452 3823 scilicet
1487 3761 1788 3822 moralem

229 3859 654 3919 necessitatem
677 3856 1012 3935 operandi:
1041 3874 1183 3916 cum
1210 3861 1416 3916 autem
1438 3855 1538 3916 lex
1564 3854 1789 3913 dicitur

229 3951 526 4012 inducere
567 3951 645 4010 ad
678 3956 908 4024 actum,
945 3949 1061 4009 hoc
1099 3949 1282 4009 modo
1316 3946 1788 4026 intelligendum

229 4051 343 4106 est.

312 4142 374 4200 9.
418 4139 601 4217 Leqis
623 4137 1002 4216 etymoloyia.
1044 4170 1127 4183 —
1168 4137 1365 4214 Atque
1392 4135 1538 4194 hinc
1578 4132 1791 4192 intulit

230 4231 306 4289 D.
333 4229 599 4289 Thomas
625 4230 691 4288 in
719 4229 826 4289 illo
860 4235 976 4288 art.
1013 4233 1073 4302 1,
1100 4233 1312 4307 quaest.
1344 4228 1447 4299 90,
1492 4224 1793 4303 etymolo-

229 4323 404 4400 giam
448 4321 602 4399 legis
620 4338 640 4397 3
681 4326 861 4400 putat
896 4321 1064 4381 enim
1105 4339 1143 4381 a
1188 4318 1438 4396 ligando
1481 4319 1792 4393 sumptam

230 4432 389 4489 esse,
440 4415 584 4493 quia
627 4413 911 4491 proprius
954 4412 1205 4471 effectus
1244 4410 1397 4488 legis
1432 4415 1523 4469 εει
1568 4407 1787 4484 ligare,

230 4525 345 4567 seu
395 4505 694 4582 obligare,
731 4504 896 4582 quod
938 4509 1176 4563 secutus
1213 4508 1302 4562 εει
1341 4498 1586 4560 Gabriel
1613 4498 1679 4557 in
1726 4498 1785 4571 3,

228 4599 378 4658 dist.
408 4601 507 4673 37,
533 4604 650 4658 art.
672 4601 731 4673 1,
763 4603 825 4657 et
850 4596 1183 4669 Clichtove,
1207 4594 1273 4653 in
1294 4595 1561 4665 Damas,
1601 4591 1709 4650 lib.
1750 4590 1791 4648 4

231 4691 433 4764 Fidei,
464 4709 597 4768 cap.
630 4693 728 4762 23,
761 4689 1043 4748 eamdem
1071 4685 1510 4766 etymologiam
1532 4683 1687 4760 legis
1714 4700 1791 4742 ex

231 4782 592 4843 Cassiodoro
653 4782 869 4855 refert,
943 4786 1005 4840 et
1062 4778 1301 4858 probat.
1367 4777 1791 4851 Consonatque

228 4876 556 4954 Scriptura
583 4924 599 4950 ,
657 4894 794 4954 quae
832 4874 997 4952 leges
1034 4872 1302 4953 appellat
1343 4869 1588 4929 vincula
1615 4913 1635 4942 ,
1695 4868 1794 4928 Je-

229 4987 391 5030 rem.
437 4970 477 5028 2
506 4989 518 5026 :
584 4969 865 5046 Fregit-ti
920 4968 1177 5045 juyum,
1242 4964 1470 5042 rupisti
1525 4961 1787 5022 vincula.

228 5061 505 5121 Isidorus
542 5066 773 5133 autem,
818 5058 925 5117 lib.
976 5060 1014 5117 2
1064 5055 1360 5135 Etymol.,
1397 5073 1528 5132 cap.
1583 5055 1681 5126 10,
1731 5057 1793 5113 ει

229 5153 348 5213 lib.
377 5156 438 5226 ὃ,
472 5170 605 5228 cap.
642 5153 701 5223 3,
730 5169 767 5209 a
790 5149 1050 5227 legendo
1076 5154 1252 5226 putat
1281 5147 1483 5224 legem
1509 5162 1639 5205 esse
1670 5143 1792 5204 dic-

229 5251 391 5317 tam,
439 5244 605 5321 quod
636 5242 782 5302 inde
816 5242 1070 5318 colligit,
1107 5240 1252 5318 quia
1293 5238 1393 5298 lex
1435 5237 1618 5300 debet
1662 5253 1792 5296 esse

230 5337 491 5413 scripta,
535 5340 596 5393 et
636 5336 773 5394 ideo
807 5334 1069 5411 legenda
1116 5338 1226 5392 εει.
1274 5329 1391 5391 Sed
1437 5330 1587 5407 quia
1628 5345 1795 5386 nunc

232 5429 425 5489 latius
453 5428 529 5488 de
578 5428 713 5506 lege
764 5428 1099 5507 loquimur,
1148 5430 1219 5486 ut
1266 5424 1373 5484 illa
1418 5419 1795 5501 etymologia

1866 447 2058 523 possit
2087 447 2152 505 in
2185 464 2434 505 omnem
2469 445 2672 523 legem
2695 451 3041 524 convenire,
3071 457 3310 528 oportet
3339 453 3418 512 Ze-

1865 539 2044 615 yendi
2093 539 2350 597 verbum
2396 539 2473 598 ad
2520 540 2873 600 interiorem
2909 542 3270 616 lectionem,
3310 563 3417 603 seu

1866 635 2372 709 recogitationem
2409 634 2730 712 ampliare,
2761 642 2832 694 ut
2875 640 3114 697 notavit
3156 639 3415 714 AlensiS,

1870 728 1907 785 3
1936 745 2098 804 p.,q.
2137 728 2237 798 26,
2266 726 2494 785 memb.
2537 730 2594 784 1.
2634 729 2783 786 Nam
2813 730 2970 787 sicut
2994 729 3094 789 lex
3122 731 3420 790 naturalis

1870 817 2097 876 dicitur
2115 836 2153 875 a
2179 817 2365 875 Paulo
2391 818 2614 894 scripta
2639 818 2703 876 in
2730 820 3034 894 cordibus,
3061 822 3137 880 ad
3156 824 3414 882 Roman.

1869 912 1930 984 2,
1970 910 2059 968 ita
2086 910 2152 968 in
2181 910 2267 968 eis
2290 916 2494 969 mente
2522 911 2644 985 legi
2673 917 2869 987 potest
2904 918 2965 971 et
2988 913 3189 987 debet,
3217 915 3278 973 id
3306 920 3417 988 est,

1872 1002 2156 1061 meditari
2181 1007 2242 1061 et
2267 1001 2615 1077 recogitari,
2642 1008 2710 1060 ut
2741 1004 3077 1063 secundum
3101 1004 3269 1063 illam
3294 1022 3423 1064 mo-

1869 1110 1966 1152 res
1988 1092 2360 1169 dirigantur,
2381 1094 2559 1169 juxta
2590 1092 2741 1151 illud
2772 1095 2992 1154 Psalm.
3027 1097 3142 1155 118
3167 1112 3181 1153 :
3209 1097 3424 1157 Lucer-

1868 1203 1949 1244 na
1972 1185 2221 1260 pedibus
2243 1186 2390 1244 meis
2419 1185 2652 1244 verbum
2685 1191 2875 1245 tuum.
2914 1187 2987 1244 Et
3020 1186 3164 1246 huic
3188 1194 3424 1264 etymo-

1868 1275 2046 1351 logiae
2090 1281 2384 1334 consonat
2428 1292 2655 1334 nomen
2708 1277 3066 1336 hebraicum
3100 1323 3115 1351 ,
3168 1297 3290 1355 quo
3324 1280 3427 1339 lex

1875 1368 2036 1429 Tora
2063 1368 2314 1441 dicitur,
2346 1367 2410 1426 id
2439 1375 2552 1441 εει,
2594 1369 2937 1427 instructiO.
2989 1370 3107 1428 Alii
3157 1370 3424 1449 denique

1868 1458 2070 1536 legem
2094 1460 2323 1518 dictam
2343 1478 2472 1519 esse
2492 1466 2711 1536 putant
2730 1462 2808 1519 ab
2833 1462 3140 1537 eligendO,
3165 1462 3260 1521 vel
3280 1464 3427 1540 quia

1869 1570 2011 1611 cum
2044 1570 2292 1629 magna,
2325 1558 2386 1611 et
2405 1554 2695 1630 prudenti
2724 1554 3019 1613 electione
3051 1555 3304 1614 ferenda
3322 1557 3422 1630 sit,

1867 1644 1967 1703 vel
1997 1644 2160 1721 quod
2199 1645 2533 1722 unicuique
2579 1646 2856 1704 ostendat
2893 1646 3041 1722 quid
3070 1646 3429 1723 eligendum

1869 1736 1947 1794 sit
1959 1752 1979 1811 ;
2014 1736 2099 1795 sic
2128 1737 2528 1811 Augustinus,
2558 1736 2624 1795 in
2665 1738 3102 1814 quaestionibus
3148 1756 3223 1796 ex
3267 1756 3429 1797 novo

1871 1830 2285 1902 TestamentO,
2330 1834 2538 1905 quaest.
2577 1831 2674 1901 15,
2706 1830 2756 1887 si
2785 1831 2915 1905 ejus
2951 1838 3043 1889 est
3071 1848 3225 1907 opus
3258 1852 3271 1888 :
3307 1832 3430 1891 Lex

1877 1921 2005 1995 (ait)
2033 1938 2070 1980 a
2099 1922 2338 1980 lectione
2358 1922 2519 1980 dicta
2539 1926 2647 1992 est,
2665 1926 2733 1980 ut
2752 1922 2819 1980 de
2841 1922 3051 1982 multis
3069 1924 3218 2000 quid
3239 1923 3430 1999 eliyas

1879 2013 2054 2071 scias.
2083 2012 2289 2069 Cicero
2317 2030 2492 2083 ver0,
2532 2012 2576 2069 l.
2611 2015 2638 2070 1
2674 2012 2749 2071 dc
2777 2013 3069 2089 Legibus»,
3106 2032 3144 2071 a
3169 2013 3429 2090 legendo

1880 2102 2108 2160 dictam
2128 2119 2258 2161 esse
2281 2102 2581 2160 declarat:
2607 2103 2763 2174 Quia
2773 2122 2909 2176 mos,
2930 2104 3157 2179 inquit,
3183 2105 3433 2163 delectus

1879 2195 2000 2254 vim
2030 2195 2096 2253 in
2122 2194 2243 2271 leqe
2261 2194 2563 2269 ponimus,
2591 2194 2746 2252 sicut
2768 2194 2958 2255 Groecz·
2986 2194 3109 2269 (ait)
3133 2195 3316 2269 Iegem
3333 2212 3433 2254 vo·-

1878 2291 2016 2347 aaut
2040 2285 2241 2363 νόμον,
2268 2304 2305 2344 a
2334 2284 2661 2344 tribuendo
2695 2286 3029 2362 unicuique
3063 2286 3225 2362 quod
3251 2304 3433 2344 suum

1874 2382 1987 2450 est,
2026 2378 2171 2453 quia
2201 2378 2298 2437 lex
2327 2378 2508 2437 debet
2541 2397 2668 2437 esse
2705 2380 2901 2455 justa3
2938 2379 3103 2437 unde
3139 2379 3244 2437 alii
3278 2378 3437 2437 deri-

1871 2474 2021 2527 vant
2046 2467 2248 2544 legem
2273 2469 2350 2527 ab
2396 2487 2468 2528 eo
2511 2469 2674 2546 quod
2716 2469 2992 2545 legitime
3019 2471 3288 2529 actiones
3324 2470 3437 2528 hu-

1870 2579 2084 2620 manas
2131 2562 2509 2635 moderatur,
2561 2567 2627 2619 ut
2672 2561 2862 2620 refert
2904 2563 3150 2622 Turrec.
3190 2563 3252 2621 in
3295 2581 3427 2640 cap.

1873 2654 2018 2726 Lea),
2051 2653 2193 2712 dist.
2231 2658 2288 2726 1,
2321 2654 2389 2712 in
2412 2653 2560 2713 fine.
2589 2654 2799 2731 Itaque
2827 2654 2922 2712 hae
2953 2672 3167 2715 omnes
3197 2662 3433 2732 etymo-

1873 2744 2052 2820 logiae
2096 2745 2327 2823 aliquid
2382 2745 2690 2823 explicant
2731 2746 2896 2823 quod
2952 2764 3094 2806 vere
3142 2748 3432 2807 convenit

1873 2835 1996 2914 legi
2034 2854 2049 2895 ε
2100 2838 2264 2896 unde
2294 2843 2503 2896 autem
2531 2856 2650 2896 vox
2695 2836 2972 2898 derivata
3008 2839 3088 2898 sit
3124 2840 3432 2899 incertum

1860 2935 1986 3003 est,
2021 2934 2082 2988 et
2111 2948 2330 3007 parum
2359 2930 2569 2989 refert.

2467 3112 2712 3176 CAPUT
2752 3115 2824 3174 11.

1876 3297 2038 3371 Quid
2059 3299 2112 3360 J
2112 3316 2185 3361 us
2222 3297 2546 3377 siqnificet,
2584 3304 2638 3360 et
2660 3300 2940 3378 quomodo
2968 3301 3051 3362 ad
3074 3301 3255 3379 leqem
3282 3319 3434 3364 oom-

2506 3398 2780 3470 paretur.

1953 3578 2012 3635 1.
2057 3575 2199 3654 Leq.
2223 3576 2338 3653 jus
2379 3577 2986 3642 naturale.·—-Varioe
3024 3578 3287 3641 nominis
3322 3579 3432 3640 Jus

1870 3667 2984 3746 etymoloyioe.—Prima.—Secunda.
3003 3704 3082 3713 -
3104 3671 3300 3748 Hujus
3327 3690 3433 3732 vo-

1869 3759 1953 3819 cis
1974 3758 2261 3838 frequens
2289 3765 2379 3820 est
2410 3761 2476 3819 in
2520 3760 2636 3820 hac
2663 3762 2925 3821 materia
2950 3750 3119 3832 usus,
3151 3769 3212 3822 et
3239 3764 3429 3824 inter-

1867 3853 2017 3913 dum
2043 3872 2156 3931 pro
2181 3852 2320 3930 lege
2366 3853 2681 3930 accipitur,
2716 3859 2788 3912 ut
2815 3859 2983 3932 patet
3016 3873 3092 3914 ex
3120 3853 3156 3933 ἓ
3187 3855 3430 3934 Sinyu-

1867 3945 2302 4020 lom,1nstit.
2323 3946 2398 4004 de
2433 3945 2575 4004 Rer.
2595 3945 2799 4019 divis,
2822 3946 2949 4005 etl.
2971 3948 3024 4007 J
3025 3965 3098 4008 us
3125 3948 3425 4023 naturale,

1868 4036 1935 4096 ff.
1969 4037 2046 4096 de
2085 4036 2376 4113 Legibu8‚
2411 4037 2697 4113 quamvis
2727 4037 3040 4096 interdum
3064 4037 3201 4097 aliis
3242 4041 3430 4100 etiam

1871 4129 2071 4187 modis
2102 4129 2460 4205 accipiatur,
2495 4127 2755 4204 ideoque
2783 4134 2845 4187 et
2885 4128 3058 4187 illam
3099 4131 3426 4208 explicare,

1872 4225 1934 4280 et
1961 4237 2102 4278 cum
2139 4218 2278 4295 lege
2306 4217 2580 4277 conferre
2609 4218 3015 4277 necessarium
3059 4226 3149 4279 est
3194 4238 3209 4280 :
3262 4223 3430 4299 prius

1871 4329 2019 4371 vero
2042 4311 2358 4372 advertere
2381 4315 2618 4389 oportet
2648 4315 2771 4369 tres
2793 4309 2983 4370 solere
3004 4311 3162 4388 juris
3194 4319 3430 4390 etymo-

1871 4403 2064 4481 logias
2092 4404 2410 4481 assignari.
2432 4402 2638 4463 Prima
2659 4408 2771 4477 est,
2795 4408 2866 4461 ut
2893 4403 2990 4480 jus
3008 4402 3245 4463 dicatur
3266 4406 3429 4481 quod

1864 4497 2044 4575 juxta
2066 4497 2166 4571 sit,
2211 4497 2286 4555 de
2327 4514 2450 4573 qua
2479 4496 2673 4555 videri
2700 4500 2900 4574 potest
2933 4495 3192 4568 Conan.,
3226 4496 3334 4555 lib.
3367 4501 3426 4572 1,

1870 4590 2215 4649 Comment.
2242 4589 2401 4665 juris
2442 4587 2607 4647 civil.
2641 4590 2792 4647 Eam
2819 4589 2986 4648 enim
3017 4588 3256 4662 omitto,
3283 4589 3432 4666 quia

1871 4683 2027 4742 mihi
2058 4700 2185 4741 non
2222 4679 2550 4758 probatur;
2586 4682 2734 4759 quia
2772 4682 2820 4740 si
2860 4680 3206 4741 materiales
3251 4697 3430 4740 voces

1872 4774 2352 4846 consideramuS,
2387 4790 2514 4831 non
2543 4778 2634 4831 εει
2681 4773 2748 4831 in
2803 4790 2875 4831 ea
2916 4773 3251 4850 proporti0,
3286 4790 3430 4831 cum

1872 4867 1925 4928 J
1925 4871 2076 4927 uxta
2109 4883 2236 4924 non
2266 4882 2376 4941 per
2397 4866 2436 4924 S
2469 4864 2624 4922 sicut
2656 4865 2785 4936 JuS,
2818 4865 2921 4923 sed
2960 4883 3068 4942 per
3105 4865 3157 4922 X
3200 4864 3429 4923 scriba-

1871 4964 1993 5018 tur.
2025 4958 2088 5019 Si
2114 4975 2260 5017 vero
2288 4955 2800 5033 significationem
2824 4955 3235 5029 attendamus,
3251 4955 3430 5032 juxta

1872 5067 2022 5124 esse,
2045 5068 2171 5109 non
2199 5047 2506 5126 significat
2552 5047 2788 5125 aequale
2831 5065 2982 5120 esse,
3033 5046 3137 5106 sed
3184 5054 3427 5108 tantum

1872 5161 2000 5203 esse
2033 5160 2242 5220 prope.
2274 5143 2350 5201 Et
2381 5141 2523 5200 licet
2555 5140 2867 5200 interdum
2915 5139 3220 5216 significet
3260 5141 3426 5200 simi-

1871 5235 2220 5307 litudinem,
2244 5233 2342 5292 vel
2372 5233 2786 5310 aequalitatem
2814 5231 2882 5290 in
2909 5231 3115 5310 aliquo
3144 5249 3422 5305 munere,
3447 5229 3456 5238 “

1871 5326 1972 5386 vel
1999 5325 2263 5397 actione,
2290 5324 2444 5382 illud
2474 5329 2685 5383 tamen
2714 5328 2806 5383 est
2834 5324 2900 5383 in
2923 5341 3104 5383 sensu
3124 5322 3307 5399 longe
3336 5323 3427 5381 di-

1873 5436 2050 5479 verso
2078 5416 2155 5476 ab
2188 5415 2472 5494 aequitate
2499 5433 2684 5494 quam
2703 5416 2803 5493 jus
2829 5413 3065 5474 indicat
3078 5431 3097 5490 ;
3125 5412 3289 5472 unde
3315 5413 3428 5472 du-
