3976 6219
424 327 544 389 488

1330 332 1446 386 Lm.
1482 334 1541 387 V.
1578 333 1658 385 DE
1688 332 2049 386 VAml-:TATE
2078 333 2290 388 LEGUH
2321 331 2727 388 HUMANARUM.

424 431 565 495 bus.
598 428 775 491 Unde
812 428 883 490 fit
930 434 1024 506 ut,
1061 429 1244 509 juxta
1289 432 1750 512 proportionem
1799 450 1988 511 quam
2069 432 2382 512 exigentes
2421 431 2554 492 haec
2598 427 2948 506 vectigalia,
2995 427 3161 509 quod
3191 436 3406 508 aperte
3451 430 3650 492 tradit

427 541 707 606 personae
733 523 897 583 inter
923 541 987 584 se
1008 529 1256 584 servant
1278 526 1481 604 quoad
1504 525 1857 586 facultatem
1880 543 1990 585 seu
2070 528 2258 589 etiam
2313 526 2535 599 Tolet.,
2565 523 2610 584 l.
2646 526 2682 583 5
2717 524 3010 598 Summae,
3056 543 3107 584 c.
3158 526 3257 600 79,
3290 544 3358 586 n.
3404 529 3431 584 1
3450 571 3472 599 ,
3502 525 3651 585 11661

429 617 811 680 conditiones
838 615 988 676 alias
1020 617 1348 694 requisitas
1388 618 1464 678 ad
1512 618 1836 693 tributum,
1865 637 1990 678 ser·
2070 626 2279 701 postea
2316 639 2382 680 n.
2433 621 2473 678 2
2534 617 2907 677 sententiam
2946 617 3190 679 limitet.
3246 620 3313 678 In
3347 619 3650 679 eamdem

425 710 633 773 vanda
674 709 754 768 sit
786 709 1100 788 proportio
1141 709 1304 770 inter
1348 729 1450 771 eas
1489 711 1558 771 in
1598 711 1992 790 impositione

426 803 670 878 tributi,
702 808 764 863 et
790 802 924 863 11666
948 808 1038 864 est
1060 804 1374 883 proportio
1396 803 1789 865 distributiva
1817 805 1993 883 justi-

428 897 554 959 fiae.
585 897 663 957 Et
683 896 772 956 ita
799 896 1147 957 declaratur
1168 897 1299 959 haec
1321 899 1590 960 conditio
1617 917 1656 958 a
1685 899 1757 960 D.
1789 897 1904 957 Th.
1927 898 1988 959 2.

430 993 494 1066 2,
529 1008 590 1069 q.
624 991 725 1065 63,
757 995 874 1049 art.
906 991 969 1049 4.
1002 990 1108 1049 Est
1141 996 1350 1052 autem
1378 991 1517 1052 talis
1543 991 1855 1071 proportio
1887 1007 1997 1050 ne-

431 1082 714 1157 cessaria,
738 1087 869 1143 uta
889 1082 1061 1143 nullo
1085 1083 1328 1144 subdito
1344 1083 1483 1162 plus
1505 1085 1792 1163 exigatur
1808 1099 1996 1163 quam

426 1179 593 1256 juste
628 1175 820 1255 possit
863 1180 925 1236 et
968 1175 1189 1236 debeat
1232 1177 1641 1253 contribuere,
1690 1183 1752 1237 et
1793 1176 1998 1255 quoad

433 1269 553 1330 1166
597 1268 854 1328 resultat
878 1260 1208 1348 aequalitas'
1236 1270 1695 1331 commutativae
1719 1269 1994 1349 justitiae.

433 1362 638 1440 Atque
677 1361 825 1421 binc
860 1361 1047 1422 etiam
1085 1368 1178 1423 est
1204 1363 1546 1424 necessaria
1577 1363 1888 1442 proportio
1921 1362 2002 1423 ad

436 1473 534 1516 res
566 1474 750 1535 super
771 1474 922 1534 quas
953 1456 1300 1535 imponitur
1325 1457 1628 1517 tributum
1653 1501 1675 1531 ,
1718 1474 1869 1535 quas
1894 1474 2002 1515 vo-

437 1566 649 1609 camus
690 1551 1016 1610 materiam
1067 1550 1306 1612 tributi.
1352 1551 1508 1611 Nam
1551 1550 1604 1609 si
1644 1549 2002 1627 imponatur

441 1659 626 1721 super
663 1661 800 1704 rem
850 1643 1256 1719 immobilem,
1297 1662 1423 1704 non
1475 1642 1656 1703 debet
1707 1641 2001 1704 excedere

441 1737 849 1814 quantitatem
895 1736 1300 1811 moderatam,
1354 1735 1753 1796 consideratis
1786 1734 2003 1794 fructi-

442 1828 561 1889 bus
604 1829 759 1906 ejuS,
809 1833 870 1890 et
910 1830 1226 1890 laboribus
1268 1848 1340 1890 ac
1366 1829 1650 1908 expensis
1678 1846 1815 1907 quae
1844 1828 2005 1888 circa

442 1921 618 1983 illam
645 1921 843 1982 fiunt:
880 1939 1028 1982 nam
1056 1923 1106 1983 si
1140 1923 1207 1983 in
1234 1922 1352 1982 1166
1381 1922 1684 1982 tributum
1713 1921 1793 1981 sit
1818 1921 2005 1981 nimis

444 2033 797 2089 onerosum,
833 2015 1016 2094 plane
1045 2017 1163 2076 erit
1197 2016 1522 2094 injustum.
1570 2015 1636 2075 Si
1657 2021 1865 2074 autem
1888 2014 2007 2072 im-

445 2114 714 2188 ponatur
755 2116 940 2187 super
965 2128 1064 2169 res
1099 2108 1355 2169 mobiles
1380 2126 1517 2187 quae
1556 2106 1913 2168 venduntur
1946 2111 2010 2166 et

447 2200 765 2276 emuntur,
813 2200 912 2261 vel
954 2208 1085 2262 arte
1140 2201 1323 2277 fiunt,
1363 2201 1677 2261 observari
1720 2200 1904 2261 debet
1930 2217 2010 2260 ne

444 2292 599 2353 tales
631 2293 756 2353 sint
789 2293 1145 2371 hujusmodi
1187 2312 1309 2369 reS,
1349 2294 1449 2354 vel
1495 2299 1741 2354 tantum
1783 2298 1846 2352 et
1882 2297 2013 2352 tam

444 2403 752 2464 magnum
770 2387 1099 2462 tributum,
1121 2393 1190 2447 ut
1218 2387 1525 2448 redundet
1548 2387 1615 2447 in
1636 2386 1837 2463 majus
1855 2402 2012 2444 onus

446 2498 791 2560 pauperum
803 2485 865 2540 et
882 2480 1211 2555 artificum,
1234 2486 1343 2540 aut
1361 2488 1798 2550 mercatorum,
1823 2495 2012 2558 quam

447 2574 685 2653 possint
727 2575 1028 2635 sustinere
1056 2575 1380 2636 commode
1405 2574 1485 2635 ad
1524 2575 1720 2635 vitam
1747 2578 1809 2635 61
1833 2572 2014 2634 fami·-

448 2665 600 2727 liam
640 2668 1127 2730 sustentandam.

431 2834 434 2837 ,
530 2760 592 2820 2.
637 2762 827 2823 Multi
854 2767 1084 2823 cenent
1109 2762 1345 2840 injusta
1371 2760 1693 2840 vectiyalia
1724 2777 1876 2839 quoe,
1901 2776 2014 2837 pro

447 2853 624 2916 rebus
646 2871 778 2931 quoe
805 2856 889 2916 ad
902 2855 1220 2932 proprium
1248 2872 1424 2916 usum
1436 2859 1791 2932 portantur,
1824 2854 2015 2930 impo-

449 2952 700 3009 nuntur.
730 2958 814 3005 ·.·-‘
839 2947 1040 3026 Atque
1075 2966 1153 3009 ex
1200 2948 1315 3008 hac
1357 2948 1709 3009 conditione
1736 2947 2016 3007 inserunt

452 3041 636 3102 multi
674 3042 906 3121 injusta
946 3060 1075 3102 esse
1118 3041 1447 3120 vectigalia
1481 3045 1643 3121 quae',
1691 3059 1805 3121 pro
1831 3041 2017 3101 rebus

451 3153 591 3215 quas
631 3135 710 3196 ad
751 3136 1074 3216 proprium
1100 3154 1284 3196 usum
1304 3141 1655 3216 portantur,
1684 3135 2018 3213 imponun-

450 3232 557 3288 tur
577 3274 595 3302 ,
648 3228 971 3308 solumque
1020 3229 1259 3308 imponi
1311 3247 1487 3308 posse
1531 3228 1599 3288 in
1641 3228 1825 3288 rebus
1878 3247 2018 3307 quae

452 3339 638 3383 causa
660 3323 1095 3403 negotiationis
1128 3322 1513 3399 deferuntur,
1547 3322 1704 3382 sicut
1722 3327 2020 3382 statutum

452 3423 545 3479 est
570 3417 637 3477 in
657 3416 701 3478 l.
741 3417 1022 3480 Universi
1040 3415 1158 3477 etl.
1182 3415 1486 3490 Omnium,
1507 3433 1562 3475 c.
1587 3415 1665 3476 de
1686 3415 2016 3494 Vectigal.,

454 3515 517 3571 et
558 3509 725 3570 idem
766 3508 1030 3570 habetur
1073 3509 1141 3568 in
1189 3507 1232 3570 1.
1274 3510 1335 3584 5,
1378 3509 1474 3570 tit.
1523 3511 1583 3584 7,
1631 3513 1792 3588 part.
1836 3509 1894 3570 5.
1929 3509 2021 3569 Ita

451 3608 623 3664 tenet
659 3602 875 3681 Cajet.,
905 3602 1078 3663 verb.
1128 3601 1484 3680 Vectiqalia,
1529 3606 1593 3661 et
1629 3600 1746 3660 hac
1779 3602 2021 3663 ratione

451 3694 626 3757 addit
651 3694 803 3754 duas
829 3693 1211 3753 conditiones
1233 3692 1603 3754 necessarias
1620 3692 1698 3752 ad
1715 3693 2021 3771 justitiam

450 3786 693 3860 tributi,
741 3786 989 3861 scilicet,
1023 3791 1094 3845 ut
1125 3786 1386 3847 materia
1422 3786 1503 3846 sit
1540 3791 1684 3864 apta
1720 3786 1799 3846 ad
1827 3785 1982 3847 illud
1994 3802 2017 3864 3

449 3879 586 3942 haec
637 3884 848 3940 autem
895 3898 1025 3941 non
1065 3885 1158 3941 est
1197 3885 1352 3960 apta
1387 3869 1666 3940 m'ateria.
1700 3880 1880 3941 Ratio
1903 3887 2016 3957 est,

452 3974 601 4053 (11116
629 3975 697 4035 16
724 3983 799 4036 'ea
825 3993 952 4035 non
976 3980 1253 4036 servatur
1280 3974 1483 4034 forma
1508 3972 1739 4049 debita,
1771 3978 1833 4034 et
1852 3975 2022 4054 justa

452 4066 802 4128 distributio
830 4068 1033 4149 oneris
1060 4067 1334 4150 impositi
1358 4085 1472 4148 per
1503 4067 1844 4142 tributum;
1870 4085 2020 4128 nam

449 4160 503 4221 si
529 4161 886 4240 imponatur
912 4162 981 4223 in
1007 4163 1192 4224 rebus
1210 4160 1565 4225 necessariis
1591 4161 1670 4221 ad
1697 4162 2020 4241 proprium

448 4273 655 4332 usum,
681 4275 981 4336 pauperes
1008 4256 1145 4336 plus
1171 4261 1510 4335 gravantur
1531 4273 1723 4334 quam
1747 4254 1969 4316 divites
1997 4270 2014 4315 ε

452 4350 612 4425 Quia
635 4352 821 4413 radim
845 4337 995 4414 'usus
1018 4351 1134 4428 (ait
1154 4350 1502 4429 Cajetanus)
1533 4354 1619 4411 est
1652 4348 2014 4429 indiqentia,

449 4449 505 4506 et
557 4445 651 4506 ita
702 4446 809 4524 qui
856 4445 1058 4529 mgr-qis
1115 4445 1346 4523 indiqet
1401 4443 1602 4521 mayis
1649 4444 1871 4505 mitum.
1925 4443 2019 4505 Ec

439 4554 699 4618 pauper,
732 4538 837 4616 qui
864 4544 1263 4622 est'30n0ratus
1308 4536 1491 4614 filiis,
1532 4535 1818 4614 pluribus
1844 4539 2020 4601 rebus

446 4630 703 4709 ἐπαίρει,
745 4638 802 4694 et
840 4633 934 4695 ita
973 4628 1119 4711 plus
1157 4631 1336 4694 solvit
1383 4647 1454 4692 om
1489 4629 1907 4709 vectiyalibus.
1941 4633 2020 4693 Et

444 4723 577 4786 haec
604 4725 851 4787 videtur
878 4724 1478 4803 fixisseantiquorum
1504 4722 1715 4802 opinio
1719 4769 1740 4799 ,
1761 4728 1833 4785 ut
1849 4724 2014 4785 Glos,

445 4824 508 4879 et
535 4818 838 4880 Hostiens.
890 4818 957 4877 in
992 4835 1046 4877 c.
1081 4809 1285 4897 Super
1313 4816 1690 4896 quibusdam,
1728 4822 1791 4878 et
1816 4818 2020 4897 sequi-

443 4918 548 4973 tur
569 4913 741 4973 Sum.
770 4911 973 4974 Pisan.
1012 4917 1074 4973 et
1101 4911 1275 4973 Sum.
1295 4910 1661 4985 Confessor„
1696 4916 1759 4970 et
1779 4912 2010 4987 Dried.,

441 5005 552 5067 lib.
599 5008 636 5068 2
672 5005 749 5067 de
794 5004 1022 5067 Libert.
1068 5004 1320 5081 Chr-ish,
1351 5022 1404 5066 6.
1440 5005 1500 5080 5,
1545 5003 1653 5083 qui
1681 5003 1857 5063 addit
1881 5004 2015 5066 haec

440 5098 676 5159 tributa
707 5116 837 5160 esse
864 5098 1177 5179 prohibita
1209 5099 1353 5178 jure
1389 5097 1555 5158 civili
1599 5102 1662 5158 et
1688 5098 2011 5159 canonico.

440 5193 719 5255 Priorem
748 5203 988 5274 partem
1011 5194 1230 5273 probat
1248 5193 1478 5271 exlege
1500 5190 1786 5270 allegata,
1811 5198 2014 5271 poste-

439 5285 670 5348 riorem
689 5303 840 5348 vero
857 5304 934 5347 ex
961 5287 1140 5348 Bulla
1166 5286 1388 5361 Coenoe,
1418 5286 1488 5347 in
1513 5303 1637 5366 qua
1656 5304 2010 5347 excommu-

439 5379 731 5441 nicantur
772 5381 1160 5458 imponentes
1207 5380 1531 5459 vectigalia
1566 5378 1901 5460 prohibita,
1951 5387 2015 5440 et

440 5471 530 5532 ita
567 5474 755 5536 sentit
781 5474 1103 5537 incurrere
1130 5476 1197 5538 in
1224 5492 1549 5538 censuram
1577 5471 1769 5536 Bullae
1807 5472 2013 5534 Coenae

2072 713 2440 775 sententiam
2483 709 2743 771 inclinat
2771 710 2938 783 Soto,
2964 707 3009 771 1.
3054 711 3090 769 3
3134 710 3212 771 de
3246 712 3434 786 Just„
3472 730 3536 790 q.
3587 714 3652 786 6,

2074 813 2192 869 art.
2246 810 2307 882 7,
2346 805 2456 865 ubi
2486 803 2659 883 prius
2702 802 3018 881 explicans
3056 803 3204 882 quid
3249 805 3329 863 sit
3349 805 3653 884 vecngal,

2075 899 2420 982 portorium
2447 902 2510 959 et
2535 896 2890 976 pedagium,
2928 894 3128 955 solum
3155 897 3333 975 ponit
3360 916 3476 976 pro
3513 916 3660 958 mg.

2075 994 2233 1055 teria
2254 993 2387 1071 ejus
2412 1008 2511 1051 res
2536 1007 2675 1068 quae
2694 987 3010 1049 vehuntur
3036 989 3478 1067 negotiationis
3510 1009 3663 1069 gra·

2075 1088 2186 1162 tia,
2233 1091 2296 1146 et
2343 1088 2555 1164 postea
2591 1082 2746 1142 dicit
2771 1099 2901 1142 esse
2930 1081 3162 1159 injusta
3176 1082 3412 1143 tributa
3440 1084 3661 1162 prohi-

2076 1172 2209 1241 bita
2230 1179 2297 1238 in
2333 1177 2496 1237 dicta
2519 1175 2565 1235 1.
2606 1176 2910 1250 Universi,
2946 1175 3199 1251 scilicet,
3240 1194 3380 1254 quae
3406 1195 3524 1255 pro
3550 1176 3663 1236 his

2079 1272 2262 1334 rebus
2298 1288 2435 1350 quae
2482 1268 2562 1328 ad
2607 1268 2926 1347 proprium
2962 1286 3145 1327 usum
3172 1270 3491 1347 pertinent
3519 1270 3666 1330 exi-

2081 1371 2334 1445 guntur.
2379 1357 2457 1424 Et
2500 1362 2647 1423 inde
2681 1362 2926 1421 videtur
2978 1361 3301 1422 damnare·
3323 1362 3665 1441 injustitiae

2080 1457 2387 1537 gabellam
2424 1473 2611 1536 quam
2653 1454 3011 1517 alcavallam
3054 1460 3307 1525 vocant,
3343 1462 3666 1534 quatenus

2081 1551 2352 1628 exigitur
2378 1550 2453 1610 de
2487 1548 2671 1609 rebus
2695 1565 2833 1626 quae
2864 1546 2943 1606 ad
2972 1547 3285 1625 propriam
3322 1550 3667 1608 necessita·

2080 1651 2208 1706 tem
2240 1641 2681 1704 sublevandam
2703 1640 3083 1715 venduntur,
3117 1641 3264 1718 quia
3280 1646 3428 1700 tunc
3460 1642 3667 1701 etiam

2082 1738 2221 1818 plus
2266 1736 2445 1797 solvit
2473 1734 2580 1813 qui
2608 1734 2744 1812 plus
2771 1739 2934 1811 eget,
2973 1750 3099 1791 non
3140 1733 3247 1810 qui
3288 1733 3428 1812 plus
3463 1734 3667 1795 habet

2083 1833 2185 1895 vel
2208 1831 2503 1892 lucratur.
2528 1828 2692 1889 Idem
2724 1826 2852 1890 iere
2869 1827 3058 1889 sentit
3071 1827 3375 1904 Ledesm„
3403 1834 3565 1906 part.
3590 1831 3662 1903 4,

2086 1946 2149 2007 q.
2177 1926 2276 1999 18,
2319 1930 2441 1984 art.
2473 1926 2509 1984 3
2533 1969 2554 1999 ,
2593 1929 2895 2001 quatenus
2922 1921 3176 1981 damnat
3202 1921 3516 1998 quoddam
3544 1923 3664 1981 tri—

2087 2019 2308 2080 butum
2336 2021 2405 2079 in
2427 2016 2742 2078 Lusitania
2762 2015 3085 2088 usitatum,
3110 2014 3274 2091 quod
3294 2014 3555 2074 solvitur
3576 2014 3663 2075 ab

2091 2113 2436 2177 ementibus
2456 2130 2553 2172 res
2581 2110 2660 2170 ad
2688 2127 2866 2168 suum
2888 2125 3075 2168 usum
3104 2108 3496 2177 necessarias,
3529 2115 3591 2170 et
3618 2128 3663 2168 6

2089 2202 2501 2269 vendentibus
2535 2222 2633 2264 res
2660 2207 2734 2262 ut
2766 2202 2892 2262 suis
2924 2201 3390 2261 necessitatibus
3427 2202 3663 2262 subve-

2091 2302 2269 2361 niant
2298 2346 2316 2375 ,
2369 2297 2537 2377 quod
2594 2295 2899 2356 tributum
2944 2294 3132 2372 vulgo
3176 2296 3307 2356 sisa
3357 2301 3613 2355 vocatur
3634 2342 3658 2371 ,

2092 2393 2254 2472 quod
2282 2391 2448 2452 idem
2470 2391 2598 2452 fere
2626 2394 2719 2450 est
2744 2386 2909 2465 quod
2936 2386 3256 2460 alcavalla,
3277 2386 3424 2446 licet
3446 2387 3515 2447 in
3542 2389 3664 2447 Lu-

2094 2487 2318 2548 sitania
2357 2502 2484 2545 non
2528 2484 2802 2544 solvatur
2842 2499 2881 2540 a
2929 2478 3058 2540 solo
3102 2480 3443 2555 venditore,
3479 2485 3553 2539 ut
3591 2481 3665 2540 111

2094 2581 2372 2654 Castella,
2421 2579 2526 2640 sed
2572 2577 2800 2657 partim
2840 2574 2919 2634 ab
2948 2579 3238 2652 emptore.
3270 2576 3489 2652 Itaque
3518 2593 3667 2635 sen—

2094 2675 2262 2735 tiunt
2287 2677 2563 2734 auctores
2601 2676 2842 2732 tantum
2873 2668 3001 2747 peti
3024 2685 3189 2746 posse
3218 2685 3289 2726 ex
3326 2667 3522 2728 lucris
3557 2668 3668 2729 vel

2096 2768 2420 2843 fructibus,
2456 2785 2566 2827 seu
2600 2766 2666 2826 in
2703 2763 2887 2824 rebus
2915 2766 3217 2841 quatenus
3241 2761 3340 2821 vel
3383 2762 3663 2823 fructife-

2095 2880 2181 2922 rae
2204 2866 2373 2936 sunt,
2393 2859 2490 2921 vel
2505 2859 2871 2919 ordinantur
2883 2855 2961 2915 ad
2977 2855 3173 2929 lucra,
3190 2861 3253 2914 et
3272 2854 3404 2914 ideo
3428 2854 3659 2933 injuste

2097 2953 2264 3030 exigi
2305 2971 2381 3013 ex
2399 2952 2584 3013 rebus
2615 2955 2861 3029 emptis,
2890 2946 2989 3008 vel
3019 2947 3311 3025 venditis,
3341 2948 3430 3008 vel
3449 2954 3652 3008 trans-

2096 3046 2354 3127 portatis
2374 3046 2454 3105 ad
2479 3043 2798 3124 proprium
2826 3059 3029 3101 usum.

2178 3140 2237 3199 3.
2287 3138 2614 3202 Contraria
2642 3137 2842 3214 opinio
2875 3132 3657 3197 unctoria—Nihilominus

2100 3231 2237 3292 dico
2282 3231 2454 3291 illam
2488 3230 2904 3290 conditionem
2945 3227 3220 3288 materioe
3258 3244 3446 3306 quam
3486 3228 3659 3306 ponit

2100 3326 2445 3404 CajetanuS,
2481 3328 2664 3402 prout
2698 3321 2778 3381 ab
2806 3321 2939 3399 ipso
2966 3320 3330 3399 explicatur,
3380 3338 3508 3380 non
3530 3339 3659 3382 esse

2100 3418 2528 3493 necessariam,
2565 3417 2712 3496 quia
2743 3433 2871 3475 non
2899 3418 2993 3475 est
3020 3414 3321 3491 injustum
3354 3414 3659 3475 tributum

2099 3512 2418 3591 imponere
2441 3511 2517 3571 de
2545 3509 2730 3570 rebus
2755 3525 2893 3587 quae
2916 3508 2992 3567 ad
3021 3507 3342 3586 proprium
3376 3526 3559 3568 usum
3580 3509 3664 3569 fe-

2098 3613 2345 3680 runtur,
2384 3611 2493 3664 aut
2518 3602 2896 3677 venduntur,
2926 3601 3025 3662 vel
3055 3606 3369 3662 emuntur.
3406 3602 3549 3662 Haec
3576 3608 3663 3662 oet

2101 3698 2489 3760 communior
2509 3697 2838 3770 sententia,
2859 3701 2922 3756 61
2938 3694 3205 3756 sumitur
3223 3713 3300 3755 ex
3319 3696 3389 3755 D.
3405 3696 3661 3771 Antan„

2100 3795 2140 3855 2
2169 3813 2259 3872 p.,
2279 3799 2328 3854 t.
2355 3796 2414 3868 1,
2448 3810 2502 3852 6.
2533 3792 2633 3866 10,
2656 3789 2693 3869 §
2713 3789 2856 3864 ult.;
2886 3806 3057 3864 nam,
3092 3788 3233 3849 licet
3270 3788 3561 3868 loquatur
3587 3789 3663 3849 de

2100 3884 2573 3965 particularibus
2617 3882 3113 3963 impositionibus
3162 3881 3484 3942 civitatum
3503 3929 3524 3958 ,
3564 3901 3663 3943 ea·

2101 3980 2244 4040 dem
2300 3985 2391 4039 est
2438 3976 2913 4057 proportionalis
2956 3976 3114 4037 ratio
3155 3975 3231 4036 (16
3274 3976 3663 4055 generalibus

2100 4073 2370 4134 tributis.
2418 4073 2495 4132 Et
2536 4071 2704 4132 idem
2744 4070 3002 4130 omnino
3043 4069 3323 4149 sequitur
3366 4070 3548 4130 Gabr.
3595 4071 3656 4142 4,

2101 4166 2163 4227 d.
2201 4168 2301 4243 15,
2346 4184 2408 4245 (1.
2442 4168 2509 4241 5,
2559 4183 2619 4225 a.
2652 4166 2715 4239 2,
2760 4162 2959 4224 661161.
3007 4165 3083 4238 2,
3119 4163 3186 4222 in
3216 4161 3356 4240 fin.;
3400 4163 3651 4241 Sylvest.

2100 4261 2269 4321 verb.
2324 4259 2592 4325 Gabella.
2639 4259 2708 4333 3,
2738 4276 2798 4336 q.
2836 4261 2897 4332 5,
2947 4257 3058 4316 uhi
3097 4256 3463 4317 nonnullam
3490 4256 3663 4317 diffe-

2098 4352 2573 4413 rentiaminhoc
2591 4351 2910 4411 constituit
2935 4350 3096 4410 inter
3124 4354 3410 4410 externos
3422 4354 3485 4409 61
3502 4349 3665 4410 inco-

2098 4446 2212 4522 las,
2237 4447 2313 4507 de
2327 4464 2451 4526 qua
2464 4445 2673 4505 statim
2692 4444 2915 4503 dicam.
2932 4442 3283 4521 Eodemque
3310 4442 3438 4503 fere
3478 4441 3667 4501 modo

2098 4540 2373 4620 loquitur
2391 4537 2643 4617 Angel.,
2658 4537 2829 4598 verb.
2851 4537 3214 4617 Pedayium,
3241 4554 3305 4596 n.
3326 4538 3390 4611 33
3411 4535 3662 4610 Armil„

2099 4633 2269 4694 verb.
2298 4632 2565 4706 Gabella,
2584 4650 2648 4692 n.
2675 4634 2742 4691 11
2764 4629 3081 4708 3Tabien.,
3103 4629 3273 4690 verb.
3299 4630 3663 4708 Pedaqium,

2098 4746 2163 4788 n.
2193 4729 2253 4786 4.
2286 4725 2457 4786 Idem
2480 4723 2749 4799 Medina,
2771 4723 2917 4784 dict.
2943 4723 3080 4783 cod.
3102 4722 3179 4783 de
3198 4721 3443 4796 Restit„
3464 4739 3530 4800 q.
3553 4723 3662 4796 15,

2098 4821 2167 4881 16
2202 4819 2359 4897 fine3
2402 4821 2689 4894 Navarr.,
2717 4835 2851 4897 cap.
2889 4820 2989 4892 17,
3015 4834 3190 4877 num.
3227 4817 3383 4892 2023
3418 4814 3661 4891 Molin.,

2095 4920 2249 4975 tom.
2296 4915 2357 4989 3,
2406 4911 2565 4991 disp.
2602 4912 2743 4972 669.
2796 4909 3283 4989 Supponendum
3305 4913 3517 4969 autem
3544 4915 3661 4981 est,

2095 5006 2174 5068 ad
2224 5004 2608 5086 probandam
2653 5004 2816 5064 hanc
2867 5003 3237 5064 sententiam
3252 5048 3273 5077 ‚
3314 5019 3663 5063 sermonem

2095 5118 2226 5162 esse
2253 5100 2330 5160 de
2362 5096 2757 5178 impositione
2780 5095 2999 5156 tributi
3037 5094 3302 5155 habente
3331 5093 3482 5154 alias
3516 5112 3665 5154 con·

2096 5193 2364 5255 ditiones
2392 5194 2472 5253 ad
2497 5191 2803 5270 justitiam
2830 5189 3047 5251 tributi
3074 5188 3436 5268 requisitas3
3468 5188 3663 5247 nimi-

2093 5306 2237 5349 rum
2268 5288 2434 5367 quod
2480 5286 2559 5347 ab
2596 5285 2863 5346 habente
2893 5288 3282 5363 potestatem,
3312 5287 3373 5342 et
3412 5287 3665 5361 propter

2094 5398 2307 5441 causas
2328 5382 2526 5459 justas
2564 5384 2627 5440 et
2652 5378 3144 5458 proportionatas
3189 5376 3570 5455 imponatur,
3599 5379 3663 5435 et

2093 5473 2293 5537 solum
2328 5473 2581 5536 tractari
2621 5490 2702 5533 an
2717 5516 2739 5549 ,
2797 5489 2872 5533 eo
2914 5467 3055 5551 ipso'
3093 5469 3259 5550 quod
3303 5468 3647 5548 imponitur
