3976 6219
765 413 902 467 ω.
932 411 1060 466 vm.
1086 411 1300 465 mun
1324 375 1640 465 Po'i'Es'rAs
1669 405 2145 462 scmssnsnci
2169 407 2255 458 An
2279 405 2477 460 mons
2502 400 2840 464 rensuum,
2862 398 2997 453 mc.

277 522 466 577 testas
510 527 628 594 per
672 512 842 591 leges
891 527 1032 572 suas
1078 509 1499 590 principaliter
1552 506 1839 570 intendat

275 610 634 670 animarum
675 606 937 666 salutem
955 648 975 678 ‚
1017 608 1081 663 et
1104 608 1176 662 ut
1203 611 1451 682 peccata
1478 606 1831 673 caveantur,

275 708 443 778 utex
465 699 677 761 multis
694 696 940 777 juribus
962 695 1203 757 ostendi
1226 695 1529 774 superiori
1547 694 1658 754 lib.
1690 712 1745 754 c.
1771 694 1833 768 6,

274 801 342 857 et
367 795 533 856 idem
557 791 824 854 sumitur
841 808 919 851 ex
940 790 1138 868 cap.⁶2
1156 788 1231 849 de
1250 789 1500 850 Constit.
1527 789 1595 848 in
1619 790 1681 862 6,
1705 786 1829 847 ibi:

288 890 373 952 Ut
405 888 748 949 animarum
781 883 1073 962 periculis
1105 881 1372 944 obvietur
1395 930 1412 956 ,
1459 887 1523 942 et
1548 899 1682 958 cap.
1714 879 1831 940 ult.

272 982 352 1042 de
380 979 601 1040 Poenit.
657 981 720 1038 et
757 975 993 1037 remiss.
1021 1017 1041 1050 ‚
1078 973 1167 1034 ibi
1209 991 1226 1034 :
1276 974 1377 1039 No
1402 992 1515 1051 pro
1545 974 1834 1036 dilacione

265 1073 635 1154 peanitentiae
649 1068 993 1149 periculum
1019 1067 1334 1130 immineat
1355 1069 1701 1130 animarum
1720 1090 1747 1137 ;
1773 1072 1837 1128 et

271 1166 344 1227 in
365 1170 495 1227 toto
513 1163 713 1243 capite
739 1162 947 1225 Omnis
974 1161 1309 1240 utriusque,
1336 1160 1574 1236 eodem,
1598 1165 1661 1220 et
1682 1177 1837 1239 pras-

271 1258 489 1320 sertim
541 1256 633 1317 ibi
663 1272 680 1316 :
719 1253 997 1318 Diversis
1042 1252 1463 1331 asperimontis
1500 1253 1712 1315 utendo
1758 1254 1841 1313 ad

273 1351 629 1414 salvandum
660 1351 973 1426 oeqrotum.
1014 1346 1168 1407 ltem
1196 1363 1275 1406 ex
1313 1363 1447 1424 cap.
1505 1346 1585 1408 Ut
1613 1346 1834 1407 consti·-

272 1448 573 1517 tueretur,
613 1441 677 1501 d.
718 1441 819 1515 50,
868 1437 978 1498 ubi
1014 1438 1344 1516 Augustin.
1377 1437 1466 1497 ait
1511 1438 1832 1516 antiquam

269 1535 794 1613 irregularitatem
808 1532 1157 1612 impositam
1176 1530 1502 1609 agentibus
1521 1529 1831 1608 publicam

270 1628 704 1709 poenitentiam
730 1631 979 1706 propter
1011 1624 1287 1685 enormia
1309 1623 1594 1697 crimina,
1620 1623 1834 1683 induc-

270 1726 404 1781 tam
439 1738 565 1781 esse
604 1737 682 1780 ex
725 1718 928 1796 rigore
963 1716 1303 1795 disciplinas
1345 1715 1711 1796 pertinentis
1750 1715 1831 1776 ad

272 1819 638 1892 potestatem
664 1811 954 1886 clavium,
993 1809 1370 1889 significans,
1408 1808 1570 1869 hanc
1592 1808 1831 1888 potissi-

272 1924 452 1966 mum
500 1906 709 1966 datam
758 1922 889 1965 esse
934 1905 1010 1964 ad
1057 1902 1440 1982 spiritualem
1494 1901 1829 1963 criminum

271 1998 716 2059 correctionem
731 2043 752 2073 ,
802 2002 864 2057 et
890 1997 969 2057 ad
1009 1996 1273 2057 salutem
1306 1995 1660 2056 animarum
1694 2013 1832 2073 pro-

269 2090 627 2151 curandam.
653 2090 926 2169 Denique
948 2090 1077 2151 fere
1098 2108 1174 2150 ex
1196 2094 1325 2149 toto
1346 2091 1489 2167 jure
1509 2087 1827 2163 canonico,

269 2187 333 2244 et
361 2182 646 2261 Epistolis
667 2183 1071 2244 decretalibus
1099 2182 1467 2243 Pontificum
1491 2187 1584 2242 est
1607 2181 1670 2240 id
1699 2198 1831 2240 ma-

268 2275 588 2335 nifestum.

350 2369 409 2427 3.
455 2368 733 2429 Potestas
751 2367 1148 2429 ecclesiastica
1168 2368 1680 2446 supernaturalis,
1700 2385 1833 2429 cum

265 2479 385 2522 non
406 2461 598 2539 possit
625 2475 745 2522 esse
773 2460 839 2519 in
863 2465 1088 2521 natura
1118 2478 1301 2538 pura,
1330 2466 1385 2521 et
1416 2478 1643 2538 semper
1664 2477 1832 2538 proe-

269 2553 420 2630 cipit
448 2552 657 2614 saltem
678 2552 746 2612 in
764 2552 968 2614 ordine
985 2553 1067 2612 ad
1080 2551 1598 2629 supernaturalem
1624 2551 1827 2627 finem.

265 2645 538 2707 —Ratio
561 2644 751 2704 etiam
777 2649 869 2704 cst
897 2643 1081 2720 clara,
1107 2643 1253 2722 quia
1277 2647 1542 2722 potestas
1570 2642 1701 2703 haec
1729 2661 1831 2702 su·

264 2732 675 2818 perflaturalis
704 2741 816 2811 est,
848 2741 919 2795 ut
946 2754 1132 2816 supra
1158 2754 1293 2816 cap.
1336 2739 1366 2795 1
1399 2735 1523 2797 late
1562 2734 1831 2796 ostendi-

267 2846 446 2890 mus:
479 2847 626 2908 ergo
651 2847 763 2908 per
802 2846 867 2889 se
911 2833 974 2888 et
1005 2834 1228 2889 natura
1253 2846 1366 2888 sua
1396 2827 1596 2889 tendit
1634 2827 1701 2887 in
1729 2846 1830 2888 su-

264 2922 726 3002 pernaturalem
770 2920 959 2981 finem
974 2965 995 2996 ,
1035 2921 1165 2980 sive
1207 2919 1431 2980 futuroe
1476 2920 1618 2980 vitae
1634 2964 1654 2995 ,
1702 2921 1831 2981 sive

264 3015 583 3094 praesentis
596 3031 615 3090 3
640 3014 707 3074 hi
736 3014 907 3075 enim
924 3014 1012 3074 ita
1038 3019 1182 3074 sunt
1203 3014 1365 3073 inter
1392 3032 1456 3074 se
1484 3015 1745 3075 connexi
1768 3019 1831 3075 et

266 3107 674 3183 subordinati,
713 3113 785 3167 ut
816 3126 943 3167 non
978 3107 1166 3186 possit.
1208 3125 1369 3167 unus
1401 3106 1480 3168 ab
1507 3106 1701 3168 altero
1738 3127 1830 3169 se-

262 3202 511 3280 parari:
547 3220 693 3281 ergo
733 3201 800 3261 in
837 3201 954 3261 hoc
986 3200 1111 3262 fine
1141 3201 1412 3261 maxime
1453 3201 1660 3262 differt
1699 3202 1831 3263 haec

262 3298 531 3373 potestas
559 3313 597 3354 a
623 3299 921 3373 potestate
950 3293 1139 3370 civili,
1168 3311 1309 3372 quae
1334 3311 1503 3354 mere
1529 3295 1830 3355 naturalis

263 3391 377 3461 est,
416 3393 479 3447 et
516 3392 762 3447 tantum
787 3386 869 3446 ad
898 3384 1088 3447 finem
1115 3386 1464 3446 naturalem
1493 3404 1567 3447 ex
1601 3405 1665 3447 se
1695 3393 1828 3449 ten-

263 3478 407 3540 dere
440 3485 663 3559 potest,
696 3487 765 3540 ut
801 3495 990 3557 supra
1022 3485 1335 3539 ostensum
1364 3480 1709 3559 est.·Atque
1739 3481 1828 3542 ita

261 3578 498 3632 constat
541 3573 895 3651 opinionem
943 3573 1224 3632 Fortunii
1270 3577 1592 3633 tractatam
1640 3591 1826 3652 supra

259 3662 367 3724 lib.
401 3666 462 3738 4,
494 3683 627 3744 cap.
654 3666 716 3741 6,
737 3671 1038 3746 quatenus
1064 3664 1390 3726 confundit
1415 3664 1569 3726 fines
1585 3665 1822 3739 ,harum

261 3762 654 3835 potestatum,
684 3757 1067 3839 probabilem
1109 3776 1237 3819 non
1265 3776 1417 3834 esse,
1462 3764 1526 3820 et
1557 3760 1820 3820 occasio·

259 3868 405 3910 nem
463 3867 637 3929 posse
692 3850 965 3930 praebere
1014 3852 1226 3913 multis
1275 3850 1602 3913 erroribus.
1661 3854 1815 3913 Nam

257 3950 440 4019 certe,
467 3945 521 4005 si
547 3946 866 4025 utriusque
894 3946 1210 4025 potestatis
1237 3947 1404 4006 idem
1441 3951 1532 4006 est
1559 3944 1699 4006 finis
1725 3945 1820 4006 ul-

255 4037 468 4111 timuS‚
513 4038 730 4099 eadem
769 4039 958 4100 etiam
997 4045 1182 4100 erunt
1214 4038 1441 4113 media,
1480 4039 1818 4119 eademque

254 4129 535 4205 materia,
562 4136 626 4190 et
650 4137 1092 4209 consequenter
1116 4130 1308 4191 iidem
1334 4136 1529 4207 actus,
1554 4137 1616 4192 et
1638 4132 1817 4211 quid-

253 4223 400 4302 quid
421 4240 547 4282 una
574 4227 794 4301 potest,
817 4224 1046 4302 poterit
1070 4222 1264 4284 altera
1276 4244 1293 4298 ;
1317 4241 1454 4303 quae
1469 4230 1613 4284 sunt
1634 4224 1816 4304 plane

254 4332 530 4375 erronea.
558 4315 737 4376 Ratio
763 4333 912 4377 vero
938 4322 1049 4389 est,
1075 4316 1223 4396 quia
1248 4321 1579 4395 potestates
1617 4316 1715 4378 hae
1747 4317 1813 4378 in

254 4424 364 4467 suo
382 4425 512 4468 esse
535 4407 669 4486 plus
687 4427 875 4487 quam
899 4428 1124 4488 genere
1144 4410 1613 4489 distinguuntur
1623 4433 1641 4486 3
1664 4429 1813 4489 ergo

253 4505 313 4560 et
340 4499 407 4560 in
438 4500 669 4562 finibus
695 4502 991 4581 distingui
1022 4520 1269 4564 necesse
1294 4509 1405 4565 est.
1433 4504 1813 4565 Antecedens

251 4600 418 4674 patet
462 4614 540 4655 ex
583 4595 781 4671 dictis,
826 4597 972 4675 quia
999 4615 1129 4657 una
1175 4603 1267 4657 est
1301 4598 1806 4676 supernaturalis,

250 4705 376 4749 non
403 4694 650 4750 tantum
692 4689 840 4767 quia
866 4707 904 4749 a
935 4690 1060 4751 Deo
1086 4689 1439 4750 conceditur
1470 4690 1810 4751 extraordi-

248 4782 422 4841 nario
449 4781 655 4857 modo,
687 4782 795 4843 sed
821 4783 967 4862 quia
998 4801 1075 4843 ex
1108 4801 1172 4843 sc
1200 4788 1262 4843 et
1291 4788 1513 4843 natura
1541 4801 1653 4843 sua
1679 4802 1806 4846 non

247 4880 444 4956 potest
474 4876 744 4937 inveniri
781 4877 848 4938 in
885 4878 1018 4957 ipsa
1043 4882 1290 4952 natura,
1329 4894 1443 4938 nec
1472 4896 1549 4939 ex
1578 4879 1806 4957 princi-

246 4968 361 5048 piis
391 4968 525 5046 ejus
564 4969 738 5045 oriri,
769 4971 934 5049 quod
965 4989 1137 5031 secus
1163 4976 1252 5031 est
1279 4972 1354 5032 de
1395 4977 1691 5050 potestate
1718 4972 1803 5032 ci-

243 5060 369 5122 vili.
394 5062 569 5123 Unde
599 5062 785 5123 etiam
814 5070 1081 5143 potestas
1101 5065 1296 5142 regia,
1321 5070 1505 5144 prout
1525 5065 1593 5125 in
1621 5065 1804 5127 Saule

244 5152 357 5214 fuit
386 5154 485 5215 vel
512 5154 763 5230 Davide‚
792 5156 936 5217 licet
957 5157 1245 5218 habuerit
1271 5158 1340 5217 in
1361 5157 1448 5218 eis
1467 5158 1801 5237 quemdam

3355 393 3477 455 363

1912 511 2123 565 autem
2170 510 2262 565 est
2308 521 2419 584 per
2464 520 2529 563 se
2576 496 3082 580 supernaturalis,
3131 501 3194 558 et
3239 497 3476 559 ordinis

1913 598 2133 674 divini,
2164 599 2309 677 quia
2348 595 2521 657 nullo
2560 594 2744 655 modo
2776 610 2905 654 esse
2934 594 3135 670 potest
3166 598 3471 650 connatu-

1911 690 2061 751 ralis
2090 690 2466 751 hominibus.
2501 688 2708 748 Prima
2734 703 2879 747 vero
2906 683 3341 762 consequentia
3367 701 3474 762 pa·-

1910 788 2024 858 tet,
2067 784 2214 862 quia
2252 788 2451 843 totum
2498 799 2627 842 esse
2672 779 3114 857 cujuscumque
3160 775 3476 854 potestatis

1911 881 2005 937 est
2028 877 2097 936 in
2125 875 2340 936 ordine
2359 874 2439 935 ad
2458 891 2639 934 suum
2664 871 2854 932 finem
2875 877 2938 932 et
2959 867 3301 947 obJectum3
3328 885 3475 947 ergo

1909 968 1962 1029 si
1995 974 2261 1047 potestas
2299 964 2782 1046 supernaturalis
2827 968 2942 1038 est,
2986 978 3254 1023 necesse⁴
3278 966 3371 1021 est
3407 966 3478 1021 ut

1909 1061 1987 1123 ad
2036 1060 2227 1122 finem
2275 1065 2338 1122 et
2385 1059 2695 1138 obJectum
2737 1053 3203 1137 supernaturale
3251 1058 3475 1115 natura

1908 1171 2023 1214 sua
2049 1153 2284 1213 tendat.

1987 1247 2049 1308 4.
2087 1246 2289 1307 Dices:
2315 1261 2474 1324 saepe
2500 1243 2671 1322 leges
2690 1240 3006 1303 canonicae
3033 1238 3373 1318 disponunt
3397 1240 3473 1300 de

1908 1339 2094 1401 rebus
2120 1357 2257 1418 quoe
2286 1356 2453 1400 mere
2479 1337 2814 1398 exteriores
2842 1338 3009 1408 sunt,
3041 1337 3102 1394 et
3129 1332 3438 1394 naturales
3450 1350 3470 1411 ;

1909 1449 2058 1492 nam
2082 1432 2186 1510 jus
2225 1432 2414 1494 etiam
2449 1429 2821 1491 canonicum
2860 1426 3125 1488 intendit
3155 1432 3475 1487 externam

1907 1543 2146 1605 pacem,
2178 1532 2239 1585 et
2263 1525 2520 1603 justitiae
2558 1522 3111 1596 conservationem,
3142 1526 3213 1580 ut
3239 1521 3306 1580 in
3333 1539 3476 1600 pro-

1908 1618 2094 1678 oemio
2128 1618 2536 1679 Decretalium
2579 1617 2825 1691 dicitur,
2867 1620 2931 1675 et
2958 1614 3026 1674 in
3070 1614 3238 1674 hunc
3282 1613 3474 1675 finem

1907 1716 2144 1772 coercet
2174 1716 2238 1770 et
2264 1710 2445 1789 punit
2473 1710 2647 1771 vitia.
2689 1708 2884 1771 Multa
2925 1706 3112 1768 etiam
3145 1706 3473 1767 inveniun-

1907 1808 2012 1863 tur
2035 1803 2102 1863 in
2131 1802 2373 1881 legibus
2400 1803 2732 1878 canonicis,
2763 1818 2902 1882 quoe
2932 1800 3132 1862 solum
3161 1799 3475 1879 pertinent

1908 1896 1985 1957 ad
2013 1896 2295 1957 ordinem
2323 1914 2650 1958 causarum
2682 1901 2744 1957 et
2783 1900 3234 1968 contractuum,
3266 1898 3337 1953 ut
3363 1910 3471 1971 pa·

1908 1995 1998 2049 tet
2026 2007 2102 2049 ex
2146 1989 2305 2050 libro
2346 1992 2407 2065 2,
2438 1995 2500 2050 et
2544 2007 2621 2051 ex
2661 2007 2891 2068 magna
2919 1993 3091 2068 parte
3122 1986 3266 2047 libri
3307 1985 3475 2046 tertii

1908 2083 2301 2143 Decretorum
2326 2101 2342 2144 ε
2381 2101 2529 2162 ergo
2534 2129 2553 2159 ,
2581 2083 2725 2144 licet
2753 2087 3017 2162 potestas
3047 2079 3469 2152 ecclesiastica,

1909 2182 1980 2236 ut
2008 2182 2099 2237 est
2126 2183 2390 2256 potestas
2414 2177 2698 2238 tradendi
2737 2175 3085 2237 doctrinam
3113 2173 3258 2234 fidei
3287 2178 3349 2233 et
3378 2190 3474 2232 sa-

1908 2276 2368 2331 cramentorum
2380 2314 2401 2345 ,
2443 2275 2506 2330 et
2555 2276 2627 2329 ut
2669 2275 2760 2331 est
2805 2274 3074 2349 potestas
3119 2265 3475 2328 remittendi

1908 2368 2178 2441 peccata,
2208 2364 2305 2425 vel
2341 2363 2735 2442 dispensandi
2781 2360 3147 2440 spiritualia,
3182 2376 3476 2438 superna-

1908 2455 2126 2516 turalis
2150 2457 2252 2531 sit,
2284 2462 2346 2516 et
2370 2456 2560 2517 finem
2588 2454 3120 2534 supernaturalem
3155 2453 3468 2532 respiciat3

1908 2547 2336 2624 nihilominus,
2387 2556 2458 2608 ut
2502 2554 2595 2610 est
2640 2548 3007 2625 legislativa,
3051 2546 3296 2607 videtur
3343 2562 3473 2606 esse

1907 2640 2185 2717 ejusdem
2221 2642 2478 2702 rationis
2505 2647 2569 2703 et
2604 2641 2842 2702 ordinis
2881 2658 3023 2702 cum
3053 2644 3353 2719 potestate
3390 2638 3473 2699 ci-

1906 2733 2038 2794 vili.
2107 2734 2534 2814 Respondetur
2556 2715 2878 2812 'negando
2941 2733 3469 2811 consequentiam.

1907 2826 2116 2887 Primo
2147 2828 2422 2906 quidem,
2452 2828 2601 2907 quia
2626 2828 2817 2889 etiam
2841 2827 2910 2886 in
2940 2826 3201 2887 materia
3228 2825 3375 2886 fidei
3410 2830 3474 2886 et

1907 2927 2437 2981 sacramentorum
2478 2920 2677 2980 multa
2729 2917 3224 2999 supernaturalia
3264 2924 3328 2979 et
3371 2937 3471 2978 su-

1908 3013 2382 3088 pernaturaliter
2410 3014 2709 3092 praecipit,
2733 3013 3057 3087 nimirum,
3082 3010 3329 3073 credere
3351 3011 3469 3072 hoc

1906 3104 2006 3167 vel
2033 3104 2210 3182 iUud,
2240 3107 2509 3186 recipere
2540 3107 2689 3168 talia
2717 3112 3101 3168 sacramenta
3123 3105 3230 3166 tali
3259 3105 3467 3180 modo,

1907 3198 2008 3258 vel
2026 3204 2324 3277 tempore,
2349 3200 2568 3261 offerre
2586 3200 2958 3260 sacrificium
2978 3197 3468 3277 supernaturale,

1907 3291 2007 3351 vel
2033 3291 2125 3351 illi
2150 3292 2453 3367 assistere,
2474 3299 2535 3353 et
2552 3293 2813 3354 similia:
2842 3294 2909 3353 in
2937 3291 3161 3371 quibus
3182 3291 3471 3351 omnibus

1904 3401 1970 3444 se
2011 3387 2194 3462 gerit,
2239 3393 2309 3446 ut
2349 3392 2615 3465 potestas
2661 3385 3003 3465 legislativa
3050 3390 3160 3461 est,
3190 3386 3369 3464 juxta
3397 3403 3471 3446 ea

1904 3496 2042 3557 quse
2081 3484 2301 3540 tractat
2337 3481 2514 3540 Joan.
2558 3481 2719 3540 XXII
2749 3480 2816 3541 in
2849 3480 3099 3540 Exn-av.
3135 3479 3293 3553 Quia
3319 3496 3470 3559 quo-

1902 3572 2204 3647 rumdam,
2235 3572 2311 3634 de
2338 3572 2593 3635 Verbor.
2624 3571 2952 3652 significat.
2984 3571 3283 3648 Secundo,
3322 3572 3469 3651 quia

1902 3664 2090 3725 etiam
2123 3665 2191 3725 in
2221 3665 2318 3725 his
2361 3666 2653 3727 omnibus
2684 3684 2820 3745 quse
2858 3666 3071 3727 statuit
3096 3665 3228 3726 haec
3266 3671 3466 3744 potes-

1898 3761 2015 3832 tas»,
2043 3760 2478 3839 pertinentque
2504 3760 2583 3821 ad
2614 3765 2935 3821 externam
2968 3759 3249 3839 politiam
3276 3759 3464 3820 eccle-

1898 3849 2229 3927 siasticam,
2255 3852 2355 3912 vel
2377 3852 2456 3912 ad
2476 3852 2638 3928 lites,
2660 3859 3032 3929 contractus,
3057 3857 3173 3913 etc.
3182 3897 3202 3928 ,
3224 3869 3465 3930 semper

1898 3945 2450 4023 supernaturaliter
2492 3947 2791 4027 praecipit,
2820 3946 2888 4007 id
2932 3952 3044 4021 ost,
3083 3946 3199 4007 sub
3224 3946 3464 4007 ratione

1898 4040 2379 4118 supernaturali,
2407 4045 2470 4101 et
2497 4041 2565 4100 in
2597 4040 2813 4101 ordine
2839 4039 2918 4100 ad
2951 4038 3140 4100 finem
3168 4057 3461 4118 superna·

1896 4131 2186 4192 turalem.
2220 4133 2376 4192 Nam
2421 4132 2638 4193 eadem
2682 4138 2774 4192 est
2817 4137 3082 4212 potestas
3116 4132 3461 4211 legislativa

1898 4224 1966 4283 in
2015 4243 2402 4304 quacumque
2448 4228 2728 4302 materia,
2779 4234 2842 4288 et
2885 4244 3128 4305 semper
3170 4232 3461 4305 operatur

1897 4316 2012 4377 sub
2042 4320 2288 4397 propria
2320 4321 2559 4380 ratione
2587 4320 2812 4400 objecti
2835 4320 2965 4397 sui3
2998 4321 3161 4400 quod
3197 4325 3393 4399 potest
3420 4337 3459 4382 a

1895 4410 2083 4471 simili
2106 4411 2404 4472 declarari
2421 4431 2498 4473 ex
2514 4414 2750 4474 actibus
2762 4415 3065 4475 virtutum
3083 4414 3453 4474 infusarum.

1893 4504 2050 4565 Nam
2075 4523 2187 4585 per
2212 4505 2421 4582 fldem,
2447 4507 2620 4568 verbi
2648 4509 2870 4586 gratia,
2896 4525 3025 4568 non
3057 4512 3302 4568 tantum
3330 4525 3458 4568 cre-

1894 4597 2099 4681 dimus
2162 4600 2652 4678 supernaturalia
2702 4601 2999 4681 mysteria
3018 4646 3039 4677 ,
3100 4601 3207 4662 sed
3265 4601 3455 4663 ctiam

1891 4690 2093 4779 multa
2131 4692 2458 4769 naturalia,
2504 4700 2575 4754 ut
2618 4695 2811 4756 Deum
2844 4713 2995 4771 esse,
3039 4694 3140 4756 vel
3177 4694 3453 4756 animam

1891 4800 2023 4844 esse
2051 4785 2489 4867 immortalem3
2512 4793 2724 4851 tamen
2749 4795 2936 4870 prout
2960 4788 3111 4852 fides
3134 4790 3296 4850 circa
3320 4789 3453 4850 haec

1888 4883 2190 4955 versatur,
2220 4879 2350 4965 ‘suh
2377 4882 2614 4943 ratione
2640 4881 3093 4962 supernaturali
3123 4881 3343 4956 tendit,
3387 4886 3451 4941 et

1886 4974 2437 5050 supernaturaliter
2465 4981 2789 5054 operatur:
2836 4975 3003 5035 idem
3042 4974 3109 5034 in
3150 4973 3449 5034 charitate

1886 5068 1950 5124 et
1992 5082 2098 5145 spe
2144 5066 2354 5127 videre
2395 5068 2561 5145 licet,
2595 5075 2657 5130 et
2686 5068 2959 5129 maxime
2997 5068 3066 5127 in
3110 5065 3445 5127 virtutihus

1884 5159 2221 5221 moralibus
2248 5179 2360 5240 per
2378 5178 2443 5221 se
2469 5160 2720 5236 inlusis;
2741 5162 2831 5221 ita
2852 5178 2998 5238 ergo
3024 5177 3089 5219 se
3109 5157 3297 5219 habet
3313 5158 3445 5219 haec

245 5246 493 5307 modum
522 5250 1075 5328 supernaturalem,
1101 5249 1286 5329 longe
1312 5250 1553 5311 diversa
1579 5250 1699 5311 fuit
1719 5250 1801 5312 ab
1880 5258 2147 5330 potestas
2176 5253 2243 5313 in
2274 5253 2369 5313 his
2410 5252 2650 5331 legibus
2683 5252 2971 5326 ferendis,
3000 5269 3137 5331 quae
3179 5250 3443 5331 politicae

243 5337 355 5399 hac
402 5347 731 5420 potestate3
762 5342 1044 5403 namjlla
1085 5342 1203 5403 fuit
1248 5348 1489 5403 tantum
1532 5349 1797 5422 potestas
1880 5350 1942 5405 et
1972 5346 2148 5423 quasi
2171 5346 2381 5407 civiles
2407 5364 2539 5406 esse
2563 5344 2892 5404 videntur:
2919 5362 3065 5405 nam
3099 5363 3343 5424 semper
3373 5345 3442 5405 in

241 5431 453 5507 civilis,
484 5451 557 5494 ac
601 5434 679 5494 de
721 5452 787 5496 se
819 5435 1116 5496 naturalis
1161 5435 1229 5496 in
1274 5435 1615 5498 substantia
1658 5455 1791 5513 sua,
1875 5436 1999 5499 illis
2040 5438 2227 5500 habet
2263 5445 2608 5519 respectum
2642 5437 2723 5497 ad
2760 5436 3020 5500 salutem
3059 5440 3436 5513 animarum,

239 5523 374 5587 licet
418 5526 604 5588 modo
654 5529 1147 5611 praetcrnaturali
1193 5530 1339 5593 data
1385 5531 1574 5594 fuerit
1586 5547 1610 5611 3
1663 5531 1794 5596 haic
1873 5535 1938 5592 ct
1954 5531 2033 5592 ad
2054 5532 2415 5613 religiosum
2430 5530 2670 5595 cultum
2686 5531 2819 5609 Dei,
2836 5536 2910 5595 ut
2924 5550 3002 5595 ex
3018 5538 3231 5596 tenore
3249 5530 3438 5597 etiam
