3976 6219
382 398 504 462 938

383 502 528 567 nem
551 510 612 589 et
639 502 948 583 publicam
971 500 1554 581 promulgationem,
1585 508 1648 563 et
1666 504 1934 582 priorem

383 604 558 679 putat
583 596 862 657 sufficere
879 595 956 655 ad
979 594 1382 656 substantiam
1405 602 1466 656 et
1493 596 1935 675 obligationem

381 691 558 769 legis„
584 688 1036 761 sinesecunda,
1069 688 1218 767 quia
1253 690 1323 748 in
1360 689 1468 750 illo
1496 694 1670 750 textu
1711 688 1938 749 dicitur

381 783 498 845 sub
529 781 956 861 disjunctione·
979 795 998 843 3
1023 779 1408 843 Solanades
1433 782 1656 855 editur,
1683 788 1791 843 aut
1815 799 1935 860 pu-

382 877 528 939 blico
565 876 998 955 promulyatur
1021 898 1049 945 ,·
1092 874 1258 934 unde
1307 874 1394 934 ait
1437 874 1936 935 constitutionem

381 968 658 1046 obligare
689 967 900 1029 statim
935 982 1008 1027 ac
1033 965 1392 1027 solemniter
1417 966 1486 1026 in
1517 965 1762 1045 publico
1795 984 1938 1026 con-

379 1061 518 1123 silio
541 1061 772 1135 editur„
789 1065 1126 1139 antequam
1149 1060 1230 1119 sit
1249 1058 1492 1137 publice
1519 1058 1934 1137 promulgata,

379 1173 454 1215 ac
481 1152 752 1217 subinde
791 1151 1355 1232 promulgationem
1392 1150 1708 1229 publioem
1735 1150 1938 1210 solum

379 1246 616 1325 requiri
641 1245 891 1324 quando
923 1244 1025 1305 lex
1049 1244 1183 1305 sine
1200 1242 1600 1303 solemnitate
1630 1242 1794 1303 edita
1821 1248 1934 1303 est.

379 1340 596 1401 Melius
627 1345 839 1401 tamen
877 1337 1105 1399 dicitur
1136 1335 1392 1397 illa-duo
1421 1334 1612 1396 verba
1647 1334 1940 1413 aequipol·

379 1431 575 1495 lentis.
595 1448 751 1506 esse,
781 1436 848 1492 et
863 1428 1233 1511 particulam
1257 1434 1364 1491 aut
1383 1429 1651 1508 positam
1678 1446 1810 1488 esse
1829 1444 1940 1506 pro

379 1542 485 1591 seu
501 1570 524 1600 ‚
563 1530 638 1585 ut
663 1523 1018 1602 frequenter
1047 1520 1119 1583 fit
1151 1538 1168 1582 t
1201 1522 1386 1581 unde.
1399 1520 1537 1581 fieri
1575 1537 1708 1581 non
1747 1522 1946 1599 potest

381 1624 454 1678 ut
485 1617 586 1679 lex
617 1616 895 1679 humana
935 1614 1194 1693 incipiat
1219 1631 1350 1675 esse
1381 1613 1505 1689 lex,
1535 1618 1600 1674 et
1626 1612 1756 1673 vim
1792 1610 1946 1671 obli-

382 1710 572 1790 gandi
599 1709 830 1775 habeat
853 1708 1214 1788 priusquam
1241 1706 1322 1767 sit
1352 1705 1562 1785 aliquo
1589 1704 1774 1765 modo
1805 1721 1946 1783 pro·

383 1803 665 1881 mulgata
695 1801 940 1882 publice
967 1817 984 1861 :
1016 1818 1164 1861 nam
1188 1802 1242 1860 si
1267 1798 1510 1861 dicatur
1540 1798 1704 1859 edi-ta
1725 1797 1950 1857 solem-

383 1896 569 1970 niter,
600 1895 804 1957 solum
831 1894 980 1973 quia
1005 1894 1073 1953 in
1102 1892 1348 1972 publico
1371 1890 1629 1953 consilio
1656 1891 1819 1969 regis
1841 1894 1952 1949 aut

385 1994 744 2051 senatorum
777 1985 1126 2066 reipublicae
1177 1986 1521 2063 conscripta
1557 1984 1656 2045 vel
1693 1982 1952 2043 definita

385 2088 499 2157 est,
535 2081 654 2143 hoc
671 2098 800 2141 non
823 2085 918 2141 est
942 2080 1090 2139 satis
1108 2084 1180 2138 ut
1205 2077 1288 2139 sit
1307 2077 1440 2152 lex,
1462 2076 1652 2137 velut
1677 2074 1952 2153 obligare

383 2174 642 2253 incipiat
677 2173 868 2235 etiam
903 2176 1232 2251 praesentes
1269 2175 1332 2231 et
1361 2170 1644 2243 scientes,
1679 2168 1824 2247 quia
1853 2184 1950 2227 so-

385 2266 673 2328 lemnitas
695 2264 992 2344 requisita
1005 2264 1096 2325 ad
1113 2263 1318 2341 legem
1343 2280 1473 2323 non
1485 2267 1735 2322 tantum
1759 2266 1952 2323 estex

385 2364 560 2439 parte
605 2358 996 2421 conditorum
1014 2400 1034 2432 ‚
1093 2356 1200 2417 sed
1245 2355 1434 2416 etiam
1493 2354 1566 2413 in
1611 2353 1832 2414 ordine
1870 2352 1950 2413 ad

387 2453 930 2524 communitatem,
951 2455 1014 2509 et
1039 2448 1180 2509 ideo
1209 2466 1338 2509 non
1361 2452 1454 2507 est
1473 2445 1577 2507 lex
1601 2445 1800 2506 donec
1825 2464 1950 2506 res-

385 2551 572 2624 pectu
597 2542 1062 2607 communitatis
1103 2540 1332 2600 habeat
1357 2544 1589 2600 statum
1627 2538 1807 2617 legis,
1835 2555 1952 2599 nec

389 2639 606 2717 incipit
631 2638 908 2714 obligare
925 2634 1210 2711 singulos
1232 2633 1428 2693 donec
1455 2631 1648 2710 possit·
1671 2648 1950 2691 commu-

387 2732 652 2791 nitatem
677 2728 978 2806 obligare.
1023 2724 1204 2799 Quod
1233 2726 1466 2804 optime
1504 2722 1851 2803 explicatur
1880 2722 1949 2783 in

389 2822 634 2901 legibus
685 2821 868 2883 editis
931 2820 1002 2879 in
1063 2818 1340 2896 generali
1400 2816 1660 2878 concilio
1707 2832 1728 2875 z
1777 2816 1951 2876 nulla

391 2916 562 2979 enim
607 2918 811 2993 potest⁴
847 2930 982 2974 esse
1025 2911 1359 2971 solemnior
1395 2909 1584 2971 editio
1628 2914 1774 2969 ante
1813 2926 1952 2986 pro-

392 3007 840 3087 mulgationem
854 3050 876 3081 ,
906 3010 970 3067 et
993 3004 1398 3064 nihilominus
1425 3021 1551 3063 non
1585 3000 1810 3063 sufficit
1829 3000 1952 3060 nisi

392 3106 690 3181 sequatur
732 3096 1172 3180 promulgatio.
1217 3096 1507 3170 Quamvis
1545 3115 1694 3176 ergo
1733 3093 1835 3155 lex
1871 3093 1952 3154 sit

393 3195 560 3258 edita
588 3195 658 3256 in
679 3193 853 3271 regio
879 3190 1156 3264 consilio,
1188 3195 1250 3250 et
1265 3189 1354 3250 ibi
1375 3190 1660 3250 omnium
1681 3206 1788 3249 ore
1809 3205 1951 3266 pro-

392 3289 522 3350 lata
538 3331 560 3364 ,
605 3288 706 3350 vel
742 3303 962 3348 eorum
1005 3283 1369 3345 auctoritate
1415 3284 1640 3362 scripta
1653 3327 1674 3357 ‚
1723 3287 1786 3342 et
1821 3282 1950 3341 imo

313 3395 318 3402 ·
394 3380 539 3444 licet
563 3379 644 3440 sit
663 3379 830 3458 typ‘u
845 3375 1162 3451 mandata,
1197 3374 1472 3435 nondum
1491 3380 1586 3436 est
1605 3375 1730 3449 lex,
1755 3373 1954 3434 donec

394 3471 604 3550 aliquo
628 3469 754 3532 alio
773 3469 960 3530 modo
986 3466 1233 3547 publico
1261 3467 1342 3526 sit
1361 3465 1795 3526 communitati
1815 3483 1954 3544 pro-

394 3563 616 3642 posita,
647 3567 712 3624 et
747 3561 909 3622 hanc
943 3575 1234 3620 vocamus
1265 3557 1846 3637 promulgationem.
1887 3555 1954 3618 Si

301 3642 314 3660 ’
396 3672 543 3716 vero
573 3653 862 3716 solemnis
889 3651 1080 3714 editio
1110 3650 1274 3729 legis·
1293 3650 1376 3711 sit
1401 3651 1467 3710 in
1500 3655 1826 3729 conspectu
1857 3655 1954 3710 to·-

393 3748 520 3808 tius
559 3745 794 3826 populi,
835 3755 909 3805 ut
944 3745 1234 3804 Panorm.
1282 3742 1454 3822 loqui
1495 3743 1762 3818 videtur,
1804 3748 1956 3803 tunc

395 3838 688 3902 solemnis
716 3837 908 3901 editio
933 3835 1198 3898 includit
1220 3834 1806 3920 promulgationem,
1835 3836 1954 3895 im-

397 3932 741 4010 meritoque
761 3929 1250 4006 distinguuntur.
1298 3930 1626 4007 Nunquam
1649 3945 1798 4007 ergo
1825 3927 1956 4006 edi-

395 4025 483 4086 tio
513 4025 670 4103 legis
707 4022 898 4084 habet
934 4020 1388 4084 solemnitatem
1423 4020 1785 4100 requisitam
1819 4020 1954 4081 sine

393 4117 888 4197 promulgatione
907 4131 927 4192 ;
959 4133 1158 4194 neque
1177 4133 1210 4175 e
1231 4131 1526 4175 converso
1539 4113 1962 4193 promulgatio

395 4229 531 4272 esse
545 4214 745 4290 potest
759 4201 894 4270 sine
915 4207 1178 4270 solemni
1193 4207 1485 4282 editione,
1515 4208 1662 4285 quia
1687 4206 1788 4266 vel
1805 4222 1968 4265 cum-

393 4302 504 4364 illa
543 4301 617 4364 fit
635 4348 656 4378 ,
699 4301 801 4362 vel
833 4306 998 4361 certe
1031 4299 1277 4362 additur
1311 4299 1568 4360 editioni
1596 4299 1752 4376 legis
1781 4299 1955 4377 prius

394 4395 576 4456 factae
596 4440 617 4470 ‚
664 4399 729 4456 et
753 4392 1115 4454 solemnizat
1147 4391 1318 4452 illam
1353 4391 1444 4470 (ut
1467 4390 1554 4451 sic
1581 4388 1825 4470 dicam).
1880 4391 1958 4450 Et

395 4487 534 4550 ideo
563 4485 672 4548 ubi
694 4485 804 4546 illa
831 4484 956 4544 duo
973 4483 1466 4561 distinguuntur,
1496 4487 1559 4544 et
1583 4481 1838 4543 diversis
1860 4498 1958 4541 ac-

395 4579 672 4641 tionibus
705 4595 778 4638 ac
804 4574 1186 4654 temporibus
1223 4575 1407 4650 fiunt,
1447 4591 1693 4636 necesse
1729 4578 1838 4646 est,
1887 4578 1960 4633 ut

395 4678 730 4750 utrumque
774 4674 1120 4732 concurrat.
1167 4669 1243 4729 Et
1287 4670 1376 4729 ita
1424 4668 1612 4729 sentit
1652 4668 1856 4727 Innoc.
1889 4666 1954 4726 d.

396 4781 451 4824 c.
485 4767 546 4838 1,
573 4781 641 4823 n.
673 4764 736 4837 6,
767 4766 829 4824 et
855 4762 1187 4837 Hostiens.,
1209 4779 1277 4820 n..
1296 4761 1371 4820 21
1402 4767 1466 4822 et
1491 4762 1591 4820 22.
1629 4764 1692 4819 et
1717 4758 1824 4818 alii
1851 4757 1960 4836 qui

396 4855 744 4935 copulative
779 4853 1137 4932 intelligunt
1177 4857 1418 4913 textum
1451 4852 1628 4912 illum
1653 4873 1670 4926 3
1703 4869 1815 4910 nos
1841 4867 1959 4910 au-

395 4955 524 5010 tem
552 4955 886 5028 utrumque
907 4946 1027 5008 sub
1049 4946 1302 5007 nomine
1323 4943 1835 5025 promulgationis
1858 4942 1960 5004 vel

395 5041 686 5106 solemnis
715 5039 1004 5104 editionis
1026 5039 1632 5118 comprehendimus.
1773 5073 1779 5078 .

476 5135 537 5193 3.
583 5133 914 5196 Distinotio
941 5133 1102 5193 inter
1120 5132 1666 5210 promulgationem
1675 5134 1740 5192 ct
1767 5127 1962 5190 divul-

395 5227 698 5306 yationom
737 5225 910 5302 leqis.
941 5257 1020 5274 »-
1040 5224 1124 5284 Ut
1169 5229 1378 5284 autem
1405 5221 1706 5301 explicem
1737 5221 1965 5282 clarius

395 5317 597 5397 qualis
623 5314 1040 5395 promulgatio
1083 5315 1359 5375 sufficiat.
1375 5333 1454 5374 ac
1483 5314 1826 5374 necessaria
1859 5317 1959 5388 sit,

396 5411 712 5489 distinguo
759 5409 921 5472 inter
957 5407 1518 5485 promulgationem
1571 5413 1634 5466 et
1673 5407 1964 5484 divulga-

397 5503 634 5564 tionem
671 5501 848 5579 legis.
893 5498 1456 5578 promulgationem
1499 5497 1742 5578 appello
1789 5497 1963 5557 illam

1393 406 1508 458 LIB.
1543 407 1626 459 m.
1663 406 1746 458 DE
1775 404 1936 458 LEGE
1965 404 2227 459 imnum
2258 406 2341 459 m·
2370 406 2575 459 cmm.

2016 505 2325 584 publicam
2368 504 2849 589 propositionem
2896 520 3003 564 seu
3046 499 3603 563 denuntiationem

2016 598 2196 678 legis,
2225 618 2363 679 ‘1¹1ae
2395 600 2468 659 fit
2488 604 2598 659 aut
2616 616 2766 658 voce
2789 596 3110 676 praeconiS,
3142 602 3251 656 aut
3277 592 3601 673 affigendo

2015 690 2217 769 legem
2246 696 2535 771 scriptam
2562 692 2629 751 in
2648 689 2893 769 publico
2920 689 3079 764 loco,
3106 698 3218 748 aut
3248 687 3373 747 alio
3400 684 3603 747 simili

2016 785 2221 845 modo.
2265 784 2759 863 Divulgationem
2800 786 3011 843 autem
3053 779 3299 861 appello
3324 779 3607 858 applica-

2015 875 2249 936 tionem
2298 875 2466 937 illius
2498 876 2711 955 primae
2748 873 3267 954 promulgationis
3304 870 3387 932 ad
3430 869 3607 931 noti-

2017 968 2169 1027 tiam
2183 1013 2206 1043 ,
2254 968 2353 1029 vel
2400 984 2581 1029 aures
2633 968 3021 1029 subditorum
3068 965 3448 1041 absentium,
3486 962 3605 1043 qui

2018 1066 2127 1120 aut
2154 1059 2382 1139 legere,
2418 1066 2526 1121 aut
2571 1062 2787 1122 audire
2817 1061 3085 1140 primam
3112 1059 3288 1119 illam
3318 1054 3607 1137 promul-

2020 1153 2337 1230 gationem
2371 1170 2499 1213 non
2528 1158 2899 1232 potuerunt:
2938 1158 3289 1231 utrumque
3310 1166 3460 1228 ergo
3486 1165 3605 1209 ex-

2019 1245 2379 1325 plicandum
2404 1251 2535 1325 est:
2564 1264 2713 1307 nam
2742 1262 2813 1307 re
2840 1264 2992 1307 vera
3018 1253 3359 1323 utrumque
3392 1245 3605 1323 potest
3716 1274 3721 1277 -

2021 1356 2151 1401 esse
2186 1338 2403 1417 aliquo
2443 1338 2629 1399 modo
2659 1339 3097 1413 necesarium,
3142 1337 3302 1398 etin
3322 1340 3605 1413 utroque

2023 1438 2266 1511 oportet
2312 1431 2556 1512 aliquos
2600 1432 2847 1494 dicendi
2876 1432 3093 1494 modos
3132 1436 3413 1493 extreme
3452 1444 3607 1489 con-

2023 1525 2244 1586 trarios
2271 1541 2507 1587 cavere.

2102 1622 2166 1680 4.
2204 1620 2427 1681 Prima
2458 1617 3002 1682 conducta—Dico
3028 1618 3227 1697 igitur
3248 1618 3491 1698 primo:
3509 1616 3607 1677 Ex

2026 1718 2251 1773 natura
2282 1712 2373 1773 rei
2400 1728 2527 1773 non
2554 1716 2644 1773 est
2684 1712 2947 1791 positive
2984 1711 3403 1773 determinata
3434 1716 3607 1772 certa

2028 1803 2385 1865 solemnitas
2428 1803 2529 1865 vel
2562 1803 2978 1883 promulgatio
2996 1803 3269 1885 publiea,
3318 1803 3426 1865 sed
3468 1802 3607 1863 haec

2030 1896 2099 1956 in
2137 1896 2377 1975 legibus
2406 1896 2687 1957 civilibus
2714 1914 2792 1958 ex
2819 1898 3084 1976 ipsomet
3102 1897 3249 1975 jure
3278 1895 3479 1971 civili,·
3500 1893 3609 1956 vel

2032 2007 2110 2051 ex
2136 1994 2382 2069 recepta
2406 1990 2873 2067 consuetudine,
2902 1990 3005 2051 vel
3037 2008 3115 2052 ex
3140 1988 3467 2051 voluntate
3490 2006 3607 2049 ex-

2032 2100 2239 2161 pressa
2291 2082 2659 2160 legislatoris
2704 2082 3173 2144 determinanda
3230 2089 3343 2144 est.
3396 2082 3609 2142 Prima

2031 2192 2172 2253 pars
2194 2192 2305 2255 per
2334 2193 2398 2235 se
2439 2180 2589 2236 nota
2614 2175 2881 2250 videtur,
2913 2175 3061 2254 quia
3089 2192 3168 2235 ex
3190 2177 3330 2255 jure
3355 2178 3611 2235 naturae

2032 2266 2233 2328 solum
2259 2266 2563 2328 habemus
2581 2267 2749 2347 quod
2764 2266 3065 2327 hactenus
3080 2268 3375 2343 diximus,
3398 2268 3613 2347 legem

2032 2358 2375 2420 humanam
2402 2358 2624 2420 debere
2656 2376 2785 2420 esse
2812 2360 3245 2420 communitati
3291 2358 3615 2420 sufficien-

2031 2459 2127 2513 ter
2151 2454 2527 2534 propositam
2552 2468 2575 2529 3
2596 2452 2819 2513 modus
2848 2458 3057 2513 autem
3084 2451 3274 2532 hujus
3296 2452 3614 2513 sufficien-

2029 2545 2132 2605 tiae
2170 2564 2296 2605 non
2344 2551 2435 2607 est
2478 2562 2555 2621 ex
2578 2550 2802 2605 natura
2828 2545 2920 2605 rei
2950 2543 3245 2605 definitus
3271 2568 3289 2619 ;
3322 2563 3475 2623 ergo
3499 2544 3609 2604 de-

2028 2638 2387 2699 terminatio
2436 2639 2570 2716 ejus
2623 2654 2751 2697 non
2799 2642 3001 2716 potest
3052 2654 3128 2698 ex
3180 2636 3314 2698 sola
3360 2636 3610 2698 ratione

2030 2730 2299 2791 naturali
2322 2730 2743 2791 determinari.
2770 2729 2997 2790 Addidi
3024 2736 3237 2791 autem
3264 2746 3397 2790 non
3416 2744 3610 2809 posse

2030 2822 2289 2902 positive
2318 2820 2743 2895 determinari,
2764 2820 2913 2900 quia
2930 2823 3224 2899 negative
3240 2821 3481 2901 aliquid
3500 2820 3612 2881 de-

2032 2916 2266 2995 signari
2299 2920 2499 2995 potest
2542 2915 2613 2974 in
2646 2913 3003 2993 particulari
3028 2914 3193 2993 quod
3221 2914 3303 2975 ad
3328 2912 3611 2993 promul-

2034 3008 2347 3085 gationem
2375 3008 2528 3087 legis
2554 3006 2965 3067 necessarium
2992 3024 3123 3068 non
3162 3008 3261 3082 sit,
3301 3013 3398 3082 ut,
3426 3006 3615 3067 verbi

2030 3101 2231 3180 gratia
2244 3147 2266 3178 ,
2314 3100 2479 3181 quod
2520 3100 2781 3179 singulis
2822 3099 3085 3161 subditis
3133 3101 3203 3162 in
3242 3100 3615 3180 particulari

2028 3193 2353 3256 intimetur
2406 3193 2817 3255 necessarium
2860 3209 2989 3253 non
3018 3199 3111 3254 est
3138 3239 3160 3271 ,
3206 3199 3279 3254 ut
3320 3207 3616 3272 expresse

2027 3286 2260 3348 dicitur
2280 3287 2349 3347 in
2380 3303 2437 3349 c.
2463 3291 2491 3348 1
2516 3286 2592 3348 de
2611 3285 2901 3347 Postulat.
2921 3285 3181 3347 Praelat.·
3195 3302 3217 3364 3
3249 3286 3615 3347 ubiomnes

2033 3378 2097 3439 id
2120 3383 2339 3440 notant
2364 3396 2492 3440 non
2522 3383 2823 3458 tanquam
2846 3376 2915 3436 in
2935 3378 3082 3456 jure
3102 3383 3353 3439 tantum
3386 3379 3619 3459 positi-

2032 3489 2112 3532 vo
2157 3473 2601 3552 praescriptum,
2646 3469 2750 3531 sed
2778 3476 2849 3532 ut
2876 3487 2951 3531 ex
2993 3477 3231 3533 natura·
3250 3471 3355 3558 rei
3396 3490 3619 3540 eonse-

2032 3581 2227 3642 quens
2255 3579 2271 3622 t
2322 3569 2460 3624 tum
2502 3565 2651 3643 quia
2674 3563 2777 3624 lex
2802 3581 2914 3642 per
2944 3581 3011 3624 se
3041 3563 3297 3642 respicit
3320 3580 3618 3624 commu-

2034 3659 2317 3729 nitatem,
2336 3661 2399 3716 et
2416 3655 2553 3716 ideo
2564 3661 2843 3734 respectu
2860 3655 3026 3716 illius
3037 3655 3389 3735 postulatur
3404 3671 3621 3716 neces·

2032 3746 2195 3808 saria
2220 3747 2659 3826 promulgatio,
2688 3765 2815 3808 non
2851 3753 3147 3826 respectu
3165 3747 3569 3826 singulorum
3593 3764 3615 3826 3

2032 3845 2170 3900 tum
2196 3841 2385 3900 etiam
2412 3840 2560 3919 quia
2582 3839 2690 3900 illa
2714 3838 2875 3918 legis
2885 3839 3197 3900 intimatio
3209 3839 3619 3919 particularis

2034 3931 2113 3991 ad
2140 3930 2414 4010 singulas
2436 3949 2744 4010 personas
2787 3937 2879 3992 est
2912 3931 3231 3991 moraliter
3256 3931 3621 4010 impossibi-

2032 4023 2133 4099 lis,
2166 4029 2229 4085 et
2256 4041 2332 4084 ex
2364 4024 2661 4085 accidenti
2690 4029 2891 4103 potest
2906 4024 2983 4083 in
3010 4023 3229 4084 multis
3244 4023 3565 4103 impediri
3597 4041 3615 4085 :

2012 4115 2136 4206 {lex
2184 4120 2399 4178 autem·
2438 4116 2785 4178 considerat
2824 4133 2923 4178 ea*
2943 4125 3084 4194 quse
3109 4120 3263 4175 'sunt
3288 4133 3405 4195 per
3438 4133 3507 4176 se
3550 4120 3623 4176 et

2035 4225 2173 4288 quae
2204 4209 2523 4269 moraliter
2546 4208 2882 4283 sufficiunt,
2914 4214 2975 4268 et
3001 4207 3142 4267 ideo
3164 4206 3315 4266 licet
3340 4207 3623 4286 particu-

2035 4299 2181 4360 laris
2208 4301 2431 4362 notitia
2461 4301 2563 4362 vel
2592 4301 2945 4379 ignorantia
2978 4299 3134 4377 legis
3159 4305 3355 4378 possit
3376 4301 3623 4378 requiri

2036 4393 2117 4453 ad
2140 4393 2596 4454 accusationem
2618 4392 2719 4453 vel
2729 4392 3191 4453 excusationem
3218 4389 3626 4469 uniuscujus-

2038 4501 2158 4563 que
2198 4503 2497 4564 personae,
2540 4483 2947 4546 nihilominus
2988 4483 3297 4544 sufficiens
3322 4481 3622 4560 promul-

2040 4576 2209 4655 gatio
2253 4576 2408 4655 legis
2448 4595 2526 4639 ex
2570 4577 2669 4638 his
2696 4576 3177 4637 circumstantiis
3202 4591 3329 4635 non
3356 4571 3615 4653 pendet.

2041 4668 2143 4728 Sic
2197 4687 2347 4748 ergo
2390 4668 2595 4749 quoad
2644 4668 2917 4747 aliquam
2970 4668 3379 4746 negationem
3425 4665 3625 4727 habet

2040 4759 2617 4822 determinationem
2640 4760 2772 4821 haec
2788 4759 3209 4839 promulgatio
3240 4759 3422 4838 legia,
3454 4759 3624 4819 scili-

2041 4857 2157 4928 cet,
2187 4859 2257 4913 ut
2284 4854 2588 4933 generalis
2619 4853 2719 4927 sit,
2756 4858 2819 4913 et
2842 4853 3031 4914 modo
3060 4853 3309 4932 publico
3338 4853 3453 4913 fiat
3482 4853 3624 4914 abs-

2040 4962 2162 5023 que
2206 4947 2446 5024 privata
2482 4944 2907 5005 intimatione:
2956 4945 3160 5024 quoad
3194 4945 3377 5005 illum
3405 4951 3625 5006 autem

1979 5067 1986 5078 ·
2043 5037 2797 5116 modum=pnblicumnon
2830 5029 3378 5115 habetpositivam
3408 5038 3623 5098 deter-

2044 5129 2451 5189 minationem
2493 5129 2625 5189 haec
2651 5127 3069 5207 promulgatio
3103 5145 3182 5189 ex
3211 5128 3343 5189 sola
3375 5129 3483 5189 rei·
3510 5147 3625 5189 na-

2046 5225 2209 5373 tm}
2234 5311 2407 5373 Unde
2434 5310 2613 5372 facile
2632 5311 3011 5389 colliguntur
3035 5311 3175 5372 aliae
3202 5319 3446 5391 partes:
3476 5315 3627 5393 quia

2046 5405 2123 5466 de
2172 5405 2330 5464 facto
2357 5421 2598 5482 semper
2639 5403 3051 5463 necessarium
3086 5409 3177 5463 est
3206 5411 3277 5464 ut
3312 5405 3447 5466 hoec
3470 5423 3624 5485 pro-

2047 5495 2347 5574 mulgatio
2393 5495 2803 5555 determinato
2842 5493 3027 5555 modo
3074 5493 3209 5572 fiat,
3264 5499 3378 5576 qui
3424 5498 3507 5558 ad
3534 5498 3624 5561 le-
