3976 6219
939 414 1074 468 CAP.
1113 415 1199 469 xl.
1234 416 1320 469 AN
1347 416 1472 471 mx
1502 417 1812 474 cANoNch
1841 422 2093 477 HABEAT
2123 422 2437 479 PROPRIA!
2466 421 2809 476 mmmm.

259 535 388 599 per
411 514 734 579 canonicas
759 534 890 579 non
907 518 1334 598 prohibentur.
1357 520 1674 583 Interdum
1693 540 1840 586 vero

259 610 440 691 leges
466 610 678 672 civiles
705 612 976 690 puniunt
1001 612 1223 673 delicta
1243 630 1382 693 quse
1405 620 1552 675 ειιιιι
1583 617 1841 679 οιιιιιιιιο

257 703 392 765 fori
417 702 834 780 ecclesiastici,
881 710 952 765 ιιι
999 710 1092 766 εει
1130 705 1398 777 haeresis,
1429 706 1836 788 blasphemia,

259 803 338 857 et
361 795 614 871 similia,
637 796 788 875 quia
815 798 1004 859 etiam
1047 796 1180 859 haec
1218 798 1372 859 vitia
1397 805 1624 863 nocent
1659 800 1839 863 valde

259 887 626 968 reipublicae
653 888 1028 966 christianae,
1063 888 1255 951 etiam
1281 892 1490 971 quoad
1516 898 1838 957 externam

255 999 490 1062 pacem
553 986 616 1041 et
669 980 1030 1043 felicitatem
1080 984 1508 1065 temporalem,
1555 991 1620 1048 et
1683 986 1838 1049 alias

255 1074 540 1137 Ecclesia
569 1074 636 1135 id
657 1090 786 1135 non
813 1074 1134 1155 prohibet3
1165 1077 1292 1139 imo
1325 1078 1522 1141 utitur
1554 1079 1834 1143 ministe—

257 1168 365 1230 rio
391 1167 618 1229 talium
644 1166 858 1246 legum
883 1168 952 1229 in
977 1186 1162 1231 suum
1187 1168 1412 1233 finemz
1439 1176 1504 1233 et
1535 1172 1670 1234 haec
1692 1174 1835 1236 doc-

259 1260 440 1323 trina
465 1260 780 1340 colligitur
804 1261 996 1323 etiam
1025 1280 1105 1325 ex
1127 1262 1330 1325 citatis
1354 1265 1623 1345 juribus,
1651 1272 1715 1328 et
1756 1284 1835 1328 ex

257 1373 320 1417 c.
352 1358 416 1431 2,
437 1354 541 1430 35,
563 1374 628 1434 q.
650 1356 690 1415 Ξ
739 1360 897 1416 etex
923 1357 1107 1436 capit.
1139 1358 1180 1419 Ξ
1207 1356 1286 1419 de
1324 1358 1683 1440 Desponsat.
1716 1360 1834 1421 im-

259 1447 494 1529 puber.
500 1492 522 1523 ‚
557 1452 621 1507 et
645 1452 740 1507 est
773 1446 952 1509 valde
979 1449 1348 1527 communis,
1387 1456 1461 1513 ιιι
1489 1451 1687 1513 videri
1723 1470 1835 1533 po-

257 1545 392 1601 test
415 1540 484 1601 in
511 1538 724 1601 Glossa
751 1538 820 1601 in
846 1539 1219 1603 Authentica
1242 1542 1535 1617 Quomodo
1571 1550 1837 1623 oporteat

257 1632 628 1712 Epi-scopos,
645 1636 788 1707 etc„
807 1631 876 1692 in
893 1632 1092 1713 princ.
1098 1678 1119 1709 ,
1132 1632 1304 1695 verb.
1324 1634 1509 1711 Polli,
1521 1635 1599 1697 de
1610 1635 1802 1698 Elect.
1810 1683 1831 1714 ,

257 1742 410 1805 quse
463 1723 882 1793 communiter
923 1725 1346 1806 approbantur
1373 1732 1513 1788 tum
1555 1727 1668 1805 ibi,
1698 1734 1836 1793 tum

257 1816 444 1893 alibi,
467 1822 539 1877 ut
553 1816 765 1879 videre
785 1816 932 1878 licet
951 1818 1020 1878 in
1046 1818 1242 1881 Felin.
1268 1818 1340 1881 in
1363 1837 1418 1881 c.
1443 1820 1747 1898 Ecclesia,
1758 1821 1837 1884 de

257 1910 524 1973 Constit.
549 1909 868 1986 latissime,
899 1914 963 1971 ει
988 1909 1079 1972 ibi
1103 1910 1172 1972 in
1194 1911 1458 1989 Abbate‚
1488 1918 1550 1975 ει
1579 1913 1741 1991 aliie,
1773 1922 1836 1977 et

255 2004 452 2084 plura
479 2004 668 2066 refert
694 2004 910 2067 Covar.
939 2004 1010 2066 in
1033 2006 1100 2082 4,
1137 2022 1190 2067 c.
1223 2007 1286 2083 6,
1317 2006 1386 2066 in
1406 2006 1733 2087 principio,
1763 2028 1829 2070 n.

256 2098 372 2174 18,
413 2100 494 2160 19
519 2098 719 2174 et203
761 2096 1078 2173 Matienz„
1113 2098 1158 2159 l.
1190 2100 1230 2161 ὃ
1261 2098 1530 2179 Recopil.
1561 2102 1660 2161 tit.
1698 2102 1831 2178 1,1.

257 2194 340 2267 13
367 2190 580 2252 Glossa
609 2193 674 2266 ’1,
697 2208 766 2251 ιι.
792 2191 830 2252 3
857 2195 920 2251 ει
940 2191 1004 2268 43
1032 2191 1218 2270 Greg.
1248 2193 1396 2272 Lop.
1427 2191 1567 2254 inl.
1599 2194 1664 2269 5,
1691 2199 1740 2255 t.
1769 2196 1832 2272 3,

252 2284 482 2363 partit.
510 2285 573 2360 4,
599 2302 664 2345 ιι.
708 2284 770 2345 3.
817 2284 910 2343 Ex
937 2300 1062 2363 qua
1099 2282 1238 2363 lege
1262 2284 1642 2364 colliguntur
1693 2285 1834 2349 duae

253 2376 520 2456 optimae
559 2374 832 2437 rationes
855 2392 1045 2455 supra
1074 2376 1424 2453 insinuatae,
1465 2376 1695 2439 scilicet
1723 2397 1836 2459 per

253 2469 422 2531 tales
443 2468 612 2547 leges
637 2468 848 2530 civiles
863 2468 1108 2531 intendi
1139 2475 1214 2530 ut
1248 2470 1562 2533 canonicae
1605 2471 1830 2534 melius

252 2562 669 2643 impleantur,
687 2567 750 2625 et
761 2568 834 2623 ut
853 2562 976 2625 alia
1002 2562 1233 2625 damna
1253 2568 1317 2627 ει
1337 2564 1832 2644 perturbationes

251 2656 619 2737 reipublicae
646 2656 944 2734 vitentur,
971 2663 1034 2719 et
1048 2657 1230 2738 plura
1254 2657 1445 2720 refert
1470 2659 1752 2736 Sancius,
1781 2658 1827 2721 l.

255 2751 297 2811 3
324 2750 408 2811 de
429 2749 728 2826 Matrim„
758 2748 916 2830 disp.
946 2751 1049 2826 47,
1079 2769 1146 2811 n.
1178 2752 1281 2813 12.

346 2844 448 2903 14.
472 2844 658 2922 Lepos
677 2842 884 2905 civiles
905 2842 1296 2906 obser-omm-
1315 2842 1386 2907 im
1399 2845 1673 2909 manico
1692 2847 1830 2923 foro

251 2936 371 3000 ubi
397 2952 644 3000 canonos
667 2934 762 2997 nil
787 2934 1110 3013 disponunt
1127 2940 1182 2997 ot
1208 2942 1350 2998 auoit
1375 2937 1520 2999 usui
1539 2937 1832 3000 Ecclesia.-

255 3029 735 3094 accommodatoe.
761 3060 846 3075 —
868 3027 1183 3105 Secundo,
1238 3027 1693 3091 observandum
1743 3036 1835 3091 est

250 3125 434 3202 leges
459 3121 668 3184 civiles
707 3121 1024 3184 interdum
1056 3121 1325 3199 admitti,
1367 3141 1498 3184 ιιοιι
1533 3123 1734 3184 εοΙιιιιι
1763 3124 1831 3185 ιιι

255 3217 486 3278 eadem
513 3214 796 3290 materia,
823 3214 931 3276 sed
954 3214 1143 3277 etiam
1161 3214 1230 3275 in
1247 3231 1364 3276 usu
1378 3213 1498 3276 fori
1521 3215 1834 3277 ecclesias-

249 3307 412 3382 τίεις
440 3307 691 3386 quando
716 3312 928 3369 autem
961 3307 1080 3369 hoc
1123 3307 1450 3386 contingit,
1494 3324 1624 3368 non
1649 3307 1723 3370 fit
1753 3325 1832 3369 ex

251 3399 322 3460 vi
347 3398 798 3478 jurisdictionis
819 3398 1039 3473 civilis,
1071 3416 1218 3460 nam
1251 3397 1420 3478 leges
1455 3398 1663 3460 civiles
1701 3417 1831 3461 non

252 3495 516 3570 possunt
533 3490 612 3552 ad
629 3490 748 3552 hoc
771 3489 1070 3570 obligare,
1097 3495 1170 3551 ut
1195 3507 1308 3570 per
1324 3507 1391 3552 se
1413 3495 1654 3552 constat
1664 3505 1688 3568 3
1721 3490 1830 3552 sed

251 3585 334 3647 fit
363 3603 442 3646 ex
467 3584 818 3646 voluntario
861 3602 980 3645 usu
1021 3583 1342 3664 potestatis
1384 3583 1824 3661 ecclesIasticae,

253 3694 424 3758 quae,
457 3675 569 3738 ubi
594 3677 818 3739 desunt
861 3677 1172 3738 canonicae
1217 3675 1408 3756 leges,
1454 3674 1663 3740 civiles
1707 3677 1826 3738 sibi

251 3769 444 3830 utiles
469 3768 769 3844 admittit,
802 3773 867 3830 ει
890 3767 1014 3830 illis
1059 3769 1280 3830 utitur.
1311 3768 1472 3830 lllud
1506 3773 1717 3830 autem
1753 3769 1828 3830 fit

254 3862 502 3924 duobus
523 3861 726 3925 modis
751 3881 865 3943 per
885 3879 1152 3924 canones
1177 3883 1194 3922 ε
1220 3879 1386 3923 ιιιιιιε
1403 3865 1496 3922 εει
1513 3878 1622 3940 per
1639 3879 1825 3940 gene-

255 3955 459 4018 ralem
486 3956 792 4036 regulam,
805 3956 970 4036 quod
998 3955 1166 4035 leges
1193 3955 1402 4016 civiles
1419 3953 1826 4016 observantur

253 4049 326 4110 in
355 4048 490 4111 foro
512 4049 829 4126 canonico,
856 4048 966 4110 ubi
990 4065 1256 4110 canones
1275 4045 1437 4108 nihil
1463 4046 1820 4125 disponunt,

253 4149 320 4205 et
341 4142 510 4221 leges
531 4148 678 4204 sunt
704 4141 848 4204 usui
881 4140 1165 4202 Ecclesiae
1213 4138 1688 4200 accommodatae
1727 4156 1822 4200 se-

253 4234 534 4296 cundum
560 4233 1035 4296 similitudinem
1063 4231 1342 4292 rationis.
1376 4231 1467 4290 Ita
1488 4229 1658 4292 enim
1684 4248 1824 4311 pro-

253 4327 469 4390 fitetur
492 4327 637 4388 Luc.
670 4327 734 4403 3,
761 4343 818 4386 c.
845 4329 876 4386 1
907 4324 984 4387 (ιε
1007 4324 1163 4386 Novi
1179 4319 1380 4404 opefis
1397 4322 1666 4384 nuntiat.
1697 4322 1817 4384 ibi:

257 4418 448 4483 Siout
470 4417 626 4498 loyes
645 4417 1176 4497 nondedianautwr
1192 4431 1399 4480 sacros
1421 4433 1670 4480 canones
1682 4415 1823 4478 imi-

255 4511 408 4584 tari,
431 4509 526 4573 ita
565 4515 622 4574 et
651 4525 962 4573 sacrm-um
987 4513 1223 4572 statuta
1263 4524 1552 4571 canonum
1577 4507 1820 4587 minci-

250 4619 404 4681 pwm
441 4600 967 4665 constitutionibus
1009 4599 1400 4680 adjuvantw.
1435 4599 1614 4662 Unde
1655 4599 1823 4662 infra

254 4693 589 4756 concludit:
627 4693 969 4759 Soomdmn
993 4693 1178 4772 loqom
1197 4696 1252 4754 et
1277 4709 1564 4755 canoniam
1589 4697 1824 4756 statuta

1918 544 2049 589 non
2069 526 2425 589 inveniatur
2448 524 2837 605 dispositum,
2867 522 2991 585 nisi
3021 521 3191 586 aliud
3217 541 3295 585 ex
3327 542 3483 585 con-

1918 620 2244 682 suetudine
2267 618 2815 681 ecclesiasticorum
2832 616 3117 696 judicum
3138 616 3479 696 habeatur3

1922 712 2098 774 illam
2122 713 2293 774 enim
2317 710 2767 771 observandam
2794 727 2923 770 esse
2946 726 3184 772 censeo.
3437 780 3449 791 ,

2004 807 2104 867 15.
2148 805 2322 867 Alter
2346 803 2569 864 modus
2601 808 2715 879 est,
2755 800 3004 881 quando
3030 801 3099 861 in
3124 800 3487 881 particulari

1924 896 2028 959 lex
2052 897 2261 978 aliqua
2294 896 2489 959 civilis
2518 901 2611 957 est
2644 895 3005 957 canonizata
3033 894 3125 971 (ut
3154 895 3378 972 aiunt),
3420 896 3487 957 id

1925 997 2041 1067 est,
2071 990 2370 1052 canonica
2387 988 2605 1051 effecta
2629 1006 2707 1050 ex
2733 987 3153 1068 acceptatione
3175 986 3479 1051 Ecclesiae.

1923 1082 2021 1144 Ad
2044 1081 2401 1163 hujusmodi
2427 1087 2638 1143 autem
2664 1081 3195 1142 canonizationem
3227 1098 3357 1141 non
3391 1099 3487 1142 sa-

1921 1175 2005 1238 tis
2036 1181 2129 1237 est
2149 1175 2353 1255 legem
2381 1174 2654 1254 aliquam
2673 1172 2920 1234 civilem
2946 1190 3075 1233 esse
3102 1172 3397 1234 infertam
3418 1174 3487 1235 in

1921 1268 2175 1331 Decreto
2198 1267 2557 1329 authentico
2582 1264 2884 1341 Gratiani,
2916 1264 3064 1344 quia
3088 1264 3196 1325 ille
3222 1284 3351 1326 non
3376 1265 3489 1327 ha-

1921 1361 2062 1423 buit
2078 1360 2574 1441 jurisdictionem
2597 1376 2723 1439 qua
2748 1362 2949 1439 posset
2972 1356 3163 1419 talem
3182 1358 3315 1419 vim
3336 1358 3485 1421 dare

1919 1452 2049 1536 legi
2080 1452 2269 1529 civili,
2300 1452 2406 1514 sed
2432 1469 2675 1514 necesse
2711 1456 2805 1511 est
2838 1456 2909 1511 ut
2933 1449 3253 1530 pontificia
3279 1458 3487 1513 aucto-

1920 1546 2107 1607 ritate
2134 1546 2214 1607 sit
2243 1544 2601 1625 approbata,
2632 1550 2695 1607 ει
2722 1544 2888 1605 inter
2913 1561 3179 1606 canones
3214 1550 3481 1625 recepta,

1919 1643 1993 1699 ut
2020 1637 2093 1699 stt
2125 1637 2197 1698 in
2230 1655 2365 1717 cap.
2406 1641 2437 1698 1
2472 1642 2535 1698 ει
2562 1639 2601 1697 2
2633 1637 2711 1698 de
2745 1636 2921 1699 Caus.
2956 1636 3375 1717 possessionis,
3422 1642 3487 1699 et

1920 1748 2059 1811 cap.
2090 1731 2177 1793 In
2210 1730 2460 1809 primis,
2496 1728 2533 1809 ἓ
2575 1728 2911 1806 Gloriosus,
2958 1728 3099 1789 dist.
3150 1732 3251 1806 11,
3294 1736 3359 1791 ει
3397 1730 3486 1791 ibi

1918 1830 2097 1885 notat
2132 1822 2367 1899 Glossa,
2405 1822 2583 1884 verb.
2628 1820 2924 1900 Capituli.
2969 1822 3123 1882 Item
3150 1821 3383 1898 Glossa,
3414 1822 3485 1883 in

1922 1916 2119 1997 capite
2140 1916 2344 1996 primo
2367 1915 2445 1977 de
2466 1914 2670 1977 Rebus
2684 1912 2967 1975 Ecclesiae
2984 1932 3113 1974 non
3136 1913 3478 1992 alienanti„

1915 2007 1986 2069 in
2014 2012 2075 2086 6,
2092 2026 2222 2070 ver.
2254 2008 2607 2084 frustatus,
2632 2005 3025 2068 ubiGermin.
3050 2011 3112 2068 ει
3130 2005 3257 2068 alu
3265 2022 3288 2083 ;
3317 2006 3479 2069 Abb.

1913 2100 1984 2161 in
2016 2119 2152 2181 cap.
2182 2100 2387 2181 Super
2413 2118 2499 2176 eo,
2524 2103 2555 2160 1
2592 2100 2669 2160 de
2691 2090 2995 2174 Testibus,
3020 2118 3087 2159 ιι.
3114 2100 3154 2159 4
3164 2114 3187 2175 3
3212 2104 3275 2160 ει
3294 2099 3481 2161 latius

1913 2192 2005 2253 ibi
2024 2192 2253 2269 Felin.‚
2270 2212 2337 2255 n.
2367 2193 2429 2269 3,
2459 2196 2522 2254 ει
2542 2191 2610 2253 ιιι
2636 2209 2772 2271 cap.
2798 2193 2837 2251 2
2861 2190 2939 2251 de
2956 2190 3284 2270 Rescript.,
3309 2209 3376 2253 n.
3399 2193 3481 2255 29

1918 2292 1982 2349 et
2007 2288 2125 2366 433
2162 2292 2226 2348 et
2261 2286 2421 2348 benc
2453 2284 2727 2360 Rebuff„
2770 2286 2841 2346 in
2866 2290 3048 2347 tract.
3088 2285 3479 2347 Nominatio-

1913 2397 2092 2456 num,
2118 2397 2181 2458 q.
2210 2380 2272 2455 5,
2301 2397 2368 2441 ιι.
2405 2380 2483 2440 15
2501 2393 2523 2455 3
2570 2382 2634 2439 et
2670 2378 2935 2449 Gutier„
2969 2377 3082 2439 lib.
3114 2380 3147 2437 1
3182 2377 3474 2440 Canonic.

1911 2472 2349 2552 quaestionum,
2388 2488 2526 2553 cap.
2558 2472 2663 2546 21,
2698 2488 2873 2532 num.
2908 2471 2987 2531 32
3018 2475 3081 2531 et
3108 2471 3208 2545 33,
3240 2471 3351 2550 qui
3381 2489 3478 2533 re-

1910 2564 2035 2627 fert
2072 2565 2297 2647 Ripam
2331 2564 2400 2626 in
2430 2582 2566 2645 cap.
2602 2566 2641 2624 2
2672 2562 2751 2624 de
2780 2563 3109 2643 Rescript.,
3148 2581 3325 2625 num.
3370 2565 3474 2641 80,

1913 2662 1977 2719 ει
1999 2656 2174 2719 alios.

1993 2751 2095 2812 16.
2138 2750 2231 2813 De
2266 2748 2499 2829 legibus
2528 2747 2767 2813 Codicis
2803 2749 2968 2813 circa
2993 2767 3284 2829 personae
3309 2748 3481 2815 ecolo-

1909 2841 2531 2918 &osticam-Tertio,
2545 2840 2997 2903 observandum
3016 2848 3109 2903 est
3125 2843 3289 2904 circa
3307 2844 3479 2923 leges

1909 2935 2048 2997 illas
2087 2935 2327 2997 Codicis
2369 2953 2408 2996 a
2460 2936 2497 2996 J
2499 2934 2810 2996 ustiniano
2858 2935 3231 3015 imperatore
3280 2937 3478 2999 editas

1911 3027 2076 3088 circa
2116 3044 2406 3107 personas
2444 3032 2507 3089 et
2548 3044 2647 3088 res
2687 3026 3143 3090 ecclesiasticas.
3188 3030 3282 3092 Ad
3324 3048 3476 3112 quas

1909 3121 2107 3200 aliqui
2143 3120 2519 3202 respondent
2558 3139 2632 3182 eo
2667 3126 2947 3201 tempore
2974 3123 3256 3186 nondum
3283 3125 3473 3188 fuisse

1907 3231 2223 3294 personas,
2256 3220 2319 3274 et
2348 3213 2514 3274 bona
2539 3212 2949 3275 ecclesiastiea
2982 3221 3270 3296 exempta
3309 3235 3348 3278 a
3367 3219 3471 3297 ju-

1905 3307 2262 3368 risdictione
2290 3307 2757 3388 imperatorum.
2800 3307 2920 3368 Sed
2960 3325 3091 3369 non
3130 3315 3327 3389 potest
3366 3311 3473 3372 ad-

1907 3399 2077 3459 mitti
2121 3399 2461 3478 responsio,
2510 3404 2647 3461 tum
2688 3399 2835 3479 quia
2863 3399 2930 3460 id
2970 3399 3133 3480 quod
3182 3404 3473 3482 supponit

1905 3490 2265 3571 simpliciter
2288 3489 2517 3552 falsum
2544 3496 2635 3553 est
2642 3507 2665 3570 3
2694 3496 2833 3552 tum
2856 3491 3047 3553 ctiam
3075 3493 3224 3572 quia
3253 3495 3471 3557 saltem

1907 3580 1985 3643 de
2024 3582 2210 3644 rebus
2254 3588 2319 3644 ει
2364 3583 2562 3644 causis
2611 3583 3027 3646 ecclesiasticis
3071 3591 3164 3646 est
3202 3592 3465 3666 certum,

1903 3691 2148 3754 semper
2170 3675 2359 3738 fuisse
2388 3681 2726 3756 exemptas,
2752 3695 2898 3739 cum
2919 3683 3133 3739 tamen
3157 3678 3329 3758 leges
3347 3680 3471 3744 illae

1903 3766 2093 3828 etiam
2129 3767 2206 3828 de
2248 3766 2348 3828 his
2386 3769 2664 3830 materiis
2703 3769 2905 3830 multa
2948 3770 3299 3852 disponant.
3346 3773 3471 3836 Alii
3556 3789 3565 3796 ·

1899 3858 2277 3940 respondent
2291 3859 2479 3922 fixisse
2504 3859 2699 3922 factas
2720 3860 2856 3923 illas
2881 3862 3049 3942 leges
3066 3881 3145 3925 ex
3163 3881 3469 3927 consensu

1902 3949 2274 4011 Pontificum
2287 3994 2309 4027 ,
2356 3951 2443 4012 sic
2486 3952 2657 4012 enim
2700 3969 2829 4014 non
2878 3961 3187 4033 repugnat
3228 3956 3463 4020 laicum

1903 4042 2250 4123 spiritualia
2268 4047 2554 4118 motare,
2575 4048 2648 4103 ut
2664 4043 2973 4106 indicatur
2993 4046 3062 4106 in
3089 4064 3225 4127 cap.
3251 4049 3467 4114 Decer-

1901 4133 2128 4209 nimus,
2158 4138 2223 4194 et
2248 4151 2301 4195 c.
2338 4131 2491 4198 Cum
2516 4151 2636 4196 non
2662 4135 2735 4196 ab
2761 4135 3017 4212 homine,
3048 4136 3125 4198 de
3144 4137 3374 4215 Judic„
3407 4146 3471 4202 et

1903 4225 1995 4286 ibi
2020 4231 2292 4303 notatur,
2318 4231 2382 4288 et
2398 4225 2561 4287 Glos.
2592 4225 2660 4287 in
2688 4243 2822 4307 cap.
2852 4227 3211 4306 Impon'wm
3227 4229 3369 4292 dist.
3390 4233 3466 4293 10

1905 4323 1970 4380 ει
1997 4319 2099 4395 16,
2129 4336 2192 4398 q.
2231 4321 2290 4395 7,
2338 4319 2406 4380 in
2442 4318 2637 4399 princ.
2672 4317 2791 4379 Sed
2814 4317 2933 4380 hoc
2969 4337 3099 4381 non
3135 4325 3227 4381 εει
3252 4321 3469 4383 verisi-

1906 4409 2079 4486 mile,
2099 4411 2271 4491 quia,
2293 4409 2437 4474 licet
2458 4407 2773 4472 interdum
2792 4409 3119 4474 Pontifices
3145 4413 3469 4476 conferant

1905 4503 2281 4566 secularibus
2330 4503 2715 4586 principibus
2768 4502 2977 4584 aliqua
3027 4505 3424 4585 particularia
3439 4553 3460 4584 ,

1905 4615 2043 4678 quae
2070 4598 2203 4660 sine
2234 4597 2540 4680 spirituali
2572 4597 2999 4678 jurisdictione
3027 4601 3296 4662 exerceri
3320 4618 3467 4680 pos-

1902 4695 2073 4767 sunt,
2116 4709 2244 4753 non
2286 4697 2498 4754 tamen
2536 4690 2660 4753 illis
2705 4691 3033 4753 conferunt
3078 4692 3467 4772 spiritualem

254 4786 564 4866 nyctim
580 4803 702 4850 ιιοιι
721 4785 982 4867 differas
1005 4784 1348 4848 terminare.
1372 4782 1492 4846 Ubi
1525 4783 1737 4846 Glossa
1763 4789 1826 4846 et
1893 4782 2415 4862 jurisdictionem,
2458 4801 2576 4846 nec
2618 4783 2901 4846 Ecclesiae
2946 4783 3464 4866 gubernationem

255 4878 392 4940 fere
422 4894 638 4940 omnes
665 4877 947 4940 doctores
977 4875 1043 4938 id
1069 4879 1312 4953 notant,
1350 4881 1416 4936 ct
1455 4876 1822 4952 Panormit.,

257 4971 328 5032 in
367 4959 566 5050 capite
608 4969 880 5032 secundo
911 4967 988 5031 de
1019 4969 1379 5049 Desponsat.
1405 4967 1742 5049 impubem,
1762 4974 1826 5030 et

171 5079 180 5090 ·
258 5062 556 5124 Bernard.
585 5062 751 5125 Diaz.
783 5061 852 5124 in
870 5063 1099 5138 Pract„
1122 5059 1322 5140 capite
1339 5059 1822 5140 decimoquarto,

259 5155 328 5216 in
355 5153 505 5229 fine,
531 5160 596 5218 ει
621 5154 714 5216 ibi
734 5153 999 5230 Salzed„
1024 5151 1136 5234 qui
1155 5152 1488 5213 advertunt
1512 5152 1581 5212 in
1611 5152 1827 5232 hujus-

259 5247 433 5310 modi
457 5247 777 5310 occasione
807 5247 974 5328 leges
1013 5245 1250 5327 proprii
1275 5245 1457 5324 regni
1498 5243 1827 5326 praeferen-

265 5339 374 5403 das
401 5359 532 5402 esse
559 5339 1007 5422 imperialibus,
1035 5338 1147 5400 ubi
1169 5337 1478 5399 canonicoe
1508 5336 1825 5414 deficiunt,

265 5438 331 5496 et
355 5432 636 5496 referunt
674 5432 846 5494 alios.
877 5431 998 5494 Sed
1045 5431 1304 5493 fortasse
1339 5427 1458 5492 hoc
1500 5429 1700 5510 magis
1739 5435 1832 5492 εει

1901 4876 2289 4939 committere
2308 4883 2588 4958 possunt,
2610 4883 2674 4939 ct
2696 4875 2839 4940 ideo
2860 4895 2988 4957 non
3016 4883 3111 4940 est
3129 4877 3466 4941 verisimile

1901 4969 2025 5032 illis
2050 4970 2381 5032 contulisse
2411 4975 2776 5052 potestatem
2794 4969 2883 5034 '²a'd
2908 4971 3047 5032 illas
3072 4971 3239 5050 leges
3264 4971 3469 5033 feren·-

1905 5061 2055 5140 das3
2080 5067 2145 5124 et
2164 5063 2435 5125 maxime
2469 5081 2614 5125 cum
2640 5063 2719 5125 de
2743 5062 2854 5125 illa·
2875 5063 3307 5125 commissione
3337 5079 3468 5124 non

1903 5159 2163 5231 constet,
2192 5159 2256 5217 et
2277 5154 2679 5235 imperatores
2701 5155 2769 5217 in
2802 5155 2889 5216 eis
2926 5154 3179 5235 propria
3205 5155 3468 5216 auctori-

1899 5251 2031 5308 tate
2062 5245 2180 5322 uti,
2219 5251 2283 5308 et
2307 5247 2378 5307 in
2403 5265 2476 5308 eo
2516 5264 2702 5308 sensu
2745 5245 2917 5326 loqui
2958 5246 3310 5309 videantur.
3342 5246 3468 5309 Alii

1906 5357 2057 5418 ergo
2092 5345 2388 5401 excusant
2413 5340 2837 5420 imperatores,
2863 5340 3029 5420 quod
3059 5339 3225 5403 bona
3255 5340 3377 5402 fide
3404 5345 3469 5402 et

1905 5430 2163 5495 omnino
2180 5431 2457 5512 juvando
2478 5431 2812 5494 Ecclesiam
2828 5431 2967 5495 illas
2989 5433 3156 5514 leges
3178 5433 3463 5510 fecerint,

269 5525 516 5590 consilii
535 5531 736 5610 'quam
781 5523 1182 5603 necessitatis,
1211 5539 1355 5586 cum
1401 5539 1516 5606 per
1563 5539 1832 5586 canones
1903 5529 1970 5588 ει
2008 5524 2170 5589 forte
2210 5542 2340 5589 non
2382 5526 2464 5590 ad
2506 5525 2934 5609 obligandum,
2976 5527 3080 5590 vel
3114 5525 3468 5608 cogendum
