3976 6219
500 386 623 446 264

502 494 766 571 partem,
796 483 1033 566 obligat
1076 486 1155 549 ad
1201 485 1571 565 secundam3
1593 489 1682 548 ita
1713 506 1861 568 ergo
1889 495 1980 550 est
2002 489 2071 550 in

505 582 825 664 praesenti:
879 598 1050 656 nam,
1097 579 1242 641 licet
1266 579 1398 641 haec
1425 580 1526 642 lex
1565 581 1643 642 de
1676 600 1800 661 qua
1824 584 2071 661 agimus

503 693 631 737 non
677 673 910 751 obliget
963 672 1044 732 ad
1071 673 1189 733 hoc
1222 672 1599 750 faciendum,
1645 673 1745 735 vel
1782 675 2074 736 omitten-

505 769 659 829 dum
690 765 989 842 absolute,
1021 766 1256 846 obligat
1282 781 1494 827 tamen
1519 766 1618 827 vel
1663 767 1743 828 ad
1785 768 1927 839 hoc,
1971 767 2072 829 vel

502 861 586 922 ad
609 858 1033 921 sustinendam
1067 877 1341 939 poenam,
1390 865 1499 920 aut
1548 860 1742 921 alium
1783 859 2071 922 effectum

499 950 685 1034 legis,
704 954 756 1014 si
795 954 862 1013 in
889 953 1081 1032 priori
1101 958 1276 1032 parte
1294 952 1396 1014 lex
1422 971 1549 1014 non
1571 959 1865 1015 servetur.

588 1049 651 1108 9.
699 1046 927 1107 Ultimo
958 1045 1107 1105 hinc
1136 1045 1525 1109 concluditur
1558 1046 1849 1108 resolutio
1876 1065 2072 1126 quaes-

506 1141 713 1202 tionis.
744 1140 891 1200 Dico
913 1139 1086 1200 enim
1116 1157 1367 1200 omnem
1393 1158 1604 1200 veram
1624 1140 1826 1219 legem
1850 1140 2073 1199 huma-

507 1251 657 1294 nam
684 1232 1027 1294 necessario
1053 1231 1279 1293 resolvi
1297 1233 1362 1292 in
1392 1232 1664 1312 aliquam
1687 1233 2074 1294 conscientias

508 1327 971 1406 obligationem.
996 1325 1318 1402 Probatur,
1341 1326 1489 1405 quia
1506 1344 1745 1387 necesse
1770 1332 1862 1387 est
1882 1332 1953 1386 ut
1973 1325 2074 1387 lex

507 1420 608 1482 vel
634 1419 914 1480 absolute
941 1418 1170 1498 obliget
1197 1419 1275 1479 ad
1304 1425 1511 1480 actum
1527 1465 1546 1495 ‚
1576 1420 1678 1481 vel
1709 1419 1926 1481 saltem
1956 1419 2072 1479 sub

509 1513 720 1592 aliqua
744 1530 950 1591 poena.
979 1512 1175 1573 Priori
1208 1511 1392 1573 modo
1419 1512 1542 1574 late
1573 1512 1805 1591 obligat
1835 1512 1903 1572 in
1932 1531 2076 1573 con-

508 1606 767 1667 scientia
793 1606 873 1665 ad
898 1605 1088 1666 talem
1133 1611 1366 1680 actum,
1418 1611 1488 1665 ut
1516 1611 1827 1666 osoensum
1855 1612 1968 1667 est.
2009 1605 2073 1665 Si

510 1705 721 1761 autem
753 1697 989 1760 feratur
1021 1699 1348 1779 posteriori
1375 1699 1582 1774 modo,
1612 1698 1701 1760 ita
1747 1703 1817 1758 ut
1860 1700 1939 1759 sit
1972 1698 2074 1759 lex

511 1810 666 1875 pure
700 1791 982 1873 poenalis,
1015 1791 1316 1870 obligabit
1341 1792 1441 1853 vel
1462 1791 1540 1853 ad
1562 1791 1919 1852 solvendam
1946 1809 2075 1871 poe-

513 1904 685 1962 nam,
716 1886 1031 1965 supposita
1060 1887 1563 1962 transgressione,
1605 1884 1659 1945 si
1685 1902 1829 1945 cum
1874 1902 1949 1945 eo
1983 1885 2076 1945 ri-

513 1997 664 2060 gore
697 1978 896 2059 posita
947 1978 1048 2054 sit,
1088 1978 1245 2038 sicut
1288 1976 1521 2055 obligat
1563 1983 1779 2039 votum
1808 1976 2074 2056 poenale,

513 2071 614 2132 vel
640 2072 721 2131 ad
748 2071 1170 2131 sustinendam
1199 2088 1473 2151 poenam,
1503 2076 1575 2130 ut
1599 2076 1766 2131 recte
1785 2070 2080 2149 explicuit

513 2165 587 2225 D.
618 2163 915 2225 Antonin.
949 2165 985 2223 3
1008 2169 1202 2242 parte,
1229 2163 1327 2223 tit.
1375 2164 1474 2237 16,
1518 2164 1714 2243 capite
1741 2162 1985 2238 ultimo,
2013 2163 2079 2222 in

513 2257 663 2333 fine,
708 2262 771 2318 et
795 2256 1046 2317 tandem
1079 2256 1382 2317 consentit
1425 2256 1693 2316 Joannes
1719 2256 1952 2316 Eselius
1980 2273 2082 2315 su-

515 2368 663 2431 pra3
689 2356 753 2412 et
775 2356 963 2430 patet,
989 2350 1135 2429 quia
1154 2350 1273 2410 nisi
1301 2355 1587 2411 teneatur
1607 2350 1676 2409 in
1706 2349 2082 2410 conscientia

515 2445 817 2505 sustinere
840 2460 1087 2523 poenam
1115 2443 1225 2522 qui
1257 2442 1380 2502 tale
1410 2448 1709 2503 statutum
1742 2448 2081 2520 transgres—

515 2556 618 2597 sus
645 2542 757 2610 est,
780 2554 907 2596 non
925 2536 1151 2614 poterit
1179 2534 1457 2614 superior
1482 2533 1710 2595 habere
1735 2536 1841 2611 jus
1867 2533 1947 2593 ad
1968 2552 2082 2612 pu—

517 2629 819 2689 niendum
841 2627 1042 2702 illum,
1077 2627 1175 2688 vel
1202 2632 1403 2706 posset
1427 2626 1561 2686 dari
1583 2625 1818 2687 bellum
1842 2626 2083 2703 justum

521 2738 600 2781 ex
624 2726 885 2797 utraque
920 2724 1117 2798 parte.
1171 2718 1373 2798 Atque
1399 2716 1517 2778 hoc
1546 2717 1730 2777 modo
1765 2717 1945 2778 facile
1978 2736 2084 2779 ex—

516 2812 824 2893 plicantur
855 2810 1022 2887 leges
1053 2828 1268 2870 omnes
1295 2827 1433 2889 quoe
1457 2810 1750 2870 dicuntur
1775 2827 1930 2889 pure
1958 2826 2087 2888 poe-

517 2903 709 2964 nales.
755 2902 922 2963 Idem
972 2920 1119 2963 vero
1164 2903 1496 2963 dicendum
1526 2907 1617 2962 est
1651 2920 1793 2962 cum
1821 2920 2083 2981 propor-

518 2996 689 3058 tione
738 2996 815 3057 de
859 2996 1097 3075 legibus
1144 2996 1491 3057 irritatoriis
1512 3042 1532 3072 ‚
1594 2995 1695 3057 vel
1742 3014 1880 3075 quae
1932 2996 2085 3057 dant

425 3120 443 3148 .
519 3090 787 3153 formam
830 3089 1295 3153 substantialem
1335 3090 1746 3154 contractibus
1769 3136 1791 3167 ,
1839 3090 2084 3153 etiamsi

520 3190 907 3265 supponatur
949 3202 1077 3246 non
1126 3185 1400 3264 obligare
1444 3185 1802 3247 immediate
1829 3184 1898 3244 in
1931 3203 2085 3245 con-

520 3279 777 3342 scientia
819 3280 899 3341 ad
932 3280 1119 3342 talem
1157 3281 1423 3342 formam
1459 3279 1559 3341 vel
1590 3281 1872 3355 modum,
1919 3278 2085 3358 quod

520 3374 775 3454 quidem
821 3375 890 3434 in
943 3375 1033 3435 eis
1076 3375 1277 3435 rarius
1313 3379 1376 3434 et
1422 3372 1736 3433 difficilius
1788 3378 1901 3446 est,
1939 3372 2088 3450 quia

521 3470 759 3533 efficere
799 3474 1007 3529 actum
1033 3468 1166 3528 sine
1196 3468 1293 3527 his
1320 3465 1770 3528 conditionibus
1797 3483 1935 3544 quae
1977 3483 2088 3526 ne-

522 3565 797 3626 cessariae
823 3568 969 3623 sunt
990 3561 1070 3624 ad
1088 3561 1279 3622 finem
1299 3565 1362 3622 et
1380 3561 1658 3621 valorem
1684 3559 1840 3638 ejuS,
1871 3565 2087 3620 contra

521 3656 943 3741 prudentiam,
989 3660 1053 3715 et
1085 3659 1530 3733 consequenter
1562 3659 1775 3713 contra
1802 3653 2088 3714 honesta-

524 3758 651 3812 tem
679 3767 809 3811 esse
834 3746 1113 3809 videtur:
1144 3766 1289 3808 casu
1319 3747 1427 3809 illo
1453 3752 1665 3808 tamen
1695 3747 1959 3808 admisso
1986 3748 2086 3825 (de

522 3862 648 3926 quo
692 3842 905 3921 infra),
956 3859 1196 3922 semper
1243 3841 1346 3903 lex
1374 3841 1482 3903 illa
1518 3840 1856 3902 resolvetur
1881 3841 1950 3901 in
1976 3841 2087 3902 ali—

524 3955 711 4018 quem
731 3936 1042 4012 effectum,
1086 3935 1166 3996 ad
1193 3953 1381 4015 quem
1413 3935 1646 4014 obliget
1675 3936 1742 3996 in
1764 3935 2086 3996 conscien-

521 4034 632 4096 tia.
681 4033 836 4093 Nam
889 4032 998 4112 qui
1042 4031 1190 4092 fecit
1232 4036 1616 4092 contractum
1637 4030 1782 4109 jure
1808 4029 2086 4090 humano

524 4127 793 4203 irritum,
840 4126 972 4206 ipso
1024 4124 1206 4201 facto,
1249 4124 1620 4185 conscientia
1666 4129 1932 4200 tenetur,
1985 4124 2085 4186 vel

522 4239 655 4283 rem
676 4219 840 4301 apud
868 4238 931 4281 se
963 4236 1090 4280 non
1109 4219 1399 4295 retinere,
1429 4216 1529 4279 vel
1555 4217 1748 4279 alium
1776 4236 1904 4280 non
1934 4218 2087 4280 obli-

524 4332 692 4394 gare,
740 4312 840 4373 vel
879 4313 1143 4391 denique
1198 4331 1327 4373 non
1375 4312 1469 4372 uti
1504 4312 1612 4372 illo
1654 4318 1973 4373 contractu
2005 4313 2085 4372 ad

523 4407 676 4467 alios
693 4405 946 4467 effectus
962 4424 1117 4485 quos
1133 4405 1391 4467 haberet
1408 4406 1460 4466 si
1473 4406 1685 4466 irritus
1697 4424 1825 4466 non
1844 4405 2078 4466 fuisset.

523 4499 693 4560 Idem
742 4516 958 4559 censeo
997 4499 1327 4560 dicendum
1362 4498 1438 4560 de
1468 4498 1605 4559 aliis
1649 4498 1912 4577 legibus,
1946 4516 2087 4578 quoe

523 4610 601 4654 ex
627 4591 969 4652 intentione
996 4591 1365 4671 legislatoris
1391 4590 1680 4652 dicuntur
1710 4591 1985 4670 obligare
2016 4592 2082 4651 in

522 4685 656 4746 foro
677 4684 990 4760 exteriori,
1017 4690 1079 4746 et
1107 4685 1324 4745 nonin
1342 4684 1661 4746 interiori:
1690 4684 1813 4745 iuae
1842 4685 2009 4746 enim
2035 4686 2087 4746 si

522 4778 871 4839 referantur
920 4777 1000 4839 ad
1029 4778 1193 4856 ipsos
1230 4777 1489 4856 judices,
1533 4776 1668 4838 illos
1708 4777 1986 4857 obligant
2016 4779 2084 4838 in

524 4871 922 4948 conscientia,
961 4875 1034 4930 ut
1065 4870 1399 4931 secundum
1438 4870 1592 4931 tales
1624 4871 1791 4949 leges
1843 4871 1911 4930 in
1949 4871 2084 4933 foro

524 4964 811 5027 exteriori
850 4964 1131 5043 judicent
1150 5008 1171 5038 ,
1208 4968 1270 5025 et
1323 4969 1765 5042 consequenter
1810 4962 2086 5044 obligare

522 5067 776 5137 possunt
807 5057 1105 5132 subditoS,
1153 5062 1226 5117 ut
1264 5056 1333 5116 in
1391 5056 1609 5118 eodem
1655 5056 1791 5117 foro
1831 5064 2088 5136 pareant

523 5150 743 5210 iisdem
786 5149 1026 5230 legibus
1062 5154 1125 5211 et
1150 5167 1278 5210 non
1325 5150 1632 5227 resistant,
1663 5156 1725 5211 et
1754 5149 1873 5211 hoc
1902 5152 2085 5212 modo

525 5260 765 5321 semper
780 5243 882 5304 lex
908 5243 1141 5321 obligat
1163 5243 1230 5304 in
1252 5243 1644 5320 conscientia,
1670 5243 1719 5303 si
1739 5243 1817 5304 sit
1834 5244 2087 5324 propria

527 5334 629 5396 lex
637 5337 1025 5415 praeceptiva,
1042 5355 1150 5397 seu
1163 5336 1374 5397 ordina
1382 5337 1529 5397 tiva.
1552 5336 1725 5410 Quod
1743 5336 1883 5398 ideo
1898 5337 2082 5413 addo,

526 5428 674 5508 quia
694 5427 747 5487 si
770 5427 850 5487 sit
867 5432 1111 5487 tantum
1129 5428 1229 5490 lex
1246 5429 1630 5509 permissiva,
1651 5429 1793 5490 talis
1812 5429 1935 5506 lex,
1958 5448 2086 5490 res-

526 5529 707 5602 pectu
729 5520 897 5582 illius
913 5538 1189 5602 personae
1219 5522 1298 5582 ad
1337 5540 1526 5602 quam
1562 5527 1793 5603 spectat
1817 5523 2084 5603 permis·

1511 386 1629 439 LIB.
1665 387 1747 439 111.
1787 387 1869 439 DE
1900 386 2063 440 LEGE
2095 387 2356 441 numa
2386 388 2467 441 ET
2500 386 2702 441 ctvlLI.

2147 491 2263 567 sio,
2306 510 2432 553 non
2477 496 2569 552 est
2619 488 2867 570 proprie
2897 488 3022 565 lex,
3070 494 3142 550 ut
3185 488 3253 550 in
3290 487 3734 569 superioribus

2148 585 2436 661 vidimus,
2486 590 2549 646 et
2585 584 2723 644 ideo
2751 584 2983 644 mirum
3007 600 3136 643 non
3169 588 3263 644 est
3299 583 3464 662 quod
3492 601 3733 644 secun-

2147 678 2297 739 dum
2321 696 2460 739 eam
2487 678 2813 751 rationem,
2849 681 2912 736 et
2937 682 3216 755 roepectu
3254 676 3558 754 ejusdem,
3593 693 3734 736 non

2150 770 2402 831 inducat
2429 770 2872 848 obligationem
2897 768 2966 828 in
3010 768 3386 829 conscientia
3410 784 3430 844 3
3459 768 3737 829 inducet

2151 870 2361 924 autem
2389 863 2562 923 illam
2581 868 2861 942 respectu
2883 860 3148 922 aliorum
3177 860 3401 940 quibus
3423 862 3730 940 imperat,

2152 962 2224 1016 ut
2260 956 2449 1018 talem
2485 964 2692 1017 actum
2735 973 2860 1015 non
2904 954 3170 1034 puniant
3217 953 3318 1015 vel
3345 954 3728 1033 impediant,

2146 1050 2330 1129 juxta
2344 1067 2532 1129 supra
2558 1048 2721 1110 dicta
2743 1047 2820 1109 de
2838 1047 3060 1108 effectu
3077 1046 3216 1107 talis
3231 1045 3410 1125 legiS.
3451 1047 3530 1107 Et
3551 1046 3731 1107 idem

2152 1160 2295 1203 cum
2322 1142 2717 1223 proportione
2747 1140 3081 1201 dicendum
3104 1146 3195 1201 est
3220 1139 3298 1200 de
3327 1139 3465 1218 lege
3497 1159 3732 1202 conce-

2152 1235 2334 1295 dente
2373 1235 2685 1313 privatum
2731 1232 3129 1314 privilegium
3151 1277 3172 1308 ,
3235 1234 3384 1311 quia
3433 1240 3730 1314 respectu

2152 1328 2285 1406 ejus
2310 1328 2378 1387 in
2405 1328 2578 1406 cujus
2623 1326 2899 1387 favorem
2930 1324 3022 1403 fit,
3045 1344 3172 1387 non
3198 1325 3386 1387 habet
3410 1327 3729 1389 rationem

2151 1421 2330 1500 legis,
2360 1426 2424 1482 et
2443 1420 2584 1482 ideo
2605 1421 2783 1481 illum
2804 1437 2932 1481 non
2961 1419 3196 1499 obligat
3221 1420 3290 1480 in
3318 1422 3724 1498 conscientia,

2153 1515 2261 1576 sed
2301 1514 2537 1593 obligat
2583 1513 2759 1589 alioS,
2788 1520 2862 1574 ut
2886 1520 3101 1575 contra
3121 1513 3288 1573 illius
3321 1514 3725 1594 privilegium

2153 1626 2281 1669 non
2308 1613 2522 1686 agant.
2554 1607 2752 1687 Atque
2779 1607 2868 1667 ita
2898 1607 2967 1667 in
2995 1608 3357 1668 universum
3384 1609 3594 1668 omnis
3620 1628 3726 1670 ve-

2156 1720 2228 1763 ra
2254 1701 2352 1763 lex
2381 1701 2660 1762 humana
2684 1701 2960 1782 aliquam
2999 1700 3442 1780 obligationem
3468 1702 3537 1762 in
3578 1721 3726 1764 con-

2156 1796 2411 1857 scientia
2436 1795 2695 1856 inducit.

2237 1890 2334 1950 10.
2384 1888 2644 1966 Satisfit
2684 1888 3057 1967 aryumeutis
3086 1887 3486 1967 oppositis.—
3506 1889 3597 1949 Ex
3626 1889 3724 1951 his

2160 1999 2309 2059 ergo
2336 1980 2512 2042 facile
2553 1985 2723 2059 patet
2764 1981 3084 2059 responsio
3119 1979 3201 2041 ad
3227 1981 3495 2060 primam
3535 1983 3725 2044 ratio-

2159 2092 2305 2135 nem
2355 2072 2682 2134 dubitandi
2736 2073 2928 2152 priori
2981 2072 3118 2132 loco
3183 2074 3467 2152 positam.
3518 2077 3726 2137 Potaet

2159 2168 2328 2228 enim
2359 2184 2507 2227 vera
2531 2165 2633 2226 lex
2659 2165 2810 2226 ferri
2836 2165 2968 2227 sine
3009 2166 3356 2226 intentione
3405 2166 3724 2246 obligandi

2159 2258 2435 2322 absolute
2464 2259 2531 2319 in
2555 2259 2925 2320 conscientia
2966 2258 3047 2318 ad
3075 2264 3306 2334 actum,
3331 2260 3431 2321 vel
3450 2262 3724 2323 omissio-

2161 2371 2305 2413 nem
2334 2352 2689 2413 immediate
2712 2352 3062 2413 ordinatam
3085 2370 3200 2431 per
3231 2351 3475 2432 legem:
3508 2372 3724 2433 quam-

2160 2446 2255 2506 vis
2282 2464 2408 2506 non
2431 2446 2619 2524 possit
2639 2445 2789 2506 ferri
2815 2444 2915 2505 lex
2935 2446 3068 2506 sine
3095 2446 3440 2507 intentione
3463 2448 3553 2507 ita
3572 2448 3725 2508 obli-

2162 2538 2374 2616 gandi,
2402 2544 2472 2598 ut
2495 2537 2712 2598 saltem
2736 2536 2961 2598 resolvi
2984 2538 3170 2617 possit
3193 2538 3261 2597 in
3283 2538 3724 2618 obligationem

2163 2630 2569 2706 conscientiae,
2620 2629 2838 2691 saltem
2883 2630 3087 2709 quoad
3126 2648 3371 2709 poenam
3420 2632 3721 2712 aliquam,

2161 2721 2261 2784 vel
2289 2722 2666 2783 coactionem
2696 2722 3203 2797 substituendam,
3234 2722 3328 2783 vel
3363 2723 3603 2802 aliquid
3643 2726 3725 2786 si-

2164 2814 2333 2877 mile.
2364 2816 2564 2895 Atque
2591 2815 2659 2875 in
2687 2816 2805 2876 hoc
2846 2833 3028 2876 sensu
3055 2815 3333 2875 dixerunt
3358 2816 3539 2876 multi
3574 2836 3728 2878 auc-

2163 2914 2328 2969 tores
2344 2908 2550 2987 legem
2572 2927 2699 2969 non
2723 2908 2998 2988 obligare
3021 2909 3088 2969 in
3106 2908 3488 2984 conscientia,
3515 2927 3721 2989 quan-

2164 3001 2244 3061 do
2292 3001 2607 3080 legislator
2636 3002 3013 3064 sufficienter
3055 3001 3350 3075 declarat,
3389 3002 3548 3063 hanc
3587 3020 3724 3063 esse

2164 3095 2573 3158 intentionem
2622 3114 2825 3171 suam,
2872 3101 2942 3156 ut
2984 3100 3208 3156 tractat
3241 3094 3364 3155 late
3392 3093 3596 3155 Castro
3624 3113 3729 3156 su-

2165 3208 2300 3272 pra,
2351 3199 2413 3251 et
2444 3190 2783 3250 admittunt
2836 3189 3097 3268 Sylvest.
3147 3188 3322 3249 verb.
3353 3189 3500 3264 Lex,
3545 3208 3607 3268 q.
3660 3191 3723 3265 9,

2170 3301 2314 3343 casu
2340 3285 2368 3342 1
2403 3282 2615 3358 ;Soto,
2647 3299 2834 3361 supra
2860 3283 3024 3344 dicta
3041 3301 3103 3362 q.
3130 3284 3192 3358 6,
3224 3300 3281 3342 a.
3313 3284 3376 3359 43
3407 3290 3471 3343 et
3499 3283 3722 3342 Navar.

2170 3394 2295 3437 cas.
2327 3378 2429 3450 23,
2462 3395 2525 3437 n.
2570 3377 2650 3437 48
2677 3383 2739 3437 et
2754 3378 2876 3453 493
2902 3375 3115 3436 Covar.
3138 3376 3207 3436 in
3228 3394 3361 3455 reg.
3384 3378 3725 3451 Peccatum,

2164 3488 2226 3550 p.
2261 3471 2324 3544 2,
2351 3470 2389 3549 ξ
2412 3472 2450 3531 5
2472 3492 2490 3546 3
2515 3469 2746 3546 Dried.,
2777 3469 2822 3530 1.
2852 3473 2912 3545 1,
2933 3470 3012 3531 de
3047 3469 3274 3531 Libert.
3309 3470 3558 3546 Christ„
3584 3488 3637 3531 c.
3662 3471 3724 3531 3.

2166 3562 2320 3636 Quia
2332 3569 2500 3624 actus
2520 3563 2839 3642 agentium
2854 3581 2981 3625 non
2996 3569 3332 3643 operantur
3350 3563 3515 3624 ultra
3527 3564 3731 3624 inten-

2164 3657 2401 3717 tionem
2432 3674 2672 3732 eorum,
2720 3657 2992 3718 maxime
3031 3657 3280 3736 quando
3317 3675 3448 3717 non
3469 3675 3730 3736 operan-

2163 3755 2268 3810 tur
2295 3750 2680 3826 naturaliter,
2706 3751 2814 3812 sed
2845 3749 3214 3811 voluntarie.
3243 3751 3322 3810 Hi
3349 3756 3558 3812 autem
3583 3750 3731 3811 doc-

2163 3848 2328 3906 tores
2391 3848 2747 3924 supponunt
2803 3861 2977 3923 posse
3029 3841 3442 3923 legislatorem
3497 3843 3731 3905 habere

2163 3937 2546 3999 voluntatem
2577 3936 2816 3999 ferendi
2842 3936 3044 4016 legem
3062 3936 3195 3997 sine
3211 3936 3554 3999 intentione
3573 3936 3732 3997 obli-

2166 4032 2357 4110 gandi
2376 4032 2444 4092 in
2471 4031 2864 4093 conscientia.
2915 4029 3092 4104 Quod
3127 4035 3219 4090 est
3268 4046 3486 4090 verum
3522 4030 3729 4110 quoad

2164 4124 2511 4186 absolutam
2555 4123 2997 4202 obligationem
3038 4122 3310 4203 proximi
3351 4131 3563 4199 actus;
3599 4140 3733 4183 non

2165 4237 2314 4280 vero
2339 4217 2541 4297 quoad
2566 4216 3006 4294 obligationem
3026 4216 3203 4296 quasi
3228 4216 3598 4295 disjunctam
3626 4214 3732 4276 vel

2168 4312 2652 4374 conditionatam
2687 4310 2980 4386 faciendi,
3021 4310 3122 4371 vel
3146 4309 3421 4389 patiendi
3464 4308 3643 4383 illud,
3672 4308 3729 4368 si

2166 4405 2284 4466 hoc
2311 4423 2437 4465 non
2455 4404 2673 4466 fecerit
2698 4420 2714 4463 t
2740 4410 2804 4465 et
2829 4405 2947 4465 hoc
2963 4402 3183 4483 probat
3200 4402 3358 4463 ratio
3378 4401 3725 4477 dubitandi,

2168 4503 2232 4560 et
2279 4496 2631 4576 exemplum
2679 4497 2757 4559 de
2805 4503 2973 4572 voto,
3037 4502 3101 4556 et
3144 4514 3274 4555 non
3305 4495 3471 4555 aliud
3500 4510 3516 4554 z
3560 4494 3730 4554 unde

2166 4591 2355 4652 etiam
2382 4594 2544 4650 recte
2563 4589 2950 4651 concluditur
2970 4607 3099 4649 non
3126 4606 3302 4667 posse
3330 4586 3593 4665 intelligi
3621 4603 3730 4646 ve-

2164 4701 2301 4744 ram
2344 4682 2547 4762 legem
2586 4682 2719 4743 sine
2746 4682 3148 4761 obligatione,
3196 4680 3294 4741 vel
3337 4679 3419 4740 ad
3452 4678 3724 4757 culpam,

2165 4775 2265 4838 vel
2292 4775 2508 4837 saltem
2559 4775 2762 4855 quoad
2791 4792 3040 4855 poenam
3080 4779 3361 4854 respectu
3407 4777 3582 4833 actus
3609 4773 3730 4831 im-

2167 4871 2435 4932 mediate
2481 4869 2727 4930 intenti.
2782 4869 3099 4942 Quomodo
3158 4873 3366 4929 autem
3414 4866 3730 4927 interdum

2165 4964 2358 5044 possit
2382 4962 2484 5025 lex
2510 4980 2760 5042 poenam
2786 4962 3139 5041 injungere,
3166 4958 3313 5021 licet
3329 4978 3458 5021 non
3502 4976 3729 5038 suppo-

2166 5063 2276 5117 nat
2305 5057 2372 5117 in
2389 5054 2870 5134 transgressione
2897 5072 3110 5115 veram
3141 5052 3408 5132 culpam,
3440 5052 3600 5133 quod
3629 5069 3730 5112 re·

2166 5147 2417 5212 ferendo
2439 5147 2812 5209 contrariam
2832 5147 3199 5208 sententiam
3213 5146 3553 5224 tetigimus,
3569 5150 3730 5205 trac-

2165 5243 2434 5304 tabimus
2458 5241 2584 5302 late
2615 5245 2868 5319 agentes
2919 5240 2995 5299 de
3040 5238 3177 5317 lege
3235 5238 3464 5318 poenali
3485 5254 3505 5314 ;
3557 5256 3733 5298 nunc

2166 5337 2309 5396 satis
2336 5335 2415 5395 sit
2441 5334 2665 5409 dicere,
2690 5333 2770 5393 ad
2796 5331 3137 5392 humanam
3154 5349 3428 5411 poenam,
3457 5330 3557 5391 vel
3575 5347 3730 5409 qua-

2164 5430 2217 5489 si
2240 5446 2510 5509 poenam,
2540 5445 2647 5488 seu
2680 5425 3059 5486 coactionem
3096 5424 3369 5504 aliquam
3409 5423 3729 5485 interdum

2161 5521 2441 5583 sufficere
2467 5536 2716 5582 causam
2757 5519 3014 5602 justam,
3047 5517 3193 5582 licet
3220 5518 3404 5600 culpa
3446 5527 3573 5580 non
3618 5514 3725 5578 sit.
