3976 6219
441 381 566 443 232

445 485 714 549 sumitur
739 503 813 547 ex
845 482 1055 546 Glossa
1088 485 1155 545 in
1183 503 1237 546 c.
1272 488 1331 561 1,
1372 484 1408 565 ξ
1440 488 1792 566 Postquam,
1820 486 2012 548 verbo

446 580 533 642 Iu
570 579 840 657 seriptis,
878 578 954 638 de
1000 578 1295 639 Censibus
1334 580 1402 639 in
1442 581 1504 655 6,
1544 586 1850 659 quatenus
1896 599 2012 640 nu-

447 675 648 731 merat
683 670 889 749 plures
917 688 1091 730 casus
1118 671 1185 732 in
1215 672 1441 750 quibus
1469 674 1773 752 scriptura
1797 675 2010 752 requi-

444 763 629 837 ritur,
660 768 723 823 et
761 762 925 824 inter
965 781 1069 823 eos
1112 782 1239 824 non
1272 765 1447 844 ponit
1487 764 1712 844 legem.
1759 766 2014 826 Probari

447 854 701 915 tandem
731 860 928 933 potest
956 873 1033 916 ex
1061 874 1194 936 cap.
1237 856 1686 932 Institutione,
1711 859 1813 934 25,
1852 876 1914 937 q.
1947 860 2010 933 2,

447 946 579 1007 ibi:
613 946 762 1009 Sive
802 965 934 1026 quoe
976 949 1200 1027 scripto
1234 950 1617 1025 decrevimm,
1642 951 1768 1013 sivo
1796 969 1927 1030 quoe
1948 952 2015 1012 iu

446 1045 660 1101 nostra
679 1040 1008 1117 praesentia
1034 1041 1313 1103 videntur
1334 1059 1454 1104 esse
1476 1043 1788 1120 disposita.
1819 1043 2015 1103 Idem-

450 1149 573 1211 que
622 1132 992 1212 supponitur
1036 1134 1105 1194 in
1155 1153 1289 1214 cap.
1342 1137 1372 1194 1
1425 1135 1502 1195 de
1533 1136 1800 1197 Renunt.
1849 1137 1917 1196 in
1950 1138 2013 1198 6.

448 1224 580 1286 Hoc
623 1240 770 1284 vero
822 1224 1292 1304 intelligendum
1352 1232 1445 1287 est
1496 1227 1616 1287 nisi
1667 1227 2015 1307 oppositum

447 1315 641 1377 fuerit
690 1318 1132 1379 consuetudine
1181 1318 1629 1398 praescriptum,
1681 1320 1829 1398 quia
1873 1337 2019 1380 con-

451 1410 713 1471 suetudo
756 1411 958 1474 facere
989 1416 1194 1492 potest
1235 1412 1356 1490 jus.
1402 1412 1654 1490 Oportet
1687 1418 1898 1473 autem
1946 1418 2020 1473 ut

449 1499 766 1580 legislator
810 1520 934 1587 non
990 1503 1219 1565 habeat
1266 1508 1631 1583 potestatem
1681 1504 2018 1582 derogandi

449 1595 999 1657 consuetudinem:
1044 1614 1192 1656 nam
1228 1596 1281 1656 si
1312 1596 1473 1657 hanc
1504 1602 1865 1675 potestatem
1907 1596 2019 1657 ha-

450 1683 626 1763 beat,
665 1694 728 1748 et
758 1706 935 1755 suam
968 1688 1353 1750 voluntatem
1396 1689 1770 1751 sufficienter
1815 1690 2019 1769 expri-

449 1785 605 1855 mat,
648 1780 855 1843 valida
900 1782 1018 1843 erit
1061 1783 1163 1843 lex
1215 1782 1344 1843 solo
1396 1783 1586 1844 verbo
1641 1783 2015 1863 praescripta,

450 1889 579 1933 non
607 1872 891 1937 obstante
924 1874 1388 1937 consuetudine.

533 1966 591 2025 7.
642 1964 786 2039 Quoe
810 1968 1015 2043 forma
1036 1969 1345 2030 verborum
1366 1967 1723 2029 necessaria.
1748 2000 1832 2013 —
1854 1966 2020 2030 Ulte-

446 2055 580 2117 rius
630 2075 773 2119 vero
820 2059 977 2119 circa
1008 2058 1290 2120 eamdem
1337 2064 1575 2139 partem
1617 2066 1890 2139 superest
1925 2061 2020 2119 in-

448 2151 824 2230 quirendum
851 2171 989 2231 quae
1015 2152 1215 2214 forma
1233 2154 1330 2214 vel
1353 2154 1662 2232 expressio
1684 2154 2017 2215 verborum

448 2245 794 2305 necessaria
827 2246 909 2305 sit
935 2253 1006 2305 ut
1032 2246 1133 2307 lex
1167 2246 1542 2307 sufficienter
1568 2246 1731 2307 edita
1772 2266 2019 2308 censea-

448 2341 575 2412 tur,
600 2338 728 2398 sive
756 2337 865 2397 illa
893 2338 1117 2418 scripta
1143 2340 1290 2413 sint,
1321 2339 1448 2399 sive
1477 2357 1625 2399 voce
1658 2340 1918 2418 prolata.
1949 2340 2019 2400 In

451 2447 576 2508 quo
603 2429 815 2505 dubio,
852 2431 1193 2508 generatim
1223 2431 1554 2510 loquendo,
1587 2432 1789 2491 solum
1816 2431 2019 2493 dicere

451 2540 774 2601 possumus
802 2522 1026 2584 debere
1054 2541 1183 2584 esse
1211 2524 1382 2598 talia,
1416 2530 1486 2584 ut
1511 2524 1887 2584 sufficienter
1915 2541 2020 2584 ex-

452 2613 686 2694 plicent
726 2615 1138 2676 intentionem
1175 2616 1471 2695 principis
1505 2634 1631 2677 esse
1667 2616 1828 2676 ferre
1867 2634 2024 2695 prse-

398 2750 413 2759 .
454 2712 706 2784 ceptum
745 2706 962 2767 stabile
995 2713 1056 2769 et
1084 2725 1434 2782 commune,
1478 2707 1833 2786 habensque
1869 2708 2023 2769 alias

453 2797 840 2860 conditiones
853 2799 1145 2878 adlegem
1166 2802 1517 2878 requisitas,
1533 2807 1618 2877 et,
1635 2818 2026 2879 quocumque

455 2891 642 2952 modo
669 2891 787 2952 hoc
814 2892 944 2968 fiat,
982 2893 1163 2955 illum
1188 2894 1489 2956 sufficere.
1524 2895 1801 2955 Primum
1830 2900 2020 2973 patet,

458 2984 630 3062 quia,
658 2989 730 3043 ιιι
755 2983 822 3043 18
854 2984 1160 3064 principio
1196 2985 1349 3061 dixi,
1376 2986 1515 3046 talis
1540 2986 1907 3066 significatio
1931 2990 2025 3046 est

456 3075 536 3138 (18
567 3076 913 3139 substantia
938 3078 1093 3157 legis
1136 3077 1469 3141 humanae:
1498 3078 1836 3142 secundum
1876 3096 2026 3140 vero

455 3174 649 3251 patet,
689 3171 837 3253 quia
873 3171 1031 3232 nihil
1058 3171 1227 3233 aliud
1264 3177 1355 3233 est
1381 3171 1864 3234 determinatum
1888 3172 2027 3251 jure

455 3262 747 3339 naturali,
777 3264 876 3325 vel
902 3263 1161 3342 alicujus
1188 3264 1540 3343 superioris..
1573 3264 1732 3325 Hinc
1759 3282 1905 3325 vero
1930 3264 2025 3323 in-

453 3352 603 3415 ferri
643 3361 843 3434 potest
869 3356 1239 3434 regulariter
1273 3355 1624 3417 adhibenda
1669 3372 1801 3416 esse
1838 3354 2030 3415 verba

456 3447 829 3526 praeceptiva
842 3490 864 3521 ,
917 3447 1065 3525 quia
1114 3446 1316 3508 solum
1364 3452 1738 3526 praeceptum
1789 3447 2031 3507 inducit

457 3537 924 3614 obligationem,
956 3542 1019 3598 et
1059 3538 1205 3617 quia
1247 3537 1323 3597 de
1361 3539 1601 3599 ratione
1627 3538 1782 3617 legis
1827 3544 1917 3599 est
1957 3544 2029 3599 ut

458 3631 540 3692 sit
583 3635 959 3710 praeceptum
970 3673 992 3704 ,
1042 3636 1104 3690 et
1148 3629 1296 3708 quia
1341 3628 1589 3689 effectus
1635 3630 2028 3708 obligationis

461 3724 708 3786 odiosus
736 3741 846 3783 seu
867 3740 1157 3784 onerosus
1175 3727 1288 3797 est,
1311 3721 1571 3802 ideoque
1590 3722 1667 3783 ad
1694 3723 2030 3785 verborum

459 3815 904 3897 proprietatem
950 3814 1410 3893 restringendus
1462 3819 1554 3875 est
1566 3837 1583 3890 3
1627 3821 2025 3896 quapropter,

461 3915 536 3970 ut
561 3908 947 3985 intelligatur
972 3908 1251 3986 superior
1282 3907 1437 3968 terre
1471 3906 1698 3987 legem,
1729 3927 1857 3969 non
1883 3908 2030 3970 satis

465 4009 557 4066 est
575 4009 644 4064 ut
662 4002 847 4077 dicat,
868 4018 1042 4080 rogo,
1065 4007 1229 4080 peto,
1250 4001 1487 4078 hortor,
1508 4002 1608 4063 vel
1626 4002 1775 4082 quid
1799 4003 2025 4079 simile,

463 4096 586 4157 nisi
607 4094 843 4174 aliquid
860 4093 1051 4155 addat
1066 4112 1190 4173 quo
1207 4094 1405 4173 magis
1427 4094 1690 4174 explicet
1712 4093 2030 4175 obligandi

464 4188 897 4249 intentionem.
925 4187 1025 4249 Sic
1047 4186 1205 4247 dixit
1223 4186 1431 4248 Glossa
1447 4188 1516 4247 in
1543 4205 1678 4268 cap.
1706 4188 1897 4266 Royo,
1926 4190 2025 4262 11,

464 4300 527 4360 q.
579 4283 640 4355 3,
687 4279 776 4340 ibi
820 4280 1090 4359 positum
1135 4297 1265 4340 esse
1304 4279 1565 4340 verbum
1608 4280 1871 4357 rogandi
1915 4298 2029 4360 pro

463 4372 656 4433 verbo
683 4372 1019 4444 mandandi
1046 4378 1261 4432 contra
1291 4371 1605 4450 propriam
1632 4371 2030 4449 significatio-

464 4482 634 4540 nem,
673 4464 833 4525 forte
859 4465 1007 4543 quia
1045 4463 1134 4524 ibi
1162 4462 1444 4524 Pontifex
1487 4468 1688 4540 rogat,
1716 4463 2024 4539 hortatur,

465 4561 529 4617 et
556 4562 767 4618 monet
804 4556 882 4616 ad
910 4555 974 4615 id
1015 4554 1180 4634 quod
1219 4555 1351 4615 sine
1378 4559 1632 4634 peccato
1672 4553 1851 4615 aliter
1890 4553 2028 4616 fieri

464 4667 594 4711 808
620 4654 881 4730 poterat.
912 4649 1382 4723 Verumtamen,
1411 4647 1479 4707 in
1509 4646 1608 4707 his
1634 4650 1698 4707 et
1723 4647 2029 4708 similibus

465 4743 749 4819 decretis,
770 4761 898 4803 non
916 4746 1157 4821 oportet
1173 4740 1359 4803 verba
1376 4740 1711 4820 improprie
1727 4741 2024 4822 accipere,

464 4835 612 4915 quia
649 4836 718 4896 in
769 4835 856 4896 eis
902 4834 1209 4909 Pontifex,
1247 4833 1346 4894 vel
1391 4833 1696 4913 princeps,
1743 4834 2030 4897 hortatur

465 4927 740 4989 subditos
768 4932 838 4987 ut
873 4926 1173 5006 impleant
1213 4925 1379 5005 quod
1406 4924 1559 4986 alias
1583 4931 1877 4986 tenentur
1889 4949 1906 5002 ;
1937 4932 2029 4987 ta·

464 5038 610 5081 men
639 5039 716 5083 ex
739 5019 802 5081 vi
828 5020 1049 5081 talium
1080 5017 1413 5081 verborum
1442 5035 1670 5079 novam
1701 5017 2030 5098 obligatio-

464 5132 612 5175 nem
656 5132 784 5176 non
816 5113 1111 5192 imponit3
1144 5117 1207 5173 et
1244 5110 1376 5172 haec
1420 5110 1762 5171 exhortatio
1803 5111 1956 5173 solet
1991 5129 2028 5171 a

458 5205 699 5284 juristis
733 5208 827 5283 (ut
854 5223 1041 5286 supra
1073 5204 1226 5283 dixi)
1255 5203 1461 5266 vocari
1494 5203 1822 5264 consilium
1853 5221 2028 5265 reve-

461 5299 700 5371 rentiae,
731 5299 895 5377 quod
938 5318 1066 5362 non
1095 5304 1187 5361 est
1222 5317 1454 5361 novum
1495 5304 1889 5379 praeceptum,
1920 5297 2025 5359 sed

463 5391 744 5453 modesta
784 5395 846 5451 et
891 5398 1148 5470 paterna
1178 5392 1392 5471 petitio
1438 5391 1842 5452 observantiae
1875 5389 2028 5451 obli-

462 5484 729 5564 gationis
755 5499 894 5566 quae
919 5483 1052 5564 jam
1077 5482 1316 5545 inerat:
1351 5490 1414 5545 et
1440 5484 1531 5545 sic
1561 5483 1835 5562 loquitur
1860 5482 2023 5543 Glos.

1450 388 1568 442 LIB.
1605 390 1687 443 111.
1724 389 1806 441 m:
1836 389 1998 442 LEGE
2031 389 2293 442 numam
2324 390 2405 442 m·
2436 387 2639 441 mvlm.

2091 488 2159 548 in
2209 488 2397 550 Clem.
2454 491 2484 548 1
2539 487 2616 548 de
2653 484 2957 559 Testibus‚
3003 485 3192 546 verbo
3241 485 3656 547 Excitor-tatur.

2093 582 2318 660 Estque
2364 581 2674 661 optimum
2719 577 3070 657 exemplum
3118 579 3185 638 in
3226 577 3408 638 Cone.
3456 577 3661 652 Τ1·1(1.,

2093 692 2234 734 5855.
2267 675 2370 750 24,
2397 692 2532 753 cap.
2563 678 2623 749 1,
2648 672 2724 733 de
2747 671 3083 733 Reformat.
3107 671 3239 745 ibi;
3268 671 3503 733 Sancta
3533 669 3664 748 Sy-

2092 768 2280 828 nodus
2312 767 2592 828 hortatur
2619 771 2689 828 ut
2720 766 2999 844 conjuyes
3033 769 3171 826 aute
3210 763 3667 825 benedictionem

2094 860 2514 921 sacerdotalem
2540 861 2605 920 in
2643 858 2855 936 templo
2895 856 3334 934 suscipiendam
3362 856 3430 916 in
3461 856 3666 917 eadem

2095 952 2260 1013 domo
2296 970 2414 1014 uon.
2453 952 2824 1020 collabi-wat,-
2860 967 2998 1028 quse
3028 948 3218 1009 verba
3257 947 3459 1026 legem
3505 947 3665 1007 obli-

2096 1051 2349 1122 gantem
2387 1063 2515 1105 non
2551 1044 2892 1119 continent,
2918 1048 2991 1101 ut
3029 1059 3242 1102 omnes
3271 1040 3655 1119 intelligunt.

2179 1139 2238 1200 8.
2289 1139 2573 1212 Quoedam
2622 1138 2777 1215 leyes
2808 1138 3140 1215 proferunt
3189 1140 3549 1213 praeceptum
3593 1135 3664 1195 in

2098 1235 2237 1294 actu
2263 1232 2523 1310 siquam,
2553 1229 2824 1308 quoedam
2853 1228 2922 1289 iu
2949 1232 3088 1288 actu
3110 1226 3663 1305 exercita—Opor-

2095 1328 2187 1383 tet
2216 1340 2364 1402 ergo
2391 1328 2462 1382 ιιι
2488 1320 2676 1382 verba
2693 1319 2847 1399 legis
2861 1318 3274 1379 constitutivae
3295 1318 3660 1397 praeceptiva

2098 1416 2223 1477 sint
2232 1431 2253 1492 ;
2297 1419 2551 1494 possunt
2578 1418 2788 1473 autem
2815 1411 3112 1489 distingui
3145 1431 3159 1469 :
3188 1429 3336 1471 nam
3376 1411 3660 1489 quaedam

2097 1513 2472 1588 praeceptum
2502 1504 2823 1584 proferunt
2845 1503 3022 1583 quasi
3050 1503 3117 1562 in
3137 1508 3278 1562 actu
3296 1503 3539 1581 signato
3567 1503 3664 1578 (ut

2099 1600 2186 1660 sic
2212 1599 2463 1675 dicam),
2488 1598 2611 1658 alia
2637 1598 2704 1656 in
2728 1602 2869 1657 actu
2896 1597 3191 1657 exercito.
3224 1595 3433 1655 Priora
3458 1594 3663 1673 quoad

2098 1696 2408 1771 praecepta
2455 1689 2824 1751 affirmativa
2868 1688 3139 1749 maxime
3204 1692 3351 1747 sunt
3402 1684 3663 1747 verbum

2093 1784 2385 1863 proeoipio
2419 1781 2518 1843 vel
2542 1782 2765 1861 impero
2779 1805 2807 1852 ‚·
2827 1782 2960 1842 haec
2979 1780 3147 1841 enim
3179 1779 3370 1841 verba
3393 1797 3523 1840 esse
3563 1779 3659 1838 vi-

2099 1873 2326 1934 dentur
2352 1892 2489 1953 quae
2522 1873 2599 1934 de
2651 1892 2715 1935 se
2764 1874 3034 1934 maxime
3083 1873 3360 1932 indicare
3402 1877 3661 1950 possunt

2097 1968 2482 2028 voluntatem
2501 1966 2839 2046 obligandi,
2861 1973 2933 2027 ut
2963 1966 3229 2027 sumitur
3246 1966 3406 2025 clare
3433 1983 3508 2026 ex
3528 1965 3660 2027 Gle-

2099 2066 2293 2121 ment.
2332 2060 2559 2122 Emisit
2590 2062 2658 2121 de
2679 2060 2994 2139 paradis-0,
3034 2059 3111 2119 de
3142 2058 3328 2119 Verb.
3361 2057 3655 2135 signific.,

2099 2155 2208 2214 ubi
2232 2153 2511 2214 Clemens
2541 2153 2593 2211 V
2631 2153 3071 2232 interpretatur
3095 2151 3354 2212 verbum
3376 2153 3664 2231 proecepti

2099 2247 2373 2307 indicare
2389 2248 2727 2324 rigorosam
2743 2246 2897 2324 legis
2919 2245 3360 2323 obligationem
3377 2261 3397 2321 ;
3415 2250 3476 2305 et
3497 2245 3667 2305 idem

2101 2341 2287 2401 habet
2319 2340 2600 2401 Nicolaus
2633 2340 2709 2400 111
2737 2340 2804 2398 in
2834 2357 2967 2417 cap.
3003 2339 3216 2413 Exiit,
3250 2337 3326 2398 de
3354 2338 3537 2398 Verb.
3583 2338 3667 2397 si-

2101 2433 2311 2512 gnific.
2346 2433 2413 2493 in
2442 2437 2480 2493 6
2521 2448 2537 2491 :
2593 2431 2798 2510 quoad
2824 2431 3116 2509 negativa
3145 2449 3292 2491 vero
3337 2436 3663 2509 praecepta,

2100 2525 2289 2586 verba
2314 2525 2565 2605 propria
2595 2528 2741 2584 sunt
2778 2525 3033 2598 iuhibw,
3057 2524 3339 2602 prohibeo
3346 2567 3366 2598 ,
3397 2529 3457 2583 et
3492 2523 3669 2582 simi-

2100 2616 2207 2686 lia.
2248 2622 2319 2677 ιιι
2359 2618 2425 2677 18
2454 2616 2685 2677 eisdem
2716 2616 2975 2676 decretis
2997 2614 3366 2691 declaratur,
3410 2620 3471 2675 et
3498 2633 3576 2676 ex
3602 2617 3668 2675 vi

2103 2708 2572 2788 significationis
2599 2708 2822 2769 talium
2847 2708 3181 2769 verborum
3194 2708 3442 2768 videtur
3465 2726 3576 2787 per
3599 2726 3668 2768 se

2104 2803 2523 2864 manifestum.
2562 2802 2768 2863 Verba
2816 2802 2968 2862 item
3013 2800 3445 2881 aequivalentia
3498 2802 3671 2862 suffi-

2105 2896 2303 2971 ciunt,
2325 2900 2396 2954 ut
2413 2894 2645 2955 ibidem
2672 2893 3021 2955 declaratur
3033 2916 3050 2969 ;
3079 2893 3432 2973 hujusmodi
3455 2900 3669 2955 autem

2106 3006 2234 3049 esse
2261 2988 2553 3048 videntur
2601 2986 2756 3062 haec,
2808 2986 3018 3047 Omnes
3056 2991 3385 3059 teneantur,
3439 2987 3669 3049 nemini

2105 3081 2306 3156 liceat,
2342 3085 2406 3141 et
2448 3078 2693 3140 similia.
2738 3079 2821 3139 De
2850 3076 3054 3139 vorbis
3083 3083 3291 3139 autem
3317 3077 3671 3158 imperandi

2104 3173 2172 3234 in
2201 3179 2344 3234 actu
2379 3172 2668 3247 exercito,
2710 3176 2784 3231 ιιι
2823 3176 2968 3232 588ι
3003 3186 3021 3230 t
3065 3172 3306 3243 Facito,
3356 3172 3669 3247 abstinete,

2107 3283 2303 3327 omues
2331 3264 2589 3337 solvant,
2618 3282 2782 3325 nemo
2806 3265 3044 3340 audeat,
3077 3269 3139 3325 et
3175 3264 3424 3337 similia,
3460 3264 3538 3324 de
3558 3263 3672 3343 §his

2112 3356 2411 3437 (inquam)
2436 3355 2620 3416 multi
2645 3355 2954 3431 dubitant,
2981 3357 3129 3435 quia
3148 3356 3502 3435 frequenter
3529 3374 3674 3435 pro-

2107 3447 2257 3508 ferri
2283 3449 2479 3509 solent
2521 3466 2634 3528 per
2661 3447 2918 3508 modurn
2965 3448 3203 3509 consilii
3230 3453 3339 3508 aut
3375 3447 3674 3527 simplicis

2108 3541 2460 3602 directionis
2470 3556 2492 3618 3
2545 3545 2607 3601 et
2655 3540 2743 3600 ita
2787 3540 2995 3601 Castro
3044 3559 3226 3620 supra
3276 3539 3676 3619 reprehendit

2109 3633 2446 3695 Panormit.
2498 3634 2606 3712 qui
2633 3633 2791 3694 dixit
2818 3634 2985 3693 hunc
3018 3632 3275 3693 modum
3323 3632 3676 3711 imperandi

2109 3725 2385 3786 sufficere
2407 3724 2485 3785 ad
2514 3725 2715 3803 legem
2739 3724 3118 3803 obligantem
3146 3724 3669 3784 constituendam.

2110 3817 2228 3879 Sed
2260 3824 2420 3880 certe
2440 3818 2649 3898 opinio
2672 3819 2960 3880 Panorm.
2992 3818 3170 3879 valde
3197 3817 3530 3898 probabilis
3553 3822 3671 3892 est3

2107 3927 2257 3970 narn
2282 3916 2586 3989 praecepta
2613 3910 2999 3989 superiorum
3035 3909 3343 3970 ordinarie
3384 3910 3677 3969 feruntur

2108 4001 2228 4063 hoc
2264 4001 2472 4078 modo,
2500 4008 2562 4062 et
2574 4009 2902 4063 censentur
2930 4001 3303 4063 sufficienter
3324 4002 3495 4077 ferri,
3525 4002 3677 4081 quia

2109 4093 2217 4156 illa
2228 4094 2418 4156 verba
2434 4095 2804 4155 sufficienter
2814 4093 3125 4173 explicant
3144 4094 3498 4173 imperium.
3517 4094 3674 4156 Item

2110 4187 2334 4249 Concil.
2362 4189 2669 4262 Trident.,
2706 4206 2852 4248 5855.
2878 4188 2977 4262 13,
3003 4205 3136 4266 cap.
3160 4190 3196 4247 7
3216 4186 3294 4247 de
3322 4187 3671 4264 Sacerdote,

2109 4282 2217 4360 qui
2238 4287 2499 4360 urgente
2530 4282 2889 4342 necessitate
2916 4280 3146 4359 absque
3175 4281 3404 4360 praevia
3435 4282 3675 4343 confes-

2109 4375 2279 4435 sione
2310 4374 2576 4434 celebrat
2604 4392 2747 4434 cum
2778 4372 3151 4434 conscientia
3179 4373 3412 4452 peccati
3445 4378 3675 4434 morta-

2107 4464 2205 4540 lis,
2233 4466 2433 4525 solum
2460 4465 2640 4526 dicit:
2676 4464 3133 4544 Quamprimum
3152 4465 3539 4540 confitentum·
3562 4484 3676 4544 per

2109 4576 2248 4637 quae
2285 4557 2415 4618 sola
2443 4558 2635 4619 verba
2668 4558 2872 4636 legem
2916 4556 3297 4636 obligantem
3330 4557 3669 4634 constituit,

2103 4651 2286 4730 juxta
2322 4668 2717 4711 communem
2741 4650 3241 4728 intelligentiam,
3290 4654 3362 4709 ιιι
3398 4650 3548 4711 alibi
3575 4668 3673 4711 os·

2107 4748 2354 4804 tensum
2396 4747 2508 4804 est.
2536 4744 2939 4823 Quapropter,
2972 4743 3361 4804 considerata
3393 4744 3674 4824 proprie-

2107 4841 2232 4896 tate
2259 4835 2423 4895 illius
2448 4835 2797 4910 locutioniS,
2827 4835 3075 4913 quando
3098 4836 3378 4914 superior
3401 4836 3519 4896 hoc
3538 4853 3674 4896 mo-

2109 4927 2189 4988 do
2218 4927 2492 5006 loquitur
2519 4927 2599 4987 ad
2645 4926 2983 5003 subditum,
3023 4932 3085 4988 et
3128 4945 3205 4987 ex
3245 4927 3383 4988 aliis
3411 4928 3674 4988 circum·

2106 5020 2348 5081 stantiis
2365 5019 2464 5081 vel
2482 5038 2559 5081 ex
2581 5037 2699 5079 usu
2721 5020 2886 5080 aliud
2915 5037 3042 5079 non
3065 5025 3324 5096 constat,
3340 5021 3673 5101 praecipere

2108 5111 2448 5173 censendus
2476 5118 2591 5188 est,
2623 5118 2685 5173 et
2715 5130 2855 5173 cum
2884 5111 3279 5191 proportione
3298 5113 3544 5192 quando
3565 5113 3674 5174 (18-

2108 5209 2341 5265 cretum
2371 5205 2702 5284 superioris
2727 5205 2816 5264 ita
2844 5203 3064 5279 fertur,
3094 5209 3156 5265 et
3184 5205 3347 5265 inter
3366 5206 3529 5283 jura,
3560 5223 3672 5266 seu

2106 5297 2297 5376 legeS,
2350 5303 2457 5357 aut
2507 5297 2754 5358 decreta
2806 5298 3173 5376 praeceptiva
3205 5298 3518 5373 inseritur,
3551 5297 3669 5358 sub

2107 5390 2345 5451 ratione
2371 5388 2526 5468 legis
2551 5389 2700 5451 ferri
2726 5389 2992 5467 videtur,
3025 5390 3147 5449 nisi
3173 5408 3251 5452 ex
3269 5390 3408 5452 aliis
3429 5390 3669 5470 conjec-

2105 5482 2262 5544 turis
2283 5483 2630 5563 oppositum
2653 5488 2928 5545 constare
2954 5483 3167 5563 possit.
