3976 6219
925 425 1061 478 cAP.
1096 424 1203 476 XX.
1238 423 1323 476 AN
1354 422 1550 477 LEGES
1582 418 1943 473 SYNODALES
1978 419 2297 473 PERSONAS
2331 421 2712 489 RELIGIOSAS,
2747 423 2883 476 mc,

3379 424 3501 486 409

287 549 424 595 rem
454 528 707 611 spectat)
728 524 918 589 sentit
938 525 1257 604 religiosos
1279 540 1410 585 non
1445 540 1574 585 esse
1601 537 1852 601 exemp·
1932 525 1997 582 et
2028 520 2165 582 ideo
2207 519 2329 582 illis
2369 522 2747 603 obligantur,
2785 525 2838 586 si
2879 524 3152 605 exempti
3193 543 3319 588 non
3349 527 3494 592 sint.

290 632 406 701 tos,
445 623 563 684 nisi
594 622 661 684 in
695 620 795 682 his
836 638 977 700 quae
1030 623 1178 680 sunt
1230 618 1298 678 in
1348 617 1487 696 jure
1530 632 1812 695 expressa
1831 663 1850 686 ,

289 735 429 798 quae
453 720 600 778 sunt
625 715 840 776 decem
866 712 966 774 vel
999 711 1312 785 undecim,
1344 726 1482 789 (11166
1508 708 1598 769 ibi
1626 707 1856 785 sigilla-

288 810 404 870 tim
448 812 792 881 enumerat,
832 810 894 867 61
933 804 1114 884 plura
1161 804 1230 863 in
1259 800 1615 875 tribuendo,
1648 800 1858 879 aliqua

291 918 439 963 vero
474 900 544 961 in
583 898 825 978 agendo
858 896 1216 958 consistunt.
1255 896 1327 955 In
1354 894 1441 956 eis
1466 900 1678 956 tamen
1730 910 1857 953 non

289 994 683 1057 continentur
727 992 894 1071 leges
941 988 1339 1071 episcopaleS,
1395 1005 1512 1050 nec
1557 986 1857 1066 subjectio

288 1087 411 1148 illis
444 1084 675 1161 debita,
705 1091 768 1146 et
797 1085 886 1145 ita
927 1082 1118 1144 etiam
1157 1082 1277 1142 hoe
1317 1081 1502 1142 modo
1549 1079 1855 1142 concludi-

288 1189 425 1256 tur,
470 1179 638 1258 leges
689 1177 1125 1257 Episcoporum
1177 1173 1454 1253 obligare
1508 1173 1852 1252 1611310606,

292 1273 438 1353 (11116
462 1272 529 1333 16
555 1272 674 1333 hoc
704 1289 832 1332 non
858 1270 1264 1332 inveniuntur
1284 1269 1428 1347 jure
1465 1267 1761 1347 exempti,
1794 1271 1858 1328 et

291 1366 379 1428 ita
399 1366 665 1447 pertinet
681 1365 760 1426 ad
781 1365 984 1444 legem
1012 1359 1478 1442 jurisdictionis.

371 1461 429 1521 6.
461 1459 698 1538 Regula
724 1459 806 1520 D.
844 1457 1056 1521 stom.
1093 1455 1160 1518 de
1187 1454 1517 1518 obidientia
1554 1454 1853 1517 monachi.

292 1553 455 1614 —Hi
490 1558 700 1613 tamen
740 1551 1018 1612 doctores
1044 1547 1376 1611 canonistae
1407 1547 1753 1627 loquuntur
1780 1546 1857 1610 de

292 1645 594 1724 religiosis
620 1644 840 1705 stando
866 1643 933 1703 in
966 1642 1105 1721 jure
1133 1640 1474 1716 communi,
1505 1644 1576 1700 ut
1602 1658 1680 1701 ex
1720 1639 1861 1701 doc-

291 1739 458 1800 trina
491 1755 707 1799 eorum
745 1741 1007 1812 constat,
1037 1741 1100 1799 et
1145 1735 1294 1815 quia
1332 1751 1491 1813 saepe
1542 1732 1861 1813 excipiunt

293 1830 622 1912 specialem
650 1830 1128 1910 exemptionem.
1170 1829 1248 1889 Et
1272 1828 1390 1889 hoc
1419 1845 1605 1888 sensu
1641 1843 1858 1888 eorum

293 1924 598 1985 sententia
623 1923 870 1985 videtur
895 1922 1247 1997 manifesta,
1278 1919 1497 1982 saltem
1532 1919 1752 1981 stando
1790 1919 1859 1980 in

284 2017 430 2096 jure
480 2016 779 2095 antiquo,
831 2016 979 2096 quia
1031 2014 1203 2075 nullo
1252 2013 1395 2091 jure
1448 2013 1859 2074 inveniuntur

289 2108 562 2188 exempti
598 2109 801 2187 quoad
825 2108 1151 2188 synodales
1166 2106 1371 2184 leges;
1395 2123 1544 2184 ergo
1571 2105 1689 2166 nisi
1705 2105 1858 2166 alias

289 2199 634 2280 specialiter
664 2201 791 2261 sint
817 2201 1112 2279 exempti,
1145 2204 1439 2261 tenentur
1465 2200 1588 2259 illis
1617 2216 1853 2277 parere.

290 2294 466 2354 Patet
501 2294 963 2372 consequentia,
1004 2293 1152 2372 quia
1199 2297 1343 2353 sunt
1382 2292 1644 2371 subiecti
1676 2309 1754 2352 ex
1795 2290 1860 2350 vi

290 2385 617 2447 ordinariae
651 2385 1102 2464 jurisdictionis
1132 2384 1511 2464 episcopalis,
1559 2385 1712 2444 Item
1741 2383 1859 2444 1166

288 2480 531 2540 1611066
556 2479 703 2558 jura
734 2479 993 2559 antiqua
1020 2477 1412 2557 praecipiunt,
1457 2482 1528 2538 ut
1566 2476 1859 2537 monachi

287 2571 602 2651 Episcopis
630 2576 910 2650 pareant,
936 2576 1000 2633 et
1014 2570 1095 2631 ab
1113 2570 1202 2631 eis
1228 2570 1662 2649 corripiantur,
1693 2568 1857 2647 capi·

293 2664 420 2724 tulo
461 2665 862 2740 Mauorte-ia,
892 2669 956 2726 et
984 2661 1254 2744 capitulo
1290 2661 1713 2740 Coynovimus,
1750 2661 1851 2735 18,

286 2761 504 2836 quaest.
541 2758 618 2834 23
654 2761 716 2818 et
747 2758 818 2818 D.
852 2755 1075 2817 Thom.
1117 2755 1186 2815 in
1220 2757 1285 2830 2,
1326 2753 1721 2814 distinctione
1749 2754 1852 2827 44,

287 2850 357 2908 in
384 2848 588 2909 ultim.
619 2847 770 2908 dub.
800 2848 991 2909 litter.
1025 2848 1104 2908 ad
1130 2849 1194 2923 2,
1234 2847 1322 2908 ait
1352 2847 1732 2907 monachum
1759 2853 1848 2908 te-

290 2942 430 3003 neri
448 2941 528 3002 ad
549 2939 963 3001 obediendum
989 2939 1214 3001 Abbati
1235 2940 1373 3020 plus
1396 2958 1584 3019 quam
1611 2941 1857 3020 Episco-

291 3052 396 3115 po,
418 3034 485 3094 in
509 3033 630 3094 illis
656 3051 793 3114 (11166
816 3033 897 3094 6(1
915 3038 1143 3094 61611116
1162 3032 1395 3113 regulae
1422 3033 1758 3111 pertinent3
1789 3032 1856 3092 in

292 3128 390 3188 his
420 3133 628 3188 autem
657 3145 796 3206 (11161
827 3127 906 3188 6(1
949 3126 1342 3206 disciplinam
1391 3125 1857 3187 ecclesiasticam

291 3220 630 3300 pertinent,
671 3219 870 3298 magis
895 3219 1095 3280 166611
1122 3220 1444 3298 Episcop0,
1476 3218 1624 3297 quia
1655 3218 1725 3278 in
1759 3218 1858 3278 his

293 3313 625 3393 Episcopus
649 3318 743 3374 est
771 3312 1050 3392 superior
1081 3311 1357 3373 Abbatis.
1403 3314 1567 3390 Ergo
1602 3311 1655 3372 si
1691 3311 1858 3389 leges

292 3406 663 3486 episcopales
708 3412 772 3467 et
797 3405 1124 3485 synodales
1155 3423 1285 3466 non
1335 3405 1461 3465 sint
1489 3409 1703 3465 contra
1736 3409 1855 3464 sta-

291 3504 428 3559 tum
446 3497 679 3578 regulae
701 3499 1025 3578 religiosas,
1042 3498 1188 3560 licet
1207 3498 1335 3559 sint
1351 3497 1629 3572 diversae,
1653 3502 1717 3558 et
1745 3495 1857 3557 ali-

290 3591 443 3671 quid
465 3593 522 3652 ei
554 3593 805 3664 addant,
837 3597 1132 3653 tenentur
1170 3591 1441 3669 religiosi
1482 3590 1570 3651 eis
1604 3590 1857 3651 obedire

290 3701 370 3746 ex
391 3684 456 3745 vi
482 3684 755 3764 religiosi
768 3689 984 3760 status,
1006 3684 1058 3744 si
1086 3684 1237 3745 alias
1251 3683 1523 3763 exempti
1538 3701 1665 3745 non
1684 3686 1853 3745 61161.

373 3780 435 3837 7.
479 3777 601 3837 Nec
643 3782 858 3838 contra
901 3777 1020 3838 hoc
1062 3776 1265 3837 obstat
1290 3777 1597 3837 motivum
1634 3777 1858 3856 prioris

291 3870 636 3931 6661661161.
680 3870 825 3931 Dico
853 3870 1021 3931 enim
1049 3870 1389 3948 1611310606,
1421 3888 1550 3930 606
1579 3870 1859 3933 011616616

289 3967 480 4037 statu,
510 3962 680 4042 prius
707 3962 970 4041 obligari
989 3962 1070 4023 ad
1095 3962 1398 4024 servanda
1420 3961 1713 4022 mandata
1748 3963 1857 4023 Dei

288 4060 353 4116 et
387 4054 689 4131 Ecclesiae,
716 4073 904 4135 quam
926 4073 1039 4116 sua
1065 4060 1329 4132 statuta3
1360 4052 1551 4129 unde,
1584 4052 1727 4114 licet
1746 4072 1859 4133 per

286 4147 442 4208 talia
481 4151 710 4207 statuta
751 4146 1040 4228 speclalia
1079 4163 1271 4207 onera
1315 4145 1677 4224 suscipiant,
1717 4163 1859 4224 pro-

285 4247 430 4323 pter
449 4240 695 4301 1116606
716 4245 1088 4302 excusantur
1113 4256 1152 4300 a
1179 4238 1572 4318 generalibus
1593 4238 1855 4317 legibus,

286 4334 400 4396 sed
428 4333 536 4393 illa
561 4333 907 4394 voluntarie
940 4332 1281 4412 suscipiunt
1311 4332 1476 4393 ultra
1503 4331 1859 4393 communia

286 4443 484 4488 onera
510 4425 1018 4487 Christianorum.
1066 4427 1231 4487 Inter
1261 4425 1395 4487 11666
1420 4430 1630 4485 autem
1672 4442 1859 4503 gene-

285 4518 448 4579 ralia
465 4536 655 4581 onera
672 4519 1161 4580 Christianorum
1179 4523 1618 4598 computantur
1630 4536 1703 4579 ea
1721 4537 1859 4598 quae

283 4629 404 4694 per
438 4612 606 4690 leges
633 4611 1024 4692 episcopales„
1075 4616 1183 4672 aut
1215 4611 1540 4691 synodales
1564 4610 1855 4673 0166111116

284 4706 725 4786 imponuntur,
767 4711 830 4768 et
876 4706 947 4767 in
992 4722 1385 4785 quocumque
1418 4710 1582 4766 statu
1625 4705 1856 4766 servari

283 4806 572 4881 possunt,
602 4804 674 4860 ut
704 4805 851 4861 sunt
881 4799 1143 4879 jejunia,
1189 4798 1572 4873 festivitates,
1620 4803 1736 4859 etc.
1778 4800 1855 4860 Et

283 4893 433 4954 ideo
471 4892 552 4953 ab
584 4892 682 4953 his
710 4893 992 4955 excusari
1015 4910 1144 4955 non
1166 4896 1422 4972 possunt
1447 4896 1699 4970 propter
1720 4909 1855 4971 spe-

282 4984 472 5047 cialia
499 5003 689 5048 onera
731 4986 829 5047 sui
870 4990 1089 5047 status.
1129 4986 1337 5064 Neque
1363 4983 1740 5063 comparatio
1765 4983 1856 5045 ibi

279 5079 454 5141 facta
475 5079 664 5155 valet,
691 5079 840 5159 quia
860 5083 1091 5140 statuta
1115 5077 1546 5156 religiosorum
1568 5093 1696 5137 606
1715 5080 1857 5136 sunt

280 5172 609 5253 generalia
652 5191 765 5253 pro
804 5178 936 5253 tota
956 5172 1227 5248 dioecesi,
1265 5171 1370 5234 sed
1397 5175 1545 5233 sunt
1568 5169 1858 5251 specialia

277 5264 432 5328 talis
476 5266 937 5328 communitatis
980 5271 1044 5328 et
1073 5264 1511 5347 professionis;
1545 5263 1686 5326 ideo
1727 5280 1856 5323 non

276 5365 546 5441 possunt
575 5359 850 5438 obligare
878 5359 1221 5435 saeculares,
1252 5358 1382 5420 sive
1412 5356 1683 5432 clericos,
1727 5355 1855 5418 sive

274 5451 511 5527 laicos3
550 5452 717 5531 leges
762 5459 972 5514 autem
1019 5450 1300 5532 Episcopi
1348 5449 1667 5529 generales
1710 5452 1858 5510 sunt

272 5564 402 5632 pro
440 5552 571 5611 toto
600 5548 911 5613 territorio
943 5547 1011 5611 in
1038 5566 1161 5632 quo
1204 5550 1529 5612 morantur
1555 5544 1851 5627 religiosi,

2016 614 2077 673 8.
2123 615 2209 675 De
2255 616 2556 696 exemptis
2600 634 2747 678 vero
2792 623 2884 678 est
2916 618 3177 698 speciale
3212 619 3496 699 dubium,

1936 724 2020 767 an
2048 707 2403 786 obligentur
2436 709 2514 769 ad
2542 707 2956 770 obediendum
2983 709 3224 788 legibus
3255 712 3504 790 Episco-

1936 817 2185 879 porum.
2218 800 2478 862 Videtur
2499 809 2708 864 autem
2727 802 3080 879 dicendum,
3107 804 3176 864 in
3206 805 3413 884 rigore
3441 811 3504 866 et

1937 910 2016 953 ex
2036 893 2100 953 vi
2126 892 2280 972 legis
2306 911 2434 954 606
2461 894 2745 973 011113611.
2767 895 2976 956 Primo
2980 941 3002 972 ,
3022 896 3172 975 (11116
3191 903 3337 958 sunt
3355 898 3504 958 sim-

1936 985 2179 1064 pliciter
2204 987 2475 1067 exempti
2498 1005 2536 1047 a
2553 988 3003 1066 jurisdictione,
3026 994 3156 1049 tam
3180 989 3505 1070 Episcopo-

1937 1098 2081 1141 rum
2099 1127 2116 1153 ,
2163 1099 2354 1160 quam
2399 1081 2779 1160 synodorum
2824 1083 3306 1163 episcopalium3
3356 1104 3504 1164 ergo

1937 1173 2208 1236 maxime
2249 1181 2395 1235 sunt
2420 1175 2692 1256 exempti
2738 1194 2776 1236 a
2807 1177 3010 1256 primo
3038 1182 3186 1238 actu
3216 1177 3505 1257 jurisdic-

1935 1267 2149 1344 tionis,
2173 1267 2280 1347 qui
2298 1273 2389 1329 est
2410 1267 2614 1346 legem
2641 1268 2824 1330 ferre.
2854 1269 3158 1346 Secund0,
3190 1271 3336 1350 quia
3360 1278 3506 1333 sunt

1937 1366 2113 1422 extra
2150 1361 2554 1436 territorium,
2598 1367 2966 1441 argumento
3002 1381 3137 1442 cap.
3179 1365 3210 1424 1
3255 1363 3331 1426 (16
3377 1366 3506 1427 Ρ11-

1936 1452 2152 1532 νῦ63.,
2199 1454 2267 1514 16
2295 1455 2357 1530 6,
2397 1460 2458 1515 61
2496 1455 2677 1533 juxta
2703 1454 2770 1515 id
2798 1454 2963 1535 quod
2997 1473 3184 1535 supra
3210 1456 3502 1536 diximus,

1938 1548 2308 1609 existentem
2331 1548 2397 1609 in
2424 1548 2558 1609 loco
2586 1554 2870 1629 exempto
2903 1567 3033 1610 esse
3066 1554 3240 1611 extra
3260 1553 3509 1613 territo-

1936 1642 2105 1703 rium
2158 1640 2362 1721 quoad
2413 1640 2703 1703 effectum
2750 1642 3219 1721 jurisdictionis.
3273 1645 3503 1723 Tertio,

1939 1734 2087 1816 quia
2112 1735 2179 1796 hi
2205 1734 2479 1813 religiosi
2502 1735 2775 1814 exempti
2810 1753 2939 1797 non
2967 1741 3261 1798 tenentur
3290 1756 3508 1817 parere

1937 1828 2268 1907 Episcopis‚
2303 1828 2424 1888 nisi
2468 1828 2536 1887 in
2564 1827 2803 1889 casibus
2837 1847 2875 1889 a
2896 1829 3040 1907 jure
3068 1831 3391 1909 expressis,
3436 1837 3507 1893 ut

1937 1919 2249 1998 colligitur
2281 1938 2357 1982 ex
2385 1920 2550 1982 dicto
2577 1939 2711 2001 cap.
2746 1924 2777 1983 1
2811 1921 2888 1983 (16
2921 1921 3291 2000 Privilegiis,
3335 1923 3402 1984 in
3440 1925 3503 2000 6,

1938 2012 2063 2075 ihi:
2096 2013 2314 2077 Salvis
2342 2014 2581 2077 casibus
2613 2014 2785 2091 aliis,
2821 2014 2891 2076 in
2926 2015 3143 2095 quibus
3173 2016 3510 2096 Episcopo-

1938 2124 2079 2169 rum
2099 2107 2530 2187 jurisdictioni
2564 2108 2795 2171 nobem
2827 2109 3112 2171 canonica
3139 2109 3509 2188 praecipiunt

1940 2198 2269 2262 instituta:
2316 2200 2562 2261 nullum
2588 2207 2800 2262 autem
2836 2206 2929 2262 est
2973 2200 3290 2262 decretum
3325 2220 3509 2263 cano-

1939 2292 2179 2368 nicum,
2206 2293 2368 2372 quod
2410 2293 2730 2373 praeecipiat
2762 2299 3079 2373 exemptos
3105 2313 3322 2374 parere
3353 2295 3509 2374 legi-

1940 2382 2056 2443 bus
2075 2384 2520 2464 Episcoporum
2543 2402 2559 2445 1
2585 2385 2888 2465 quinimo,
2915 2386 2982 2446 in
3005 2404 3140 2465 cap.
3166 2386 3408 2463 Nimis,
3429 2387 3508 2449 de

1937 2476 2295 2536 Excessibus
2318 2478 2631 2539 Praelator.
2641 2522 2661 2552 ,
2684 2478 2849 2539 inter
2875 2478 2998 2539 alia
3015 2497 3153 2557 (11166
3177 2479 3509 2558 probiben-

1934 2574 2042 2629 tur
2066 2568 2400 2648 Episcopis,
2445 2571 2698 2649 ponitur
2717 2570 2881 2650 quod
2905 2573 3037 2634 suis
3064 2573 3511 2646 constitutioni-1

1935 2661 2045 2722 bus
2090 2662 2383 2740 subjicere
2428 2668 2645 2741 cogunt
2690 2663 3030 2743 religiosos.
3079 2666 3176 2741 Et,
3227 2665 3373 2727 licet
3416 2666 3506 2727 ibi

1934 2752 2338 2814 nominentur
2368 2754 2714 2834 specialiter
2752 2756 3190 2818 Praedicamres
3221 2764 3283 2817 et
3309 2757 3506 2818 Mino-

1934 2865 2054 2922 res,
2092 2852 2302 2909 tamen
2343 2847 2409 2909 id
2454 2853 2545 2910 est
2588 2848 2791 2927 gratia
2832 2850 3125 2929 exempli,
3174 2867 3376 2911 sermo
3411 2856 3505 2912 ta-

1934 2957 2083 3000 men
2128 2939 2432 3018 generalis
2474 2946 2567 3002 est
2618 2941 2694 3002 de
2741 2942 3034 3003 omnibus
3065 2943 3393 3020 similibuS,
3434 2951 3506 3005 ut

1934 3037 2107 3114 patet
2125 3050 2201 3093 ex
2219 3033 2343 3093 illis
2365 3034 2591 3095 verbis:
2614 3033 2764 3097 Cwm
2783 3036 3029 3115 quidam
3049 3036 3175 3098 viri
3202 3037 3499 3117 reliyiosi,

1936 3131 2174 3205 utputa
2198 3127 2434 3204 fratres
2475 3127 2916 3190 Proedioatores
2944 3134 2998 3192 et
3025 3130 3318 3204 Minores,
3349 3136 3501 3209 etc.;

1938 3219 2203 3295 accedit,
2256 3219 2423 3299 quod
2471 3218 2749 3280 Trident.
2803 3220 3148 3281 Concilium
3197 3239 3344 3282 sess.
3398 3224 3501 3298 25,

1940 3329 2078 3391 cap.
2112 3311 2292 3372 lide
2326 3311 2544 3390 Regul.
2587 3311 2932 3390 specialiter
2957 3312 3263 3392 praecipit,
3299 3318 3370 3373 ut
3409 3331 3505 3374 re-

1937 3403 2142 3483 ligiosi
2180 3405 2449 3484 exempti
2467 3403 2759 3465 obediant
2788 3404 3096 3484 Epist-opis
3124 3406 3192 3465 in
3217 3423 3507 3467 censura-

1937 3515 2080 3559 rum
2102 3503 2163 3559 et
2180 3497 2480 3559 festorum
2500 3497 2926 3558 observatione
2956 3497 3037 3558 ab
3062 3498 3150 3558 eis
3176 3504 3498 3578 praecepta.

1939 3591 2011 3650 In
2042 3609 2165 3670 quo
2187 3590 2433 3652 videtur
2457 3607 2824 3669 supponere,
2856 3596 3040 3651 antea
3060 3608 3188 3650 non
3213 3589 3400 3651 fuisse
3426 3589 3506 3650 ad

1937 3682 2059 3744 hoc
2101 3681 2401 3762 obligatos
2415 3727 2438 3759 ,
2489 3684 2594 3745 sed
2649 3701 2761 3763 per
2812 3683 2985 3744 illam
3033 3683 3238 3763 legem
3287 3700 3505 3744 eorum

1939 3775 2321 3855 exemptioni
2364 3776 2730 3855 derogatum
2767 3776 2867 3837 iri.
2921 3777 2997 3837 Et
3034 3781 3331 3856 praeterea
3359 3775 3507 3837 inde

1939 3869 2207 3929 sumitur
2233 3874 2679 3947 argumentum
2697 3868 2777 3929 ab
2800 3868 3073 3948 speciali,
3099 3869 3262 3949 quod
3284 3870 3354 3930 in
3370 3870 3508 3930 aliis

1941 3961 2182 4041 legibus
2227 3961 2671 4043 episcopalibus
2689 4007 2710 4037 ,
2757 3967 2828 4023 ut
2863 3963 3248 4041 jejuniorum
3261 4009 3282 4040 ,
3333 3964 3506 4024 verbi

1945 4055 2168 4133 gratia,
2216 4055 2490 4134 religiosi
2529 4056 2802 4134 exempti
2834 4054 3083 4116 obedioe
3119 4073 3245 4116 606
3291 4061 3506 4117 16666-

1941 4152 2068 4208 tur.
2111 4146 2387 4226 Denique
2426 4145 2556 4207 11166
2596 4147 2908 4226 exemptio
2953 4146 3137 4226 pleno
3178 4149 3319 4227 jure
3362 4165 3507 4209 con·

1945 4257 2111 4302 cessa
2137 4244 2249 4315 est,
2270 4244 2342 4299 ut
2368 4256 2445 4300 ex
2471 4239 2811 4318 privilegiis
2828 4238 3051 4300 talium
3076 4240 3507 4319 religiosorum

1939 4338 2199 4407 constat,
2244 4338 2308 4393 et
2351 4337 2528 4393 notat
2570 4332 2764 4394 Felin.
2807 4336 2874 4393 in
2916 4351 3050 4412 cap.
3093 4333 3389 4411 Dilectus,
3429 4335 3506 4397 de

1939 4426 2106 4488 Offic.
2138 4424 2339 4487 ordin.
2368 4425 2435 4485 in
2458 4425 2608 4501 fine,
2638 4444 2717 4486 ex
2742 4426 3083 4487 Panormit.
3111 4432 3173 4488 et
3192 4427 3502 4491 Cardinal.

1939 4519 2106 4600 quod
2136 4517 2393 4596 allegat:
2424 4536 2573 4596 ergo
2594 4517 2748 4579 tales
2778 4518 3054 4597 religiosi
3080 4538 3329 4599 prorsus
3361 4526 3505 4583 sunt

1939 4611 2212 4691 exempti
2256 4630 2295 4672 a
2336 4611 2762 4691 jurisdictione
2806 4612 3272 4692 Episcoporum,
3322 4620 3393 4674 ut
3436 4615 3504 4675 in

1935 4704 2126 4766 simili
2157 4704 2382 4765 dicitur
2420 4705 2491 4765 16
2532 4723 2667 4785 cap.
2707 4705 2813 4772 Bm
2840 4724 2959 4780 ore,
2997 4707 3075 4767 de
3112 4705 3499 4785 privilegiis:

1935 4816 2085 4877 ergo
2129 4802 2192 4860 et
2220 4815 2260 4858 a
2288 4797 2527 4877 legibus
2567 4816 2783 4859 eorum
2822 4798 2889 4859 in
2914 4798 3011 4860 his
3038 4798 3330 4859 omnibus
3364 4817 3504 4880 quae

1933 4907 2047 4972 per
2074 4908 2279 4952 sacros
2306 4908 2573 4952 canones
2600 4909 2727 4953 non
2760 4896 2906 4953 sunt
2942 4896 3217 4972 excepta.

2015 4985 2077 5046 9.
2123 4984 2265 5059 Sed,
2294 4982 2442 5046 licet
2467 4984 2585 5046 hoc
2604 5003 2826 5047 verum
2844 4985 2925 5046 sit
2942 5003 3021 5046 ex
3041 4986 3104 5047 vi
3129 4985 3421 5065 praecepti
3441 4991 3504 5048 et

1928 5076 2393 5155 jurisdictionis,
2427 5077 2834 5140 nihilominus
2866 5078 3063 5158 aliqui
3095 5079 3373 5140 sentiunt
3404 5097 3503 5141 re-

1936 5170 2188 5249 ligiosos
2220 5171 2420 5232 teneri
2451 5189 2528 5232 ex
2546 5172 2612 5232 vi
2636 5172 2795 5250 juris
2822 5170 3123 5233 naturalis
3148 5171 3229 5231 ad
3254 5189 3502 5234 servan-

1936 5263 2047 5324 das
2065 5263 2176 5324 has
2195 5263 2361 5342 leges
2378 5264 2726 5343 synodales,
2752 5282 2859 5326 seu
2886 5264 3279 5344 episcopales,
3300 5283 3500 5344 quan-

1934 5356 2015 5416 do
2060 5372 2189 5416 non
2230 5355 2533 5435 derogant
2558 5358 2746 5418 statui
2775 5357 3087 5436 religioso,
3119 5363 3181 5419 et
3221 5363 3501 5438 spectant

1935 5450 2017 5510 ad
2063 5466 2458 5511 communem
2505 5449 2958 5512 observantiam
2998 5457 3059 5513 et
3102 5451 3497 5513 devotionem

1935 5542 2126 5606 totius
2153 5542 2387 5623 populi,
2405 5549 2515 5605 aut
2541 5543 2721 5607 cleri:
2746 5545 2906 5608 ratio
2929 5551 3040 5622 est,
3062 5544 3211 5625 quia
3231 5544 3376 5607 licet
3400 5562 3497 5609 re-
