3976 6219
479 437 599 497 194-

1487 435 1604 490 LIB.
1643 438 1721 489 111.
1762 437 1841 488 DE
1874 434 2036 489 LEGE
2069 435 2327 488 nUMANA
2359 437 2439 488 ET
2472 435 2678 489 clvlm.

473 541 614 600 dist.
658 539 754 607 10,
806 542 869 597 et
920 534 1183 596 habetur
1209 535 1277 595 in
1305 535 1474 594 Orat.
1511 537 1611 610 17,
1648 534 1824 612 cujus
1850 534 2038 594 verba
2118 534 2283 595 bona
2309 534 2482 611 fides,
2501 532 2798 595 canonica
2815 532 3066 611 quidem
3089 536 3202 606 est,
3231 536 3292 592 et
3315 530 3382 591 in
3407 529 3702 591 civilibus

430 690 435 696 ,
472 632 657 712 paulo
686 630 864 690 aliter
900 629 987 689 sic
1013 628 1303 688 transfert
1338 627 1600 688 Jacobus
1642 626 1855 687 Billius
1888 643 1904 686 :
1936 625 2040 688 An
2117 626 2326 687 locum
2358 627 2563 687 habet.
2597 627 2740 686 Dico
2769 630 2978 686 autem
3006 643 3134 686 666
3176 642 3304 685 6556
3348 623 3702 684 formaliter

474 743 564 786 me
593 725 773 785 libere
800 723 1125 801 loquentem
1157 739 1320 800 oequo
1352 721 1553 781 animo
1582 720 1837 797 feretis?
1869 720 2040 785 Nam
2121 720 2390 793 civilem,
2427 720 2572 798 quia
2613 737 2740 778 non
2771 718 3019 798 respicit
3045 717 3386 797 temporale
3421 734 3701 778 commo-

472 834 575 877 vos
602 831 825 895 quoque
868 812 1174 891 (loquitur
1205 813 1284 872 ad
1334 812 1729 891 praefectum)
1788 811 2041 889 imperio

475 926 597 969 meo
626 925 697 968 ae
726 907 935 968 throno
977 907 1071 966 lex
1118 903 1357 967 Christi
1394 905 1663 983 subjecit.
1713 904 2052 982 Imperium

477 1000 634 1061 enim
664 1016 769 1059 nos
797 1015 1019 1077 quoque
1060 996 1331 1076 yerimus
1358 1012 1374 1056 :
1411 998 1564 1058 addo
1594 996 1776 1058 etiam
1820 996 2051 1073 perfee-

476 1091 605 1152 tius
634 1108 704 1152 ao
724 1089 1150 1169 praestantius,
1183 1089 1307 1150 nisi
1347 1107 1480 1151 vero
1531 1105 1761 1168 cequum
1803 1093 1888 1148 est
1928 1088 2053 1164 spi-

477 1183 673 1244 ritum
703 1181 877 1244 carni
906 1183 1104 1258 fasces
1144 1182 1511 1256 submittere,
1558 1186 1614 1242 et
1641 1179 1899 1242 caelestia
1927 1184 2052 1240 ter-

478 1276 644 1336 renis
672 1275 878 1335 eedere-
936 1274 1063 1334 Hoc
1090 1274 1283 1351 igitur
1312 1274 1494 1333 modo
1514 1272 1702 1333 habet
1726 1289 2050 1351 supremus

480 1371 687 1446 pastor
711 1366 997 1426 Ecclesiae
1026 1366 1331 1427 sufficiens
1355 1365 1770 1426 ministerium
1791 1371 1852 1424 et
1874 1363 2049 1441 adju-

481 1460 712 1519 torium
744 1478 781 1519 a
809 1459 1136 1538 temporali
1188 1465 1485 1539 potestate
1506 1505 1527 1535 ,
1586 1464 1649 1519 et
1694 1476 1820 1517 non
1862 1456 2051 1516 habet

482 1555 742 1615 nimiam
776 1572 986 1614 curam
1034 1559 1096 1614 et
1124 1553 1605 1614 sollicitudinem
1647 1550 2050 1631 temporalem

486 1664 624 1725 quae
677 1646 993 1725 spirituale
1039 1646 1319 1724 regimen
1370 1651 1571 1725 posset
1620 1643 1943 1722 impedire,
1979 1646 2052 1701 ut

485 1739 750 1799 sumitur
784 1757 861 1798 ex
889 1738 1051 1797 dicto
1094 1756 1226 1816 cap.
1278 1738 1593 1811 Quoniam,
1630 1735 1899 1796 distinct.
1935 1735 2012 1793 10
2027 1777 2046 1808 ‚

487 1837 548 1891 et
598 1831 830 1909 optime
882 1848 959 1890 ex
1007 1830 1286 1891 AmbrOS.
1317 1831 1385 1890 in
1416 1830 1584 1890 Orat.
1620 1828 1696 1887 de
1735 1826 2051 1887 tradendis

486 1923 762 1983 Basilicis
780 1967 798 1996 ,
846 1922 1181 1983 Athanasio
1243 1923 1308 1982 in
1375 1920 1647 2000 Epistola
1702 1919 1783 1980 ad
1838 1918 2052 1979 solita-

485 2016 647 2077 riam
683 2016 876 2076 vitam
921 2021 1194 2095 6366165,
1228 2014 1526 2077 Bernard.
1571 2013 1680 2075 lib.
1728 2016 1765 2073 2
1793 2012 1867 2073 de
1896 2013 2052 2072 Con-

488 2107 881 2168 sideratione.

566 2202 624 2261 6.
675 2201 934 2278 Satisfit
960 2202 1244 2280 oppositae
1264 2198 1789 2263 sementim—Ex
1828 2194 2053 2275 quibus

482 2312 846 2372 responsum
904 2299 996 2355 est
1061 2293 1141 2353 ad
1205 2294 1680 2354 fundamentum
1731 2290 2054 2351 contrariae

475 2387 828 2446 sententiae.
854 2388 994 2447 Jam
1033 2386 1203 2446 enim
1238 2391 1474 2446 constat
1513 2383 1824 2464 quomodo
1847 2382 2054 2442 unitas

482 2477 766 2538 Ecclesiae
786 2478 1054 2556 perfecte
1078 2479 1266 2556 possit
1296 2478 1429 2538 sine
1448 2477 1555 2537 illa
1574 2481 1872 2556 potestate
1895 2480 2050 2534 tem·

483 2568 681 2649 porali
735 2571 1099 2645 subsistere3
1149 2575 1210 2630 et
1264 2570 1343 2630 ad
1390 2571 1602 2630 omnia
1646 2569 1754 2629 illa
1797 2586 1934 2648 quae
1962 2566 2050 2626 ibi

440 2654 447 2660 ’
480 2662 841 2723 referuntur
887 2662 1110 2723 sufficit
1158 2662 1497 2723 eminentia
1531 2663 1636 2738 (ιι1
1679 2661 1765 2721 516
1812 2660 2049 2736 (116616)

485 2757 803 2836 potestatis
857 2756 1212 2834 spiritualis,
1253 2756 1493 2816 ratione
1547 2756 1642 2834 cuj
1652 2773 1723 2815 us
1756 2753 2051 2814 indirecte

486 2849 676 2909 habet
719 2848 1055 2909 efficaciam
1101 2867 1287 2927 supra
1329 2847 1716 2928 temporalia,
1771 2852 1841 2907 ut
1889 2847 2052 2907 infra

487 2941 718 3001 iterum
732 2941 1017 3001 occurrit.
1046 2943 1187 3002 Haec
1205 2946 1414 3001 autem
1442 2946 1705 3019 potestas
1726 2940 2048 3016 indirecta,

487 3033 630 3094 licet
649 3034 912 3094 sufficiat
927 3034 1003 3094 ad
1024 3034 1414 3113 corrigendas
1428 3033 1741 3094 interdum
1756 3032 1854 3093 vel
1873 3032 2052 3093 abro-

488 3126 722 3205 gandas
766 3127 934 3204 leges
982 3127 1191 3188 civiles
1217 3127 1464 3207 quando
1501 3144 1758 3205 vergere
1796 3131 2053 3205 possunt

487 3219 556 3279 in
582 3220 921 3300 perniciem
972 3220 1351 3295 animarum,
1395 3239 1522 3285 non
1561 3226 1773 3282 tamen
1801 3219 2050 3299 proprie

486 3312 566 3373 ad
605 3314 888 3373 ferendas
931 3319 993 3374 et
1030 3313 1386 3374 statuendas
1416 3313 1583 3392 leges
1628 3313 1859 3388 civileS,
1894 3331 2050 3392 prae-

488 3405 702 3465 sertim
724 3422 891 3465 mere
911 3405 1224 3484 positivaS,
1255 3410 1318 3466 et
1348 3405 1689 3465 formaliter
1715 3403 2043 3483 loquend0.

489 3498 633 3558 Dico
660 3502 872 3558 autem
916 3515 1072 3559 mere
1118 3498 1452 3576 positivus,
1505 3497 1652 3575 quia
1683 3496 2050 3557 declarando

485 3589 587 3668 jus
613 3588 897 3649 naturale
934 3588 1305 3649 servandum
1345 3588 1414 3648 in
1451 3587 1660 3667 aliquo
1706 3597 2047 3664 contractu,

492 3686 565 3741 ut
589 3682 657 3740 in
691 3685 901 3741 monte
934 3681 1202 3759 pietatiS,
1234 3680 1329 3741 vel
1357 3680 1564 3759 aliquo
1590 3680 1801 3751 simili,
1848 3685 2053 3761 potest

494 3774 659 3850 Papa
678 3772 883 3850 legem
908 3771 1192 3846 condere,
1206 3772 1351 3850 quia
1379 3771 1518 3832 talis
1530 3772 1632 3833 lex
1651 3790 1776 3832 non
1800 3778 1892 3833 est
1913 3792 2054 3852 pro-

493 3866 627 3944 prie
649 3864 1046 3925 constitutiva
1070 3864 1251 3942 juris,
1276 3864 1383 3925 sed
1411 3864 1778 3926 declarativa
1804 3871 1867 3927 61
1894 3865 2052 3925 defi-

490 3958 710 4033 nitiva,
741 3975 878 4038 quae
906 3956 1184 4017 definitio
1220 3957 1296 4018 ad
1345 3959 1574 4036 Papam
1612 3963 1862 4037 spectat.
1897 3960 2052 4020 Item

492 4051 623 4110 dixi
662 4051 1009 4128 formaliter
1058 4051 1357 4131 loquendo,
1401 4051 1545 4129 quia
1598 4051 1666 4111 16
1711 4051 1928 4113 ordine
1971 4053 2052 4119 ad

487 4142 815 4205 vitandum
840 4143 1184 4221 periculum
1218 4143 1442 4204 animae
1482 4149 1683 4222 potest
1726 4145 2052 4223 prohibere

490 4236 764 4315 aliquem
791 4241 1193 4312 contractum,
1233 4235 1331 4296 vel
1367 4236 1769 4296 contrahendi
1796 4238 2053 4298 modum

489 4335 743 4409 propter
762 4328 1104 4408 periculum
1145 4328 1310 4407 quod
1340 4328 1406 4387 in
1436 4346 1508 4388 66
1545 4347 1672 4389 6556
1693 4329 1954 4408 judicat,
1987 4336 2051 4391 et

489 4429 639 4483 tunc
665 4421 774 4481 illa
787 4439 914 4481 non
942 4426 1033 4480 est
1059 4419 1162 4481 lex
1181 4420 1398 4495 civilis,
1423 4421 1528 4481 sed
1553 4422 1869 4484 canonica.
1895 4424 2050 4484 Item

447 4533 460 4551 ·
490 4514 559 4576 in
581 4514 796 4575 ordine
829 4514 908 4573 ad
931 4514 1065 4592 pias
1093 4530 1306 4574 causas
1335 4518 1536 4592 potest
1554 4513 1756 4593 legem
1785 4516 2048 4576 condere

489 4608 652 4669 circa
695 4611 1157 4681 testamentum,
1201 4606 1300 4666 vel
1351 4605 1600 4682 similia,
1644 4607 1793 4687 quia
1845 4614 2048 4668 totum

488 4702 608 4762 hoc
635 4701 750 4760 sub
778 4698 1084 4778 spirituali
1111 4698 1236 4759 fine
1265 4699 1639 4776 continetur,
1660 4706 1721 4761 et
1743 4701 1821 4760 ad
1849 4700 2050 4780 legem

488 4796 852 4857 canonicam
879 4796 1129 4870 spectat.

568 4890 627 4948 7.
674 4884 1070 4961 Proescriptio
1100 4901 1231 4946 cum
1267 4886 1631 4962 possessione
1683 4886 1860 4947 maloe
1904 4889 2051 4965 fidei

484 4980 840 5059 reprobatur
881 4994 993 5055 per
1037 4976 1190 5054 Zeqes
1217 4978 1552 5040 canonicas.
1583 5011 1665 5024 —
1684 4980 1888 5040 Potest
1931 4981 2048 5042 hoc

483 5071 782 5133 declarari
809 5067 1088 5147 exemplo
1123 5069 1200 5129 de
1251 5070 1705 5150 praescriptione
1732 5090 1872 5133 cum
1901 5093 2046 5152 pos-

485 5165 750 5226 sessione
782 5163 962 5223 malae
995 5162 1163 5236 fidei,
1217 5179 1376 5241 quae,
1425 5162 1568 5223 licet
1604 5164 1898 5243 probetur
1935 5185 2049 5247 per

484 5257 652 5336 16365
678 5256 908 5331 civiles,
940 5255 1302 5334 reprobatur
1344 5273 1456 5333 per
1492 5258 1816 5318 canonicas
1834 5304 1856 5335 ,
1906 5278 2041 5340 cap.

482 5351 689 5412 ultim.
727 5350 802 5408 de
830 5349 1278 5426 Praescription.
1310 5350 1527 5427 regula
1557 5352 1896 5425 Possessor,
1936 5355 2046 5414 ubi

483 5442 694 5505 Glossa
727 5446 788 5501 et
814 5441 1089 5499 doctores
1129 5439 1206 5500 de
1237 5440 1455 5518 Regul.
1497 5443 1622 5521 jur.
1649 5443 1718 5504 16
1759 5447 1819 5505 6.
1853 5447 1926 5506 Et
1959 5447 2047 5506 ita

482 5537 590 5597 illa
615 5535 738 5613 lex,
753 5533 916 5616 quod
941 5532 1019 5593 ad
1044 5533 1564 5612 praescribendum
1593 5537 1672 5598 sit
1701 5541 2046 5602 necessaria

2131 814 2279 875 dum
2324 813 2429 875 sed
2473 814 2812 893 spirituale,
2845 813 3144 891 impedire
3186 810 3700 887 scilicet-fraudes

2131 912 2192 968 et
2219 906 2404 967 furta.
2452 907 2662 967 Simile
2699 904 3050 984 exemplum
3095 910 3185 965 est
3235 904 3310 965 de
3361 903 3497 981 lege
3527 902 3700 962 civili

2130 1018 2268 1079 quae
2300 1005 2487 1078 negat
2509 999 2803 1061 alimenta
2830 997 2973 1058 filiis
2998 997 3363 1076 illegitimis,
3382 1014 3570 1075 quam
3602 1015 3699 1056 re·

2130 1092 2351 1172 probat
2385 1093 2485 1153 lex
2531 1092 2827 1153 666611166
2880 1096 2951 1150 61
2998 1090 3369 1151 66611611616
3417 1088 3696 1167 oequitati

2133 1185 2423 1260 naturali,
2455 1203 2589 1264 cap.
2622 1184 2773 1247 Cum
2799 1184 3060 1259 liaberet,
3091 1182 3168 1243 de
3191 1200 3264 1244 eo
3284 1182 3392 1260 qui
3421 1180 3599 1241 duxit
3629 1181 3695 1240 in

2131 1277 2624 1352 matrimonium,
2655 1282 2768 1337 etc.
2777 1321 2798 1351 ,
2830 1285 2900 1334 ut
2926 1280 3144 1335 notant
3182 1274 3392 1334 Glossa
3420 1272 3540 1348 ibi,
3585 1273 3696 1331 Pa·

2131 1370 2384 1431 normit.
2421 1376 2482 1430 et
2513 1369 2655 1447 alii3
2700 1373 2763 1428 et
2792 1366 3021 1427 Bartol.
3077 1369 3145 1427 in
3183 1364 3564 1427 *Authentica
3587 1364 3696 1424 Ea:

2131 1463 2455 1540 complexu,
2492 1462 2556 1523 C.
2597 1462 2674 1522 de
2700 1460 2950 1521 Incestis
2982 1459 3245 1538 nuptiis',
3294 1459 3508 1518 Covar.
3553 1456 3618 1514 in
3657 1457 3696 1514 2

2131 1560 2319 1633 part„
2366 1573 2499 1634 cap.
2544 1555 2607 1630 8,
2645 1553 2682 1634 ξ
2722 1557 2761 1614 6
2800 1573 2816 1616 t
2862 1553 3088 1613 Anton.
3131 1552 3354 1612 Gomez
3400 1551 3468 1610 in
3502 1549 3623 1628 leg.
3656 1550 3697 1608 9

2131 1647 2318 1707 Tauri
2348 1666 2414 1706 n.
2439 1649 2537 1708 37.

2212 1742 2271 1802 8.
2327 1742 2525 1814 Quare
2575 1760 2703 1803 non
2745 1741 2900 1802 mihi
2939 1740 3236 1820 probatur
3287 1736 3452 1816 quod
3508 1736 3699 1796 tradit

2131 1835 2327 1894 Felin.
2360 1836 2427 1895 in
2465 1836 2661 1914 capite
2702 1835 2981 1898 Ecclesia
3025 1833 3102 1894 de
3150 1831 3432 1904 Constit.,
3482 1847 3547 1889 n.
3591 1830 3695 1903 45,

2131 1927 2430 1988 nimirum
2457 1928 2956 1988 constitutionem
2993 1926 3167 1987 illam
3215 1921 3494 1984 Ecclesiae
3541 1921 3696 1982 obli·

2132 2037 2281 2098 gare
2311 2020 2379 2080 in
2411 2021 2832 2099 temporaliter
2859 2018 3148 2098 subjectis
3176 2020 3379 2096 Papoe,
3403 2033 3526 2076 666
3547 2033 3696 2075 vero

2133 2112 2199 2172 in
2217 2113 2400 2174 terris
2423 2113 2692 2193 imperii,
2724 2118 2786 2174 et
2812 2112 3089 2190 loquitur
3123 2110 3467 2189 specialiter
3487 2107 3563 2167 de
3589 2106 3699 2166 illa

2132 2204 2270 2283 lege
2303 2206 2491 2265 dandi
2520 2206 2813 2266 alimenta
2846 2204 2990 2265 filiis
3026 2204 3270 2283 spuriis.
3306 2201 3698 2263 Contrarium

2133 2299 2300 2359 enim
2351 2299 2607 2359 omnino
2652 2297 2979 2359 dicendum
3017 2303 3109 2358 est
3141 2297 3218 2356 de
3264 2293 3551 2355 omnibus
3598 2291 3697 2351 his

2132 2390 2373 2468 legibus
2399 2410 2558 2471 quae,
2600 2392 2746 2452 licet
2792 2392 2858 2451 in
2908 2390 3167 2450 materia
3192 2386 3518 2468 temporali
3559 2404 3698 2446 ver-

2133 2490 2368 2559 sentur,
2392 2484 2728 2563 respiciunt
2767 2483 3000 2544 bonum
3028 2482 3129 2543 vel
3149 2499 3398 2542 causam
3428 2480 3695 2559 pietatiS,

2134 2582 2195 2637 et
2226 2577 2365 2637 ideo
2397 2577 2703 2638 canonicae
2736 2582 2902 2652 sunt,
2953 2581 3014 2637 et
3041 2594 3151 2655 per
3177 2560 3591 2635 universalem
3635 2577 3698 2632 et

2132 2671 2662 2748 supernaturalem
2689 2676 3053 2750 potestatem
3075 2670 3390 2730 feruntur:
3422 2667 3559 2727 talis
3586 2685 3697 2727 au·

2133 2769 2260 2824 tem
2306 2770 2396 2824 est
2431 2763 2537 2824 illa
2569 2763 2690 2836 lex,
2733 2764 2879 2843 quia
2915 2781 3100 2824 causa
3125 2762 3564 2821 alimentorum
3592 2759 3698 2839 pia

2134 2862 2247 2931 est,
2294 2862 2365 2916 ut
2399 2874 2584 2936 supra
2631 2858 2845 2917 Covar.
2895 2875 2960 2916 n.
3001 2858 3062 2931 6,
3111 2873 3252 2916 cum
3295 2852 3595 2915 Alexand.
3628 2853 3695 2911 in

2133 2949 2177 3010 l.
2234 2954 2292 3024 1,
2328 2950 2395 3009 ff.
2436 2950 2649 3011 Soluto
2677 2950 2973 3024 matrim„
3006 2949 3122 3009 661.
3161 2950 3222 3023 6,
3253 2953 3314 3008 et
3345 2948 3555 3007 favent
3586 2963 3698 3006 no-

2129 3045 2264 3103 tata
2278 3060 2386 3122 per
2407 3043 2692 3104 eumdem
2713 3042 2994 3103 Felinum
3013 3042 3081 3102 in
3106 3042 3322 3103 eodem
3342 3059 3474 3121 cap.
3502 3059 3565 3100 6.
3590 3042 3690 3101 51.

2131 3135 2394 3196 Habebit
2441 3142 2653 3197 autem
2691 3137 2901 3197 locum
2929 3135 3039 3196 illa
3082 3135 3362 3195 doctrina
3390 3134 3588 3195 Felini
3627 3135 3694 3194 in

2128 3227 2368 3306 legibus
2397 3228 2765 3289 Pontificum
2794 3247 2932 3308 quae
2978 3228 3204 3288 directe
3232 3233 3293 3288 et
3316 3245 3468 3306 pure
3496 3226 3697 3306 dispo-

2130 3327 2288 3382 nunt
2335 3321 2401 3381 in
2445 3322 2704 3382 materia
2758 3320 3122 3400 temporali:
3170 3319 3293 3380 illae
3344 3319 3515 3379 enim
3563 3337 3691 3379 non

2132 3413 2409 3492 obligant
2449 3414 2807 3476 universum
2851 3413 3088 3487 orbem,
3134 3411 3240 3472 sed
3284 3411 3420 3472 illos
3448 3417 3694 3472 tantum

2132 3507 2242 3586 qui
2288 3507 2709 3587 temporaliter
2744 3512 2888 3568 sunt
2925 3505 3039 3566 sub
3085 3504 3369 3566 Ecclesiae
3420 3505 3693 3566 dominio

2131 3618 2201 3661 ac
2216 3600 2644 3678 jurisdictione
2671 3599 2857 3674 civili,
2880 3599 3121 3659 sicutin
3148 3617 3279 3678 cap.
3306 3601 3585 3678 sequenti
3603 3598 3694 3657 di-

2131 3710 2340 3753 cemus
2374 3693 2450 3753 de
2477 3692 2716 3772 legibus
2761 3692 3204 3771 imperatorum
3258 3691 3463 3770 quoad
3502 3707 3696 3768 regna

2131 3803 2259 3845 non
2286 3785 2560 3865 subJecta
2586 3786 2967 3865 imperatori,
2998 3790 3089 3846 est
3116 3784 3284 3845 enim
3306 3786 3522 3846 eadem
3555 3802 3694 3863 pro·

2131 3878 2490 3958 portionalis
2536 3879 2736 3956 ratio;
2791 3878 2956 3939 unde
3010 3878 3196 3939 etiam
3240 3882 3495 3957 possunt
3539 3876 3692 3936 tales

2131 3971 2296 4051 leges
2350 3971 2658 4033 Pontificis
2700 3989 2869 4032 mere
2894 3970 3259 4049 temporales
3291 3988 3416 4030 non
3442 3968 3690 4030 admitti

2133 4066 2198 4125 16
2237 4065 2374 4125 61115
2417 4065 2740 4126 territoriis
2744 4110 2764 4139 ,
2810 4063 2916 4124 sed
2952 4063 3329 4124 contrarium
3364 4062 3550 4122 statui
3583 4080 3694 4140 per

2131 4158 2297 4237 leges
2337 4158 2724 4237 imperatoris
2766 4156 2969 4235 quoad
3009 4162 3205 4217 terras
3237 4155 3328 4216 illi
3367 4155 3688 4233 subjectas,

2133 4256 2195 4311 61
2215 4268 2326 4329 per
2355 4251 2520 4330 leges
2547 4250 2808 4310 aliorum
2844 4267 3181 4327 regnorum
3211 4249 3413 4328 quoad
3441 4266 3553 4308 sua
3568 4253 3693 4309 ter-

2130 4343 2379 4403 ritoria:
2411 4348 2474 4404 et
2492 4342 2559 4402 in
2593 4345 2679 4403 eis
2699 4348 2992 4404 tenentur
3016 4343 3249 4422 judices
3284 4341 3560 4421 judicare
3603 4359 3693 4400 se-

2129 4436 2401 4496 cundum
2430 4436 2708 4514 proprias
2735 4436 2924 4514 leges,
2956 4454 3082 4496 666
3118 4434 3460 4496 secundum
3490 4433 3694 4495 Ponti-

2127 4527 2324 4589 ficias:
2362 4528 2489 4587 imo
2534 4528 2676 4589 licet
2704 4531 3022 4607 contingat
3052 4528 3260 4589 deesse
3285 4526 3488 4606 legem
3515 4525 3694 4604 regni

2132 4638 2241 4698 pro
2283 4619 2491 4698 aliquo
2534 4638 2678 4681 casu
2715 4621 3072 4696 decidend0,
3122 4639 3248 4680 non
3298 4619 3598 4697 obligabit
3624 4619 3692 4678 in

2130 4711 2239 4771 tali
2266 4711 2399 4772 loco
2422 4712 2557 4773 talis
2575 4713 2676 4774 lex
2703 4714 3017 4788 canonica,
3057 4713 3179 4772 nisi
3211 4712 3329 4772 hoc
3356 4712 3559 4791 ipsum
3585 4729 3693 4790 per

2129 4802 2296 4882 leges
2323 4804 2461 4864 talis
2501 4806 2678 4884 regni
2702 4804 3064 4885 dispositum
3090 4806 3192 4879 sit,
3219 4810 3291 4864 ut
3318 4822 3396 4865 ex
3421 4804 3693 4864 dicendis

2128 4897 2197 4956 in
2225 4898 2503 4976 sequenti
2525 4899 2723 4977 capite
2752 4917 2897 4958 cum
2933 4899 3327 4978 proportione
3366 4896 3686 4958 constabit.

2127 4990 2203 5050 Et
2233 4990 2320 5049 ibi
2343 4991 2527 5050 etiam
2559 4991 2834 5052 dicemus
2861 5010 2941 5052 an
2961 4992 3027 5050 in
3047 4991 3157 5050 tali
3181 5008 3329 5051 casu
3355 4991 3689 5069 praeferen·

2128 5083 2277 5142 dum
2318 5082 2397 5143 sit
2418 5083 2522 5160 jus
2549 5085 2915 5144 canonicum
2953 5083 3143 5161 civiII,
3176 5082 3277 5144 vel
3300 5101 3334 5143 e
3358 5081 3685 5143 contrario.

2126 5174 2368 5253 Excipit
2417 5181 2627 5235 tamen
2672 5175 2752 5237 ab
2780 5176 2895 5236 hac
2939 5175 3154 5254 regula
3203 5182 3399 5235 terras
3447 5172 3692 5252 imperii

2127 5268 2322 5329 Felin.
2355 5287 2540 5350 supra
2559 5288 2625 5329 n.
2662 5271 2765 5345 49,
2797 5269 3067 5330 referens
3098 5268 3323 5329 multos
3346 5268 3693 5329 canonistas

2127 5359 2396 5421 dicentes
2425 5364 2491 5421 in
2509 5362 2688 5423 terris
2724 5362 2971 5441 imperii
2992 5362 3278 5422 standum
3309 5380 3442 5423 esse
3469 5358 3693 5421 canoni

2123 5451 2191 5511 in
2212 5454 2471 5514 materia
2513 5472 2640 5515 non
2686 5456 2888 5516 decisa
2928 5472 3040 5534 per
3067 5455 3172 5533 jus
3209 5455 3412 5516 civile.
3445 5451 3691 5514 Nullam

2124 5551 2334 5606 autem
2363 5546 2442 5608 ad
2470 5547 2587 5608 hoc
2615 5548 3005 5627 probandum
3036 5547 3304 5612 afferunt
3328 5547 3532 5625 163616
3575 5544 3692 5604 im-
