3976 6219
998 414 1134 467 cAP.
1169 416 1232 469 11.
1267 414 1353 467 AN
1384 414 1523 468 HAEC
1554 414 1869 469 Pomsus
1900 414 1999 469 SIT
2030 413 2298 468 PROPRIA
2329 413 2515 472 LEGIS,
2539 412 2803 467 GRATIAE.

282 538 413 600 per
461 516 736 596 indiguit
772 517 889 580 hac
926 522 1247 599 potestate.
1300 517 1601 580 Probatur
1653 536 1862 580 conse-

284 611 577 693 quentia,
630 611 801 692 quia
832 609 1103 672 Ecclesia
1146 615 1237 672 est
1250 655 1271 687 ,
1324 629 1685 691 semperque
1739 611 1863 672 fuit

285 724 498 769 unum
525 723 743 786 corpus
761 706 1120 786 mysticum,
1138 705 1494 767 distinctum
1519 705 1861 768 formaliter

290 803 393 878 (ut
420 799 507 860 sic
533 799 758 878 dicam)
805 818 843 860 a
873 815 1128 878 corpore
1162 797 1435 878 politicO,
1477 800 1854 874 ordinatum,

287 891 548 968 scilicet,
583 892 663 952 ad
689 891 1001 953 diversum
1035 891 1247 968 finem,
1279 893 1579 955 nimirum
1602 893 1859 956 felicita-

298 992 428 1048 tem
456 985 1012 1065 supematuralem‚
1045 990 1107 1046 et
1138 985 1385 1047 unitum
1431 987 1674 1048 diverso
1721 987 1858 1047 vin-

295 1080 463 1154 culo,
493 1078 747 1153 scilicet,
779 1079 1019 1138 unitate
1050 1076 1215 1153 fidei,
1252 1084 1315 1139 et
1342 1097 1629 1142 exercens
1656 1080 1859 1141 diver-

294 1190 396 1233 sas
423 1171 715 1247 actiones,
746 1170 908 1246 illas,
941 1170 1192 1247 scilicet,
1231 1189 1369 1251 quoe
1420 1173 1732 1253 pertinent
1780 1174 1861 1235 ad

298 1264 539 1327 cultum
588 1264 697 1325 Dei
744 1268 808 1325 et
833 1263 1385 1326 sanctificationem
1416 1265 1680 1344 animae3
1711 1284 1860 1346 ergo

298 1375 543 1437 semper
567 1357 839 1436 indiguit
859 1357 1110 1437 propria
1131 1362 1454 1437 potestate,
1502 1376 1627 1437 qua
1668 1359 1737 1420 in
1763 1360 1860 1422 his

298 1450 586 1513 omnibus
643 1449 1099 1511 accommodate
1147 1456 1487 1528 regeretur,
1535 1451 1687 1512 alias
1732 1469 1860 1512 non

301 1548 461 1605 esset
486 1542 643 1603 bene
670 1542 1046 1617 institutum,
1100 1541 1207 1604 sed
1247 1548 1405 1604 esset
1431 1561 1650 1624 corpus
1684 1551 1861 1605 trun-

300 1655 446 1698 cum
487 1642 550 1698 et
581 1636 928 1697 confusum.
960 1638 1030 1697 In
1078 1637 1458 1699 contrarium
1486 1644 1694 1699 autem
1744 1645 1867 1715 est,

299 1730 448 1811 quia
490 1728 621 1790 haec
663 1734 932 1809 potestas
969 1733 1062 1790 est
1107 1729 1612 1809 supernaturalis,
1655 1737 1727 1791 ut
1754 1749 1857 1792 os-

299 1823 637 1898 tendimus,
659 1823 824 1883 unde
847 1822 1074 1902 pendet
1101 1840 1175 1883 ex
1202 1823 1657 1903 supernaturali
1687 1842 1860 1886 reve-

297 1915 530 1977 latione
557 1922 629 1976 ut
653 1915 975 1992 habeatur,
993 1922 1056 1977 et
1072 1915 1367 1996 peculiari
1384 1917 1648 1995 Spiritus
1665 1917 1860 1977 sancti

296 2007 541 2067 influxu
592 2013 663 2068 ut
707 2014 1082 2069 exerceatur.
1138 2007 1311 2082 Quod
1361 2008 1863 2087 significaverunt

294 2101 575 2180 Apostoli
597 2101 803 2162 Actor.
839 2105 914 2164 15
955 2102 1264 2163 dicentes:
1302 2102 1509 2167 Viswm
1533 2109 1619 2164 est
1644 2103 1864 2181 Spiri-

294 2194 394 2256 tui
425 2193 677 2268 SanctO,
699 2199 755 2256 et
780 2195 983 2265 nobis,·
1009 2212 1135 2254 non
1159 2199 1397 2255 constat
1417 2201 1625 2256 autem
1651 2196 1728 2256 de
1750 2197 1862 2257 tali

294 2283 673 2346 revelatione
717 2292 780 2347 et
818 2287 1163 2348 assistentia
1206 2293 1350 2348 ante
1380 2287 1583 2365 legem
1612 2289 1824 2365 gratiae
1837 2307 1856 2367 3

295 2396 469 2458 erg0.
501 2380 774 2455 Accedit,
817 2381 986 2459 quod
1016 2380 1149 2440 haec
1177 2386 1445 2459 potestas
1468 2381 1739 2460 pertinet
1780 2383 1858 2443 ad

298 2471 502 2532 claves
527 2494 541 2531 :
578 2473 777 2533 claves
799 2481 1005 2534 autem
1026 2473 1205 2550 regni
1227 2473 1525 2533 coelorum
1550 2480 1696 2534 sunt
1720 2493 1860 2555 pro-

297 2564 451 2644 priae
481 2565 633 2643 legis
663 2566 900 2643 gratias,
930 2565 1146 2628 Matth.
1176 2566 1254 2625 16
1281 2587 1295 2625 :
1330 2583 1499 2643 ergo.

380 2659 439 2719 2.
484 2659 788 2721 Resolutio
818 2660 1106 2721 auctoris.
1137 2690 1220 2703 —
1259 2659 1618 2739 Respondeo
1671 2661 1858 2722 vesti-

299 2751 474 2831 gium
528 2752 799 2833 aliquod,
849 2770 959 2813 seu
1008 2752 1540 2832 participationem
1586 2754 1858 2833 aliquam

296 2843 486 2923 hujus
508 2844 823 2926 potestatis
848 2850 992 2905 ante
1013 2845 1214 2923 legem
1233 2846 1470 2923 gratiae,
1495 2852 1679 2926 atque
1704 2847 1858 2908 adeo

297 2956 543 3018 semper
582 2939 650 2998 in
696 2937 966 2998 Ecclesia
994 2938 1180 2997 fuisse
1195 2954 1215 3014 3
1264 2940 1598 3018 perfectam
1650 2946 1859 3001 autem

299 3037 689 3113 potestatem,
718 3036 906 3112 prout
959 3049 1128 3090 nunc
1173 3036 1263 3091 est
1305 3030 1373 3093 in
1400 3032 1691 3108 Ecclesia,
1721 3052 1860 3115 pro-

300 3128 503 3206 priam
530 3144 660 3188 esse
702 3125 858 3205 legis
893 3124 1130 3204 gratiae,
1159 3131 1222 3186 et
1247 3143 1286 3186 a
1322 3126 1558 3187 Christo
1600 3128 1860 3188 Domino

298 3220 488 3281 fuisse
538 3219 844 3281 collatam.
890 3221 1063 3281 Hanc
1112 3221 1509 3282 assertionem
1554 3240 1733 3283 sumo
1782 3240 1860 3283 ex

299 3314 618 3374 communi
651 3315 957 3374 sententia
1000 3313 1432 3393 theologorum
1476 3316 1544 3376 in
1596 3316 1860 3378 materia

299 3406 374 3467 de
402 3406 676 3467 clavibus
703 3407 774 3467 in
813 3409 872 3481 t,
916 3406 976 3467 d.
1029 3407 1125 3467 18.
1163 3407 1357 3480 Quam
1399 3407 1745 3469 distinctius
1795 3416 1858 3470 et

299 3499 579 3578 copiosus
604 3499 892 3559 tractavit
921 3498 1152 3561 Victor.
1185 3499 1393 3561 relect.
1430 3504 1458 3561 1
1515 3500 1592 3561 de
1625 3501 1850 3562 Potest.

298 3591 599 3666 Ecclesiae,
647 3596 863 3671 quoest.
915 3593 954 3652 Ξ
1008 3597 1070 3651 et
1100 3593 1161 3651 4.
1207 3592 1287 3653 Ut
1331 3598 1541 3654 autem
1578 3594 1855 3672 singulas

298 3688 503 3763 partes
538 3683 887 3763 probemus,
917 3690 1159 3763 oportet
1191 3685 1532 3746 discurrere
1563 3704 1677 3765 per
1721 3705 1854 3747 om-

298 3793 409 3836 nes
457 3781 649 3837 status
694 3779 937 3854 generis
980 3778 1261 3855 humani,
1309 3779 1649 3858 praesertim
1698 3778 1855 3859 legis

298 3875 560 3946 naturae,
586 3871 848 3951 scriptae,
875 3878 937 3932 et
963 3871 1199 3949 gratiae.

379 3964 436 4023 3.
483 3963 724 4042 Duplex
746 3965 1138 4027 consideratio
1166 3964 1319 4043 leyis
1351 3970 1609 4028 naturae.
1631 3966 1852 4027 —Gir-

297 4072 368 4116 ca
399 4054 600 4135 legem
654 4075 801 4144 ergo
849 4062 1089 4118 naturae
1137 4058 1534 4119 recolendum
1567 4064 1659 4120 est
1690 4060 1854 4139 quod

295 4167 453 4229 saepe
478 4150 631 4226 dixi,
662 4151 921 4230 spectari
942 4169 1120 4230 posse
1148 4151 1244 4212 vel
1270 4152 1337 4211 in
1370 4152 1585 4212 ordine
1635 4152 1713 4212 ad
1743 4171 1853 4231 pu-

292 4260 428 4302 ram
450 4249 761 4320 naturam,
797 4263 906 4305 seu
929 4243 1008 4303 ad
1036 4244 1342 4305 rationem
1369 4244 1717 4305 naturalem
1739 4262 1853 4304 nu-

295 4336 370 4396 de
415 4343 747 4416 sumptam,
790 4337 890 4398 vel
926 4343 1108 4418 prout
1151 4338 1566 4398 illuminatam
1613 4336 1851 4399 lumine

296 4425 462 4488 fidei.
492 4430 686 4491 Priori
711 4431 895 4490 modo
946 4430 1209 4508 intelligi
1251 4436 1450 4509 potest
1476 4431 1544 4491 in
1572 4431 1850 4491 humano

295 4537 518 4597 genere
561 4523 894 4601 vestigium
940 4522 1247 4602 quoddam
1286 4523 1471 4602 hujus
1506 4526 1847 4604 potestatis,

293 4633 421 4676 non
452 4616 707 4695 quidem
735 4616 1244 4696 supernaturalis,
1277 4621 1347 4676 ut
1385 4635 1495 4696 per
1525 4636 1589 4678 se
1631 4623 1852 4679 notum

294 4714 401 4782 est,
435 4711 582 4788 quia
612 4715 836 4770 natura
860 4727 937 4770 ex
959 4727 1023 4770 se
1051 4708 1211 4769 nihil
1236 4710 1700 4788 supernaturale
1741 4711 1851 4771 ha-

293 4802 417 4877 bet,
448 4804 553 4864 sed
575 4804 877 4864 naturalis
897 4821 1041 4864 cum
1060 4802 1330 4882 quadam
1356 4803 1751 4883 proportione
1773 4804 1851 4865 ad

292 4896 452 4957 hanc
488 4903 852 4977 potestatem
879 4896 1284 4976 spiritualem.
1325 4895 1498 4968 Quod
1536 4896 1625 4956 ita
1650 4895 1851 4956 decla-

291 5009 385 5067 r0,
418 4992 568 5071 quia
594 4998 820 5051 natura
844 4989 1114 5051 hominis
1142 5008 1250 5069 per
1276 5005 1340 5048 se
1358 4988 1617 5067 requirit
1636 5007 1848 5050 veram

289 5085 394 5146 Dei
422 5084 840 5165 cognitionem
868 5084 1035 5144 intra
1066 5083 1348 5143 ordinem
1379 5086 1636 5156 naturae,
1684 5087 1753 5142 ut
1780 5081 1847 5144 in

290 5180 504 5241 eodem
537 5178 753 5251 ordine
787 5195 964 5238 suam
989 5175 1453 5256 perfectionem,
1480 5181 1542 5235 et
1583 5175 1846 5236 beatitu-

290 5272 498 5333 dinem
535 5270 885 5343 naturalem
926 5269 1203 5330 obtinere
1230 5268 1441 5348 possit,
1484 5267 1583 5328 cui
1625 5267 1843 5346 cogni-

289 5364 441 5424 tioni
478 5363 767 5424 accedere
812 5362 994 5424 debet
1041 5361 1240 5422 cultus
1288 5361 1411 5421 Deo
1453 5360 1715 5434 debitus,
1763 5377 1843 5421 ne

288 5455 595 5516 incidatur
615 5456 682 5516 in
715 5455 1256 5536 reprehensionem
1300 5453 1515 5515 Pauli:
1548 5454 1666 5528 Qui
1712 5472 1845 5517 oum

290 5550 689 5630 ooqnovissem
716 5550 930 5625 Deum,
977 5567 1097 5613 non
1118 5549 1276 5613 sicut
1301 5549 1496 5613 Dewm
1535 5547 1844 5628 florifica-

1941 523 2188 591 verunt;
2206 535 2354 597 ergo
2380 516 2723 599 respublica
2743 516 3019 579 humana
3045 514 3233 578 etiam
3252 515 3322 577 in
3343 534 3503 595 pura

1940 617 2167 674 natura
2194 617 2467 692 spectata
2504 611 2811 690 indigeret
2856 610 3112 686 unione,
3148 615 3212 673 et
3257 609 3501 671 confor-

1938 706 2155 766 mitate
2190 706 2259 766 in
2285 703 2644 784 hujusmodi
2671 703 3048 782 cognitione,
3078 707 3141 764 et
3173 700 3345 763 cultu
3369 702 3501 764 veri

1938 798 2077 873 Dei3
2110 815 2258 877 ergo
2281 797 2589 876 indigeret
2609 797 2797 858 etiam
2825 801 3146 876 potestate,
3169 813 3307 875 quae
3329 795 3502 857 illam

1938 892 2313 972 gubernaret
2333 891 2400 951 in
2433 890 2649 951 ordine
2676 890 2754 951 ad
2779 890 2948 952 hunc
2972 889 3187 965 finem,
3220 894 3281 949 et
3320 906 3502 969 praes-

1938 984 2203 1046 criberet
2253 983 2572 1058 sacrificia,
2602 982 3013 1058 caeremonias,
3066 987 3130 1043 et
3181 980 3332 1042 alias
3385 981 3502 1042 cir-

1938 1078 2338 1140 cumstantias
2366 1075 2736 1138 necessarias
2753 1076 2833 1137 ad
2854 1093 3073 1137 verum
3101 1075 3209 1136 Dei
3228 1074 3497 1136 cultum:

1939 1189 2089 1250 ergo
2114 1171 2247 1232 haec
2264 1176 2528 1251 potestas
2553 1189 2631 1232 ex
2657 1170 2791 1250 ipsa
2811 1170 3048 1231 ratione
3066 1167 3335 1229 naturali
3357 1185 3503 1228 con-

1938 1265 2112 1327 venit
2150 1264 2527 1339 hominibus,
2571 1281 2701 1324 non
2731 1263 2962 1339 minus,
3004 1279 3195 1342 quam
3232 1265 3500 1340 potestas

1938 1358 2189 1439 politica
2199 1375 2220 1435 3
2238 1364 2300 1420 et
2322 1356 2747 1433 confirmatur,
2772 1374 2921 1417 nam
2947 1355 3203 1417 inomni
3222 1354 3497 1429 natione,

1939 1452 2130 1512 etiam
2155 1451 2340 1512 falsos
2367 1452 2512 1512 deos
2543 1450 2802 1526 colente,
2830 1468 3075 1530 semper
3097 1449 3220 1509 fuit
3235 1452 3501 1527 potestas

1940 1544 2333 1605 sacerdotalis
2377 1543 2476 1605 vel
2520 1542 2836 1623 pontificia
2866 1543 3154 1604 distincta
3200 1560 3238 1602 a
3278 1539 3498 1619 regali,

1938 1636 2157 1700 saltem
2181 1639 2252 1699 in
2278 1655 2391 1698 sua
2414 1635 2661 1697 formali
2687 1636 2926 1698 ratione
2960 1634 3275 1716 potestatis
3297 1651 3501 1694 mora-

1937 1731 2038 1807 lis,
2060 1731 2206 1792 licet
2227 1748 2356 1792 non
2382 1748 2628 1810 semper
2646 1734 2848 1791 essent
2869 1730 2935 1789 in
2971 1728 3260 1789 distincta
3294 1743 3501 1806 perso-

1938 1843 2042 1887 na.
2074 1826 2159 1886 De
2203 1842 2326 1903 quo
2374 1842 2493 1885 usu
2541 1824 2739 1885 videri
2776 1827 3031 1902 possunt
3083 1821 3282 1882 multa
3335 1818 3500 1898 apud

1940 1917 2360 1978 Alexandrum
2388 1916 2466 1976 ab
2485 1916 2831 1978 Alexandro
2855 1932 2995 1976 cum
3015 1911 3366 1993 Tiraquello
3385 1910 3501 1971 ibi-

1941 2011 2087 2071 dem
2109 2010 2154 2070 l.
2196 2011 2235 2070 2
2268 2009 2617 2071 Genialium
2645 2009 2910 2080 dierum,
2955 2026 3087 2087 cap.
3117 2007 3176 2067 8.
3219 2007 3363 2066 Haec
3390 2021 3501 2065 au-

1941 2109 2071 2165 tem
2103 2104 2408 2181 generalis
2440 2101 2817 2164 consuetudo
2839 2100 3113 2162 declarat
3137 2100 3501 2161 instinctum

1942 2202 2178 2257 naturae
2200 2217 2214 2255 ε
2240 2214 2387 2275 ergo
2400 2195 2548 2257 hinc
2575 2193 2774 2255 multo
2799 2194 2996 2273 magis
3010 2193 3326 2253 invenitur
3340 2191 3503 2252 circa

1942 2289 2182 2350 cultum
2214 2295 2278 2350 et
2308 2288 2726 2366 cognitionem
2751 2287 2884 2348 veri
2912 2286 3042 2361 Dei,
3077 2285 3158 2346 ad
3179 2302 3364 2365 quem
3393 2303 3502 2345 na-

1939 2387 2082 2444 tura
2113 2383 2441 2444 intrinsece
2469 2387 2532 2442 et
2557 2399 2668 2461 per
2696 2399 2762 2442 se
2792 2380 3134 2441 ordinatur.

2020 2478 2081 2536 4.
2127 2476 2301 2537 Unde
2339 2479 2786 2553 consequenter
2813 2471 2903 2548 fit,
2942 2473 3031 2534 ita
3076 2487 3205 2531 esse
3233 2470 3503 2531 sentien-

1938 2568 2091 2628 dum
2119 2553 2196 2629 de
2227 2568 2490 2646 origine,
2546 2572 2611 2627 et
2658 2565 2938 2644 subjecto
2986 2564 3155 2624 illius
3188 2563 3502 2644 potestatis

1937 2661 2186 2739 praecise
2216 2666 2478 2741 sumptae
2498 2660 2565 2719 in
2585 2677 2658 2720 eo
2679 2659 2899 2738 gradu,
2927 2658 3085 2718 sicut
3106 2657 3181 2718 de
3206 2662 3502 2735 potestate

1938 2752 2128 2815 civili.
2156 2755 2327 2814 Esset
2348 2754 2517 2814 enim
2539 2751 2887 2813 radicaliter
2912 2769 2951 2811 a
2976 2750 3123 2825 De0,
3144 2749 3352 2810 medio
3380 2748 3503 2809 dis-

1937 2864 2123 2907 cursu
2146 2847 2427 2922 rationis,
2456 2853 2518 2907 et
2544 2864 2620 2907 ex
2651 2845 2782 2906 sola
2819 2844 2909 2904 rei
2949 2849 3173 2904 natura
3199 2848 3358 2905 esset
3383 2843 3501 2903 im-

1937 2940 2205 3001 mediate
2249 2941 2316 3001 in
2365 2939 2495 3000 sola
2547 2937 2990 3000 communitate
3035 2936 3325 3015 perfecta,
3390 2955 3502 3016 per

1938 3033 2112 3093 illam
2141 3050 2286 3094 vero
2310 3032 2576 3094 conferri
2595 3037 2799 3112 posset
2818 3030 2915 3092 vel
2938 3030 3051 3089 uni
3078 3047 3376 3109 personae,
3400 3028 3500 3090 vel

1938 3125 2151 3186 multis
2176 3128 2246 3185 in
2274 3143 2473 3187 unum
2501 3124 2910 3204 congregatis,
2949 3129 3020 3183 ut
3042 3122 3502 3184 administrare-

1938 3222 2062 3279 tur.
2095 3219 2241 3292 Quae
2285 3219 2499 3279 omnia
2530 3218 2761 3278 eisdem
2797 3215 3141 3278 rationibus
3180 3215 3500 3294 probanda

1939 3318 2108 3388 sunt,
2138 3313 2362 3393 quibus
2404 3311 2633 3374 similia
2656 3313 2733 3373 de
2766 3316 3064 3391 potestate
3096 3309 3267 3371 civili
3294 3315 3499 3370 osten-

1935 3407 2140 3468 dimus
2152 3423 2173 3485 3
2201 3407 2369 3469 unde
2400 3408 2588 3467 etiam
2616 3405 2689 3467 fit
2719 3405 2987 3486 potuisse
3028 3404 3191 3465 hanc
3225 3408 3500 3482 potesta—

1935 3503 2062 3560 tem
2090 3506 2153 3561 et
2177 3500 2418 3561 civilem
2449 3498 2740 3559 constitui
2780 3498 2848 3557 in
2896 3496 3153 3558 diversis
3190 3495 3494 3575 personiS,

1935 3596 1998 3651 et
2014 3592 2082 3651 in
2105 3593 2322 3654 eadem
2351 3611 2464 3672 pro
2484 3591 2738 3651 arbitrio
2760 3589 3112 3663 hominum,
3137 3589 3286 3668 quia
3316 3595 3496 3649 natu-

1932 3702 2005 3746 ra
2020 3686 2116 3746 vel
2142 3687 2298 3747 ratio
2325 3685 2485 3746 nihil
2510 3686 2577 3744 in
2595 3684 2714 3744 hoc
2734 3682 3077 3744 necessario
3099 3680 3493 3742 determinat.

1934 3779 2191 3857 Semper
2217 3786 2426 3840 autem
2464 3782 2776 3839 servatum
2820 3775 3065 3836 videtur
3107 3773 3187 3834 ab
3228 3774 3500 3834 homini-

1934 3872 2072 3948 buS,
2109 3878 2201 3947 ut,
2235 3871 2380 3933 licet
2408 3870 2803 3950 particulares
2846 3870 3242 3948 magistratus
3287 3868 3497 3929 civiles

1935 3972 1999 4027 et
2024 3966 2427 4027 sacerdotales
2459 3964 2717 4024 diversis
2758 3961 3117 4023 hominibus
3147 3960 3495 4023 tribueren-

1934 4065 2060 4134 tur,
2094 4059 2242 4139 quia
2281 4057 2545 4120 varietas
2586 4057 2901 4117 actionum
2941 4055 3114 4115 illam
3155 4053 3494 4127 distinctio-

1933 4170 2080 4213 nem
2105 4150 2473 4231 postulabat,
2490 4148 2896 4208 nihilominus
2917 4162 3208 4225 suprema
3229 4152 3495 4226 potestas

1932 4245 2252 4322 utriusque
2281 4242 2538 4317 ordinis,
2569 4239 2909 4321 praesertim
2949 4238 3152 4318 quoad
3197 4238 3365 4317 leges
3404 4240 3495 4302 se-

1930 4337 2157 4399 rendas
2182 4338 2250 4397 in
2273 4353 2398 4396 uno
2424 4334 2701 4414 principe
2725 4332 3162 4406 collocaretur3
3192 4337 3256 4393 et
3283 4332 3371 4392 ita
3398 4351 3493 4395 re-

1932 4431 2111 4510 gibus
2130 4436 2190 4491 et
2217 4429 2692 4509 imperatoribus
2713 4444 2954 4506 semper
2968 4424 3088 4485 fuit
3110 4424 3369 4500 tributa,
3392 4426 3494 4487 vel

1931 4525 2329 4586 subordinate
2350 4524 2483 4584 hoec
2505 4526 2770 4603 potestas
2795 4521 2862 4580 in
2899 4521 3180 4581 Romana
3209 4518 3386 4595 urbe,
3429 4525 3494 4582 et

1930 4618 2216 4696 imperio,
2248 4622 2320 4676 ιιι
2349 4634 2427 4677 ex
2462 4614 2733 4676 historiis
2783 4617 3057 4687 constat3
3094 4612 3381 4692 idemque
3414 4613 3493 4674 de

1931 4710 2068 4771 aliis
2108 4708 2655 4770 communitatibus
2688 4705 3024 4767 verisimile
3065 4711 3179 4781 est,
3207 4710 3280 4766 ut
3321 4705 3488 4767 vide-

1931 4804 2135 4865 bimus
2161 4805 2350 4864 etiam
2378 4804 2445 4863 in
2473 4801 2754 4881 sequenti
2799 4800 3100 4861 membro.
3161 4799 3489 4861 Rationem

1929 4916 2078 4959 vero
2105 4897 2311 4976 attigit
2337 4897 2405 4956 D.
2445 4895 2668 4957 Thom.
2701 4898 2729 4954 1
2747 4938 2760 4953 .
2785 4895 2848 4969 2,
2878 4898 3096 4973 quoest.
3121 4894 3225 4967 99,
3254 4898 3374 4952 art.
3423 4893 3485 4966 3,

1929 4990 2159 5065 dicens,
2191 5007 2432 5068 semper
2451 4989 2794 5049 humanam
2819 4986 3267 5064 rempublicam
3299 4991 3478 5046 uten-

1925 5089 2053 5146 tem
2105 5083 2235 5144 sola
2284 5086 2579 5161 potestate
2622 5078 2893 5140 naturali
2935 5077 3223 5139 habuisse
3275 5096 3487 5140 curam

1924 5175 2119 5237 divini
2147 5175 2372 5249 cultus,
2392 5180 2455 5235 et
2477 5190 2686 5234 rerum
2709 5171 2992 5232 omnium
3019 5171 3097 5231 ad
3123 5169 3486 5249 religionem

1923 5267 2392 5349 pertinentium,
2404 5268 2471 5326 in
2492 5265 2706 5325 ordine
2729 5263 2810 5325 ad
2830 5280 3223 5324 communem
3242 5281 3481 5344 pacem,

1923 5366 1985 5421 et
2035 5360 2348 5439 politicam
2395 5357 2931 5438 gubernationem,
2963 5363 3025 5417 et
3068 5358 3218 5436 quia
3246 5356 3349 5417 hic
3394 5363 3484 5419 est

1922 5453 2068 5515 finis
2114 5452 2301 5531 regiae
2348 5451 2685 5532 potestatis,
2733 5450 2873 5512 ideo
2916 5456 3136 5512 caetera
3174 5451 3384 5519 omnia
3425 5451 3484 5511 ei

1922 5547 2325 5611 subordinate
2349 5546 2559 5608 misse.
2582 5544 2702 5607 Ubi
2723 5544 2996 5626 Gajetan.
3035 5544 3345 5624 significat
3364 5542 3482 5607 hoc
