3976 6219
749 388 880 439 CAP.
919 389 1002 440 xl.
1039 388 1252 440 UTRUM
1283 388 1406 441 Lssx
1439 387 1787 439 NATURALIS
1821 386 2082 441 OBLIGET
2117 393 2200 442 AD
2234 379 2453 445 Momm
2487 393 2813 456 OPERANDI,
2849 393 2982 444 ETC.

3349 390 3466 448 129

272 507 692 571 praeparamur
719 507 830 568 per
876 488 1038 548 bona
1069 507 1253 568 opera
1296 489 1722 550 antecedentia
1750 488 1827 548 ad
1910 509 2151 571 semper
2180 493 2436 571 obligat,
2467 493 2571 554 sed
2605 494 2784 553 certis
2816 491 3188 570 temporibus
3211 500 3273 552 et
3300 513 3468 556 occa-

272 586 470 663 ipsam
493 582 795 661 justitiam
803 587 1140 660 ,quatenus
1169 599 1298 642 esse
1326 587 1579 661 possunt
1602 581 1679 640 ab
1698 581 1832 660 Spi-
1911 585 2209 656 sionibuS,
2232 593 2301 646 ut
2330 587 2397 646 in
2424 586 2673 665 propria
2696 585 2951 644 materia
2980 584 3236 645 dicetur.

271 677 397 738 ritu
421 681 633 736 sancto
668 681 978 749 movente,
1021 681 1081 734 et
1113 674 1391 734 nondum
1419 674 1830 748 inhabitante,

273 777 343 830 ut
372 769 520 829 dicit
541 768 997 842 Tridentinum,
1035 785 1177 828 5055.
1216 770 1314 843 14,
1352 787 1405 828 0.
1441 769 1501 842 4,
1535 768 1621 826 ita
1648 767 1836 827 ctiam

273 860 660 940 disponimur
691 860 768 919 ad
800 861 1257 939 impetrandum
1285 861 1583 920 auxilium
1615 866 1675 920 et
1704 878 1836 919 mo-

275 955 508 1014 tionem
535 971 656 1032 qua
682 953 962 1031 proxime
991 953 1392 1031 disponamur
1414 952 1488 1012 ad
1503 952 1834 1030 justitiam,

277 1054 339 1109 et
389 1048 583 1107 Deum
629 1065 814 1126 super
840 1047 1051 1107 omnia
1087 1047 1421 1125 diligamus
1466 1068 1480 1105 ε
1534 1064 1681 1122 ergo
1712 1064 1838 1105 non

276 1142 485 1202 minus
513 1140 850 1201 absurdum
879 1147 971 1201 est
992 1140 1070 1200 ad
1097 1140 1342 1219 singula
1384 1157 1573 1219 opera
1616 1157 1838 1219 911000-

275 1242 524 1315 ptorum
566 1235 898 1295 moralium
945 1235 1387 1314 praerequirere
1428 1246 1631 1293 actum
1671 1232 1839 1291 infu-

279 1347 418 1388 sum
443 1328 673 1388 amoris
707 1328 815 1389 Dei
850 1345 1034 1406 super
1065 1327 1276 1388 omnia
1305 1342 1494 1405 quam
1532 1323 1834 1383 habitum.

278 1422 357 1480 Et
376 1427 668 1500 praeterea
686 1427 900 1480 contra
932 1421 1049 1481 hoc
1071 1419 1409 1500 procedunt
1428 1436 1568 1478 cum
1589 1434 1841 1496 propor-

282 1514 453 1574 tione
480 1532 616 1592 quae
640 1519 852 1573 contra
872 1513 1233 1591 Gregorium
1260 1512 1552 1586 diximus,
1586 1515 1652 1569 ut
1679 1509 1841 1569 circa

284 1606 456 1666 aliud
489 1606 837 1666 membrum
859 1606 988 1684 jam
1023 1605 1282 1665 declaro.

370 1701 465 1759 10.
514 1699 576 1758 Si
622 1717 766 1776 ergo
818 1717 943 1757 non
980 1697 1317 1776 postuletur
1361 1696 1605 1756 dilectio
1652 1714 1836 1773 super

287 1792 519 1865 omnia,
549 1792 653 1853 sed
683 1790 802 1851 alia
821 1790 1026 1850 minor
1048 1809 1182 1869 quae
1202 1789 1460 1849 sufficiat
1483 1788 1559 1848 ad
1582 1787 1848 1847 referen-

288 1883 437 1943 dum
466 1890 668 1945 actum
714 1884 780 1943 in
826 1883 1021 1942 Deum
1071 1881 1261 1941 finem
1296 1879 1846 1959 supernaturalem,

287 1975 593 2054 imprimis
623 1974 867 2035 difficile
900 1980 989 2035 est
1015 1974 1393 2050 distinguere
1441 1972 1627 2032 talem
1671 1970 1851 2030 effec-

286 2072 446 2141 tum,
473 2069 578 2145 qui
610 2069 689 2126 sit
716 2066 1200 2145 supernaturalis
1235 2064 1716 2143 complacentiae,
1742 2080 1850 2122 seu

285 2157 728 2219 benevolentiae
757 2160 823 2218 in
850 2161 1072 2232 Deum,
1117 2165 1177 2219 et
1220 2163 1399 2235 aptus
1420 2156 1558 2216 elici
1581 2172 1619 2214 a
1648 2153 1848 2213 chari-

284 2257 412 2311 tate
449 2251 653 2311 infusa
699 2250 778 2310 ab
807 2269 1016 2311 amore
1055 2268 1239 2329 super
1266 2248 1500 2322 omnia,
1533 2253 1594 2307 et
1622 2245 1851 2324 justifi-

288 2351 489 2405 cante.
524 2345 643 2406 Sed
672 2346 785 2405 11οο
819 2364 986 2405 1111110
1022 2345 1242 2404 omitto
1282 2343 1348 2401 in
1401 2341 1591 2401 alium
1643 2340 1848 2399 locum

287 2438 630 2517 proprium,
657 2444 719 2497 et
749 2456 824 2498 ex
851 2437 1116 2516 propriis
1151 2434 1406 2496 ostendo
1439 2433 1626 2493 etiam
1659 2434 1723 2490 in
1745 2431 1850 2490 illo

289 2549 471 2590 sensu
511 2531 878 2591 sententiam
915 2529 1083 2589 illam
1114 2546 1240 2588 esse
1282 2527 1498 2586 falsam
1548 2530 1609 2583 et
1636 2524 1852 2583 volun-

291 2624 513 2685 tariam
548 2646 561 2683 :
598 2625 744 2703 quia
770 2620 971 2703 neq‘ue
999 2641 1072 2682 ex
1101 2627 1318 2681 natura
1337 2620 1428 2680 rei
1456 2617 1735 2695 sequitur
1762 2621 1851 2676 ta-

293 2716 368 2776 lis
392 2717 686 2796 obligatio
729 2736 804 2778 ex
859 2715 1175 2796 principiis
1197 2720 1259 2774 et
1285 2711 1521 2772 lumine
1549 2709 1717 2783 fidei,
1746 2726 1853 2768 ne-

295 2828 413 2888 que
445 2812 632 2871 etiam
665 2810 904 2872 ostendi
948 2813 1148 2890 potest
1190 2811 1563 2886 praeceptum
1593 2802 1853 2881 speciale

291 2904 565 2981 positum
618 2922 656 2964 a
692 2905 814 2964 Deo
842 2901 1197 2963 hominibus
1224 2897 1520 2960 ordinatis
1555 2897 1632 2955 ad
1665 2895 1855 2955 finem

294 2997 852 3075 supernaturalem,
879 2993 1174 3074 operandi
1202 3009 1464 3070 semper,
1477 2990 1576 3049 vel
1601 3007 1856 3050 servan-

295 3088 359 3148 di
404 3095 710 3170 praecepta
761 3087 1069 3149 naturalia
1127 3104 1203 3147 ex
1266 3082 1466 3145 simile
1532 3082 1856 3143 dilectione

294 3189 404 3242 aut
445 3183 764 3243 relatione.
801 3180 894 3241 Ad
922 3180 1085 3260 quod
1125 3183 1380 3258 possunt
1426 3195 1567 3237 cum
1605 3193 1857 3254 propor-

294 3276 463 3336 tione
507 3274 802 3354 applicari
830 3274 1041 3333 omnia
1067 3289 1204 3351 quae
1250 3276 1461 3331 contra
1493 3268 1857 3346 Gregorium

296 3367 589 3428 diximus.
623 3367 783 3440 Quin
811 3367 1012 3446 potius
1040 3383 1152 3424 nec
1179 3364 1257 3424 ad
1289 3362 1590 3423 servanda
1616 3362 1736 3421 alia
1760 3380 1859 3420 su-

295 3461 718 3540 pernaturalia
746 3463 1049 3539 praecepta
1068 3458 1245 3518 estin
1274 3457 1632 3517 universum
1660 3472 1729 3513 ac
1751 3471 1860 3532 per

297 3571 362 3612 se
404 3554 753 3613 necessaria
779 3552 911 3613 haec
950 3550 1190 3626 relatio,
1241 3550 1338 3610 vel
1388 3549 1674 3608 dilectio:
1710 3563 1858 3605 nam

295 3644 444 3706 fidei
472 3653 846 3725 praeceptum
873 3663 984 3724 per
1013 3649 1222 3705 actum
1248 3641 1535 3703 credendi
1568 3640 1859 3718 impletur

297 3743 444 3798 ante
471 3756 720 3799 omnem
752 3745 956 3799 actum
988 3737 1248 3816 propriae
1278 3734 1619 3796 dilectionis
1642 3734 1770 3807 Dei,
1798 3738 1860 3793 et

295 3830 583 3890 similiter
606 3832 794 3891 etiam
825 3836 1197 3909 praeceptum
1229 3827 1382 3909 spei,
1410 3833 1482 3887 ut
1508 3845 1583 3887 ex
1608 3824 1860 3887 Triden-

298 3924 432 3982 tino
458 3923 745 3998 sumitur,
759 3923 1007 3983 session.
1038 3924 1099 3998 6,
1130 3924 1312 4002 capit.
1334 3923 1404 3997 73
1431 3926 1492 3980 et
1514 3919 1726 3980 eadem
1763 3937 1859 3978 ra-

299 4017 468 4077 tione
494 4023 694 4096 potest
730 4015 974 4095 impleri
1017 4020 1390 4094 praeceptum
1439 4012 1757 4089 religionis
1783 4010 1860 4070 de

299 4110 513 4170 divino
543 4110 715 4170 cultu
742 4115 852 4170 aut
879 4109 1179 4170 oratione.
1205 4109 1337 4167 lmo
1376 4105 1518 4165 licet
1542 4104 1609 4164 in
1641 4102 1863 4179 aliqui-

299 4203 414 4263 bus
440 4202 677 4263 actibus
710 4202 980 4262 externis
1009 4204 1259 4279 propter
1282 4196 1608 4276 specialem
1640 4192 1864 4254 sancti-

298 4301 495 4358 tatem
533 4314 746 4356 eorum
779 4294 1135 4372 requiratur
1162 4296 1356 4352 status
1382 4289 1617 4367 gratiae,
1662 4291 1733 4346 ut
1773 4284 1866 4345 di-

300 4390 547 4466 cebam,
598 4388 1004 4449 nihilominus
1052 4387 1237 4448 etiam
1284 4384 1361 4444 ad
1412 4382 1549 4441 illas
1599 4399 1726 4441 non
1778 4386 1868 4442 cst

301 4483 650 4543 necessaria
697 4483 827 4542 haec
871 4480 1149 4559 specialis
1190 4478 1435 4538 dilectio
1479 4475 1733 4535 actualis
1761 4478 1905 4534 aut.

299 4576 604 4650 virtualis„
637 4576 692 4635 si
719 4591 982 4652 persona
1014 4574 1081 4632 in
1124 4576 1286 4631 statu
1313 4570 1525 4648 gratiae
1575 4567 1868 4647 supponi-

303 4676 429 4742 tur,
458 4669 563 4728 sed
594 4668 818 4727 sufficit
844 4666 1133 4744 religiosa
1158 4664 1421 4724 intentio
1448 4680 1584 4740 quae
1612 4661 1688 4719 ad
1726 4659 1868 4720 reli-

303 4761 556 4838 gionem
581 4766 830 4839 spectat.
869 4761 1042 4820 Sicut
1073 4756 1312 4818 etiamsi
1334 4759 1609 4815 occurrat
1636 4752 1867 4812 occasio

302 4852 402 4911 vel
434 4852 769 4914 confitendi
798 4853 1009 4926 fidem,
1040 4852 1139 4912 vel
1169 4847 1576 4928 respondendi
1620 4864 1731 4925 pro
1759 4846 1869 4904 Dei

304 4944 565 5021 honore,
591 4946 726 5006 fieri
756 4952 956 5027 potest
979 4965 1056 5006 ex
1083 4945 1303 5005 affectu
1329 4943 1403 5002 ad
1433 4941 1621 5003 fidem
1646 4946 1707 4999 et
1726 4956 1868 4998 con-

304 5037 635 5097 fessionem
669 5040 825 5117 ejus,
853 5038 951 5099 vel
981 5056 1057 5098 ex
1091 5036 1311 5098 aflectu
1339 5034 1535 5095 divini
1567 5033 1763 5093 cultus
1810 5034 1871 5090 et

305 5128 560 5190 honoris
588 5133 951 5210 pertinentis
978 5131 1056 5190 ad
1071 5130 1458 5207 religionem,
1478 5125 1871 5187 etiamsinon

307 5220 419 5281 fiat
451 5240 529 5282 ex
555 5229 693 5283 actu
720 5225 968 5303 proprio
996 5222 1307 5283 charitatis
1342 5243 1355 5279 ε
1387 5219 1560 5279 nulla
1601 5236 1747 5295 ergo
1774 5235 1869 5276 ra-

308 5311 483 5372 tione
506 5315 726 5375 modus
762 5316 1056 5396 operandi
1090 5333 1166 5375 ex
1206 5313 1502 5374 charitate
1536 5315 1627 5370 est
1657 5310 1733 5369 de
1758 5327 1874 5369 ne-

309 5408 591 5468 cessitate
645 5410 910 5471 aliorum
955 5415 1400 5489 praeceptorum
1418 5451 1439 5481 ‚
1502 5410 1677 5466 extra
1732 5420 1874 5482 pro-

308 5499 519 5577 prium
566 5510 941 5583 praeceptum
986 5502 1323 5577 charitatiS,
1381 5498 1547 5579 quod
1592 5516 1721 5559 non
1763 5513 1874 5576 pro

717 5628 782 5673 V·

1999 680 2096 737 11.
2147 679 2426 758 objectio.
2452 714 2534 727 —
2561 681 2679 741 Sed
2709 681 2994 758 objicitur
3023 680 3221 758 primo
3253 681 3408 741 illud
3434 685 3462 742 1

1916 772 2053 831 Cor.
2086 772 2161 831 10
2190 789 2205 831 2
2241 773 2457 835 Omnia
2481 775 2547 836 in
2568 775 2828 852 ¹clm-iam
2854 773 2969 835 Dei
2990 774 3211 848 facite,·
3239 780 3299 834 et
3318 774 3474 834 illud

1915 863 1996 923 ad
2019 864 2239 925 Coloss.
2275 867 2311 926 3
2340 882 2356 924 :
2392 867 2570 927 Omne
2588 867 2983 946 quodcumque
3007 866 3171 942 facis
3193 867 3258 927 in
3277 868 3470 942 verbo,

1917 963 2025 1018 aab
2054 958 2119 1018 in
2149 976 2335 1035 opere,
2381 959 2582 1020 omnia
2623 960 2690 1020 in
2728 960 2963 1019 nomine
2994 960 3241 1019 Domini
3282 961 3475 1022 nostri

1917 1051 1969 1111 J
1972 1068 2075 1112 esa
2100 1050 2360 1125 Christi,
2386 1053 2629 1129 qratias
2652 1056 2890 1129 affantes
2913 1052 3061 1125 De0,
3087 1057 3139 1112 et
3164 1051 3350 1113 Patri
3365 1071 3478 1131 per

1918 1144 2163 1220 ipsum:
2194 1147 2254 1202 et
2291 1142 2445 1202 illud
2489 1146 2516 1202 1
2568 1145 2706 1204 Cor.
2760 1145 2874 1203 16:
2925 1135 3141 1203 O'mm’a
3174 1149 3369 1205 vestra
3412 1146 3478 1205 in.

1920 1237 2216 1298 charitate
2261 1236 2437 1312 fiant.
2493 1237 2772 1297 Secundo
2794 1281 2814 1310 ,
2882 1235 3262 1313 objiciuntur
3306 1238 3479 1298 varia

1919 1329 2055 1389 loca
2077 1328 2445 1406 Augustini,
2477 1329 2543 1388 in
2584 1328 2808 1407 quibus
2847 1327 3154 1406 significat
3178 1329 3480 1408 quidquid

1920 1440 2046 1482 non
2074 1421 2143 1482 fit
2170 1440 2247 1482 ex
2282 1422 2578 1482 charitate
2605 1421 2737 1482 fieri
2778 1440 2854 1482 ex
2890 1440 3083 1501 prava
3119 1423 3477 1502 cupiditate,

1919 1532 1991 1574 ac
2015 1514 2271 1592 proinde
2296 1515 2530 1575 malum
2559 1533 2689 1575 esse
2714 1536 2726 1575 t
2760 1514 2926 1573 unde
2957 1519 2981 1572 l
3017 1516 3315 1590 Retract.,
3343 1535 3476 1594 cap.

1922 1609 2038 1667 15:
2075 1608 2358 1671 Voluntas
2387 1609 2515 1669 sine
2534 1609 2831 1669 charitate
2858 1606 3101 1684 (inquit)
3129 1612 3254 1667 tota
3281 1614 3368 1669 est
3392 1610 3482 1670 vi-

1926 1701 2083 1762 tiosa
2116 1701 2419 1778 cupiditas
2441 1725 2469 1770 ,·
2495 1699 2603 1760 lib.
2651 1700 2727 1759 de
2756 1699 2963 1759 Gratia
2993 1704 3055 1758 et
3094 1699 3271 1759 liber.
3302 1700 3481 1776 Arb.,

1928 1811 2061 1871 cap.
2110 1793 2210 1866 18,
2254 1793 2457 1872 inquit
2501 1815 2515 1851 ε
2572 1793 2739 1865 Quod
2763 1793 2840 1869 fit
2872 1793 3000 1853 sine
3033 1793 3339 1854 dilectione
3370 1813 3486 1855 non

1931 1886 2063 1946 bene
2086 1887 2162 1960 fit
2191 1910 2212 1943 .·
2248 1891 2308 1944 et
2339 1886 2563 1944 similia
2603 1885 2790 1944 habet
2831 1885 3032 1963 primo
3060 1885 3168 1944 lib.
3204 1885 3279 1945 de
3310 1887 3478 1948 Grat.

1932 1976 2176 2050 Christi,
2225 1995 2358 2054 cap.
2391 1979 2492 2051 26,
2529 1982 2591 2036 et
2618 1994 2777 2055 saepe
2806 1976 2979 2035 alias».
3029 1977 3260 2051 TertiO,
3305 1997 3487 2055 argu-

1933 2067 2327 2127 mentabatur
2358 2068 2707 2146 DionysiUS,
2750 2071 2896 2147 quia
2924 2069 3082 2127 Deus
3111 2068 3235 2128 suis
3265 2088 3490 2147 praece-

1932 2161 2052 2238 ptis
2088 2161 2357 2220 intendit
2388 2179 2501 2219 nos
2541 2160 2740 2219 facere
2781 2161 2874 2219 sui
2916 2159 3236 2219 dilectores
3280 2183 3293 2219 ε
3343 2181 3490 2239 ergo

1930 2253 2054 2312 nisi
2082 2271 2156 2312 ex
2186 2253 2512 2312 dilectione
2541 2252 2650 2312 Dei
2680 2258 3004 2312 serventur
3028 2269 3155 2310 non
3182 2251 3251 2310 fit
3279 2254 3493 2314 volun-

1930 2350 2025 2404 tas
2048 2345 2195 2418 Dei;
2224 2363 2372 2422 ergo
2401 2363 2599 2424 neque
2631 2351 2935 2423 praecepta
2964 2344 3323 2422 implentur.

2016 2437 2113 2496 12.
2163 2437 2404 2499 Solutio
2430 2439 2510 2497 ad
2532 2438 2774 2516 objecta.
2806 2470 2886 2481 —
2907 2437 3001 2497 Ad
3028 2437 3379 2497 testimonia
3403 2458 3496 2498 sa-

1932 2546 2049 2587 crae
2072 2528 2397 2607 Scripturas
2421 2529 2763 2608 respondeo
2786 2529 2988 2607 primo
3012 2529 3323 2590 continere
3343 2533 3499 2609 opti-

1932 2637 2106 2679 mum
2160 2620 2486 2680 consilium
2526 2636 2546 2697 3
2598 2621 2865 2682 secundo
2893 2667 2914 2697 ,
2966 2621 3283 2682 continere
3324 2641 3496 2701 posse

1931 2717 2331 2792 praeceptum,
2372 2712 2566 2774 altero
2595 2731 2628 2774 e
2660 2713 2899 2774 duobus
2927 2714 3145 2774 modis.
3189 2715 3355 2774 Unus
3381 2721 3494 2792 est,

1933 2810 2007 2864 ut
2035 2805 2247 2865 omnia
2286 2823 2475 2884 opera
2508 2812 2714 2867 nostra
2750 2806 2898 2866 talia
2931 2807 3057 2866 sint
3096 2812 3166 2866 ut
3194 2813 3499 2886 quantum

1922 2906 2028 2959 est
2055 2916 2132 2958 ex
2163 2916 2226 2958 se
2255 2898 2318 2957 in
2349 2898 2612 2977 gloriam
2646 2900 2753 2959 Dei
2781 2899 3020 2982 cedant,
3060 2900 3300 2961 etiamsi
3331 2907 3500 2961 actus

1937 2991 2014 3050 ad
2043 2991 2160 3050 hoc
2191 3009 2317 3050 non
2351 2991 2698 3051 referantur
2720 3036 2739 3066 ,
2775 2992 2950 3068 juxta
2991 2992 3248 3052 verbum
3278 2993 3501 3052 Christi

1937 3082 2153 3144 Matth.
2182 3085 2220 3143 5
2248 3103 2262 3142 z
2299 3082 2412 3146 Sic
2438 3084 2627 3145 luceat
2656 3084 2763 3145 lua
2794 3088 2993 3145 vestra
3017 3102 3215 3146 coram
3244 3085 3501 3147 homini-

1938 3178 2069 3250 bus,
2103 3182 2172 3238 ut
2190 3177 2429 3238 videant
2456 3194 2633 3254 opera
2653 3182 2851 3238 vestra
2883 3177 3053 3250 bona,
3085 3182 3139 3238 et
3165 3178 3504 3255 ylorifi'ceat

1938 3269 2190 3332 Patrem
2216 3274 2501 3344 vestrum,
2543 3269 2647 3347 qui
2688 3270 2754 3330 in
2795 3268 2959 3330 coelis
2996 3275 3081 3329 est
3110 3293 3138 3338 ;
3171 3287 3297 3328 non
3335 3270 3503 3329 enim

1939 3368 2032 3423 est
2072 3381 2306 3438 sensus,
2357 3367 2639 3442 oportere
2677 3380 2865 3441 opera
2906 3362 3108 3423 facere
3161 3381 3233 3423 eo
3274 3362 3397 3422 fine
3435 3370 3507 3423 ut

1937 3455 2268 3516 videantur
2298 3455 2375 3514 ab
2413 3456 2549 3515 aliis
2577 3456 2685 3535 qui
2730 3454 3077 3533 glorificent
3118 3456 3308 3516 Deum
3344 3473 3359 3514 1
3394 3457 3506 3516 etsi

1941 3548 2109 3608 enim
2143 3548 2245 3608 hic
2274 3548 2414 3607 finis
2441 3549 2516 3607 de
2551 3567 2612 3607 se
2638 3548 2837 3607 bonus
2873 3547 2975 3622 sit,
3011 3565 3137 3606 non
3173 3556 3266 3608 est
3294 3555 3504 3609 tamen

1938 3641 2342 3716 necessariUS,
2396 3659 2507 3701 1100
2552 3640 2862 3701 ordinarie
2910 3640 3323 3701 consulendus
3368 3660 3508 3720 pro-

1939 3740 2078 3813 pter
2106 3734 2490 3814 periculum,
2540 3754 2755 3796 sensus
2798 3753 2943 3813 ergo
2981 3740 3074 3794 est
3099 3735 3250 3795 talia
3282 3736 3506 3796 debere

1940 3847 2070 3890 esse
2102 3847 2290 3907 opera
2309 3874 2330 3903 ,
2378 3834 2449 3886 ut
2481 3829 2533 3887 si
2565 3829 2892 3889 videantur
2922 3846 2999 3887 ex
3031 3827 3150 3887 illis
3182 3830 3369 3908 possit
3410 3848 3507 3890 re·

1940 3922 2170 3981 sultare
2200 3920 2399 3997 gloria
2443 3920 2586 3980 Deo,
2639 3921 2771 3981 Alio
2814 3920 2998 3978 modo
3033 3927 3233 3998 potest
3272 3921 3373 3981 hic
3402 3922 3507 3982 in-

1944 4013 2137 4090 telligi
2168 4016 2544 4090 praeceptum
2572 4012 3045 4092 affirmativum,
3078 4014 3244 4090 quod
3274 4014 3509 4092 obligat

1945 4121 2209 4181 semper,
2240 4102 2346 4162 sed
2373 4119 2499 4160 non
2528 4120 2640 4180 pro
2666 4121 2930 4180 semper,
2962 4104 3081 4162 nisi
3109 4106 3176 4163 in
3201 4124 3508 4184 praepara-

1944 4196 2114 4255 tione
2141 4193 2369 4265 animi,
2417 4192 2645 4255 scilicet
2670 4239 2689 4269 ,
2726 4199 2796 4252 ut
2845 4195 3044 4272 parati
3076 4196 3267 4257 simus
3300 4202 3509 4262 omnia

1947 4292 2197 4367 propter
2226 4285 2489 4364 gloriam
2519 4286 2628 4348 Dei
2667 4286 2906 4361 facere,
2953 4286 3053 4347 vel
3080 4304 3153 4347 ex
3185 4288 3504 4365 charitate,

1946 4380 2044 4441 vel
2088 4399 2202 4460 pro
2245 4378 2621 4443 confessione
2666 4380 2938 4441 nominis
2980 4380 3223 4457 Christi,
3262 4385 3508 4462 quando

1948 4491 2192 4535 necesse
2224 4472 2412 4533 fuerit
2433 4473 2531 4534 vel
2559 4475 2918 4552 oportuerit.

2032 4569 2130 4628 13.
2155 4567 2531 4644 Emplicatur
2545 4566 3129 4647 almasanum—Ad
3158 4568 3512 4631 testimonia

1948 4660 2279 4738 Augustini
2302 4659 2367 4719 in
2396 4661 2661 4738 propriis
2688 4661 2838 4722 10015
2865 4663 2940 4722 de
2969 4662 3090 4723 fide
3124 4668 3184 4721 et
3212 4662 3512 4726 charitate

1948 4770 2026 4813 ex
2065 4753 2336 4832 professo
2380 4753 2912 4832 respondebimus,
2953 4756 3099 4834 quia
3140 4755 3216 4816 de
3249 4762 3510 4836 utraque

1947 4847 2178 4906 virtute
2212 4845 2399 4905 habet
2432 4847 2816 4923 Augustinus
2845 4848 2979 4907 loca
3007 4848 3298 4908 difficilia.
3339 4852 3513 4912 Nunc

1949 4938 2085 4998 dico
2132 4956 2304 5017 posse
2344 4939 2763 5015 Augustinum
2805 4940 3030 5018 exponi
3076 4942 3291 5000 eodem
3325 4944 3510 5005 modo

1949 5050 2072 5110 quo
2102 5032 2504 5109 Scripturam,
2547 5037 2620 5091 ut
2665 5033 2907 5110 operari
2940 5051 3015 5091 ex
3056 5031 3352 5094 charitate
3384 5054 3513 5097 non

1950 5125 2029 5183 sit
2057 5123 2216 5199 elici,
2257 5129 2365 5182 aut
2391 5124 2681 5201 imperari
2709 5142 2746 5182 a
2788 5124 3110 5196 charitate,
3141 5125 3241 5183 sed
3273 5130 3515 5204 operari

1953 5224 2362 5276 consentanee
2393 5215 2468 5274 ad
2494 5215 2877 5287 charitatem,
2903 5215 2989 5275 ita
3018 5222 3089 5274 ut
3117 5222 3392 5294 operatio
3420 5227 3513 5280 ta-

1953 5309 2029 5368 lis
2060 5309 2137 5367 sit
2182 5326 2317 5386 quae
2360 5307 2655 5368 charitate
2693 5308 2878 5385 dirigi
2908 5315 2967 5368 et
2996 5309 3130 5369 fieri
3161 5312 3374 5388 possit,
3428 5314 3515 5372 ita

1954 5405 2027 5460 ut
2054 5399 2319 5459 charitas
2350 5417 2591 5478 semper
2617 5400 2696 5459 sit
2725 5399 2800 5460 de
2834 5420 2896 5461 50
2926 5403 3099 5481 quasi
3127 5402 3340 5478 regula
3369 5403 3516 5463 boni

1957 5493 2182 5575 operiS,
2210 5492 2356 5554 licet
2384 5511 2509 5553 non
2545 5511 2788 5555 necesse
2817 5494 2895 5555 sit
2928 5502 2996 5555 ut
3029 5497 3109 5555 sit
3136 5495 3320 5555 etiam
3345 5496 3516 5575 prin-

3080 5604 3120 5664 9
