3976 6219
866 400 1002 454 CAP.
1037 402 1166 454 xlx.
1202 401 1660 455 EXPENDUNTUR
1690 400 1921 463 ALIQUA
1952 396 2325 451 TESTIMONIA
2356 395 2733 459 scmv‘runAE,
2770 394 2906 450 mc,

273 501 404 558 tam
432 495 622 559 fuisse
664 516 703 559 a
742 498 1005 561 Domino
1029 518 1140 580 pro
1165 518 1279 562 sua
1305 500 1576 562 Ecclesia
1607 500 1837 574 futura,

272 595 337 652 et
365 596 494 651 tam
525 610 637 670 pro
656 592 835 671 justis
861 611 1048 673 quam
1089 612 1204 674 pro
1250 593 1499 673 injustis
1526 615 1539 654 :
1581 611 1732 655 nam
1760 591 1840 652 ad

272 699 487 744 omnes
520 683 710 744 dicit:
745 685 903 751 Nisi
929 687 1318 749 abmdaoerit
1344 687 1605 766 justitia
1640 691 1842 748 vestra

262 776 409 856 plns
430 793 612 856 qnam
634 775 1001 840 Scribarum
1021 784 1076 842 et
1093 779 1585 857 Pharisaeorum,
1610 796 1727 840 non
1746 779 1841 839 in-

273 868 526 930 trabitis
538 869 606 930 in
629 885 877 949 reynam
896 871 1193 946 coelorum,
1220 875 1282 932 et
1307 889 1445 950 quse
1469 876 1833 950 sequuntur.

274 963 350 1022 Et
373 962 642 1024 maxime
660 963 1129 1042 ponderandum
1147 970 1237 1025 est
1251 964 1405 1025 illud
1427 965 1601 1027 Matt.
1632 967 1667 1023 7
1689 981 1706 1025 ε
1728 965 1837 1026 In-

273 1058 432 1117 trate
442 1072 555 1134 per
585 1061 904 1135 anynstam
929 1062 1216 1135 portam:
1243 1062 1420 1118 vocat
1462 1057 1634 1119 enim
1659 1075 1835 1136 aper-

273 1147 508 1209 tissime
536 1155 858 1229 auyustam
874 1155 1116 1229 portam
1141 1151 1629 1214 observationem
1658 1168 1835 1212 man-

275 1240 586 1317 datorum,
622 1260 760 1321 quae
787 1243 1082 1304 mandata
1112 1243 1261 1305 dicit
1300 1243 1368 1304 in
1395 1244 1503 1304 illo
1536 1244 1837 1324 principio

274 1334 753 1413 comprehendi:
793 1335 1182 1418 Quacumque
1210 1338 1400 1400 vultis
1447 1343 1516 1399 nt
1545 1337 1710 1400 vobis
1735 1341 1838 1414 sa-

277 1427 442 1488 ciant
482 1428 769 1505 homines,
818 1435 874 1491 et
920 1448 1024 1492 vos
1063 1432 1252 1506 facite
1277 1430 1432 1506 illis,
1467 1431 1630 1511 quod
1663 1431 1840 1492 docet

277 1520 468 1580 etiam
500 1520 579 1581 ad
604 1522 1008 1601 Evangelium
1046 1523 1378 1603 pertinere,
1416 1530 1477 1585 et
1507 1525 1587 1586 ad
1624 1543 1838 1586 omnes

277 1612 387 1689 qui
418 1612 570 1673 illud
600 1614 985 1693 profitentur.

362 1705 422 1766 8.
486 1707 690 1767 Tertio
713 1754 733 1784 ,
780 1709 990 1770 omnia
1046 1728 1184 1789 quae
1223 1709 1497 1772 Christus
1541 1711 1610 1771 in
1654 1716 1836 1771 nocte

281 1799 483 1859 Coenae
508 1799 713 1860 docuit
739 1801 814 1860 de
833 1800 1254 1863 observatione
1282 1807 1747 1882 praeceptorum,
1777 1809 1839 1862 et

280 1891 623 1969 praesertim
642 1891 979 1968 charitatis,
999 1892 1080 1953 ad
1087 1894 1283 1971 justos
1300 1894 1638 1973 baptizatos
1648 1894 1840 1954 maxi-

279 2000 382 2042 me
425 1984 778 2061 pertinent:
820 1985 976 2062 justi
1021 1986 1191 2047 enim
1236 1991 1299 2046 et
1335 1986 1629 2066 baptizati
1665 1991 1842 2046 erant

275 2074 574 2153 Apostoli,
631 2075 709 2135 ad
749 2094 903 2154 quos
945 2077 1208 2153 dicebat,
1242 2079 1421 2139 Joan.
1468 2081 1581 2141 14:
1629 2079 1711 2141 Si
1741 2079 1843 2140 di—

275 2166 480 2245 tiyitis
505 2186 596 2230 me
621 2170 910 2231 mandata
950 2187 1082 2231 mea
1115 2176 1361 2244 servate,
1409 2176 1473 2231 et
1493 2170 1689 2232 infra:
1725 2172 1843 2245 Qui

275 2260 449 2322 habet
467 2260 756 2323 mandata
780 2261 934 2336 mea,
956 2266 1230 2324 et-seroat
1256 2279 1346 2336 ea,
1372 2263 1486 2325 iste
1508 2265 1723 2344 estqui
1752 2265 1844 2325 di-

274 2351 423 2431 tiyit
446 2370 558 2427 me,
580 2357 642 2413 et
665 2352 860 2413 infra:
885 2351 970 2416 Si
999 2354 1136 2432 quis
1154 2353 1364 2433 diligit
1382 2372 1495 2428 me,
1516 2373 1838 2418 sermonem

275 2462 469 2508 merem
510 2446 793 2520 servabit,
844 2450 907 2505 et
937 2463 1072 2525 cap.
1124 2447 1232 2507 ⁴5:
1282 2448 1522 2510 Manete
1559 2450 1628 2510 in
1664 2450 1840 2512 dilee-

278 2539 436 2599 tione
456 2554 584 2600 mea
602 2561 630 2608 ,·
648 2539 705 2600 si
718 2543 1015 2616 proeeepta
1042 2555 1172 2599 mea
1209 2541 1612 2614 servaveritis,
1643 2559 1840 2603 mane-

279 2629 425 2691 bitis
443 2630 510 2691 in
532 2629 838 2692 dilectione
854 2648 984 2692 mea
1001 2653 1030 2700 ,·
1052 2635 1114 2690 et
1139 2629 1302 2689 infra
1325 2649 1339 2689 ε
1386 2631 1497 2696 Vos
1516 2633 1700 2695 amici
1725 2636 1842 2697 mei

281 2723 448 2797 estis,
487 2724 545 2785 si
570 2722 843 2799 feceritis
870 2739 1003 2802 qvoe
1034 2738 1136 2802 eqo
1158 2723 1445 2801 proecipio
1468 2725 1653 2787 vobis.
1694 2725 1840 2799 Quae

279 2813 707 2876 conditionalis
728 2815 915 2876 habet
940 2815 1070 2874 vim
1092 2815 1612 2893 comminationis,
1642 2824 1704 2879 et
1731 2837 1839 2880 ne-

280 2906 625 2967 cessitatem
648 2906 880 2968 indicat
901 2907 1265 2968 observandi
1295 2909 1588 2969 mandata
1600 2910 1678 2970 ad
1698 2928 1840 2971 con-

282 2999 649 3059 servandam
688 2998 1052 3060 charitatem
1083 3015 1101 3059 t
1142 3018 1291 3078 ergo
1341 3000 1499 3078 justi
1551 3006 1844 3064 tenentur

280 3109 525 3153 servare
554 3092 869 3168 mandata,
905 3107 967 3154 et
994 3093 1126 3154 sine
1153 3091 1270 3153 hac
1299 3091 1692 3155 observantia
1711 3095 1844 3173 jus-

277 3187 481 3247 titiam
510 3205 637 3247 non
668 3187 1026 3248 servabunt.
1057 3190 1320 3251 Possunt
1348 3187 1595 3249 infinita
1617 3188 1845 3250 similia

279 3297 357 3340 ex
379 3278 707 3358 Scripturis
726 3279 972 3355 adduci,
993 3279 1100 3341 sed
1118 3299 1245 3340 non
1264 3286 1506 3359 oportet
1523 3281 1843 3344 immorari

277 3371 347 3432 in
376 3390 443 3432 re
479 3372 663 3447 clara,
702 3378 766 3433 et
811 3372 1094 3434 evidente
1124 3372 1363 3433 lumine
1404 3374 1695 3450 naturali,
1725 3374 1842 3435 sal-

278 3471 407 3526 tem
431 3465 633 3544 quoad
653 3472 959 3545 praecepta
985 3465 1266 3527 moralia.

360 3561 420 3620 9.
467 3560 585 3621 Fit
624 3560 781 3621 satis
829 3558 1244 3634 fundamentis
1289 3560 1724 3622 haeretieorum.
1761 3593 1842 3607 —

280 3651 778 3712 Fundamentum
825 3651 1260 3712 haereticorum
1311 3651 1521 3731 plures
1579 3652 1839 3714 involvit

282 3761 542 3818 erroreS,
572 3761 724 3821 quos
751 3743 869 3804 hoc
895 3743 1027 3804 loco
1050 3747 1314 3804 tractare
1341 3763 1468 3805 non
1490 3763 1835 3824 possumus,

281 3837 388 3898 sed
416 3838 485 3897 in
509 3836 695 3897 variis
722 3837 872 3897 locis
890 3836 1075 3915 hujus
1097 3837 1299 3916 operis
1325 3838 1629 3898 tractandi
1651 3843 1833 3899 sunt:

279 3947 428 3990 nam
451 3928 678 4007 primo,
708 3929 870 4007 quod
905 3929 1119 3989 dicunt
1159 3930 1562 4008 impossibilia
1591 3948 1719 3992 esse
1748 3931 1840 3991 di·-

277 4022 425 4083 vina
455 4021 771 4095 mandata,
803 4040 988 4101 supra
1021 4023 1151 4100 jam
1183 4022 1478 4100 rejectum
1514 4029 1628 4097 est,
1664 4029 1726 4083 et
1758 4042 1833 4084 ex

278 4118 541 4174 tractatu
581 4114 658 4175 de
698 4114 909 4175 Gratia
953 4113 1059 4174 fiet
1110 4114 1472 4176 evidentius.
1527 4116 1831 4191 Secundo,

277 4207 513 4267 ibidem
558 4206 917 4286 repelletur,
955 4206 1121 4285 quod
1161 4206 1359 4280 aiunt,
1399 4205 1612 4266 omnia
1655 4223 1841 4284 opera

272 4300 586 4379 justorum
634 4317 764 4360 esse
802 4305 1087 4379 peccata,
1139 4298 1478 4378 praesertim
1527 4298 1835 4359 mortalia.

277 4392 487 4454 Tertio
507 4438 527 4469 ,
577 4410 791 4454 veram
839 4392 1253 4453 differentiam
1300 4390 1456 4471 legis
1502 4392 1725 4453 veteris
1777 4398 1839 4453 et

279 4503 459 4546 novae
487 4484 803 4546 trademus
828 4483 897 4545 in
923 4483 1049 4546 fine
1076 4484 1265 4564 hujus
1291 4489 1608 4560 tractatus,
1640 4490 1702 4546 et
1723 4484 1838 4545 fal·

277 4597 411 4639 sam
458 4579 540 4639 ab
582 4576 888 4638 haereticis
935 4576 1261 4638 confictam
1304 4578 1831 4657 impugnabimus.

281 4671 534 4746 Quarto,
570 4670 840 4731 radicem
877 4670 1160 4731 omnium
1195 4669 1525 4745 haeresum,
1572 4688 1709 4750 quae
1746 4677 1839 4731 est

282 4765 590 4844 imputata
604 4763 864 4842 justitia,
887 4763 956 4823 in
982 4763 1243 4824 materia
1267 4763 1344 4824 de
1376 4763 1588 4825 Gratia
1619 4765 1841 4826 evelle-

279 4874 453 4932 mus,
485 4855 697 4935 ibique
725 4855 1119 4916 ostendemus
1158 4854 1441 4917 homines
1476 4873 1649 4930 vere,
1681 4862 1744 4915 et
1770 4873 1840 4917 re

278 4949 437 5029 ipsa,
468 4966 539 5009 ac
572 4948 906 5010 intrinsece
932 4946 1255 5027 justificari
1289 4966 1400 5027 per
1430 4947 1835 5008 inhaerentem

272 5041 583 5121 justitiam
611 5059 722 5120 per
749 5040 1059 5102 Christum
1081 5039 1311 5116 datam,
1335 5046 1396 5101 et
1422 5057 1534 5119 per
1554 5040 1838 5101 eamdem

277 5151 424 5195 vere
453 5140 514 5194 et
541 5134 834 5195 radicitus
874 5134 1109 5195 remitti
1149 5139 1419 5213 peccata,
1450 5138 1512 5194 et
1544 5150 1670 5193 non
1702 5137 1839 5194 tan·-

278 5232 416 5287 tum
438 5227 589 5305 tegi,
623 5245 731 5288 seu
758 5227 837 5287 ad
860 5244 1108 5306 poenam
1137 5245 1264 5287 non
1291 5226 1587 5305 imputari
1619 5247 1634 5285 ε
1673 5225 1839 5287 unde

281 5325 521 5381 certum
546 5339 676 5382 esse
705 5319 1010 5381 constabit
1032 5338 1219 5399 opera
1237 5321 1544 5400 justorum
1570 5319 1658 5379 ita
1681 5319 1840 5379 sesti-

281 5411 445 5472 mari
471 5417 534 5473 et
560 5413 857 5491 reputari,
900 5431 973 5473 ac
999 5412 1297 5491 imputari
1322 5430 1361 5472 a
1388 5412 1532 5487 De0,
1582 5412 1741 5472 sicut
1769 5429 1840 5473 re

281 5522 434 5567 vera
458 5512 646 5567 sunt:
680 5506 847 5568 unde
873 5505 926 5566 si
947 5505 1072 5566 sint
1096 5505 1262 5567 hona
1284 5523 1495 5585 opera,
1523 5504 1837 5585 imputau-

3400 392 3474 450 71

1922 503 2026 557 tur
2065 495 2146 556 ad
2185 493 2513 574 praemium
2536 539 2558 570 ,
2597 492 2652 554 si
2677 492 2844 554 mala
2869 490 3064 567 levia,
3108 492 3186 554 ad
3228 491 3480 573 poenam

1921 586 2353 669 temporalem,
2388 586 2511 647 nisi
2539 603 2652 667 per
2673 583 3103 664 poenitentiam
3129 591 3192 646 et
3213 587 3480 649 satisfac-

1919 684 2158 744 tionem
2179 681 2541 742 deleantur:
2566 679 2617 739 si
2639 683 2893 758 peccata
2914 677 3150 756 gravia,
3173 679 3261 738 ita
3280 680 3482 759 impu-

1922 776 2043 837 tari
2076 779 2151 836 ut
2185 775 2382 853 ipsam
2420 772 2729 851 justitiam
2764 770 3103 845 destruant,
3146 770 3340 833 donec
3371 791 3482 852 per

1920 868 2353 951 poenitentiam
2380 870 2720 945 reparetur.

2007 961 2105 1022 10.
2149 960 2648 1020 Fundamentum
2673 974 2822 1035 ergo
2840 956 3272 1018 haereticorum
3291 958 3480 1019 etiam

1920 1053 2192 1114 naturali
2221 1052 2447 1112 lumini
2479 1049 2860 1111 contrarium
2887 1055 3001 1125 est,
3027 1055 3089 1110 et
3116 1050 3342 1111 divinoe
3373 1051 3483 1112 bo-

1918 1146 2102 1206 nitati
2129 1144 2307 1205 valde
2337 1161 2717 1223 repugnans:
2760 1160 2889 1204 non
2914 1148 3118 1222 potest
3153 1144 3324 1204 enim
3355 1162 3484 1204 non

1922 1238 2242 1318 displicere
2288 1239 2411 1298 Deo
2456 1242 2776 1316 peccatum
2799 1280 2820 1310 ,
2866 1240 2938 1294 ut
2986 1241 3304 1313 peccatum
3343 1241 3479 1297 est:

1917 1349 2091 1407 nam,
2125 1333 2265 1410 Sap.
2306 1333 2406 1405 14,
2437 1328 2569 1391 odio
2592 1334 2678 1391 est
2710 1329 2833 1390 Deo
2852 1328 3100 1406 impius,
3123 1333 3178 1390 et
3201 1328 3483 1407 impietas

1917 1424 2068 1503 ejus.
2100 1425 2252 1484 Item
2273 1427 2581 1502 repugnat
2607 1420 2832 1481 divinae
2857 1419 3112 1499 justitiae
3139 1438 3213 1481 eo
3238 1421 3479 1481 facilius

1916 1514 2255 1589 remittere,
2284 1514 2384 1576 vel
2410 1532 2538 1575 non
2565 1514 2871 1591 imputare
2897 1517 3172 1590 peccata,
3200 1531 3326 1592 quo
3348 1531 3481 1573 ma-

1913 1609 2039 1687 jori
2077 1608 2303 1669 fiducia
2337 1608 2404 1667 in
2442 1607 2705 1686 ipsomet
2742 1607 2865 1666 Dco
2909 1603 3093 1681 fiunt,
3133 1606 3308 1683 quasi
3350 1606 3489 1685 ipse.

1921 1700 2160 1762 dederit
2200 1700 2517 1761 licentiam
2553 1696 2870 1778 peccandi,
2908 1697 3325 1776 promittendo
3355 1716 3481 1758 non

1918 1793 2391 1872 imputationem
2436 1792 2525 1854 eis
2570 1791 2680 1872 qui
2724 1790 2898 1852 illam
2944 1789 3320 1852 crediderint
3351 1811 3366 1849 ε
3405 1808 3479 1851 eo

1919 1887 2021 1947 vel
2054 1887 2347 1961 maxime,
2390 1886 2538 1964 quia
2567 1901 2730 1946 vana
2766 1888 2828 1944 et
2867 1882 3008 1945 ficta
3048 1889 3140 1944 est
3172 1883 3312 1944 talis
3342 1902 3483 1962 pro-
3578 1926 3583 1931 .

1920 1979 2132 2038 missio
2165 2001 2179 2038 ε
2220 1979 2444 2039 nullibi
2472 1979 2641 2040 enim
2667 1977 2736 2037 in
2761 1978 3153 2038 Testamento
3184 1995 3346 2037 novo
3370 1977 3480 2037 ha-

1922 2071 2102 2131 betur
2129 2072 2324 2148 magis
2353 2089 2541 2150 quam
2573 2071 2640 2130 in
2677 2069 2872 2131 veteri
2900 2086 2917 2130 ι
2955 2070 3083 2129 imo
3110 2070 3199 2130 ait
3227 2070 3478 2146 Paulus,

1925 2165 2190 2226 Roman.
2224 2166 2286 2240 Ξ,
2318 2164 2659 2225 secundum
2690 2162 3096 2240 Evangelium
3131 2164 3324 2223 Deum
3355 2181 3482 2225 esse

1920 2255 2347 2334 judicaturum
2416 2256 2651 2316 occulta
2708 2255 3038 2315 hominum
3100 2273 3211 2334 per
3273 2256 3481 2316 Jesum

1923 2350 2232 2411 Christum
2265 2395 2285 2425 ,
2321 2352 2537 2430 utique
2565 2349 2899 2410 secundum
2930 2348 3134 2427 legem
3165 2354 3229 2409 et
3261 2349 3485 2410 verita-

1919 2450 2072 2518 tem,
2100 2462 2227 2504 non
2249 2443 2588 2505 secundum
2611 2442 2792 2503 falsas
2816 2442 3146 2503 hominum
3169 2443 3482 2504 existima-

1920 2538 2141 2598 tioneS.
2177 2537 2449 2615 Denique
2477 2537 2792 2614 interrogo
2818 2535 2896 2595 ab
2923 2535 3022 2595 his
3048 2533 3374 2611 haereticis,
3392 2554 3483 2596 an

1918 2629 2202 2690 homines
2222 2636 2364 2690 aute
2388 2629 2609 2691 Christi
2633 2629 2972 2689 adventum
2987 2629 3480 2707 justificarentur

1920 2721 1988 2782 in
2035 2721 2158 2782 fide
2202 2721 2425 2783 Christi
2451 2770 2464 2789 .
2514 2739 2629 2782 nec
2682 2740 2759 2783 ne
2785 2725 2812 2781 ’ἱ
2852 2722 3010 2782 Nam
3030 2766 3051 2796 ,
3105 2721 3160 2780 si
3209 2727 3438 2798 negent
3457 2766 3479 2796 ,

1920 2832 2214 2892 magnam
2291 2814 2583 2893 injuriam
2654 2814 2992 2875 universali
3068 2813 3481 2894 redemptioni

1920 2908 2143 2970 Christi
2177 2906 2475 2982 inferunt,
2516 2917 2577 2968 et
2605 2914 2959 2987 repugnant
2993 2906 3293 2986 expressis
3329 2906 3483 2967 locis

1922 3018 2109 3060 sacrae
2151 2999 2502 3078 Scripturas,
2551 3001 2754 3061 Actor.
2786 3001 2828 3059 4
2872 3015 2889 3058 ε
2939 3000 3073 3063 Nee
3112 2999 3269 3061 enim
3312 2999 3487 3060 aliud

1923 3114 2130 3157 nomen
2166 3100 2251 3157 est
2273 3095 2380 3156 sab
2422 3094 2557 3157 eoelo
2589 3095 2795 3157 datum
2827 3092 3188 3169 hominibus,
3222 3093 3329 3155 sub
3371 3111 3482 3172 quo

1923 3192 2189 3264 oporteat
2234 3205 2327 3248 eos
2370 3187 2567 3249 salvos
2618 3187 2781 3263 fieri.
2842 3186 3019 3246 [llum
3064 3185 3233 3245 enim
3282 3185 3482 3246 solum

1923 3279 2126 3358 posuit
2162 3280 2321 3339 Deus
2357 3279 2821 3359 propitiatorem
2860 3295 2971 3356 per
3010 3276 3197 3336 fidem
3231 3276 3300 3336 in
3346 3294 3487 3337 san-

1921 3372 2111 3450 guine
2140 3371 2350 3450 ipsiuS,
2384 3375 2539 3432 teste
2566 3372 2756 3431 Paulo
2782 3370 2861 3430 ad
2892 3372 3155 3431 Roman.
3189 3369 3249 3428 3.
3281 3368 3346 3429 Si
3374 3387 3486 3429 au·-

1918 3470 2048 3525 tem
2078 3464 2418 3539 affirment,
2460 3482 2702 3543 semper
2726 3462 3231 3542 justificationem
3258 3460 3485 3521 factam

1918 3556 2104 3617 fuisse
2135 3575 2246 3636 per
2276 3556 2464 3618 fidem
2494 3575 2509 3617 ε
2540 3562 2610 3617 ut
2648 3560 3090 3635 consequenter
3123 3554 3482 3634 loquantur,

1919 3653 2161 3728 oportet
2187 3659 2257 3709 ut
2281 3649 2490 3710 dicant
2511 3667 2756 3728 semper
2782 3648 3012 3709 factam
3035 3646 3222 3708 fuisse
3246 3647 3377 3706 sine
3400 3646 3488 3707 le-

1919 3760 1997 3820 ge
2026 3748 2088 3802 et
2116 3741 2424 3822 operibus,
2458 3736 2659 3822 et'per
2685 3760 2812 3802 non
2841 3741 3316 3821 imputationem
3337 3757 3482 3798 cum

1919 3834 2050 3895 sola
2076 3833 2300 3895 fiducia
2332 3852 2411 3895 ex
2448 3841 2623 3915 parte
2666 3834 2996 3898 hominum
3034 3850 3052 3894 :
3102 3851 3249 3911 ergo
3281 3831 3483 3892 dicere

1920 3934 2241 4006 cogentur,
2281 3928 2469 3990 etiam
2494 3930 2690 4007 justos
2729 3930 2796 3988 in
2831 3934 2997 3988 statu
3031 3927 3189 4005 legis
3217 3931 3478 4002 naturae,

1920 4026 2030 4080 aut
2064 4021 2287 4081 veteris
2307 4039 2435 4080 non
2469 4020 2654 4082 fuisse
2680 4020 2806 4098 legi
2831 4020 3150 4093 obnoxios,
3184 4036 3297 4078 nec
3332 4036 3483 4096 pec-

1921 4131 2088 4172 casse
2134 4119 2347 4173 contra
2396 4112 2567 4172 illam
2597 4160 2615 4185 ,
2671 4112 2914 4174 etiamsi
2952 4111 3125 4170 illam
3173 4116 3486 4187 transgre-

1921 4204 2237 4278 derentur,
2268 4203 2603 4262 dummodo
2633 4203 2697 4262 id
2728 4203 3000 4262 facerent
3032 4219 3172 4261 cum
3207 4200 3330 4261 fide
3358 4221 3483 4262 non

1921 4293 2351 4373 imputationis
2392 4315 2407 4354 ε
2455 4293 2604 4374 quid
2631 4311 2780 4373 ergo
2817 4298 2906 4353 est
2940 4293 3105 4371 quod
3140 4294 3483 4372 specialiter

1921 4387 2258 4467 Evangelio
2303 4386 2651 4447 attribuunt
2687 4389 2714 4447 't
2755 4392 2847 4448 est
2891 4403 3042 4467 ergo
3085 4385 3372 4465 impium,
3422 4393 3484 4448 et

1921 4499 2156 4543 vanum
2184 4481 2308 4543 tale
2334 4480 2836 4543 fundamentum.

2475 4666 2725 4729 CAPUT
2765 4668 2918 4730 XIX.

1984 4870 2386 4918 Bmlcmwn
2425 4870 2641 4923 ALIQUA
2683 4869 3012 4916 SCRIPTUM-2
3052 4870 3407 4927 TESTIMONIA

2226 4963 2429 5016 QUIBUS
2469 4962 2764 5009 Effluet
2805 4962 3166 5009 ABUTUNTUR.

2001 5139 2059 5196 ¹.
2105 5136 2330 5198 Prima
2357 5130 2615 5212 obJ‘eetio]
2633 5132 3067 5216 liaeo-eticorum.
3098 5166 3183 5180 —
3206 5137 3346 5200 Alii
3375 5141 3482 5219 qai

1919 5232 2216 5308 eaponant
2235 5227 2425 5287 locum
2443 5224 2635 5287 Pauli
2658 5226 2726 5287 de
2744 5225 2867 5303 leqe
2885 5227 3090 5302 veteri,
3116 5246 3246 5309 qaoe
3253 5231 3477 5308 justis,

1921 5321 1993 5383 id
2016 5325 2126 5394 est,
2159 5317 2538 5381 Christianis
2560 5317 2760 5397 justis
2790 5335 2908 5379 non
2936 5325 3023 5383 est
3056 5321 3364 5400 imposita.
3398 5356 3479 5369 —

1921 5411 2299 5476 Eaetaditur
2321 5409 3006 5491 &positia—Superest
3030 5419 3100 5474 ut
3122 5413 3478 5473 testimonia

1923 5503 2381 5585 Scripturarum
2430 5502 2852 5583 expendamus
2901 5524 3039 5584 quae
3085 5505 3154 5566 in
3207 5503 3480 5567 favorem
