3976 6219
821 374 953 426 CAP.
988 375 1140 427 xvn.
1176 374 1389 426 U‘rmm
1419 375 1523 426 JUs
1555 373 1888 425 NATURALE
1920 375 2378 429 DISTINGUATUR
2411 379 2452 429 Α
2483 379 2635 431 JURE
2668 381 2961 433 GENTIUM.

3368 384 3479 442 161

289 481 468 557 quata
493 477 605 552 sit3
637 479 882 553 sumpto
903 480 1113 535 tamen
1139 474 1394 534 nomine
1416 474 1572 552 juris
1592 480 1841 534 natura-
1920 475 2089 553 quod
2115 477 2183 535 in
2210 477 2333 537 illis
2363 478 2603 556 legibus
2624 498 2752 541 non
2772 480 2863 542 fit.
2892 480 3194 542 Probatur
3215 486 3483 563 sequela,

289 569 357 631 lis
391 570 458 629 in
506 567 874 647 generaliori
903 565 1272 644 significato.
1302 568 1426 627 Nec
1467 566 1715 627 videtur
1763 566 1843 626 ab

290 661 401 723 hac
423 661 728 723 sententia
753 660 1041 721 recedere
1069 661 1140 720 D.
1169 659 1433 720 Thomas
1458 663 1517 720 1.
1548 662 1611 735 2,
1641 678 1704 738 q.
1736 660 1840 734 95,

291 759 400 814 art.
432 756 495 829 4,
524 754 602 814 ad
631 757 691 828 1,
724 761 786 813 01
812 752 996 813 101105
1036 754 1097 812 2.
1144 754 1206 828 2,
1245 771 1307 830 q.
1350 755 1411 826 7,
1450 757 1567 813 art.
1622 754 1686 827 4,
1734 750 1846 811 ubi

288 845 395 906 hos
421 845 573 906 duos
591 845 806 907 modos
821 844 981 923 juris
1004 845 1301 905 naturalis
1321 844 1618 922 agnoscit,
1637 845 1846 922 eisque

289 938 420 1001 illas
447 958 625 1001 voces
653 939 1096 1000 accommodat.
1120 938 1319 1017 Atque
1347 939 1436 998 ita
1457 936 1637 998 illum
1656 939 1846 998 inter-

287 1039 561 1113 pretatur
587 1032 849 1095 Conrad.
885 1031 1046 1092 dicta
1074 1050 1135 1110 q.
1168 1033 1269 1107 95,
1311 1037 1429 1093 art.
1472 1033 1511 1091 2
1552 1036 1615 1092 et
1645 1033 1707 1106 4,
1737 1030 1847 1090 ubi

286 1126 371 1186 ita
397 1128 649 1206 exponit
678 1125 1044 1205 juristarum
1085 1124 1440 1203 opinionem
1492 1130 1555 1184 et
1580 1124 1730 1183 dicit
1754 1123 1846 1182 di·

287 1237 430 1279 vum
457 1219 761 1281 Thomam
803 1217 1080 1278 locutum
1127 1216 1313 1277 fuisse
1359 1234 1532 1278 more
1575 1215 1842 1288 illorum,

287 1310 427 1373 licet
452 1311 805 1392 philosophi
841 1310 1025 1371 aliter
1051 1310 1412 1390 loquantur.

365 1407 425 1466 5.
469 1405 762 1467 Auctore-5
798 1403 1586 1484 improbanteajuristarum
1617 1401 1847 1480 opinio-

288 1500 853 1577 nem—Responsio
870 1517 984 1578 pro
998 1500 1261 1577 Juristis
1282 1500 1366 1560 ad
1385 1496 1850 1559 instantiam.—

292 1591 464 1651 Hanc
504 1609 652 1652 vero
678 1591 1249 1670 interpretationem
1270 1586 1847 1667 jurisconsultorum

291 1683 685 1762 reprehendit
710 1684 1066 1744 Laurentius
1087 1683 1264 1742 Valla
1285 1681 1443 1742 libro
1471 1686 1690 1760 quarto
1709 1681 1846 1741 Ele-

296 1778 559 1854 30111101.
567 1822 587 1852 ,
622 1795 751 1855 cap.
782 1778 860 1836 48
885 1793 905 1852 3
938 1777 1169 1837 Conan.
1201 1775 1501 1850 0110111,111
1524 1775 1848 1835 Commen-

291 1873 404 1927 tar.
443 1869 571 1946 jur.
616 1868 807 1943 civil„
843 1868 954 1929 lib.
1005 1872 1064 1944 1,
1091 1885 1227 1947 cap.
1274 1869 1335 1941 6,
1370 1867 1542 1927 illam
1575 1866 1847 1926 subdivi-

291 1961 525 2020 sionem
566 1962 720 2038 juris
746 1960 1044 2020 naturalis
1064 1960 1284 2038 rejicit,
1309 1965 1371 2019 et
1401 1964 1849 2037 consequenter

287 2057 461 2130 putat
487 2069 615 2112 non
636 2053 1043 2131 (1151103013οε
1064 2053 1347 2130 gentium
1374 2071 1413 2112 a
1437 2053 1576 2131 jure
1598 2058 1848 2112 natura-

286 2141 349 2215 li,
380 2142 643 2222 ideoque
676 2162 788 2205 nec
819 2144 1209 2205 Aristotelem
1238 2163 1353 2207 nec
1386 2145 1539 2206 alios
1561 2144 1848 2223 antiquos

285 2234 676 2314 philosophos
720 2236 872 2296 illud
913 2236 1260 2298 distinxisse
1309 2243 1417 2298 aut
1464 2237 1843 2315 cognovisse.

289 2326 430 2388 Soto
458 2327 645 2387 etiam
671 2327 782 2387 lib.
810 2331 848 2389 3
876 2328 952 2389 (10
974 2330 1244 2405 Justitia,
1259 2348 1321 2408 q.
1341 2334 1366 2391 ,1
1382 2375 1403 2405 ,
1435 2335 1552 2389 011.
1583 2331 1643 2405 3,
1665 2347 1848 2407 expo-

288 2419 573 2481 sitionem
615 2421 1191 2500 jurisconsultorum
1240 2422 1461 2501 rejicit.
1526 2423 1601 2481 Et
1646 2423 1848 2500 primo

287 2513 627 2574 fundantur
671 2514 818 2593 quia
844 2514 1090 2575 nullum
1117 2520 1210 2576 est
1242 2515 1347 2593 jus
1369 2513 1650 2574 naturale
1678 2531 1850 2573 com-

286 2624 475 2667 mune
490 2606 849 2668 hominibus
872 2607 1077 2668 etaliis
1094 2607 1486 2683 animalibus,
1499 2607 1647 2686 quia
1667 2607 1851 2667 bruta

289 2700 583 2760 animalia
629 2719 758 2762 non
802 2707 950 2761 sunt
1002 2701 1250 2781 capacia
1274 2701 1536 2780 propriae
1565 2700 1851 2761 obedien-

285 2793 413 2868 tiae,
461 2799 570 2854 0111
619 2794 894 2872 justitiae,
944 2794 1046 2855 vel
1093 2795 1363 2873 injuriae.
1417 2794 1512 2854 Ad
1557 2794 1674 2855 1100
1705 2811 1851 2854 vero

284 2887 655 2966 respondent
699 2886 987 2948 Albertus
1032 2887 1140 2949 lib.
1181 2889 1219 2949 5
1262 2886 1644 2963 Ethicorum,
1689 2905 1743 2948 c.
1785 2889 1846 2962 7,

287 2969 752 3042 Turrecremata
779 2986 841 3042 et
869 2982 1169 3041 Covarrus
1203 2981 1351 3042 locis
1379 2981 1542 3042 infra
1565 2980 1846 3058 citandis,

281 3075 386 3154 jus
413 3073 693 3136 naturale
721 3074 843 3136 dici
871 3092 1199 3137 commune
1228 3075 1425 3136 brutis
1462 3092 1588 3135 non
1619 3073 1851 3135 forma-

284 3165 431 3226 liter
456 3167 658 3246 quoad
696 3167 1003 3228 rationem
1031 3168 1189 3246 juris
1229 3173 1290 3229 et
1313 3167 1490 3246 10315,
1521 3167 1627 3228 5οᾶ
1660 3173 1851 3227 mate-

283 3257 525 3320 rialiter
549 3259 752 3339 quoad
772 3276 959 3338 opera
989 3279 1127 3340 quae
1157 3259 1268 3319 sub
1296 3259 1420 3320 tale
1436 3261 1542 3338 305
1581 3258 1848 3319 cadunt:

284 3370 438 3415 nam
468 3353 577 3414 illa
599 3354 953 3413 communia
977 3358 1121 3413 sunt
1146 3352 1503 3413 hominibus
1537 3371 1679 3412 cum
1707 3351 1853 3412 bru-

286 3447 392 3521 tis,
429 3453 500 3507 ut
543 3451 714 3526 patet
765 3446 833 3506 in
887 3445 1183 3524 exemplis
1231 3444 1443 3523 positis
1489 3445 1557 3504 in
1591 3445 1734 3523 jure
1776 3444 1853 3504 de

283 3540 723 3617 conjunctione
781 3540 971 3599 maris
1022 3544 1084 3598 et
1128 3537 1399 3614 feminae,
1432 3539 1855 3615 procreatione

281 3631 585 3709 filiorum,
640 3638 754 3693 010.
805 3631 924 3693 Sed
972 3637 1185 3691 contra
1234 3629 1353 3692 hoc
1387 3637 1501 3706 est,
1556 3632 1700 3709 quia
1743 3630 1874 3699 illa,

283 3724 703 3786 communitas
751 3741 897 3785 cum
949 3723 1147 3783 brutis
1190 3724 1259 3784 in
1306 3723 1613 3784 materiali
1668 3740 1853 3802 opere

283 3815 453 3877 nihil
483 3816 671 3877 refert
718 3815 796 3876 ad
842 3815 1304 3877 distinctionem
1345 3817 1504 3894 juris
1532 3815 1632 3876 vel
1654 3815 1851 3893 legis3

283 3926 442 3987 ergo
488 3914 580 3969 est
625 3908 1029 3987 impertinens
1067 3914 1131 3970 et
1174 3909 1306 3969 sine
1336 3914 1469 3969 arte
1504 3908 1612 3968 illa
1637 3908 1854 3968 divisio

280 4001 356 4061 in
379 4000 489 4061 illo
526 4019 707 4062 sensu
752 4007 814 4062 et
855 4006 1106 4080 propter
1134 4000 1308 4061 illam
1337 4001 1531 4061 solam
1581 4018 1850 4062 causam.

283 4094 410 4155 Sed
433 4094 804 4173 respondere
825 4099 1082 4172 possunt
1104 4093 1279 4154 illam
1310 4094 1692 4155 materialem
1710 4112 1855 4156 con-

280 4186 672 4248 venientiam
702 4185 1010 4247 deservire
1050 4186 1130 4247 ad
1174 4180 1598 4265 explicandam
1637 4188 1704 4247 in
1742 4187 1853 4247 ho-

280 4278 463 4338 mine
490 4279 797 4339 diversam
823 4278 1130 4339 rationem
1157 4278 1570 4340 naturalitatis
1584 4280 1747 4357 juris
1764 4285 1854 4357 (ut

281 4370 379 4431 510
393 4371 641 4446 (1100111).
669 4373 825 4431 Νο111
841 4371 943 4432 lex
966 4372 1264 4432 naturalis
1291 4374 1635 4451 generatim
1648 4391 1853 4452 sump-

280 4467 355 4523 ta
403 4463 473 4524 in
525 4462 858 4524 dictamine
898 4465 1155 4525 rationis
1194 4464 1492 4525 naturalis
1527 4465 1801 4525 consistit
1833 4481 1848 4524 ε

280 4553 409 4616 1100
436 4561 645 4616 0010111
674 4555 984 4617 dictamen
1011 4556 1322 4616 interdum
1362 4562 1453 4616 est
1482 4575 1559 4617 ex
1590 4557 1852 4618 inclina-

281 4650 464 4710 tione
507 4650 775 4728 generis,
833 4669 941 4711 seu
990 4656 1227 4711 naturae
1280 4651 1586 4711 sensitivae
1613 4656 1683 4711 ut
1717 4651 1802 4712 sic
1833 4667 1849 4710 t

281 4742 610 4803 interdum
637 4760 782 4804 vero
805 4761 881 4804 ex
897 4743 1149 4822 propria
1175 4743 1575 4803 inclinatione
1615 4748 1855 4802 naturae

281 4834 633 4909 rationalis,
666 4840 736 4895 ut
761 4834 901 4895 talis
940 4840 1054 4905 est,
1094 4841 1155 4897 et
1187 4835 1524 4896 secundum
1564 4834 1678 4895 has
1705 4835 1856 4894 duas

281 4927 563 4987 rationes
613 4926 1014 5005 distinguitur
1061 4930 1164 5007 3115
1218 4927 1500 4988 naturale
1557 4932 1856 5005 tanquam

282 5036 623 5079 commune
652 5019 875 5093 1110115,
906 5038 983 5080 ex
1025 5026 1201 5100 parte
1250 5020 1485 5081 scilicet
1511 5019 1858 5080 inclinatio·

281 5110 390 5170 nis
417 5111 486 5170 in
514 5129 638 5189 qua
663 5112 981 5172 fundatur.

368 5204 414 5262 6
445 5203 891 5264 Verumtamen
918 5204 1106 5265 etiam
1134 5204 1251 5264 hoc
1277 5203 1462 5263 modo
1489 5221 1617 5264 non
1643 5200 1860 5261 satisfit

282 5293 664 5356 difficultati.
692 5296 921 5371 Prim0,
952 5296 1098 5374 quia
1103 5297 1287 5374 juxta
1314 5295 1476 5355 hanc
1500 5295 1859 5356 declaratio-

283 5404 442 5447 nem
478 5387 612 5448 vim
646 5388 711 5448 vi
741 5389 1037 5468 repellere
1078 5407 1205 5449 non
1254 5389 1369 5448 sub
1411 5389 1549 5466 jure
1577 5388 1860 5467 gentium

287 5480 404 5541 sed
461 5478 578 5541 sub
614 5480 753 5559 jure
793 5481 1065 5544 naturali
1109 5480 1613 5544 constituendum
1664 5485 1856 5556 esset,

707 5592 764 5646 V.

1922 567 2069 646 quia
2086 568 2195 629 illa
2216 571 2376 630 actio
2396 573 2738 632 communis
2758 578 2849 633 est
2866 572 3063 634 brutis
3089 574 3483 652 animalibuS,

1925 668 1986 723 et
2029 681 2107 723 ex
2148 665 2422 742 generali
2449 666 2848 728 inclinatione
2897 667 2975 728 ad
3000 669 3310 748 propriam
3341 689 3487 732 con-

1926 757 2337 818 servationem
2387 759 2693 836 provenit.
2749 761 2905 821 Nam
2956 760 3115 820 sicut
3174 764 3488 839 generatio

1926 849 2212 930 provenit
2245 868 2322 910 ex
2371 849 2771 911 inclinatione
2822 852 3090 913 naturali
3127 854 3205 914 ad
3246 872 3489 916 conser-

1925 940 2199 1002 vandam
2230 941 2516 1020 speciem,
2567 942 2655 1002 ita
2692 945 2941 1023 propria
2984 944 3257 1006 defensio
3285 954 3379 1008 est
3414 967 3491 1009 ex

1926 1034 2144 1093 innata
2165 1033 2566 1095 inclinatione
2576 1034 2655 1095 ad
2674 1037 3162 1098 conservandam
3174 1041 3488 1118 propriam

1926 1126 2144 1200 vitam,
2174 1131 2236 1186 et
2259 1127 2574 1205 proprium
2598 1145 2726 1187 esse
2752 1137 3048 1207 :utraque
3079 1137 3288 1192 autem
3314 1134 3490 1194 incli-

1927 1219 2098 1288 natio
2126 1219 2474 1278 communis
2518 1228 2609 1280 051
2634 1219 2875 1280 1101111111
2915 1238 3053 1281 cum
3093 1221 3229 1282 aliis
3255 1205 3490 1285 anima-

1926 1310 2132 1387 libus3
2183 1328 2330 1388 ergo
2381 1311 2691 1372 immerito
2733 1313 2985 1391 ponitur
3020 1313 3153 1375 haec
3184 1317 3342 1376 actio
3378 1318 3490 1378 sub

1928 1403 2065 1482 jure
2112 1403 2416 1481 gentium.
2468 1404 2747 1464 Secundo
2808 1404 3032 1465 falsum
3082 1425 3208 1467 esse
3243 1407 3492 1469 videtur

1924 1497 2027 1574 jus
2053 1494 2357 1570 naturale,
2390 1501 2459 1554 ut
2494 1495 2680 1556 habet
2707 1497 3019 1575 propriam
3052 1499 3355 1560 rationem
3397 1500 3493 1562 le-

1928 1588 2046 1667 gis,
2093 1588 2347 1648 fundari
2389 1588 2456 1647 in
2494 1589 2732 1648 ratione
2768 1595 3004 1650 naturoe
3051 1591 3380 1666 sensitivae,
3419 1598 3490 1652 01

1929 1681 2276 1741 communis
2302 1686 2394 1741 est
2420 1682 2618 1741 brutis
2636 1681 3007 1741 animalibus
3035 1704 3049 1740 ε
3079 1701 3228 1743 nam
3252 1702 3494 1763 semper

1929 1774 2305 1835 considerari
2357 1774 2536 1834 debet
2577 1780 2647 1834 ut
2697 1774 2935 1835 elevata
2993 1775 3071 1835 ad
3113 1777 3491 1855 superiorem

1928 1868 2192 1945 gradum
2220 1884 2331 1945 per
2359 1867 2771 1927 differentiam
2799 1867 3163 1928 rationalem
3189 1870 3371 1947 ,quia
3392 1870 3492 1930 lex

1928 1960 2230 2021 naturalis
2256 1977 2383 2019 non
2401 1960 2723 2038 regulatur
2748 1979 2860 2039 per
2891 1961 3384 2021 convenientiam
3413 1964 3490 2022 ad

1927 2057 2218 2114 naturam
2247 2052 2628 2127 sensitivam,
2673 2053 2777 2113 sed
2808 2051 2886 2111 ad
2912 2052 3278 2112 rationalem
3307 2075 3320 2112 τ
3352 2072 3491 2113 5011-

1929 2148 2175 2208 sitivam
2204 2152 2413 2207 autem
2440 2146 2687 2225 respicit
2732 2146 2932 2205 solum
2975 2151 3045 2204 ut
3085 2152 3487 2222 contractam,

1929 2247 1991 2303 et
2033 2239 2279 2320 speciali
2319 2241 2503 2300 modo
2551 2239 2887 2318 perfectam
2935 2255 3047 2316 per
3079 2238 3493 2300 differentiam

1930 2332 2334 2393 rationalem:
2379 2349 2529 2409 ergo
2576 2330 2684 2390 illa
2738 2329 3168 2391 convenientia
3208 2332 3495 2409 generica

1929 2425 2337 2504 impertinens
2382 2430 2474 2485 est
2519 2423 2598 2484 ad
2631 2422 3135 2500 distinguendam
3154 2422 3357 2502 legem
3384 2443 3496 2485 na-

1931 2524 2108 2580 10103.
2146 2517 2592 2596 Consequentia
2620 2514 2864 2576 videtur
2917 2516 3103 2591 clara,
3148 2522 3210 2577 et
3253 2523 3495 2579 antece-

1931 2612 2085 2673 dens
2111 2610 2442 2690 probatur:
2469 2616 2630 2684 tum,
2654 2607 2820 2687 quia,
2857 2609 3105 2687 quando
3131 2608 3231 2670 lex
3260 2617 3496 2671 naturae

1931 2705 2170 2784 aliquid
2213 2703 2495 2783 praecipit
2538 2702 2607 2761 in
2650 2702 2867 2762 ordine
2911 2701 2988 2762 ad
3012 2704 3500 2764 conservandam

1931 2806 2223 2860 naturam
2252 2796 2631 2871 sensitivam,
2672 2813 2913 2874 semper
2948 2795 3208 2857 involvit
3242 2798 3498 2859 modum

1931 2892 2323 2967 rationalem,
2350 2896 2412 2950 et
2438 2890 2527 2950 ita
2548 2888 2737 2949 dictat
2759 2889 2836 2949 de
2859 2890 3291 2968 conjunctione
3311 2892 3499 2952 maris

1932 2991 1995 3046 et
2032 2984 2281 3046 feminae
2326 2982 2524 3042 multo
2567 2980 2745 3040 aliter
2784 2999 2976 3060 quam
3020 2982 3346 3043 instinctus
3386 3003 3497 3043 na-

1930 3080 2150 3142 turalis
2194 3078 2545 3150 brutorum,
2581 3080 2651 3135 ut
2690 3079 2925 3134 constat
2955 3074 3031 3135 de
3071 3076 3494 3153 matrimonio,

1932 3180 1995 3235 et
2017 3173 2185 3233 idem
2212 3188 2356 3231 cum
2385 3167 2781 3248 proportione
2814 3173 2907 3227 est
2928 3167 3004 3227 de
3027 3167 3391 3229 educatione
3424 3169 3496 3228 fi-

1931 3266 2182 3340 liorum,
2205 3268 2267 3324 et
2289 3263 2365 3339 de
2376 3260 2835 3335 conservatione
2865 3258 3124 3338 propriae
3149 3259 3315 3333 vitoe,
3341 3266 3401 3320 et
3416 3261 3497 3321 si-

1934 3356 2219 3418 milibus:
2250 3361 2387 3415 tum
2410 3354 2623 3428 etiam,
2649 3352 2794 3431 quia
2822 3352 2889 3411 in
2917 3352 3134 3413 eodem
3163 3369 3346 3431 opere
3367 3371 3497 3414 ma-

1933 3450 2233 3512 terialiter
2267 3446 2582 3508 communi
2619 3445 2837 3519 brutis,
2868 3445 3064 3505 multa
3093 3444 3378 3523 prohibet
3396 3446 3498 3506 lex

1934 3542 2235 3604 naturalis
2276 3541 2345 3601 in
2385 3539 2639 3600 homine
2684 3557 2722 3598 a
2758 3539 2982 3617 quibus
3019 3539 3201 3598 bruta
3241 3557 3369 3599 non
3397 3557 3498 3599 ar-

1934 3641 2152 3698 centur
2176 3653 2286 3713 per
2318 3632 2665 3693 naturalem
2694 3632 3077 3707 instinctum,
3116 3636 3185 3691 ut
3211 3632 3498 3711 prohibet

1933 3728 2036 3789 lex
2059 3725 2355 3787 naturalis
2382 3742 2610 3803 vagum
2647 3724 3066 3799 concubitum,
3102 3742 3209 3784 seu
3239 3724 3498 3785 fornica-

1935 3822 2169 3883 tionem
2193 3819 2555 3898 simplicem,
2586 3824 2646 3879 et
2670 3818 3168 3896 conjunctionem
3192 3836 3334 3879 cum
3367 3837 3498 3879 ma-

1934 3920 2029 3975 tre
2056 3913 2154 3974 vel
2173 3930 2402 3987 sorore,
2435 3929 2572 3989 quae
2597 3910 2974 3988 privationes
3001 3929 3129 3970 non
3162 3916 3306 3970 sunt
3333 3929 3500 3971 com-

1936 4024 2156 4066 munes
2183 4004 2404 4064 1110115.
2432 4002 2606 4062 Unde
2639 4003 2826 4062 etiam
2854 4019 3085 4061 novum
3108 4019 3216 4061 500
3242 4003 3497 4063 tertium

1934 4101 2374 4177 argumentum
2410 4094 2676 4169 insurgit
2703 4110 2719 4153 z
2755 4109 2904 4152 nam
2958 4093 3234 4171 sequitur
3274 4111 3352 4153 cx
3391 4094 3499 4153 illa

1934 4187 2239 4250 sententia
2282 4187 2414 4246 haec
2458 4189 2764 4263 praecepta
2818 4184 3106 4260 negativa
3155 4200 3286 4244 esse
3336 4185 3498 4261 juris

1932 4281 2240 4360 gentium,
2271 4284 2333 4338 et
2362 4295 2485 4337 non
2512 4275 2842 4350 naturalia,
2873 4274 3039 4353 quod
3066 4275 3244 4335 valde
3286 4276 3500 4337 absur-

1932 4375 2084 4434 dum
2108 4377 2219 4433 est.
2246 4371 2323 4430 Et
2347 4375 2516 4449 patet
2528 4368 2797 4447 sequela,
2816 4368 2962 4445 quia
2982 4372 3127 4427 sunt
3152 4368 3240 4428 ita
3251 4370 3500 4448 propria

1932 4466 2262 4527 hominum
2307 4469 2379 4523 ut
2422 4480 2549 4522 non
2591 4460 2823 4540 possint
2850 4460 2971 4520 dici
2996 4459 3195 4520 brutis
3223 4480 3499 4523 commu-

1934 4559 2072 4619 nia:
2103 4575 2274 4631 nam,
2324 4555 2467 4615 licet
2505 4553 2661 4613 illud
2698 4571 2853 4632 opus
2874 4553 2954 4613 sit
2981 4571 3093 4613 suo
3121 4554 3303 4614 modo
3335 4573 3498 4615 com-

1934 4669 2126 4712 mune
2169 4649 2391 4724 brutis,
2425 4654 2634 4708 tamen
2688 4647 2936 4707 omissio
2985 4648 3184 4726 operis
3225 4666 3351 4707 non
3407 4655 3500 4709 est

1936 4742 2304 4817 00111111οη15,
2341 4746 2402 4801 01
2442 4740 2573 4801 haec
2620 4746 2713 4800 est
2755 4739 3003 4819 propria
3055 4741 3314 4801 materia
3360 4741 3499 4802 talis

1937 4836 2114 4914 10315.
2161 4837 2290 4896 Ηο0
2322 4851 2470 4895 vero
2519 4838 2961 4910 argumentum
3015 4833 3359 4893 evidentius
3400 4850 3502 4892 os·-

1937 4930 2213 4990 tenditur
2239 4929 2305 4987 in
2326 4926 2642 5006 praeceptis
2674 4925 2913 4985 colendi
2936 4925 3154 5000 Deum,
3194 4924 3503 4986 honoren-

1940 5022 2005 5082 di
2041 5026 2327 5102 parentes
2364 5026 2425 5081 et
2451 5019 2826 5098 proximum.
2860 5019 3014 5078 Nam
3044 5018 3379 5077 absurdum
3411 5025 3502 5080 est

1938 5132 2168 5192 negare
2200 5113 2336 5173 haec
2373 5129 2500 5173 esse
2534 5109 2895 5187 simpliciter
2929 5108 3003 5168 de
3029 5110 3171 5185 jure
3199 5112 3499 5188 naturali,

1940 5208 2044 5267 sed
2073 5212 2318 5265 tantum
2341 5204 2571 5280 dejure
2588 5200 2870 5279 gentium
2903 5218 2918 5261 t
2961 5200 3250 5278 idemque
3294 5208 3386 5261 est
3425 5203 3503 5263 de

1938 5302 2241 5376 praecepto
2291 5292 2651 5355 restituendi
2697 5290 2972 5351 alienum
2998 5337 3018 5366 ,
3071 5292 3172 5352 vel
3207 5293 3505 5353 reddendi

1941 5389 2309 5468 depositum,
2342 5385 2443 5447 vel
2493 5383 2779 5445 servandi
2820 5383 3201 5458 fidelitatem,
3257 5384 3502 5445 dicendi

1936 5481 2290 5557 veritatem,
2322 5485 2384 5542 et
2406 5476 2731 5554 similibus,
2777 5495 2917 5556 quae
2946 5484 3092 5537 sunt
3119 5476 3365 5555 propria
3395 5477 3506 5538 ho-

3027 5586 3097 5643 11
