3976 6219
975 416 1111 469 cAP.
1145 417 1230 469 IX.
1265 417 1347 469 nt:
1377 416 1539 469 ALIIS
1571 413 2038 469 connivemus
2069 415 2248 468 LEGIS
2278 416 2365 468 Ex
2397 417 2455 469 Ι).
2491 415 2752 468 Ismene.

253 516 883 594 tici‚tergiversentur
897 561 918 591 ,
970 517 1115 595 quia
1165 516 1463 595 quidquid
1491 534 1618 576 non
1650 515 1814 576 cadit

253 609 369 669 sub
400 609 782 682 libertatem,
832 627 960 669 non
1002 609 1163 669 cadit
1211 610 1325 669 sub
1369 611 1606 687 legem3
1647 607 1814 687 quod

255 706 460 759 autem
505 701 863 779 simpliciter
899 702 1272 779 impossibile
1325 708 1440 776 est,
1496 719 1623 762 non
1651 700 1816 761 cadit

254 792 368 852 sub
400 792 770 866 libertatem,
802 812 945 853 cum
972 793 1223 854 libertas
1248 794 1579 854 intrinsece
1607 792 1813 870 requi·

252 891 350 944 rat
375 891 737 963 potestatem
768 886 846 945 ad
870 891 1233 965 utrumque:
1285 904 1432 964 ergo
1468 904 1583 946 nec
1613 890 1813 963 potest

254 994 383 1037 esse
411 978 869 1056 1081011010315.
908 979 1061 1038 Item
1111 978 1219 1038 ubi
1257 979 1659 1056 transgressio
1704 994 1813 1037 seu

254 1069 501 1129 omissio
527 1087 654 1130 non
671 1077 869 1150 potest
891 1072 1183 1149 imputari
1201 1072 1279 1132 ad
1304 1072 1549 1150 culpam
1574 1071 1815 1149 velpoe-

253 1178 424 1236 nam,
467 1180 595 1221 non
623 1169 821 1241 potest
865 1163 953 1222 ibi
992 1163 1091 1222 lex
1113 1164 1510 1236 intervenire,
1555 1162 1698 1241 quia
1734 1162 1812 1222 de

251 1252 582 1315 intrinseca
608 1256 844 1315 ratione
874 1255 1008 1332 ejus
1022 1262 1110 1315 est
1138 1261 1208 1315 ut
1225 1255 1498 1334 aliquam
1524 1255 1813 1315 intrinse-

252 1363 390 1405 cam
440 1347 879 1424 obligationem
906 1347 1153 1407 induat:
1197 1349 1305 1409 sed
1333 1349 1615 1411 omittere
1646 1348 1811 1427 quod

252 1438 628 1517 impossibile
672 1446 784 1515 est,
837 1458 962 1499 non
1005 1445 1203 1518 potest
1243 1442 1539 1520 imputari
1576 1442 1651 1501 ad
1682 1440 1811 1501 cul-

254 1546 433 1608 pam:
465 1530 622 1590 sicut
648 1548 761 1590 nec
791 1531 1133 1610 imputatur
1153 1532 1232 1592 ad
1266 1532 1586 1611 praemium
1609 1532 1811 1592 facere

257 1622 422 1700 quod
456 1622 816 1701 simpliciter
859 1624 1272 1684 necessarium
1307 1630 1397 1684 est
1428 1646 1442 1683 ε
1486 1642 1635 1702 0130
1683 1641 1811 1684 0011

255 1719 513 1792 possunt
543 1714 709 1792 leges
726 1715 792 1774 in
814 1715 1167 1793 hujusmodi
1188 1717 1371 1777 rebus
1395 1717 1648 1778 versari.

342 1807 443 1865 18.
492 1806 902 1881 Confirmatur
937 1810 1209 1869 assertio,
1243 1843 1317 1853 —
1347 1810 1546 1887 Atque
1589 1809 1655 1868 in
1697 1809 1814 1869 1100

256 1897 473 1956 saltem
498 1915 679 1957 sensu
703 1898 919 1958 definit
937 1899 1330 1958 assertionem
1354 1901 1542 1960 etiam
1562 1900 1631 1959 in
1658 1900 1813 1959 divi-

255 1990 352 2048 nis
376 1989 617 2065 legibus
639 1990 1095 2064 Tridentinum‚
1121 1992 1387 2051 sessione
1415 1997 1606 2065 sexta,
1629 2010 1683 2050 0.
1713 1995 1812 2064 11,

256 2086 317 2140 01
358 2098 593 2141 080000
625 2083 724 2154 17,
758 2088 820 2141 01
856 2088 1069 2141 000118
1098 2084 1425 2142 Hoereticos
1451 2082 1637 2159 hujus
1663 2088 1817 2142 tem·

254 2173 420 2251 poris
465 2190 542 2231 ex
569 2173 921 2250 Scripturis,
977 2173 1281 2247 PatribuS,
1327 2181 1388 2234 et
1412 2175 1650 2234 ratione
1678 2192 1816 2234 eam

254 2262 378 2323 late
410 2263 673 2342 probant
717 2264 1146 2338 BellarminuS,
1176 2263 1301 2324 'lib.
1348 2267 1411 2333 4,
1458 2283 1497 2324 a
1542 2284 1673 2344 cap.
1715 2270 1810 2340 1⁴,

256 2357 446 2433 Vega,
493 2355 601 2415 lib.
637 2358 703 2414 11
735 2355 801 2414 iu
833 2355 1214 2429 Tridentino,
1261 2374 1297 2415 a
1330 2374 1461 2434 cap.
1491 2359 1552 2416 9.
1586 2357 1812 2417 Undea

256 2447 495 2506 fortiori
532 2452 769 2507 constat
817 2446 1013 2506 multo
1052 2448 1252 2525 magis
1299 2447 1465 2524 leges
1508 2447 1814 2509 humanas

257 2539 478 2599 debere
527 2558 655 2599 csse
691 2538 1046 2618 possibiles:
1090 2557 1235 2598 nam
1274 2545 1419 2598 sunt
1462 2557 1540 2599 ex
1585 2540 1812 2600 minori

260 2635 577 2708 potestate,
602 2639 663 2689 et
677 2631 853 2708 quasi
876 2631 1371 2708 participationes
1387 2631 1542 2708 legis
1556 2631 1804 2707 divinae,

258 2729 319 2783 et
344 2726 491 2803 quia
512 2725 777 2784 rationes
801 2725 975 2784 factae
1011 2725 1079 2783 in
1117 2725 1238 2784 illis
1272 2745 1309 2785 a
1345 2725 1582 2784 fortiori
1602 2744 1810 2804 proce-

259 2817 437 2877 dunt.
482 2818 652 2877 Adde
699 2818 1113 2896 Augustinum
1140 2863 1159 2891 ,
1212 2817 1320 2878 lib.
1363 2818 1439 2877 de
1484 2819 1714 2879 Natura
1748 2826 1811 2879 et

258 2910 477 2986 gratia,
509 2928 642 2988 cap.
673 2911 776 2983 96,
808 2929 934 2969 non
962 2911 1159 2970 solum
1207 2911 1408 2971 dicere
1447 2912 1640 2971 Deum
1681 2930 1808 2972 non

252 3002 468 3080 jubere
495 3002 918 3081 impossibilia,
938 3003 1042 3062 sed
1062 3003 1247 3062 etiam
1278 3004 1477 3062 dicere
1505 3024 1519 3062 z
1543 3005 1813 3066 Firmis-

257 3095 406 3156 sime
434 3096 720 3169 creditur,
746 3096 1186 3173 Deumjustum
1214 3101 1269 3157 et
1295 3097 1501 3156 bonum
1527 3096 1811 3174 impossi-

262 3187 414 3247 bilia
461 3206 578 3249 non
613 3189 879 3267 potuisse
914 3189 1255 3266 praecipere.
1302 3188 1619 3260 Quomodo
1663 3208 1812 3267 ergo

256 3280 482 3357 poterit
502 3279 689 3339 bomo
716 3279 1119 3358 impossibilia
1137 3281 1465 3358 praecipere
1489 3282 1515 3338 ‘i
1542 3281 1717 3342 Unde
1745 3283 1809 3342 in

258 3370 374 3430 1100
404 3377 495 3431 051
537 3390 766 3449 108308
806 3371 1152 3432 differentia
1189 3372 1354 3431 inter
1397 3374 1584 3432 Deum
1614 3380 1676 3433 01
1706 3374 1813 3434 ho-

259 3463 516 3538 minem,
573 3464 737 3543 quod
792 3465 950 3523 Deus
987 3464 1194 3542 aliqua
1243 3470 1440 3542 potest
1484 3466 1812 3544 praecipere

258 3556 656 3635 impossibilia
702 3562 936 3616 naturae
952 3601 972 3630 ,
1025 3557 1173 3635 quia
1223 3563 1419 3635 potest
1457 3558 1565 3618 illa
1611 3559 1811 3620 facere

255 3648 568 3726 possibilia
590 3666 701 3727 per
714 3649 1000 3725 gratiam,
1030 3666 1218 3726 quam
1233 3666 1358 3708 non
1383 3654 1589 3726 negat,
1617 3669 1812 3728 quan-

255 3745 390 3798 tum
421 3740 489 3798 in
528 3757 592 3799 se
640 3746 752 3813 est,
778 3745 1079 3818 quatenus
1120 3741 1196 3800 ad
1231 3747 1671 3820 praeceptorum
1704 3743 1811 3802 ob-

255 3832 663 3891 servationem
691 3833 1033 3892 necessaria
1060 3838 1170 3906 est,
1205 3841 1266 3892 et
1294 3834 1432 3893 ideo
1459 3851 1700 3912 semper
1720 3840 1812 3895 est

255 3921 628 4003 praeceptum
656 3924 765 3983 Dei
793 3923 868 3983 de
894 3942 961 3984 re
985 3925 1278 4003 possibili,
1322 3926 1470 4003 quia
1506 3926 1672 4004 quod
1698 3946 1812 4006 per

254 4017 482 4077 amicos
525 4034 847 4095 possumus
866 4061 886 4090 ,
934 4017 1292 4095 simpliciter
1339 4035 1663 4096 possumus
1681 4064 1701 4093 ‚
1758 4020 1810 4077 si

254 4110 439 4168 amici
460 4109 838 4188 adjutorium
864 4121 1102 4168 certum
1138 4114 1199 4168 et
1227 4115 1510 4186 paratum
1541 4115 1668 4169 est:
1705 4110 1807 4169 ho-

254 4201 453 4260 mines
483 4209 691 4261 autem
720 4219 845 4261 non
889 4205 1141 4279 possunt
1192 4199 1337 4259 dare
1365 4201 1522 4258 vires
1553 4201 1627 4260 ad
1661 4219 1815 4279 11110-

253 4297 429 4370 cepta
457 4293 794 4371 implenda,
817 4298 879 4353 et
906 4292 1045 4352 ideo
1063 4291 1199 4351 illas
1234 4309 1576 4370 supponere
1604 4310 1813 4353 neces-

251 4386 413 4444 sario
461 4386 687 4445 debent
702 4430 722 4459 ,
770 4385 868 4445 vel
918 4402 995 4444 ex
1041 4390 1284 4459 natura,
1335 4383 1434 4443 vel
1471 4402 1545 4444 ex
1587 4385 1807 4461 gratia,

243 4476 428 4552 juxta
477 4477 762 4555 praecepti
808 4477 1243 4536 conditionem.
1284 4477 1395 4536 Hic
1435 4493 1582 4535 vero
1606 4494 1812 4536 occur-

250 4567 472 4628 rebant
510 4569 896 4629 difficultates
942 4569 1018 4628 de
1063 4569 1463 4645 possibilitate
1512 4568 1811 4645 diligendi

248 4661 471 4736 Deum,
491 4661 779 4721 vincendi
801 4661 1383 4738 concupiscentiam,
1406 4660 1811 4739 servandique

248 4756 545 4815 mandata
573 4771 589 4815 t
621 4754 726 4814 sed
753 4753 830 4813 de
858 4753 956 4812 his
1001 4753 1277 4813 dicemus
1322 4752 1389 4812 in
1423 4757 1688 4812 tractatu
1734 4753 1811 4813 de

248 4846 477 4907 Gratia.

332 4941 432 4998 19.
476 4939 663 4998 Juxta
689 4938 852 4998 hanc
881 4955 1028 5015 ergo
1054 4936 1337 4996 ultimam
1366 4942 1605 5015 partem
1633 4936 1812 4997 intel-

245 5029 535 5107 ligendus
579 5036 669 5090 est
717 5030 1003 5104 Isidorus»,
1056 5048 1197 5089 cum
1249 5030 1508 5108 requirit
1562 5029 1629 5088 in
1675 5030 1810 5106 lege

244 5123 410 5200 quod
443 5122 747 5201 possibilis
774 5123 875 5181 sit.
904 5122 1061 5181 Nam
1083 5122 1500 5200 principaliter
1520 5120 1808 5199 loqueba-

241 5219 351 5272 tur
382 5215 457 5274 de
489 5215 624 5292 lege
655 5214 953 5287 humana,
985 5220 1049 5273 01
1087 5214 1225 5273 ideo
1266 5213 1345 5273 ad
1373 5212 1809 5273 declarandum

242 5306 501 5365 modum
546 5306 964 5384 possibilitatis
1007 5305 1199 5379 addit,
1251 5306 1591 5367 Secundum
1632 5310 1810 5365 natu-

241 5417 403 5466 ram,
446 5400 507 5458 id
542 5405 656 5471 est,
701 5398 1083 5457 considerata
1125 5397 1455 5475 fragilitate
1502 5404 1562 5457 et
1600 5397 1807 5456 condi-

239 5491 414 5552 tione
447 5496 701 5550 naturae.
732 5490 905 5566 Quod
934 5490 1122 5553 etiam
1150 5490 1308 5550 Deus
1339 5489 1466 5570 ipse
1489 5507 1600 5550 suo
1621 5489 1805 5551 modo

3370 407 3451 466 43

1893 514 2199 574 observat.
2255 516 2409 574 Nam
2465 514 2603 574 ideo
2655 532 2782 574 non
2831 511 3110 592 praecipit
3162 509 3451 571 omnibus

1893 607 2312 684 virginitatem
2342 625 2606 681 servare,
2637 607 2782 684 quia
2811 624 2936 665 000
2963 610 3096 664 0181
3123 603 3238 663 hoc
3262 603 3451 681 possi-

1893 700 2019 760 bile
2038 699 2373 759 secundum
2393 704 2715 773 naturam3
2732 700 2815 758 sic
2832 699 3016 758 etiam
3036 697 3136 756 lex
3155 696 3453 755 canonica

1896 809 2025 851 non
2079 792 2353 869 praecipit
2402 790 2689 850 omnibus
2739 790 2909 850 festis
2956 788 3411 849 communicare
3428 832 3448 861 ,

1892 886 2040 961 quia
2085 900 2213 942 non
2242 888 2443 961 posset
2486 883 2672 960 digne
2712 881 2850 942 fieri
2880 881 3214 941 secuudum
3243 880 3452 940 condi-

1890 976 2129 1035 tionem
2150 981 2409 1049 naturoe,
2432 980 2493 1035 et
2511 975 2596 1033 sic
2616 975 2692 1034 de
2717 974 2874 1034 aliis.
2902 974 3104 1051 Atque
3123 972 3244 1032 11110
3265 972 3452 1031 011801

1893 1073 2125 1146 51100181
2153 1068 2244 1142 (01
2273 1067 2450 1126 divus
2477 1067 2744 1127 Thomas
2766 1066 2983 1141 voluit)
3008 1071 3079 1125 ut
3100 1065 3200 1124 lex
3217 1081 3453 1123 accom-

1894 1160 2133 1219 modari
2165 1159 2384 1219 debeat
2411 1159 2668 1219 subditis
2689 1159 3028 1218 secundum
3055 1157 3453 1235 capacitatem

1894 1272 2132 1328 eorum,
2156 1259 2218 1313 et
2246 1254 2381 1312 ideo
2404 1271 2530 1313 non
2556 1253 2959 1332 imponuntur
2979 1252 3193 1311 eadem
3217 1250 3457 1329 jejunia

1892 1347 2099 1425 pueris
2120 1365 2257 1425 quae
2271 1344 2720 1424 grandioribus.
2744 1345 2931 1405 Addit
2949 1345 3136 1405 etiam
3156 1343 3450 1403 Isidorus:

1893 1438 2234 1501 Secundum
2263 1441 2734 1501 consuetudinem
2757 1440 3000 1518 patrioe,
3029 1437 3176 1515 quia
3202 1453 3456 1495 consue-

1891 1533 2043 1592 tudo
2075 1539 2165 1593 est
2192 1532 2386 1593 altera
2420 1538 2665 1605 natura,
2698 1544 2761 1592 et
2787 1532 2925 1591 ideo
2949 1530 3112 1609 quod
3149 1533 3454 1607 repugnat

1892 1623 2320 1685 consuetudini
2335 1624 2513 1684 valde
2528 1629 2808 1684 censetur
2821 1639 3173 1702 repugnans
3192 1626 3450 1695 naturae,

1891 1735 1961 1776 ac
1984 1716 2245 1776 subinde
2272 1716 2399 1776 fere
2427 1717 2743 1776 moraliter
2768 1714 3161 1794 impossibile.
3189 1714 3317 1773 Hoc
3344 1730 3454 1771 au·
3533 1746 3538 1752 ·

1890 1815 2020 1869 tem
2044 1809 2514 1887 intelligendum
2540 1815 2628 1869 est
2646 1809 2721 1869 de
2740 1807 3178 1868 consuetudine
3196 1805 3455 1865 honesta

1892 1908 1954 1963 et
1980 1902 2120 1961 utili
2142 1902 2519 1981 reipublicae:
2550 1921 2694 1962 nam
2724 1902 3103 1963 consuetudo
3131 1918 3321 1979 prava
3342 1918 3455 1978 per
3512 1924 3518 1929 ·

1891 1992 2097 2069 legem
2125 1995 2487 2071 corrigenda
2516 1999 2630 2067 est,
2656 2001 2718 2054 et
2743 1995 2887 2054 licet
2908 1993 3239 2072 aliquando
3265 1991 3454 2051 fuerit

1896 2085 2090 2158 utilis,
2121 2086 2171 2144 si
2204 2091 2377 2145 tanta
2404 2087 2484 2145 sit
2510 2086 2671 2145 facta
2705 2104 2914 2145 rerum
2940 2084 3201 2144 mutatio
3227 2088 3296 2142 ut
3321 2083 3452 2160 jam

1896 2176 1978 2235 sit
2010 2176 2268 2249 inutilis,
2299 2183 2360 2236 01
2387 2177 2691 2236 000118118
2718 2176 3000 2254 expediat
3021 2176 3099 2234 ad
3126 2192 3452 2234 commune

1893 2268 2154 2342 bonum,
2182 2270 2368 2329 etiam
2398 2272 2622 2347 poterit
2650 2269 2750 2328 lex
2778 2267 3283 2328 consuetudinem
3308 2267 3453 2325 vin-

1893 2377 2054 2433 cere,
2080 2366 2150 2418 ut
2179 2360 2342 2419 infra
2375 2379 2487 2419 suo
2516 2361 2650 2419 loco
2673 2360 2968 2419 (11001005.
2994 2359 3266 2436 Denique
3285 2357 3455 2416 addit

1892 2450 2192 2509 Isidorus:
2229 2452 2508 2529 Tempori
2535 2453 2769 2530 locoque
2799 2453 3159 2519 conveniens,
3190 2450 3334 2527 quia
3358 2449 3454 2509 hae

1890 2541 2368 2603 circumstantiae
2411 2545 2477 2602 in
2523 2544 2694 2602 omni
2735 2548 2878 2602 actu
2924 2542 3213 2620 prudenti
3252 2541 3454 2601 obser·-

1889 2634 2106 2693 vandae
2135 2641 2299 2694 sunt.
2337 2636 2448 2693 Hic
2481 2641 2691 2694 autem
2721 2652 2847 2694 non
2885 2635 3350 2694 considerantur
3376 2652 3454 2694 ex

1888 2732 2063 2804 parte
2089 2734 2262 2786 actus
2285 2728 2700 2807 praecipiendi‚
2725 2728 2831 2788 sed
2856 2747 2932 2788 ex
2955 2733 3127 2806 parte
3150 2728 3448 2801 materioe,

1890 2834 1999 2876 seu
2041 2824 2215 2878 actus
2260 2820 2366 2897 qui
2398 2819 2773 2898 praecipitur,
2816 2821 2962 2897 quia
2999 2837 3125 2878 non
3169 2819 3233 2877 in
3281 2818 3453 2877 omni

1888 2908 2025 2968 loco
2069 2928 2184 2969 nec
2236 2911 2302 2970 in
2356 2911 2527 2970 omni
2577 2917 2852 2989 tempore
2900 2912 3130 2971 eoedem
3180 2911 3453 2970 actiones

1892 3002 2294 3076 conveniunt,
2313 3009 2373 3063 et
2394 3004 2534 3063 ideo
2552 3004 2620 3062 in
2638 3003 2906 3063 ferendis
2923 3003 3163 3080 legibus
3182 3003 3452 3062 maxime

1892 3099 2038 3153 sunt
2063 3092 2160 3154 hae
2193 3095 2663 3155 circumstantiae
2691 3093 3169 3168 considerandae,
3191 3100 3262 3154 ut
3287 3100 3450 3155 recte

1890 3185 2148 3245 tradidit
2175 3187 2362 3258 etiam
2391 3188 2790 3264 Αο30511005,
2821 3186 2982 3246 111110
3021 3190 3055 3247 3
3100 3187 3175 3246 de
3207 3187 3452 3246 Confes-

1892 3277 2051 3337 sion.
2061 3289 2080 3351 ,
2105 3295 2240 3356 cap.
2274 3280 2373 3338 37.
2398 3279 2463 3338 Si
2490 3278 2627 3356 quis
2654 3284 2859 3337 autem
2894 3284 3057 3338 recte
3084 3277 3448 3353 consideret,

1892 3369 1990 3429 hae
2017 3371 2490 3431 circumstantiae
2518 3372 2705 3431 etiam
2739 3377 2882 3430 sunt
2908 3370 3451 3431 determinationes

1891 3462 2326 3540 possibilitatiS,
2358 3465 2504 3541 quia
2530 3464 2597 3521 in
2636 3480 2763 3522 uno
2792 3469 3067 3541 tempore
3105 3461 3452 3522 censebitur

1891 3553 2121 3632 aliquid
2152 3555 2466 3615 moraliter
2495 3555 2894 3634 impossibile,
2921 3555 3085 3634 quod
3115 3556 3182 3614 in
3209 3555 3331 3614 alio
3358 3561 3452 3615 est

1890 3645 2093 3721 facile,
2123 3647 2411 3726 idemque
2443 3657 2534 3708 est
2564 3666 2706 3708 cum
2743 3649 3135 3727 proportione
3168 3648 3243 3708 de.
3271 3648 3443 3707 loco:

1891 3746 2147 3817 possunt
2174 3742 2358 3801 etiam
2392 3741 2706 3801 interdum
2734 3743 3040 3820 pertinere
3061 3742 3138 3801 ad
3166 3741 3451 3801 11000518-

1889 3837 2019 3892 tem
2045 3838 2294 3911 propter
2321 3835 2625 3894 rationem
2653 3834 2941 3895 similem.

1968 3927 2072 3986 20.
2118 3928 2492 4006 Differentia
2538 3931 2697 3989 inter
2741 3930 3117 4008 injustitiam
3162 3948 3233 3991 σω
3277 3933 3453 4006 parto

1890 4019 2183 4091 maurice,
2216 4024 2269 4079 et
2299 4037 2370 4079 ex
2392 4025 2568 4097 parte
2593 4021 2773 4079 modi.
2790 4021 3159 4081 —Tandem
3182 4021 3453 4080 declara-

1889 4107 2059 4166 tione
2086 4108 2311 4167 harum
2349 4109 2773 4168 conditionum
2800 4111 3191 4188 intelligitur,
3223 4114 3288 4171 in
3320 4118 3453 4170 tan-

1891 4204 2029 4258 tum
2071 4217 2243 4276 posse
2281 4200 2419 4259 illas
2459 4201 2768 4278 pertinere
2817 4202 2894 4260 ad
2943 4203 3345 4263 substantiam
3393 4210 3454 4264 et

1892 4290 2166 4351 valorem
2207 4292 2382 4367 legis,
2417 4293 2486 4352 in
2528 4298 2831 4370 quantum
2871 4294 2970 4353 vel
3002 4295 3081 4355 ad
3119 4296 3450 4372 justitiam,

1892 4383 1994 4443 vel
2038 4383 2116 4443 ad
2156 4383 2427 4444 debitam
2461 4384 2929 4464 possibilitatem
2965 4386 3119 4464 legis
3163 4387 3454 4448 1111108010

1892 4477 2247 4536 necessariae
2269 4476 2525 4551 fuerint,
2552 4478 2700 4555 quia
2726 4485 2995 4558 potestas
3021 4480 3230 4558 legum
3257 4481 3457 4540 seren-

1892 4568 2114 4628 darum
2143 4587 2284 4629 cum
2326 4569 2441 4629 hac
2467 4571 2636 4648 justa
2675 4573 3092 4633 moderatione
3126 4579 3216 4633 est
3255 4573 3456 4633 homi-

1891 4661 2073 4721 nibus
2102 4660 2264 4721 data.
2298 4662 2565 4723 Definire
2599 4669 2806 4724 autem
2831 4666 3078 4744 quando
3107 4665 3172 4725 in
3194 4665 3292 4725 his
3312 4683 3457 4724 con-

1890 4753 2230 4812 ditionibus
2273 4753 2547 4814 defectus
2586 4756 2664 4815 sit
2709 4756 3152 4833 substantialiS,
3199 4778 3276 4820 ex
3312 4777 3455 4836 pru-

1891 4844 2065 4903 denti
2100 4845 2327 4923 pendet
2351 4847 2611 4924 judicio,
2647 4850 2808 4926 quod
2838 4856 3078 4928 oportet
3106 4869 3235 4910 esse
3275 4851 3455 4912 valde

1890 4942 2152 5010 certum,
2203 4942 2273 4995 ut
2315 4955 2391 4996 ex
2435 4940 2553 4998 hoc
2589 4941 2789 5018 capite
2833 4942 2934 5002 lex
2983 4943 3176 5020 possit
3221 4944 3454 5003 censeri

1889 5029 2084 5089 nulla.
2136 5030 2250 5089 Hic
2302 5031 2469 5090 enim
2519 5033 2716 5091 multo
2754 5035 2951 5111 magis
2996 5034 3201 5094 locum
3242 5035 3449 5114 1181101,

1888 5123 2049 5201 quod
2077 5141 2263 5202 supra
2289 5123 2441 5197 dixi,
2472 5132 2752 5202 oportere
2780 5126 3148 5203 injustitiam
3176 5148 3305 5191 esse
3334 5131 3454 5192 cla-

1888 5232 2026 5275 ram
2081 5220 2143 5274 et
2192 5232 2318 5273 non
2374 5215 2649 5289 dubiam,
2698 5223 2834 5276 tum
2884 5225 3132 5298 propter
3184 5224 3453 5284 rationes

1889 5325 2075 5386 supra
2118 5307 2347 5381 factas,
2391 5325 2527 5385 quae
2575 5309 2642 5368 in
2687 5314 2971 5388 praesenti
3015 5315 3202 5375 etiam
3247 5316 3451 5376 locum

1886 5400 2158 5459 habent:
2194 5407 2326 5458 tum
2378 5402 2562 5459 etiam
2595 5401 2739 5479 quia
2784 5403 2882 5463 hic
2926 5408 3130 5465 minus
3171 5414 3258 5466 est
3291 5409 3450 5483 peri-

1885 5492 2010 5552 culi
2035 5510 2175 5553 cum
2205 5492 2465 5554 dubium
2499 5494 2698 5560 solum
2727 5504 3002 5566 versetur
3029 5500 3188 5566 circa
3209 5499 3448 5568 incom-
