3976 6219
784 424 917 478 CAP.
956 427 1038 480 Vl.
1076 428 1328 490 QUANDO
1360 430 1556 486 LEGES
1586 433 1894 486 POENALES
1926 432 2318 485 CONTINEANT
2352 429 2764 491 SENTENTIAM,
2801 428 2935 479 E'rc.

173 527 395 587 rium
431 525 807 605 impositam.
863 527 984 588 Sed
1009 528 1126 590 1100
1152 532 1505 611 exemplum
1544 553 1673 595 non
1715 540 1806 595 651

174 621 486 700 proprie
529 620 606 679 de
644 618 778 697 1036
818 622 1088 698 poenali:
1140 641 1285 685 nam
1321 626 1511 687 verba
1547 627 1655 687 illa
1690 628 1804 688 sub

178 733 418 793 poena
470 713 727 792 perjurii
767 731 896 773 non
924 719 1055 775 tam
1082 715 1493 796 imponuntur
1531 719 1610 780 ad
1637 738 1804 781 com·

180 807 648 867 minationem
704 823 935 884 poenae,
995 825 1183 886 quam
1234 810 1315 870 ad
1365 811 1803 872 declarandum

184 900 496 960 modum
550 900 968 978 praecipiendi,
1008 902 1313 980 exigendo
1363 903 1803 981 obligationem

183 993 459 1071 prioris
484 992 847 1071 juramenti,
877 994 1040 1072 quod
1085 995 1459 1057 sufficienter
1480 997 1587 1058 illo
1619 998 1803 1058 modo

187 1084 646 1164 significatur,
672 1085 851 1165 juxta
877 1104 1273 1148 communem
1291 1106 1539 1149 sensum
1555 1090 1806 1151 illorum

186 1180 592 1240 verborum.
631 1180 729 1240 An
776 1197 922 1241 vero
959 1180 1052 1241 illi
1083 1183 1357 1261 perjurio
1402 1184 1689 1263 imposita
1727 1185 1804 1245 sit

191 1273 448 1353 aliqua
474 1291 659 1353 poena
684 1274 817 1351 ipso
833 1275 995 1353 jure,
1018 1292 1094 1335 ex
1118 1275 1226 1335 tali
1248 1276 1524 1355 legenon
1541 1278 1804 1338 habetur

193 1372 290 1426 ut
321 1383 447 1445 per
474 1384 538 1427 se
567 1372 756 1445 patet,
787 1372 850 1427 et
875 1367 1161 1445 quamvis
1198 1369 1405 1448 Tiraq.
1448 1369 1514 1430 id
1540 1369 1804 1431 affirmet

197 1476 300 1519 ex
331 1478 477 1538 cap.
511 1458 662 1521 Cum
688 1460 955 1538 quidam,
986 1460 1062 1520 de
1085 1461 1383 1541 Jurejur„
1415 1462 1539 1523 etl.
1575 1463 1635 1537 3,
1665 1463 1803 1542 §Si

199 1552 304 1614 ad
356 1554 517 1614 die-m
532 1597 553 1627 ,
602 1551 669 1612 ff.
709 1551 784 1611 de
812 1552 899 1612 Re
927 1551 1136 1627 milit„
1170 1558 1380 1615 tamen
1408 1555 1475 1613 in
1503 1554 1626 1614 illis
1644 1555 1803 1633 juri·

198 1644 345 1704 bus
371 1644 536 1704 nihil
562 1644 684 1704 tale
711 1641 996 1719 habetur,
1025 1651 1088 1705 et
1118 1645 1373 1724 longam
1389 1647 1651 1724 requirit
1676 1647 1803 1706 dis-

201 1738 646 1815 putationem,
672 1754 864 1816 quam
884 1737 1113 1799 tradidi
1134 1739 1177 1799 l.
1209 1741 1245 1800 3
1268 1739 1344 1800 de
1368 1740 1605 1800 Juram.
1615 1784 1635 1815 ,
1662 1758 1796 1820 cap.

205 1831 441 1890 ultim.

305 1926 417 1983 24.
439 1923 651 1986 Tertia
671 1924 1195 2002 recula—Tertia
1211 1927 1428 2005 regula
1449 1926 1803 2007 principalis

206 2016 330 2090 sit,
350 2016 605 2094 quando
623 2016 723 2076 161
738 2016 1015 2094 loquitur
1033 2036 1143 2096 per
1159 2020 1414 2081 modum
1429 2022 1799 2100 imperandi,

207 2127 460 2186 anceps
480 2114 572 2169 est
589 2109 839 2185 locuti0,
862 2116 924 2170 et
942 2111 1080 2171 ideo
1099 2113 1541 2175 consideranda
1560 2120 1652 2175 est
1674 2132 1804 2175 ma-

208 2202 412 2271 teria,
445 2201 608 2261 circa
638 2220 826 2280 quam
845 2205 1123 2281 proxime
1141 2211 1421 2267 versatur
1443 2208 1799 2286 imperium.

211 2296 391 2354 Nam
418 2293 471 2354 si
491 2293 677 2354 fuerit
695 2296 854 2354 actio
878 2296 1173 2372 hominiS,
1190 2298 1288 2358 lex
1311 2300 1648 2361 continebit
1670 2318 1805 2362 sen-

213 2389 495 2448 tentiam
540 2388 884 2464 ferendam,
921 2395 984 2450 et
1006 2409 1132 2451 non
1161 2392 1460 2470 obligabit
1490 2395 1698 2454 statim
1739 2395 1806 2454 in

219 2482 647 2542 0011501611116;
707 2482 761 2541 si
800 2499 947 2542 vero
1013 2483 1203 2544 fuerit
1248 2486 1495 2547 effectus
1547 2486 1767 2566 aliquis
1783 2532 1803 2562 ,

219 2591 422 2653 quem
448 2574 759 2652 legislator
781 2592 890 2653 per
902 2593 1079 2635 suam
1095 2576 1296 2654 legem
1318 2584 1517 2656 potest
1540 2579 1803 2654 efficere,

223 2685 397 2747 saepe
428 2666 769 2728 continebit
805 2672 1174 2729 sententiam
1213 2670 1425 2746 latam,
1474 2676 1536 2731 et
1570 2671 1806 2748 obliga-

227 2761 352 2821 bit.
402 2762 573 2820 Hanc
620 2778 798 2820 sumo
834 2779 913 2821 ex
962 2764 1280 2822 communi
1308 2763 1606 2839 doctrina,
1639 2782 1806 2824 eam-

230 2870 364 2931 que
409 2853 494 2912 sic
531 2852 819 2912 declaro:
859 2870 1007 2913 nam
1048 2854 1310 2914 verbum
1337 2855 1684 2934 imperandi
1713 2856 1808 2915 in-

233 2945 488 3004 terdum
530 2949 621 3003 est
661 2962 814 3022 pure
860 2943 1295 3022 imperativum
1324 2948 1413 3022 (ut
1440 2947 1525 3006 sic
1552 2948 1805 3022 dicam),

234 3036 577 3116 aliquando
604 3053 751 3096 vero
795 3042 886 3097 est
930 3037 1192 3116 praefice
1215 3038 1587 3099 effectivum.
1612 3039 1810 3099 Priori

235 3129 426 3189 modo
450 3130 738 3203 sumitur,
770 3130 1019 3207 quando
1058 3130 1347 3209 dirigitur
1376 3132 1454 3191 ad
1480 3131 1674 3192 alium
1701 3132 1810 3190 ho-

236 3222 479 3282 minem
511 3222 591 3282 ad
619 3222 1020 3296 movendum,
1053 3240 1158 3282 seu
1182 3223 1578 3283 excitandum
1604 3223 1806 3299 illum,

237 3313 341 3374 vel
364 3315 551 3374 etiam
582 3315 661 3374 ad
683 3313 862 3375 illum
892 3314 1316 3393 obligandum,
1346 3322 1416 3376 ut
1433 3316 1522 3375 ibi
1549 3336 1564 3373 ε
1588 3318 1808 3377 Excur-

237 3424 334 3485 9e,
365 3408 469 3486 qui
489 3409 718 3470 dormis
734 3430 762 3477 ,·
799 3408 999 3473 Venite
1025 3409 1217 3469 adme
1255 3427 1471 3484 omneS,
1508 3415 1623 3470 etc.
1662 3411 1803 3469 Pos-

236 3500 450 3560 teriori
492 3499 678 3559 modo
722 3500 1023 3574 sumitur,
1079 3499 1329 3578 quando
1379 3501 1668 3578 dirigitur
1725 3499 1804 3560 ad

241 3592 509 3671 aliquem
562 3592 848 3653 effectum
897 3592 1252 3653 immediate
1307 3593 1680 3669 faciendum,
1734 3597 1804 3652 ut

241 3685 335 3745 ibi
363 3703 378 3745 ε
408 3688 562 3748 Fiat
589 3687 718 3761 lucc,
757 3691 820 3746 et
848 3687 917 3746 in
960 3684 1261 3746 similibus
1292 3684 1460 3761 10015,
1504 3693 1566 3747 61
1593 3687 1683 3747 116
1709 3705 1803 3746 50-

241 3778 376 3838 lent
414 3777 683 3856 theologi
720 3776 1113 3856 interpretari
1148 3777 1417 3838 formam
1453 3779 1802 3841 Graecorum

245 3870 314 3929 in
339 3871 673 3949 Baptismo:
718 3871 1081 3948 Baptizetur
1115 3888 1321 3932 servus
1355 3870 1614 3945 Christi,
1655 3889 1803 3931 nam

245 3963 398 4022 illud
425 3962 684 4023 verbum
707 3962 1058 4043 imperandi
1079 3980 1207 4022 non
1231 3967 1322 4022 est
1335 3961 1412 4022 de
1428 3962 1660 4038 futurO,
1692 3981 1806 4024 nec

248 4055 529 4132 dirigitur
551 4054 630 4115 ad
653 4055 847 4115 alium
875 4054 984 4133 qui
1006 4053 1427 4132 baptizaturus
1455 4056 1535 4113 sit
1557 4100 1578 4129 ,
1608 4055 1715 4115 sed
1739 4054 1807 4114 in

248 4152 389 4207 actu
420 4146 687 4207 exercito
719 4146 984 4225 imperat
1028 4145 1444 4223 receptionem
1483 4147 1804 4225 Baptismi‚

250 4255 429 4318 quem
447 4237 684 4298 confert
701 4236 1038 4315 baptizans
1059 4237 1166 4296 His
1187 4254 1335 4314 ergo
1349 4236 1590 4298 duobus
1610 4238 1808 4298 modis

251 4335 444 4409 potest
475 4329 823 4407 imperandi
844 4328 1106 4388 verbum
1124 4329 1288 4388 sumi
1307 4329 1375 4389 in
1395 4329 1531 4408 lege
1553 4331 1805 4409 poenali.

256 4422 443 4483 Priori
464 4420 648 4481 modo
663 4421 951 4496 sumitur,
973 4420 1210 4499 quoties
1223 4422 1387 4481 cadit
1407 4423 1475 4483 in
1503 4423 1811 4483 actionem

257 4536 363 4597 per
386 4517 574 4577 alium
617 4517 1048 4592 exercendam,
1081 4522 1145 4578 et
1174 4522 1325 4577 tunc
1373 4518 1647 4578 dicemus
1674 4524 1811 4579 tan-

260 4616 387 4670 tum
415 4610 728 4671 continere
746 4627 996 4689 poenam
1018 4609 1357 4685 ferendam,
1388 4611 1534 4689 quia
1565 4611 1663 4671 vel
1696 4612 1810 4672 im-

263 4705 493 4783 perium
521 4704 675 4765 illud
704 4722 834 4764 non
856 4704 1148 4782 dirigitur
1176 4704 1255 4764 ad
1281 4705 1486 4783 ipsum
1513 4723 1713 4782 reum,
1740 4711 1812 4765 ut

264 4815 395 4857 cum
420 4797 666 4871 dicitur,
700 4797 1092 4875 Expellatur,
1111 4797 1409 4874 privetaem
1435 4797 1534 4858 vel
1550 4798 1600 4857 si
1625 4798 1813 4876 possit

251 4891 432 4970 dirigi
482 4891 560 4951 ad
603 4908 783 4952 reum
823 4892 984 4968 (cum
1019 4891 1277 4965 dicitur,
1313 4890 1529 4953 Solvat
1557 4897 1807 4968 centum,

265 4983 358 5043 vel
382 4984 523 5062 quid
547 4983 810 5060 simile),
840 4988 903 5044 et
924 4983 1099 5062 juxta
1122 4983 1448 5044 materiam
1477 4983 1815 5062 subjectam

268 5076 722 5155 intelligendum
771 5081 882 5150 est,
930 5075 1030 5137 vel
1072 5082 1235 5136 certe
1267 5076 1607 5135 secundum
1653 5077 1814 5136 ordi-

268 5187 396 5231 nem
444 5169 695 5247 Justitiae
743 5176 1068 5248 postquam
1114 5169 1559 5231 condemnatus
1601 5170 1810 5247 fuerit,

267 5264 357 5325 vel
382 5264 562 5324 etiam
598 5268 748 5322 tunc
775 5263 1063 5341 dirigitur
1092 5262 1448 5324 immediate
1485 5263 1814 5342 imperium

275 5356 345 5416 ad
370 5354 789 5416 instruendum
806 5355 1108 5434 judicem:
1144 5373 1292 5415 uam
1329 5355 1583 5435 perinde
1611 5365 1703 5416 est
1744 5375 1816 5417 ac

271 5449 317 5509 si
355 5449 445 5510 161
496 5448 726 5511 diceret
741 5494 762 5525 ,
815 5449 1259 5511 condemnetur
1311 5449 1390 5509 ad
1452 5447 1813 5510 solvendum

274 5546 519 5620 centum,
545 5542 724 5604 etita
744 5542 855 5604 illa
875 5542 1092 5605 solvat.
1123 5543 1265 5604 Haec
1290 5559 1435 5604 vero
1465 5541 1816 5621 intelligen-

3334 424 3452 485 439

1885 535 1964 593 da
1987 538 2132 593 sunt
2152 533 2227 592 de
2255 532 2453 611 poenis
2469 528 2891 610 JudicialibuS,
2914 545 3020 589 seu
3037 527 3155 588 fori
3175 529 3414 588 externi
3436 551 3450 588 ε

1882 644 2030 686 116111
2064 626 2200 686 61166
2226 624 2674 705 praecipiuntur
2700 622 3016 682 interdum
3043 621 3109 680 in
3131 621 3348 682 ordine
3371 622 3451 683 ad

1882 720 2143 781 salutem
2169 720 2416 794 animae,
2448 736 2585 797 quae
2614 721 2872 797 possunt
2906 714 3115 775 statim
3147 714 3446 792 obligare,

1883 819 1955 873 ut
1981 814 2049 873 in
2074 813 2359 888 (16016115,
2400 829 2508 872 5611
2544 809 2882 872 canonibus
2923 807 3451 887 poenitentialibus

1884 925 2046 986 saepe
2088 906 2495 968 inveniuntur
2536 905 2667 964 haec
2692 902 2913 965 verba:
2949 899 3249 961 Poenitcat
3280 907 3450 962 tanto

1883 1005 2183 1079 tempore,
2204 999 2469 1077 jejunet,
2501 1002 2646 1072 etc„
2676 996 2744 1057 in
2763 995 2989 1074 quibus
3012 993 3200 1054 etiam
3230 993 3454 1055 discer-

1886 1093 2165 1154 nendum
2190 1099 2284 1153 est
2323 1109 2405 1151 an
2445 1108 2557 1169 per
2585 1090 2841 1149 modum
2872 1086 3138 1160 consilii,
3163 1087 3263 1147 vel
3296 1106 3449 1166 prae-

1884 1185 2045 1265 cepti
2081 1185 2142 1244 id
2173 1189 2498 1259 statuatur,
2525 1182 2691 1261 quod
2719 1200 2796 1242 ex
2815 1199 2930 1242 usu
2956 1186 3018 1241 et
3046 1180 3449 1241 circumstan-

1881 1278 1985 1338 tiis
2018 1277 2431 1355 colligendum
2449 1281 2560 1350 est,
2599 1293 2731 1354 cap.
2759 1272 3087 1352 Accepisti‚
3114 1272 3190 1333 de
3213 1274 3449 1352 Sponsa

1882 1371 2173 1445 duorum,
2206 1388 2340 1449 cap.
2393 1370 2475 1432 Ut
2502 1385 2817 1443 mensuroe,
2849 1366 2925 1428 de
2947 1367 3177 1446 Empti.
3204 1372 3267 1428 et
3297 1384 3447 1426 ven-

1883 1463 2024 1537 dit„
2053 1480 2189 1542 cap.
2226 1462 2609 1541 Quicumque,
2640 1462 2701 1536 6,
2729 1479 2788 1540 q.
2825 1463 2899 1521 1.-

1962 1556 2065 1614 25.
2111 1553 2435 1614 Posteriori
2485 1558 2695 1613 autem
2753 1551 2935 1611 modo
2987 1550 3255 1611 sumitur
3305 1567 3442 1610 ver-

1881 1645 2032 1706 bum
2081 1645 2450 1724 imperandi,
2490 1644 2730 1724 quoties
2774 1642 2939 1704 cadit
2975 1643 3335 1703 immediate
3379 1643 3448 1702 111

1882 1739 2169 1800 effectum
2212 1738 2445 1817 absque
2488 1738 2829 1798 ministerio
2848 1737 3138 1811 hominis,
3175 1736 3448 1813 soletque

1881 1837 2032 1892 tunc
2076 1831 2315 1911 passive
2355 1831 2662 1909 usurpari,
2715 1835 2786 1888 ut
2827 1830 3102 1904 amittat,
3143 1828 3441 1905 privetur,

1882 1925 2212 2004 subjaceat,
2256 1925 2553 1999 incurrat,
2599 1924 2736 1999 fiat,
2790 1927 2852 1982 et
2898 1927 3047 1981 tunc
3097 1920 3285 1981 etiam
3319 1938 3449 1980 non

1883 2022 2083 2097 potest
2109 2016 2414 2096 generalis
2452 2016 2669 2095 regula
2714 2014 3024 2075 constitui.
3075 2013 3282 2074 Primo
3316 2014 3451 2091 qui-

1882 2111 2054 2185 dem,
2082 2111 2229 2189 quia
2250 2109 2579 2188 saepissime
2602 2108 2799 2168 solent
2824 2108 2957 2168 haec
2982 2106 3172 2166 verba
3193 2123 3451 2184 usurpa-

1882 2203 1939 2262 ri
1970 2220 2082 2281 pro
2108 2202 2359 2276 futuris,
2402 2207 2465 2262 et
2511 2202 2599 2261 ita
2638 2201 2717 2261 de
2754 2199 2877 2260 illis
2906 2203 3130 2259 tractat
3157 2198 3452 2257 latissime

1885 2295 2093 2374 Tiraq.
2152 2313 2339 2375 supra
2351 2339 2373 2371 ,
2403 2293 2782 2374 ,nullamque
2818 2292 3147 2372 specialem
3191 2290 3453 2350 mentio-

1884 2406 2033 2449 nem
2063 2388 2212 2449 facit
2241 2387 2592 2466 imperativi
2620 2387 2810 2446 modi.
2861 2384 3055 2459 Unde,
3095 2382 3344 2463 quando
3377 2401 3455 2444 ex

1886 2482 2194 2559 adjunctis
2240 2481 2583 2541 constiterit
2630 2480 2753 2540 tale
2786 2478 3042 2539 verbum
3075 2476 3268 2554 accipi
3296 2476 3363 2535 111
3390 2476 3453 2537 vi

1884 2572 2106 2649 futuri,
2139 2574 2417 2652 superior
2433 2572 2653 2650 regula
2673 2572 2741 2631 in
2767 2571 2874 2632 illo
2899 2568 3201 2631 servanda
3227 2575 3340 2643 est,
3384 2574 3455 2629 ut
3482 2627 3490 2636 ,

1887 2671 2148 2727 00115161.
2179 2668 2334 2726 Item
2368 2666 2606 2744 quoties
2633 2663 2998 2742 significatio
3026 2663 3216 2724 fuerit
3241 2662 3452 2737 dubia,

1886 2758 1954 2818 in
1977 2758 2042 2818 vi
2059 2758 2256 2818 futuri
2279 2758 2707 2837 accipiendum
2728 2762 2818 2816 est
2845 2756 3103 2817 verbum
3120 2756 3302 2834 juxta
3329 2756 3455 2834 pri-

1887 2869 2063 2911 mum
2094 2851 2572 2911 fundamentum
2596 2849 2795 2909 'initio
2828 2849 3121 2927 positum.
3154 2849 3456 2908 Praeterea

1887 2945 1937 3003 si
1967 2943 2225 3004 verbum
2253 2943 2376 3004 tale
2406 2949 2498 3004 est
2522 2948 2590 3003 ut
2611 2943 2801 3022 possit
2824 2948 2886 3002 61
2912 2942 2987 3002 ad
3019 2940 3306 3001 effectum
3339 2941 3459 3000 im-

1888 3037 2156 3097 mediate
2210 3042 2272 3096 et
2313 3036 2392 3096 ad
2440 3036 2857 3096 ministerium
2901 3035 3172 3095 hominis
3213 3034 3452 3108 referri,

1890 3130 2133 3191 etiamsi
2154 3129 2501 3208 imperandi
2527 3128 2786 3189 verbum
2809 3130 2910 3203 sit,
2934 3128 3327 3188 referendum
3349 3145 3456 3206 po-

1889 3223 2013 3282 tius
2045 3227 2137 3282 est
2163 3221 2241 3280 ad
2271 3222 2555 3282 homines
2579 3239 2767 3299 quam
2796 3220 2876 3281 ad
2903 3220 3177 3296 effectUS,
3208 3226 3272 3280 et
3310 3238 3456 3280 con-

1886 3314 2114 3375 tinebit
2124 3320 2366 3375 tentum
2381 3315 2748 3375 sententiam
2757 3314 3101 3388 ferendam,
3121 3320 3191 3374 ut
3206 3318 3374 3392 patet
3390 3313 3458 3372 in

1885 3407 2075 3467 verbo
2103 3409 2635 3469 excommunicetur
2656 3434 2682 3480 ,·
2713 3425 2955 3485 semper
2983 3406 3151 3467 enim
3188 3405 3461 3466 continet

1884 3499 2254 3560 sententiam
2283 3499 2603 3560 ferendam
2635 3498 2769 3559 sine
2817 3499 3250 3559 controversia.
3287 3497 3456 3557 Idem

1886 3593 2084 3654 sentio
2106 3593 2184 3653 de
2210 3592 2401 3654 verbo
2425 3593 2789 3667 annulletur,
2814 3593 3123 3668 irritetwr,
3144 3592 3458 3669 spolietur,

1885 3691 1947 3746 et
1992 3685 2321 3746 similibus.
2378 3686 2463 3746 De
2494 3684 2683 3746 verbo
2720 3690 2928 3745 autem
2981 3685 3099 3760 fiat
3135 3683 3289 3743 solet
3327 3701 3460 3744 esse

1884 3779 2084 3858 major
2099 3778 2437 3839 dubitatio:
2461 3777 2822 3857 plerumque
2843 3781 3055 3836 autem
3084 3775 3334 3836 videtur
3352 3793 3455 3836 re-

1883 3871 2032 3930 ferri
2076 3872 2153 3931 ad
2199 3871 2489 3932 effectum
2527 3870 2719 3948 ipsius
2753 3870 2933 3947 legis,
2971 3876 3032 3929 et
3060 3868 3240 3929 illum
3264 3868 3462 3947 impe-

1884 3980 2048 4036 rare,
2080 3968 2141 4022 et
2173 3963 2312 4023 ideo
2349 3961 2656 4039 imprimis
2698 3960 3173 4021 considerandus
3216 3965 3306 4021 est
3336 3965 3457 4021 ter-

1886 4054 2096 4113 minus
2123 4054 2224 4113 cui
2252 4053 2615 4133 adJungitur
2639 4073 2650 4114 :
2677 4071 2824 4112 nam
2853 4053 2906 4112 si
2933 4052 3131 4112 solum
3155 4051 3458 4129 significet

1885 4150 2153 4221 reatum,
2184 4163 2292 4206 seu
2326 4143 2792 4223 obligationem,
2818 4148 2983 4206 recte
3006 4144 3231 4222 exponi
3256 4149 3456 4221 potest

1888 4237 1966 4298 116
2016 4255 2201 4315 poena
2245 4238 2524 4312 ferenda,
2569 4242 2641 4296 ut
2689 4238 2743 4296 si
2785 4236 2887 4296 161
2935 4235 3134 4296 dicat:
3186 4237 3342 4299 Fiat
3366 4238 3462 4299 ob-

1889 4332 2109 4394 noxius
2136 4332 2251 4393 tali
2282 4348 2500 4410 poenoe,
2523 4331 2639 4407 fiat
2677 4348 2837 4406 reus,
2874 4330 2992 4406 fiat
3011 4329 3259 4404 debitor,
3291 4334 3351 4389 et
3380 4329 3462 4389 si-

1889 4426 2066 4486 milia
2092 4442 2107 4486 :
2135 4427 2188 4487 si
2217 4433 2427 4487 autem
2472 4427 2650 4487 cadat
2681 4444 2868 4513 super
2909 4426 3113 4502 ipsum
3142 4424 3454 4499 effectum,

1889 4518 2225 4580 verisimile
2265 4525 2355 4580 est
2382 4520 2694 4580 continere
2731 4519 3101 4579 sententiam
3138 4517 3355 4592 latam,
3389 4523 3465 4578 ut

1891 4612 1944 4672 si
1971 4610 2178 4673 dicat:
2229 4612 2388 4675 Fiat
2409 4613 2723 4687 inhabilia,
2752 4612 2868 4689 fiat
2894 4612 3121 4687 nullus,
3163 4612 3281 4688 fiat
3304 4610 3463 4672 irri-

1892 4711 2016 4782 tus,
2070 4707 2184 4780 fiat
2212 4707 2769 4770 eoecommunicatus.
2801 4707 2878 4765 Et
2904 4705 3021 4765 hoc
3056 4704 3303 4765 videtur
3330 4723 3464 4765 esse

1891 4798 2200 4876 regulare,
2253 4798 2374 4858 nisi
2398 4816 2474 4859 61
2497 4798 2756 4859 materia
2784 4803 2846 4857 et
2873 4797 3348 4858 circumstantiis
3375 4797 3460 4858 le-

1894 4890 1988 4968 gis
2037 4891 2208 4952 aliud
2251 4891 2594 4969 colligatur.
2633 4892 2804 4952 Idem
2842 4890 2972 4952 fere
3028 4895 3122 4952 est
3170 4890 3246 4950 de
3274 4890 3462 4951 verbo

1893 4983 2219 5060 subjaceat,
2270 4984 2392 5059 vel,
2442 4984 2742 5058 incurrat,
2786 5001 2936 5044 nam
2964 4983 3017 5043 si
3044 4982 3138 5043 illi
3165 4983 3465 5061 adjunga-

1886 5080 2000 5135 tur
2035 5076 2295 5155 ipsemet
2328 5075 2580 5137 effectus
2617 5078 2684 5136 in
2727 5075 3082 5156 particulari
3124 5092 3312 5154 quem
3357 5075 3459 5135 lex

1892 5169 2025 5249 ipsa
2042 5171 2195 5232 solet
2214 5170 2477 5247 efficere,
2500 5169 2839 5231 continebit
2860 5169 3230 5230 sententiam
3250 5168 3466 5245 latam,

1895 5268 1966 5322 ut
2006 5263 2063 5323 51
2091 5264 2294 5325 dicat:
2333 5264 2495 5343 Subj
2498 5269 2662 5326 accat
2705 5263 3314 5337 excommunicationi,
3357 5262 3469 5324 In-

1898 5361 2109 5418 cwrrat
2128 5357 2571 5419 inhabilitatem
2598 5382 2619 5416 .·
2663 5356 2715 5416 si
2742 5374 2887 5417 vero
2914 5354 3104 5416 verba
3130 5356 3254 5414 sint
3282 5372 3474 5431 gene-

1895 5450 2074 5525 ralia,
2098 5456 2169 5510 ut
2195 5450 2523 5529 Subjaceat
2540 5469 2754 5529 poenoe,
2780 5451 2900 5526 vel,
2931 5432 3128 5543 &adal
3174 5449 3242 5511 in
3277 5448 3469 5509 solum

1897 5543 2160 5610 debitum
2194 5560 2407 5624 poenoe,
2454 5544 2731 5607 incurrat
2775 5548 3009 5608 reatum
3061 5542 3212 5606 talis
3246 5558 3467 5623 ρωποι»,
