3976 6219
803 422 938 476 GAP.
972 423 1169 475 XXXII.
1206 423 1499 487 Quouono
1531 426 1657 478 LEX
1688 422 1849 478 DANS
1879 418 2137 474 vonum
2170 416 2356 471 Ach
2387 415 2468 469 m·
2500 415 2759 481 AnnENS,
2796 415 2931 468 E'rc.

264 527 341 588 ad
356 518 734 588 contractum
761 523 1144 584 matrimonii
1163 542 1239 585 ex
1260 523 1648 588 institutione
1670 526 1824 587 Con-

264 620 389 679 cilii
410 616 777 678 Tridentini.
808 616 1098 695 Idemque
1136 635 1294 697 saepe
1323 617 1658 698 disponunt
1678 620 1822 697 jura

262 711 330 772 in
363 708 854 772 ordinationibus
890 727 1042 788 quas
1083 710 1329 770 irritant
1366 712 1418 771 si
1446 711 1674 791 absque
1712 711 1823 772 tali

261 803 360 865 vel
389 803 497 863 tali
533 801 716 862 modo
747 801 926 876 fiant,
967 820 1021 862 c.
1057 800 1486 879 Almanam,
1528 807 1627 880 12,
1661 823 1719 884 q.
1754 807 1818 879 2,

261 913 404 956 cum
419 893 745 955 similibus.
765 894 884 956 Sed
903 893 990 954 ibi
1012 894 1277 955 irritatio
1298 898 1819 958 accommodanda

260 993 352 1049 est
378 987 683 1061 materiae3
704 1004 852 1046 nam
875 992 966 1047 est
985 992 1233 1047 tantum
1257 989 1542 1067 quaedam
1567 1008 1822 1069 suspen-

259 1080 373 1153 sio,
391 1080 649 1157 ideoque
676 1078 730 1139 si
749 1079 881 1158 ipso
900 1078 1062 1139 facto
1079 1079 1443 1159 imponitur,
1462 1083 1669 1143 statim
1689 1083 1822 1143 sine

260 1171 384 1232 alia
427 1172 731 1232 sententia
788 1171 1123 1232 incurritur
1178 1177 1480 1252 tanquam
1535 1193 1812 1236 censura.

260 1263 429 1324 Idem
463 1264 652 1324 etiam
683 1262 992 1324 observari
1021 1269 1222 1343 potest
1252 1266 1320 1324 in
1347 1268 1819 1328 consecrationi-

258 1355 375 1416 bus
400 1362 508 1416 aut
534 1355 1067 1416 benedictionibus
1093 1356 1174 1416 ab
1200 1357 1471 1419 Ecclesia
1498 1360 1818 1436 institutis,

259 1452 332 1508 ut
365 1448 433 1507 in
466 1449 667 1527 prima
692 1453 969 1525 tonsura,
1007 1449 1075 1510 in
1104 1451 1556 1513 consecratione
1586 1453 1819 1529 altariS,

258 1544 371 1602 aut
404 1540 634 1619 calicis,
679 1541 828 1619 quia
873 1541 924 1601 si
967 1560 1095 1602 non
1131 1549 1450 1603 serventur
1487 1545 1704 1606 formae
1741 1545 1821 1606 ab

261 1632 528 1694 Ecclesia
558 1633 856 1693 institutas
869 1678 890 1709 ,
929 1633 1118 1694 nullae
1162 1641 1349 1696 erunt
1362 1681 1383 1712 ,
1423 1642 1487 1697 et
1524 1637 1821 1699 iterandae

260 1732 407 1786 sunt
432 1726 665 1805 absque
704 1726 826 1786 alia
854 1726 1288 1804 declaratione,
1329 1747 1442 1790 nec
1467 1736 1649 1791 antea
1682 1730 1824 1792 lice-

260 1818 354 1878 bit
384 1820 477 1879 uti
516 1818 744 1879 talibus
770 1818 956 1880 rebus
996 1825 1069 1880 ut
1109 1820 1447 1883 benedictis
1478 1829 1586 1883 aut
1612 1841 1823 1885 conse-

261 1912 469 1973 cratiS.
515 1913 598 1974 De
626 1911 765 1972 aliis
791 1931 940 1974 vero
980 1914 1215 1974 actibus
1243 1915 1444 1995 magis
1470 1917 1824 1997 temporali-

256 2003 375 2065 bus
401 2011 510 2065 aut
538 2005 829 2081 externis,
857 2011 928 2066 ut
953 2013 1100 2067 sunt
1124 2007 1553 2084 alienationes.
1579 2016 1640 2071 et
1667 2009 1822 2071 elec-

258 2097 476 2172 tiones,
515 2103 577 2159 et
595 2098 852 2177 judicia,
874 2105 1018 2175 etc„
1053 2100 1251 2161 videri
1274 2107 1472 2181 potest
1493 2120 1591 2163 res
1619 2103 1819 2182 magis

259 2188 448 2249 dubia
461 2212 478 2263 ;
523 2190 929 2275 nibilominus
977 2191 1145 2252 idem
1194 2193 1527 2255 dicendum
1576 2213 1817 2270 censeo,

260 2283 408 2360 quia
434 2282 531 2343 hae
558 2282 723 2362 leges
750 2303 878 2345 non
917 2284 1261 2346 fundantur
1287 2287 1354 2347 in
1390 2288 1639 2367 propria
1665 2306 1821 2367 prae-

259 2374 632 2453 sumptione,
678 2381 750 2436 ut
781 2376 934 2451 dixi,
979 2382 1043 2437 et
1084 2377 1174 2438 ita
1213 2378 1442 2441 directe
1491 2381 1826 2442 intendunt

259 2468 583 2527 veritatem
614 2473 721 2528 aut
763 2468 1115 2530 nullitatem
1159 2478 1332 2533 actus
1367 2473 1435 2532 in
1471 2491 1557 2549 se,
1598 2492 1728 2534 non
1754 2475 1822 2533 in

260 2560 474 2619 ordine
497 2561 576 2620 ad
600 2560 793 2621 solam
818 2560 1271 2641 probationem,
1289 2571 1399 2626 aut
1420 2567 1728 2628 actionem
1755 2567 1822 2628 in

257 2652 534 2713 humano
550 2653 814 2731 judicio.

341 2749 399 2806 7.
431 2745 624 2808 Actus
650 2748 869 2808 irritos
882 2748 1031 2825 jaem
1057 2748 1228 2811 civili
1256 2767 1328 2811 oco
1354 2750 1585 2827 defectu
1606 2755 1826 2826 formoe

260 2839 483 2915 saepius
505 2839 573 2898 in
596 2838 956 2899 conscientia
985 2840 1204 2901 irritos
1236 2858 1375 2902 esse.
1392 2875 1475 2888 —
1491 2845 1560 2904 In
1583 2844 1826 2923 legibus

259 2935 469 2989 autem
492 2928 775 2989 civilibus
791 2928 1031 2991 facilius
1054 2930 1118 2990 id
1141 2938 1341 3011 potest
1361 2935 1658 3011 accidere,
1678 2938 1824 3016 quia

259 3021 326 3081 in
365 3021 473 3082 illo
500 3022 639 3100 jure
674 3022 980 3102 praecipue
1020 3023 1366 3085 intenditur
1396 3028 1663 3088 exterior
1702 3047 1825 3107 pax

261 3121 323 3176 et
359 3115 725 3192 gubernatio
750 3133 886 3194 quoe
915 3134 1026 3196 per
1053 3116 1294 3195 judices
1326 3119 1603 3180 exhiberi
1644 3122 1819 3183 solet.

259 3207 671 3269 Nihilominus
722 3213 934 3268 tamen
988 3208 1372 3288 frequentius
1422 3231 1642 3273 verum
1696 3232 1825 3276 esse

259 3302 543 3363 existimo
567 3290 915 3363 contractus
956 3309 1018 3364 et
1043 3310 1218 3365 actus
1246 3305 1453 3367 irritos
1484 3308 1623 3386 jure
1637 3309 1817 3372 civili

259 3411 338 3454 ex
369 3393 612 3454 defectu
645 3393 883 3468 formae,
913 3393 980 3454 in
1009 3397 1385 3458 conscientia
1419 3398 1626 3460 irritos
1669 3417 1816 3476 esse,

258 3487 600 3565 praesertim
639 3487 887 3565 quando
914 3488 1226 3568 pertinent
1267 3490 1345 3550 ad
1373 3491 1683 3570 publicam
1715 3495 1823 3554 ad-

262 3580 801 3655 ministrationem,
832 3586 905 3641 ut
943 3587 1088 3642 sunt
1120 3586 1464 3660 sententiae,
1496 3586 1822 3648 electiones

262 3677 322 3732 et
349 3672 602 3747 similes,
629 3691 765 3751 quae
792 3692 831 3734 a
856 3672 1098 3752 legibus
1121 3676 1270 3754 ipsis
1298 3682 1359 3738 et
1385 3683 1681 3756 potestate
1708 3698 1822 3757 pu-

260 3763 421 3823 blica
442 3764 711 3825 multum
735 3766 1028 3845 pendent,
1042 3773 1104 3828 et
1131 3767 1271 3828 ideo
1294 3769 1346 3828 si
1368 3769 1469 3830 lex
1487 3770 1618 3849 ipsa
1643 3771 1819 3832 resis-

263 3856 341 3915 tit
369 3857 691 3932 irritando,
720 3859 931 3918 statim
962 3864 1275 3938 operatur,
1298 3862 1446 3939 quia
1471 3863 1558 3922 ita
1577 3864 1824 3941 expedit

261 3951 576 4011 communi
602 3950 784 4012 bono.
818 3953 886 4011 In
921 3951 1059 4012 aliis
1086 3971 1234 4012 vero
1261 3953 1501 4032 legibus
1528 3973 1665 4033 quae
1689 3974 1822 4017 ma-

261 4042 354 4121 gis
380 4043 708 4104 consulunt
731 4044 1071 4104 commodis
1093 4045 1478 4122 singulorum
1503 4052 1564 4106 et
1582 4055 1822 4125 ponunt

259 4145 526 4196 formam
552 4136 990 4209 contractibus,
1011 4138 1392 4197 testamentis
1411 4144 1473 4199 et
1490 4139 1816 4218 similibus,

256 4227 590 4307 aliquando
627 4227 827 4288 solent
856 4228 1023 4306 leges
1054 4247 1182 4289 non
1212 4229 1455 4291 irritare
1490 4232 1819 4311 obligatio-

257 4337 404 4380 nem
427 4320 762 4395 internam,
799 4337 912 4380 nec
947 4320 1248 4400 impedire
1274 4324 1622 4385 naturalem
1652 4326 1820 4387 valo-

254 4429 388 4472 rem
421 4416 617 4486 actus,
638 4412 745 4472 sed
772 4417 1020 4473 tantum
1043 4412 1144 4473 vel
1171 4431 1400 4493 negare
1426 4417 1729 4478 actionem
1751 4419 1820 4480 in

247 4504 504 4582 judicio,
532 4505 634 4564 vel
659 4504 906 4565 irritare
933 4504 1417 4568 instrumentum
1442 4509 1530 4568 sic
1558 4510 1815 4587 factum,

251 4596 352 4657 vel
377 4597 766 4675 scripturam,
792 4602 862 4656 ut
888 4616 1016 4657 non
1042 4598 1226 4659 faciat
1253 4599 1441 4662 fidem
1462 4601 1529 4661 in
1545 4603 1778 4681 judicio
1792 4626 1809 4679 3

252 4688 583 4767 aliquando
612 4706 757 4749 vero
791 4691 1046 4750 omnino
1074 4691 1322 4752 irritant
1361 4698 1590 4765 actum,
1624 4697 1813 4757 etiam

251 4781 453 4862 quoad
479 4781 753 4841 valorem
779 4782 1144 4843 naturalem.
1192 4785 1264 4843 In
1292 4803 1415 4863 quo
1441 4786 1632 4847 verba
1656 4786 1813 4866 legis

251 4874 525 4950 rigorose
547 4874 862 4952 pensanda
894 4880 1039 4934 sunt
1070 4880 1133 4936 et
1162 4876 1369 4938 stricte
1393 4895 1636 4958 semper
1666 4886 1813 4940 sunt

250 4965 735 5044 interpretanda,
752 4965 900 5045 quia
918 4967 1178 5028 materia
1195 4973 1288 5028 est
1304 4969 1536 5032 odiosa.
1557 4970 1811 5052 Semper

247 5062 458 5118 tamen
499 5075 720 5118 verum
766 5058 1052 5120 existimo
1094 5077 1222 5120 esse
1264 5060 1508 5123 licitum
1545 5063 1615 5125 in
1656 5084 1810 5127 con-

252 5149 510 5210 scientia
536 5150 629 5210 uti
655 5150 754 5210 his
793 5150 1033 5229 legibus
1060 5151 1138 5211 ad
1160 5151 1496 5216 irritandos
1522 5163 1718 5233 actus,
1748 5163 1813 5220 et

248 5259 393 5302 eum
416 5242 524 5320 qui
551 5241 632 5301 ab
653 5241 863 5321 aliqua
889 5241 1264 5322 obligatione
1281 5246 1380 5306 vel
1407 5248 1811 5326 promissione

246 5338 595 5408 excusatur,
642 5333 742 5394 vel
788 5351 920 5394 rem
967 5335 1239 5414 aliquam
1284 5356 1394 5417 per
1438 5342 1810 5403 sententiam

243 5427 472 5504 justam
507 5425 847 5486 secundum
878 5426 1049 5488 illam
1080 5428 1282 5506 legem
1310 5430 1500 5493 latam
1545 5433 1805 5511 obtinet,

239 5522 376 5579 tuta
414 5518 788 5581 conscientia
812 5537 947 5582 rem
982 5520 1263 5583 ohtinere
1277 5567 1300 5599 ,
1335 5528 1398 5585 et
1431 5542 1468 5587 a
1496 5524 1801 5590 solutione

1904 517 2299 598 obligationis
2334 517 2635 591 excusari,
2665 514 2962 596 quamdiu
2991 513 3094 575 lex
3127 514 3324 577 civilis
3350 536 3459 597 per

1901 614 2266 675 canonicam
2291 630 2418 672 non
2442 616 2534 671 est
2557 611 2872 687 derogata,
2899 614 2959 669 et
2981 614 3280 688 tanquam
3295 612 3465 689 justa

1900 707 1968 766 in
1997 724 2108 767 suo
2135 705 2269 765 foro
2297 712 2593 764 servatur.
2614 703 2770 776 Quia
2786 701 2930 762 licet
2948 701 3205 761 fortasse
3230 702 3331 763 lex
3353 723 3466 784 per

1903 816 1967 859 se
1996 797 2189 858 solam
2217 814 2343 857 non
2372 795 2550 856 tollat
2589 795 2845 855 omnino
2886 792 3328 870 obligationem
3358 815 3467 857 na-

1903 892 2194 965 turalem,
2228 890 2336 949 dat
2371 892 2734 969 potestatem
2768 885 2959 965 judici
2985 891 3056 945 ut
3091 886 3346 947 omnino
3372 887 3465 947 ir-

1902 986 2050 1046 ritet
2086 990 2315 1058 actum,
2348 987 2410 1043 et
2453 985 2896 1059 consequenter
2930 978 3109 1039 tollat
3150 979 3323 1040 illam
3365 979 3465 1042 vel

1899 1082 2098 1138 mutet
2116 1076 2206 1137 rei
2233 1074 2581 1136 dominium
2598 1089 2619 1151 3
2639 1090 2788 1133 nam
2807 1072 2925 1132 hoc
2949 1089 3075 1131 non
3098 1072 3339 1133 excedit
3359 1092 3466 1153 po-

1901 1174 2185 1231 testatem
2224 1166 2381 1247 legis
2421 1166 2661 1243 civilis3
2698 1170 2780 1241 et,
2813 1165 3126 1243 supposita
3160 1165 3273 1226 tali
3302 1165 3461 1244 lege,

1900 1262 2315 1325 necessarium
2334 1265 2428 1321 est
2448 1266 2519 1320 ut
2537 1258 2766 1319 servari
2785 1257 2977 1337 possit
2998 1257 3131 1318 sine
3151 1259 3465 1320 occasione

1900 1355 2220 1435 injustitiae
2252 1360 2315 1416 et
2340 1356 2572 1434 peccati
2583 1369 2605 1428 3
2643 1357 2737 1427 ut,
2767 1350 2941 1413 verbi
2970 1351 3191 1429 gratia,
3226 1353 3293 1411 in
3329 1352 3465 1430 lege

1901 1454 2209 1511 statuente
2228 1447 2681 1508 solemnitatem
2700 1444 3076 1519 testamenti,
3087 1443 3233 1504 licet
3250 1443 3466 1505 demus

1901 1562 2013 1624 per
2035 1561 2099 1604 se
2127 1541 2322 1603 solam
2348 1539 2591 1601 irritare
2613 1544 3077 1613 testamentum,
3102 1555 3229 1597 non
3253 1543 3465 1598 tamen

1901 1636 2286 1697 voluntatem
2327 1632 2625 1707 defuncti,
2665 1638 2728 1693 et
2765 1631 2907 1692 ideo
2941 1648 3116 1710 posse
3157 1630 3466 1691 haeredem

1900 1728 2255 1790 institutum
2287 1726 2357 1786 in
2394 1729 2763 1786 testamento
2801 1724 3010 1784 minus
3044 1723 3305 1784 solemni
3332 1729 3468 1784 tuta

1901 1820 2278 1883 conscientia
2311 1819 2578 1881 retinere
2605 1817 3029 1878 hoereditatem
3057 1816 3355 1895 quamdiu
3386 1816 3466 1877 ab

1900 1914 2011 1974 illo
2038 1931 2165 1974 non
2193 1911 2484 1990 exigitur,
2516 1910 2664 1989 quia
2690 1909 3011 1970 moraliter
3039 1914 3237 1969 certus
3263 1914 3356 1970 est
3388 1910 3466 1975 de

1898 2007 2217 2067 voluntate
2254 2004 2528 2065 defuncti
2544 2020 2566 2079 3
2596 2003 3005 2064 nihilominus
3031 2001 3083 2062 is
3117 2004 3225 2081 qui
3262 2002 3340 2062 ab
3370 2003 3466 2062 in-

1898 2106 2119 2161 testato
2141 2098 2391 2159 deberet
2414 2098 2737 2159 succedere
2756 2097 2982 2174 poterit
3003 2100 3137 2155 tuta
3153 2096 3467 2158 conscien-

1897 2195 1987 2254 tia
2015 2194 2190 2254 litem
2217 2209 2467 2252 movere
2495 2195 2559 2251 et
2579 2188 2890 2270 postulare
2912 2187 3358 2264 haereditatem,
3378 2193 3462 2263 et,

1899 2287 1953 2347 si
1984 2285 2345 2360 obtinuerit,
2373 2283 2639 2345 retinere
2680 2282 2878 2357 illam,
2911 2282 3057 2360 quia
3083 2279 3186 2341 lex
3217 2279 3334 2340 hoc
3374 2279 3466 2340 illi

1900 2379 2200 2454 concedit,
2240 2383 2303 2439 et
2337 2376 2554 2438 saltem
2582 2394 2693 2456 per
2728 2375 3103 2436 sententiam
3137 2373 3469 2436 efficaciter

1901 2471 2262 2550 applicatur.
2295 2472 2371 2530 Et
2402 2488 2512 2549 per
2543 2469 2675 2530 haec
2702 2468 2824 2529 alia
2852 2466 3101 2542 similia,
3144 2466 3213 2527 in
3240 2466 3467 2545 quibus

1902 2582 2132 2642 magna
2183 2568 2275 2624 est
2321 2562 2586 2623 varietas
2630 2560 3023 2641 opinionum,
3065 2558 3468 2639 probabiliter

1901 2658 2232 2735 conjectari
2257 2660 2534 2736 possunt.

1983 2751 2044 2809 8.
2093 2750 2237 2823 Quoe
2280 2748 2581 2825 corruptio
2604 2748 2821 2822 formoe
2840 2745 3124 2822 sufficiat
3154 2746 3236 2806 ad
3254 2744 3469 2805 annul-

1903 2841 2147 2903 landum
2175 2837 2699 2917 ηψπ-ΔΕΜ
2724 2839 2991 2900 sentiunt
3019 2837 3086 2898 in
3114 2838 3220 2899 hoo
3244 2854 3468 2915 parum

1897 2951 2012 3011 pro
2040 2936 2231 2995 nihilo
2258 2934 2674 3011 reputandum.
2700 2964 2783 2977 —
2799 2931 3031 2992 Ultima
3055 2930 3307 3010 quaestio
3340 2947 3466 2991 esse

1901 3029 2103 3104 potest
2151 3030 2384 3103 quanta
2435 3023 2746 3101 corruptio
2793 3023 3210 3083 substantialis
3249 3022 3464 3082 formae

1903 3117 2166 3178 sufficiat
2192 3117 2289 3179 vel
2314 3117 2652 3177 necessaria
2681 3116 2760 3175 sit
2787 3115 2863 3175 ad
2887 3115 3340 3175 annullandum
3368 3133 3465 3176 ac-

1903 3216 2041 3271 tum
2063 3227 2084 3287 3
2110 3216 2201 3272 est
2229 3211 2396 3272 enim
2433 3209 2573 3270 talis
2599 3209 2800 3268 forma
2826 3208 3170 3282 divisibilis,
3202 3213 3262 3268 et
3285 3207 3466 3287 plura

1903 3306 2116 3381 verba,
2147 3306 2440 3379 actiones,
2466 3309 2574 3364 aut
2600 3308 2804 3374 teste5‚
2830 3301 2928 3363 vel
2958 3302 3106 3381 quid
3136 3302 3335 3362 simile
3369 3319 3464 3362 re-

1904 3398 2117 3476 quirit.
2144 3398 2319 3458 Unde
2349 3396 2553 3458 omitti
2577 3400 2779 3476 potest
2807 3393 2908 3456 vel
2933 3387 3015 3454 in”
3027 3400 3248 3470 totum,
3270 3394 3369 3455 vel
3396 3394 3464 3454 in

1903 3495 2104 3568 parte,
2133 3498 2242 3551 aut
2270 3491 2442 3568 gravi
2469 3494 2576 3549 aut
2614 3488 2753 3549 levi.
2807 3489 2884 3548 Et
2916 3487 3169 3567 quidem
3203 3487 3253 3546 si
3282 3487 3464 3547 omit-

1904 3588 2073 3643 tatur
2101 3583 2377 3658 omnino,
2408 3582 2509 3643 vel
2547 3581 2615 3641 in
2642 3586 2814 3661 parte
2850 3581 3049 3659 gravi,
3099 3585 3336 3641 certum
3373 3585 3465 3640 est

1903 3675 2216 3736 annullari
2243 3680 2470 3735 actum.
2496 3672 2764 3734 Dubium
2778 3692 2926 3734 vero
2946 3692 3073 3735 esse
3090 3671 3245 3734 solet
3267 3690 3433 3752 quan
3446 3705 3464 3719 -

1904 3769 1983 3828 do
2019 3768 2082 3828 id
2119 3769 2280 3847 quod
2321 3768 2631 3829 omittitur
2670 3766 2804 3827 leve
2832 3773 2924 3828 est
2961 3772 3069 3826 aut
3101 3766 3457 3827 minimum.

1904 3861 2112 3940 Aliqui
2126 3861 2294 3921 enim
2309 3860 2663 3921 existimant
2681 3864 2830 3918 tunc
2844 3865 3050 3919 actum
3064 3877 3190 3919 non
3207 3858 3463 3934 irritari,

1906 3954 2055 4033 quia
2071 3953 2138 4012 in
2158 3952 2491 4013 moralibus
2515 3969 2735 4030 parum
2764 3969 2876 4029 pro
2903 3951 3100 4011 nihilo
3115 3956 3462 4029 reputatur.

1904 4049 1999 4107 Ita
2028 4046 2214 4107 sentit
2251 4046 2501 4120 Molina,
2539 4049 2714 4104 tract.
2748 4045 2786 4103 2
2814 4044 2890 4103 de
2921 4043 3156 4118 Justit.,
3194 4043 3466 4122 disputa-

1901 4137 2054 4198 tion.
2079 4139 2180 4212 81,
2202 4137 2267 4197 in
2289 4136 2415 4197 fine
2436 4155 2449 4212 3
2473 4142 2535 4197 et
2556 4136 2744 4197 refert
2762 4135 3060 4197 Molinam
3086 4134 3130 4195 l.
3164 4137 3203 4195 2
3231 4136 3463 4195 Primo-

1902 4247 2070 4309 gen.,
2111 4248 2245 4310 cap.
2277 4231 2338 4305 6,
2373 4248 2439 4290 n.
2473 4230 2573 4305 33,
2603 4246 2746 4289 cum
2774 4230 2938 4289 Bart.
2973 4233 3035 4288 et
3066 4226 3227 4302 aliis,
3257 4227 3464 4288 dicen-

1901 4330 2030 4384 tem
2058 4323 2452 4384 omissionem
2492 4321 2747 4383 modicoe
2779 4320 3182 4382 solemnitatis
3210 4338 3338 4380 non
3369 4320 3463 4380 vi-

1903 4417 2094 4491 tiare3
2126 4422 2186 4477 et
2216 4416 2379 4477 idem
2416 4415 2604 4476 sentit
2639 4415 2845 4476 Alvar.
2880 4413 3081 4474 Valas,
3119 4419 3273 4474 tom.
3308 4416 3367 4488 1,
3393 4412 3464 4473 in

1903 4509 2118 4571 consil.
2140 4511 2241 4584 52,
2262 4527 2328 4569 ιι.
2357 4510 2417 4583 8,
2443 4526 2520 4569 ex
2536 4508 2576 4567 l.
2608 4507 2774 4567 unic.
2782 4551 2803 4582 ,
2827 4505 2864 4586 ξ
2883 4505 3026 4581 ιι1ι.,
3048 4504 3115 4565 ff.
3138 4505 3215 4567 de
3233 4506 3465 4566 Ventre

1900 4602 2305 4682 inspiciendO,
2336 4600 2422 4661 ibi
2452 4621 2466 4660 z
2504 4600 2691 4674 Quale
2717 4604 2805 4661 est
2830 4598 3010 4673 enim,
3036 4598 3268 4677 siquid
3284 4616 3356 4660 etv
3376 4598 3465 4660 iis

1901 4713 2034 4776 quoe
2080 4695 2290 4759 leviter
2320 4693 2679 4756 observanda
2702 4696 2934 4770 proetor
2976 4692 3191 4765 edixit,
3222 4708 3339 4751 non
3375 4689 3465 4752 sit

1899 4791 2154 4865 sactum.
2196 4788 2274 4846 Et
2304 4786 2467 4846 hanc
2496 4784 2866 4846 sententiam
2895 4783 3167 4844 referens
3201 4782 3456 4861 Gregor.

1900 4880 2097 4958 Lopez
2130 4879 2197 4939 in
2235 4876 2280 4938 l.
2325 4879 2388 4953 5,
2436 4878 2533 4938 tit.
2566 4878 2628 4952 6,
2668 4882 2828 4957 part.
2870 4880 2930 4951 6,
2962 4876 3155 4937 Gloss.
3203 4877 3279 4950 4,
3322 4892 3461 4935 eam

1903 4990 2030 5032 non
2058 4971 2388 5052 improbat.
2433 4972 2561 5031 Hoc
2595 4972 2782 5031 etiam
2830 4970 3077 5030 videtur
3116 4985 3462 5048 supponere

1899 5064 2092 5125 Felin.
2121 5082 2262 5124 cum
2283 5062 2497 5123 multis
2517 5081 2670 5142 quos
2687 5062 2876 5124 refert
2895 5062 2962 5122 in
2981 5079 3117 5140 cap.
3133 5061 3245 5122 Em
3257 5064 3457 5138 parto,

1898 5157 1975 5217 de
2004 5156 2285 5232 Constit„
2315 5174 2382 5215 n.
2429 5157 2491 5230 5,
2534 5154 2601 5214 in
2641 5154 2838 5233 princ.
2876 5153 3052 5228 Quod
3086 5153 3139 5214 si
3178 5152 3459 5232 inquiras

1895 5266 2034 5328 quae
2067 5247 2317 5308 omissio
2362 5246 2767 5307 solemnitatis
2815 5247 2896 5306 sit
2934 5245 3087 5307 levis
3128 5242 3454 5318 censenda,

1892 5340 2267 5421 respondent
2298 5339 2415 5402 hoc
2443 5357 2573 5401 esse
2614 5339 2868 5400 arbitrio
2917 5339 3238 5418 prudentis
3267 5337 3457 5405 relin-

1891 5433 2229 5516 quendum.

1965 5530 2030 5590 9.
2073 5527 2294 5590 Actum
2319 5526 2573 5589 irritari
2612 5525 2682 5588 in
2725 5542 3087 5610 quacumque
3136 5526 3454 5596 omissione
