3976 6219
871 427 1006 479 GAP.
1040 428 1125 479 xl.
1163 427 1305 489 QUAE
1336 426 1416 478 ΕΤ
1448 424 1669 489 QUALIS
1701 423 2140 477 PROMULGATIO
2169 424 2266 477 SIT
2297 426 2378 477 DE
2409 426 2680 489 RATIONE
2712 425 2903 478 LEGIS.

283 527 449 601 fidei,
481 546 591 606 per
618 527 783 606 quod
824 526 925 586 lex
954 526 1059 585 illa
1089 526 1536 600 manifestatur,
1577 525 1715 584 ideo
1745 524 1836 582 di-

280 622 441 680 citur
463 627 764 698 quantum
797 625 888 679 est
916 636 993 678 ex
1021 637 1082 679 se
1115 637 1327 679 omnes
1355 619 1731 691 illuminare,
1768 621 1839 674 ut

281 714 347 772 in
376 718 634 772 tractatu
674 712 749 771 de
770 712 978 772 Gratia
1005 710 1125 770 late
1157 712 1454 771 dicemus.
1481 712 1556 770 Et
1576 711 1663 769 ita
1682 711 1840 769 sicut

281 822 601 881 nunquam
652 804 847 863 defuit
902 804 967 863 in
1010 803 1296 863 universo
1341 802 1649 862 sufficiens
1695 801 1837 861 fidei

278 896 637 974 propositio,
663 901 963 973 quantum
985 895 1102 955 fuit
1129 914 1205 955 ex
1223 901 1398 974 parte
1420 895 1552 968 Dei,
1570 895 1656 953 ita
1681 912 1840 952 nun-

279 1006 469 1066 quam
491 988 687 1047 defuit
708 988 1019 1047 sufficiens
1039 987 1205 1047 illius
1222 988 1374 1065 legis
1396 987 1833 1067 promulgatio.

278 1081 493 1141 Modus
539 1087 748 1140 autem
804 1082 975 1158 quasi
1031 1081 1445 1140 connaturalis
1493 1080 1658 1139 illius
1686 1079 1840 1156 legis

278 1173 419 1246 fuit,
453 1179 523 1232 ut
549 1172 849 1250 inciperet
878 1191 915 1231 a
939 1173 1148 1232 divina
1190 1174 1597 1247 revelation03
1630 1177 1838 1249 postea

276 1284 426 1326 vero
449 1283 559 1343 per
585 1265 980 1324 traditionem
1001 1265 1397 1325 descenderet
1424 1284 1461 1324 a
1482 1263 1839 1343 parentibus

278 1358 356 1417 ad
384 1357 567 1431 filios,
592 1358 1008 1436 praeveniente
1035 1357 1220 1416 simul
1244 1363 1306 1417 et
1332 1362 1693 1435 cooperante
1714 1357 1837 1415 Deo

280 1467 424 1508 cum
476 1449 733 1526 singulis
781 1450 858 1509 ad
916 1449 1431 1509 illuminationem
1475 1448 1640 1508 illius
1683 1448 1838 1525 legis

278 1541 775 1618 percipiendam3
806 1543 912 1601 sed
934 1542 1010 1602 de
1042 1542 1156 1602 hoc
1188 1542 1367 1621 plura
1390 1544 1456 1601 in
1483 1542 1646 1601 dicto
1675 1547 1838 1602 trac-

282 1637 416 1691 tatu
446 1632 522 1692 de
556 1632 786 1692 Gratia.

364 1724 423 1782 5.
468 1723 605 1783 Alia
636 1741 779 1783 vero
806 1725 961 1784 ratio
990 1731 1081 1785 est
1111 1725 1185 1784 de
1217 1725 1353 1801 1636
1383 1726 1667 1803 positiva,
1709 1726 1834 1785 sive

283 1815 515 1890 divina,
547 1817 674 1876 sive
694 1817 1002 1878 humana:
1036 1817 1165 1876 haec
1194 1819 1360 1876 euim
1385 1836 1626 1895 semper
1644 1818 1840 1876 fertur

284 1926 394 1986 per
420 1927 483 1967 se
512 1910 714 1987 primo
736 1927 847 1987 pro
884 1910 1091 1987 aliqua
1125 1910 1585 1981 communitate,
1612 1914 1675 1967 et
1706 1909 1842 1967 ideo

282 2016 523 2076 semper
568 2001 827 2077 requirit
867 2018 1080 2060 vocem
1126 1999 1436 2078 publicam
1480 1999 1845 2076 legislatoris

280 2107 391 2167 per
426 2108 488 2149 se
517 2092 613 2150 vel
648 2109 757 2169 per
801 2093 996 2152 alium
1039 2092 1468 2151 communitati
1497 2091 1847 2169 loquentis;

280 2199 407 2240 non
435 2185 646 2241 tamen
674 2200 751 2242 ex
795 2201 859 2243 se
898 2183 1272 2243 determinat
1307 2195 1545 2242 certum
1592 2183 1848 2242 modum

280 2272 445 2332 illius
476 2273 737 2351 publicae
770 2274 1305 2346 manifestatiouiS,
1333 2274 1438 2333 sed
1470 2274 1549 2333 ab
1584 2275 1850 2352 ipsomet

277 2364 624 2442 legislatore
658 2367 1140 2444 praescribeudus
1168 2372 1281 2440 est,
1313 2367 1461 2444 quia
1491 2385 1616 2425 non
1644 2372 1845 2445 potest

280 2456 529 2517 aliunde
558 2458 981 2518 determinari.
1018 2460 1092 2517 Et
1119 2459 1205 2517 ita
1251 2459 1644 2518 observatum
1672 2458 1844 2518 vide-

283 2567 420 2608 mus
449 2551 667 2610 tamin
695 2550 934 2628 legibus
957 2551 1181 2610 divinis
1205 2569 1392 2629 quam
1420 2551 1488 2610 in
1527 2550 1837 2609 humanis.

284 2641 456 2713 Quod
506 2643 759 2720 quidem
802 2643 878 2702 de
919 2643 1053 2721 lege
1107 2643 1316 2703 divina
1364 2644 1557 2703 veteri
1606 2648 1842 2703 constat

284 2732 476 2792 Exodi
511 2736 585 2794 19
615 2741 675 2794 et
701 2736 803 2809 20,
834 2735 943 2794 ubi
972 2736 1212 2813 magnis
1234 2736 1426 2813 signis
1458 2741 1521 2795 et
1546 2734 1841 2814 prodigiis

283 2825 670 2904 promulgata
697 2833 789 2886 est
817 2827 1061 2906 publice
1094 2845 1109 2887 :
1146 2828 1222 2887 de
1271 2828 1406 2906 lege
1445 2834 1653 2887 autem
1682 2845 1843 2887 nova

283 2935 361 2976 ex
378 2917 626 2977 Actibus
640 2918 1095 2997 Apostolorum,
1121 2917 1229 2979 ubi
1263 2926 1398 2998 post
1417 2918 1843 2979 admirabilem

285 3013 348 3068 et
376 3008 690 3086 publicum
719 3011 1055 3071 adventum
1084 3011 1350 3090 Spiritus
1389 3011 1581 3070 sancti
1598 3056 1616 3085 ,
1661 3010 1846 3088 coepit

283 3100 364 3161 ab
391 3101 694 3180 Apostolis
724 3102 965 3182 publice
1015 3104 1356 3182 praedicari,
1396 3102 1591 3163 donec
1626 3103 1693 3162 in
1722 3121 1849 3162 om-

283 3212 415 3255 nem
471 3200 695 3256 terram
735 3197 926 3257 exivit
951 3214 1130 3258 sonus
1180 3215 1399 3257 eorum.
1428 3197 1511 3255 De
1557 3212 1681 3273 qua
1706 3210 1849 3272 pro-

284 3286 667 3364 mulgatione
697 3288 947 3365 quando
978 3293 1399 3348 consummata
1448 3286 1636 3346 fuerit
1684 3286 1848 3345 dice-

282 3396 426 3438 mus
452 3380 519 3438 in
548 3379 767 3441 ultimo
794 3379 974 3440 libro.
1008 3381 1091 3440 De
1119 3379 1362 3456 legibus
1395 3384 1604 3438 autem
1625 3377 1846 3437 huma-

282 3470 385 3529 nis
418 3470 584 3530 idem
612 3477 850 3532 constat
874 3490 948 3532 ex
977 3490 1117 3545 usu,
1149 3478 1209 3532 et
1237 3471 1439 3550 quoad
1468 3471 1633 3548 leges
1663 3486 1846 3530 cano·

280 3566 454 3623 nicas
478 3565 743 3623 sumitur
767 3583 845 3625 ex
879 3583 1012 3644 cap.
1047 3570 1098 3640 Ι,
1128 3565 1205 3626 (16
1236 3565 1463 3626 Postul.
1495 3565 1759 3638 Praelat.,
1785 3569 1847 3623 et

280 3675 363 3717 ex
413 3675 545 3735 cap.
588 3659 629 3716 2
659 3658 734 3718 de
761 3659 1013 3719 Constit.
1052 3676 1067 3718 ε
1104 3658 1306 3737 quoad
1334 3657 1540 3718 civiles
1566 3675 1712 3717 vero
1742 3657 1845 3716 de-

279 3747 590 3809 claratum
622 3749 738 3811 hoc
764 3757 857 3811 est
885 3751 950 3810 in
973 3751 1326 3811 Anthentic.
1372 3751 1451 3812 Ut
1468 3751 1644 3812 factae
1668 3767 1846 3810 novae

278 3843 773 3921 constitutiones,
821 3845 1027 3905 collat.
1075 3847 1134 3906 5.
1180 3846 1353 3906 Unde
1398 3845 1722 3906 Gratianus
1778 3845 1844 3905 in

276 3937 316 4016 ξ
336 3935 493 4010 Sub,
525 3954 657 4015 cap.
692 3939 775 3999 In
800 3940 961 4012 istis,
998 3936 1060 3997 d.
1087 3941 1127 3998 4
1165 3959 1179 3997 τ
1217 3939 1403 4017 Leyes
1434 3939 1680 4017 (inquit)
1706 3944 1846 3999 tuno

275 4031 716 4105 instituuntur,
738 4049 869 4093 oum
886 4030 1374 4110 promulyantur.
1404 4033 1470 4091 ln
1492 4030 1846 4108 particulari

276 4129 496 4183 autem
537 4123 614 4182 de
647 4124 1138 4202 promulgatione
1167 4124 1462 4201 requisita
1489 4123 1558 4181 in
1591 4122 1849 4199 singulis

277 4215 619 4294 generibus
646 4215 879 4293 legum,
918 4215 1258 4294 praesertim
1290 4214 1730 4287 humanarum,
1758 4212 1842 4271 di·

276 4324 499 4367 cemus
524 4306 784 4368 inferius
806 4326 916 4367 suo
944 4307 1101 4368 loco,

363 4399 426 4459 6.
479 4398 624 4471 Quoe
663 4401 996 4477 propositio
1032 4404 1088 4460 et
1121 4398 1526 4477 promulyatio
1569 4397 1721 4476 leyis
1765 4395 1852 4459 sit

274 4492 644 4554 necessaria.
666 4490 868 4552 —An
888 4491 1297 4570 promulyatio
1339 4492 1423 4551 sit
1452 4490 1707 4551 conditio
1744 4507 1849 4551 no-

275 4586 555 4648 cessaria
582 4603 653 4647 ex
686 4591 862 4664 parte
889 4586 1041 4665 legis
1069 4586 1417 4663 obliquatis,
1449 4603 1529 4646 an
1573 4602 1644 4645 eo:
1675 4589 1851 4662 parte

273 4677 664 4739 subditorum
692 4678 797 4756 qui
831 4677 1459 4755 obliquatam—Nunc
1487 4693 1635 4753 ergo
1657 4675 1724 4734 in
1747 4694 1853 4754 ge-

272 4786 436 4831 nere
469 4768 732 4829 sufficiat
777 4769 1185 4830 necessariam
1222 4786 1350 4828 esse
1398 4768 1669 4846 aliquam
1712 4786 1852 4846 pro-

270 4863 658 4942 positionem
685 4869 1006 4923 externam
1034 4868 1097 4922 et
1128 4860 1479 4921 sensibilem
1510 4860 1736 4919 factam
1765 4861 1851 4920 ita

270 4955 558 5036 publice,
597 4961 659 5015 et
694 4972 836 5014 cum
880 4959 1055 5014 tanta
1077 4953 1370 5030 temporis
1396 4952 1745 5025 latitudine,
1781 4957 1852 5010 ut

271 5047 609 5108 moraliter
630 5047 817 5125 possit
852 5045 930 5105 ad
976 5045 1260 5105 notitiam
1282 5044 1473 5103 totius
1500 5043 1852 5102 communi-

270 5141 428 5200 tatis
454 5139 770 5212 devenire,
786 5138 933 5217 quia
952 5137 1069 5196 hoc
1092 5136 1311 5196 saltem
1333 5136 1745 5196 necessarium
1764 5139 1856 5195 est

269 5238 349 5291 ut
378 5231 665 5307 obligare
700 5231 909 5309 possit,
932 5231 1097 5308 quod
1125 5248 1235 5308 per
1261 5247 1324 5290 se
1348 5229 1426 5288 ad
1460 5229 1662 5306 legem
1682 5247 1855 5307 spec-

270 5329 391 5384 tat.
432 5326 537 5383 An
560 5341 706 5383 vero
737 5324 813 5383 ad
842 5323 1112 5400 aliquem
1156 5322 1442 5382 effectum
1472 5321 1625 5398 legis
1653 5322 1858 5382 minor

275 5415 709 5495 promulgatio
756 5415 1038 5483 sufficiat,
1088 5414 1271 5473 habet
1311 5413 1633 5492 specialem
1664 5431 1857 5489 quaes-

3400 426 3474 484 51

1918 524 2216 599 divinam,
2254 544 2391 603 quae
2425 545 2496 585 ex
2524 527 2776 586 diversis
2822 526 3137 605 principiis
3166 528 3384 603 oritur,
3416 535 3479 589 et

1918 616 2056 675 ideo
2080 619 2398 677 tractando
2416 620 2492 677 de
2521 618 2639 677 illis
2670 618 2886 677 melius
2908 619 3333 698 explicabitur.
3365 623 3477 681 Po·

1917 713 2037 768 test
2062 714 2269 768 autem
2298 710 2396 769 hic.
2425 712 2618 789 quaeri
2645 730 2727 769 au
2767 711 2897 770 haec
2925 713 3341 791 promulgatio
3377 734 3482 775 re-

1919 800 2204 876 quiratur
2227 802 2425 861 solum
2455 809 2525 861 ut
2553 802 2820 861 conditio
2849 805 3185 863 necessaria
3209 824 3283 864 ex
3307 814 3479 884 parte

1919 891 2212 965 hominiS,
2240 893 2384 969 quia
2404 911 2530 952 non
2549 899 2748 971 potest
2768 893 3051 971 obligari,
3083 897 3197 955 nisi
3224 915 3479 974 cognos-

1920 989 2017 1042 cat
2039 983 2264 1061 legem,
2289 985 2387 1044 vel
2415 986 2602 1045 etiam
2627 986 2979 1064 requiratur
2992 1005 3067 1046 ex
3092 997 3263 1066 parte
3293 992 3480 1069 ipsius

1920 1074 2098 1152 16315,
2129 1075 2275 1153 quia
2327 1095 2451 1136 non
2480 1083 2676 1154 potest
2714 1077 3010 1155 obligare,
3059 1081 3181 1139 nisi
3230 1084 3309 1142 sit
3343 1102 3481 1161 pro-

1918 1167 2218 1243 mulgata.
2247 1168 2424 1228 Multi
2470 1170 2637 1229 enim
2662 1169 2820 1228 nihil
2851 1171 3014 1230 inter
3055 1172 3185 1233 haec
3210 1176 3334 1235 duo
3362 1176 3482 1236 dis·

1917 1261 2202 1337 tinguere
2226 1261 2514 1322 videntur
2540 1278 2555 1321 :
2578 1263 2742 1321 unde
2764 1263 2970 1323 Castro
3019 1265 3124 1325 lih.
3157 1268 3304 1341 1,de
3319 1271 3480 1347 Lege

1918 1353 2170 1429 poenal.,
2214 1372 2346 1432 cap.
2397 1358 2455 1428 1,
2502 1359 2741 1414 tantam
2777 1355 2923 1414 dicit
2949 1374 3078 1415 esse
3124 1357 3308 1436 hujus
3339 1380 3481 1439 pro-

1923 1443 2320 1521 mulgationis
2367 1447 2815 1519 necessitatem,
2865 1453 2932 1505 ut
2982 1466 3095 1507 1166
3148 1450 3307 1510 1)6115
3349 1454 3481 1531 ipse

1919 1537 2108 1614 possit
2135 1536 2271 1613 lege
2286 1538 2545 1616 positiva
2568 1538 2646 1597 ab
2665 1557 2737 1598 eo
2759 1539 2903 1598 data
2918 1540 3186 1618 aliquem
3207 1543 3481 1621 obligare

1918 1628 2051 1687 sine
2089 1627 2242 1704 legis
2272 1629 2705 1705 publicatione.
2735 1631 2860 1689 Hoc
2892 1637 3102 1691 autem
3146 1641 3236 1693 est
3263 1654 3480 1698 verum

1919 1720 1995 1780 de
2020 1720 2455 1797 publicatione,
2474 1730 2542 1781 ut
2565 1722 2715 1782 dicit
2737 1724 3018 1783 notitiam
3047 1725 3202 1803 legis
3231 1747 3482 1808 propor-

1918 1814 2221 1873 tionatam
2250 1814 2610 1892 obligationi
2639 1838 2652 1874 :
2679 1816 2808 1876 haec
2826 1818 2992 1877 enim
3026 1824 3117 1878 est
3145 1825 3484 1883 necessaria
3530 1892 3536 1896 ¹

1923 1921 1995 1962 ex
2025 1911 2196 1980 parte
2239 1905 2429 1983 ipsius
2459 1906 2748 1982 hominis,
2774 1909 2921 1986 quia
2948 1910 3068 1968 nisi
3095 1911 3151 1970 ei
3179 1931 3484 1992 propona-

1925 2001 2027 2053 tur
2050 1995 2384 2073 objectum,
2418 2017 2542 2057 non
2570 2006 2765 2077 potest
2800 2004 3030 2061 moveri
3060 2022 3172 2063 nec
3203 2025 3476 2084 peccare,

1932 2091 1994 2144 et
2022 2086 2108 2145 ita
2135 2105 2261 2146 non
2281 2095 2475 2166 potest
2497 2109 2638 2149 cum
2658 2091 2877 2151 effectu
2896 2093 3179 2170 obligari.
3206 2098 3483 2159 Promul-

1931 2177 2100 2252 gatio
2125 2185 2331 2238 autem
2359 2180 2603 2258 publica
2633 2188 2693 2241 et
2727 2189 3000 2258 externa,
3045 2205 3116 2246 ac
3157 2191 3481 2268 sensibilis,

1928 2269 2004 2329 de
2035 2289 2158 2347 qua
2182 2290 2346 2331 nunc
2374 2279 2726 2349 tractamuS,
2763 2293 2889 2336 non
2912 2284 3001 2336 est
3033 2280 3118 2339 ita
3147 2285 3489 2344 necessaria

1925 2362 1990 2421 in
2020 2362 2264 2439 legibus
2299 2365 2404 2423 Dei
2433 2366 2509 2425 de
2542 2368 2817 2444 potentia
2849 2369 3149 2446 absoluta,
3176 2375 3329 2451 quin
3351 2395 3488 2454 pos-

1923 2454 2003 2513 sit
2043 2455 2173 2533 ipse
2209 2463 2506 2535 tanquam
2534 2477 2854 2537 supremus
2889 2462 3175 2524 dominus
3214 2466 3486 2546 obligare

1922 2565 2139 2606 omnes
2177 2567 2286 2626 per
2329 2550 2635 2627 privatam
2669 2554 2953 2612 notitiam
2980 2556 3168 2617 etiam
3196 2576 3365 2619 mere
3393 2562 3488 2621 in·

1921 2641 2213 2701 teriorem
2251 2662 2263 2702 ε
2299 2643 2401 2703 1116
2448 2651 2656 2704 autem
2686 2646 2907 2705 modus
2943 2666 3070 2708 non
3104 2658 3260 2712 esset
3286 2653 3486 2715 homi-

1920 2732 2104 2793 nibus
2132 2736 2647 2812 accommodatuS,
2681 2744 2742 2798 et
2786 2742 3127 2817 praesertim
3176 2763 3287 2822 pro
3328 2748 3485 2808 mul-

1920 2825 2186 2885 titudine
2236 2844 2342 2886 seu
2394 2829 2835 2889 communitate
2883 2831 3177 2894 humana.
3225 2837 3306 2896 At
3337 2857 3485 2900 vero

1922 2916 2304 2995 simpliciter,
2345 2927 2407 2978 et
2448 2937 2522 2980 ex
2578 2926 2801 2981 natura
2848 2923 2939 2983 rei
2965 2924 3295 3004 loquendo,
3346 2932 3488 2991 talis

1928 3008 2344 3084 promulgatio
2401 3017 2493 3069 est
2546 3015 2886 3073 necessaria
2943 3033 3019 3074 ex
3070 3025 3242 3095 parte
3297 3021 3488 3099 ipsius
3539 3026 3546 3035 “

1926 3098 2102 3176 16315,
2125 3101 2269 3179 quia
2284 3100 2400 3161 hoc
2419 3103 2686 3180 postulat
2703 3107 2971 3167 conditio
2985 3108 3162 3187 16315,
3184 3121 3488 3190 quatenus

1928 3198 2021 3251 est
2042 3193 2256 3270 regula
2281 3194 2527 3271 publica
2557 3197 2745 3256 totius
2769 3203 3252 3278 communitatiS,
3278 3213 3346 3265 ut
3363 3207 3491 3267 dic-

1929 3291 2063 3344 tum
2099 3293 2188 3346 est
2205 3302 2225 3362 ;
2257 3293 2320 3346 et
2344 3287 2483 3347 ideo
2512 3288 2657 3348 licet
2691 3290 2788 3349 lex
2813 3292 2893 3350 sit
2919 3311 2956 3351 a
2984 3295 3258 3373 principe
3279 3297 3488 3360 decre-

1928 3384 1991 3437 ta
2014 3384 2075 3438 et
2101 3379 2401 3456 publicari
2431 3382 2745 3458 mandata,
2776 3385 3075 3461 quamdiu
3099 3391 3488 3469 promulgata

1926 3488 2054 3529 non
2077 3476 2167 3530 est
2192 3489 2318 3531 non
2342 3471 2598 3550 obligat,
2622 3475 2862 3534 etiamsi
2888 3477 3181 3554 privatim
3217 3482 3481 3543 sciatur:

1928 3568 2252 3640 postquam
2293 3570 2500 3623 autem
2536 3568 2927 3645 promulgata
2977 3576 3091 3645 est,
3142 3572 3217 3632 de
3259 3593 3322 3635 se
3352 3576 3487 3652 jam

1926 3655 2160 3733 obligat
2179 3674 2392 3717 omnes
2409 3658 2484 3717 ad
2506 3677 2658 3736 quos
2677 3678 2786 3738 per
2810 3680 2873 3721 se
2893 3669 3095 3740 potest
3113 3666 3333 3727 notitia
3356 3669 3489 3746 ejus

1925 3749 2280 3826 pervenire3
2318 3768 2430 3810 nec
2463 3757 2703 3829 oportet
2730 3755 2946 3815 utalia
2975 3756 3284 3819 intimatio
3312 3763 3488 3838 quasi

1919 3840 2186 3918 juridica
2205 3841 2463 3918 singulis
2481 3843 2611 3919 fiat,
2646 3849 2717 3903 ut
2736 3845 2966 3907 dicitur
2994 3848 3053 3909 d.
3089 3867 3143 3908 c.
3183 3853 3211 3909 1
3257 3851 3332 3912 de
3350 3856 3489 3915 Pos-

1924 3932 2038 3991 tul.
2059 3932 2324 4008 Praelat.,
2348 3939 2409 3993 et
2425 3935 2745 3996 tractando
2760 3937 2836 3997 de
2851 3937 2986 4016 lege
3006 3941 3280 4003 humana
3303 3944 3488 4007 latius

1926 4023 2353 4102 explicabitur.

2010 4118 2069 4174 7.
2115 4115 2216 4176 An
2244 4118 2329 4176 sit
2369 4117 2436 4175 de
2469 4117 2702 4177 ratione
2734 4120 2884 4196 leyis
2929 4127 3250 4199 acceptatio
3289 4130 3491 4190 subdi-

1930 4205 2513 4268 torum—Dubitari
2540 4224 2685 4265 vero
2711 4207 2813 4267 hic
2842 4209 3095 4272 ulterius
3120 4222 3378 4293 poterat,
3406 4239 3489 4281 611

1930 4299 2008 4358 (16
2032 4297 2270 4357 ratione
2313 4297 2466 4374 legis
2504 4298 2583 4356 sit
2626 4299 2813 4360 etiam
2841 4308 3176 4383 acceptatio
3218 4312 3492 4374 subdito-

1928 4410 2096 4467 rum,
2139 4410 2275 4470 quae
2324 4397 2458 4470 post
2490 4393 3047 4471 promulgationem
3096 4403 3393 4480 sequitur,
3424 4416 3493 4468 ut

1929 4486 2176 4545 videtur
2201 4484 2516 4545 insinuare
2536 4485 2885 4563 Gratianus,
2911 4508 3093 4568 supra
3113 4492 3321 4556 dicens
3339 4499 3494 4576 loyes

1931 4580 2178 4642 institui
2206 4598 2336 4641 oum
2366 4580 2832 4658 promulyantur
2868 4608 2890 4641 .·
2925 4585 3171 4657 firmari
3212 4607 3344 4650 cum
3370 4610 3493 4652 mo-

1930 4673 2101 4734 ribus
2130 4673 2569 4749 suscipiuntur.
2604 4672 2723 4732 Sed
2770 4674 2888 4735 hoc
2922 4675 3180 4739 dubium
3218 4700 3344 4741 non
3372 4683 3492 4743 116-

1929 4763 2035 4824 1161
2060 4764 2263 4824 10611111
2293 4765 2356 4823 111
2385 4763 2625 4840 legibus
2648 4761 2897 4843 divinis,
2926 4770 3031 4828 sed
3061 4772 3258 4832 solum
3284 4776 3350 4834 in
3377 4776 3494 4836 hu-

1931 4857 2155 4931 11161115,
2192 4862 2253 4916 61
2279 4856 2417 4915 ideo
2438 4857 2590 4916 illud
2616 4858 2778 4918 infra
2806 4864 3198 4924 tractandum
3216 4870 3487 4932 remitto.

1931 4952 2008 5010 Et
2031 4950 2166 5009 dico
2192 4949 2460 5009 breviter
2486 4949 2657 5009 illam
2682 4953 3097 5014 conditionem
3119 4976 3245 5017 non
3265 4979 3392 5023 esse
3415 4965 3491 5026 de

1933 5043 2174 5103 ratione
2202 5041 2380 5118 legis,
2413 5059 2525 5101 nec
2570 5041 2911 5102 formaliter
2933 5049 3260 5110 convenire
3305 5054 3491 5117 alic-ui

1933 5134 2059 5211 legi
2107 5152 2122 5193 z
2167 5135 2293 5192 imo
2338 5133 2792 5210 quodammodo
2843 5153 2983 5193 cum
3037 5137 3202 5199 illius
3253 5147 3491 5208 ratione

1934 5243 2213 5305 pugnare
2246 5246 2260 5282 ε
2292 5241 2439 5282 116111
2467 5222 2542 5283 (16
2571 5224 2808 5284 ratione
2842 5226 2993 5303 legis
3024 5236 3112 5289 est
3137 5238 3206 5291 ut
3230 5237 3352 5295 vim
3382 5238 3492 5298 116-

1935 5317 2079 5377 11661
2097 5314 2414 5391 obligandi
2449 5335 2462 5371 :
2498 5314 2550 5371 si
2580 5321 2787 5375 autem
2809 5320 3073 5395 pendeat
3101 5343 3176 5382 ex
3209 5335 3494 5406 accepta-

1937 5411 2105 5468 tione
2137 5405 2546 5479 subditorum,
2568 5406 2701 5481 jam
2735 5416 3009 5469 nontam
3036 5413 3164 5490 ipsa
3196 5417 3497 5494 obligaret

275 5512 532 5570 tionem
555 5514 686 5566 tam
712 5508 873 5567 circa
893 5507 1095 5584 legem
1114 5504 1454 5565 humanam
1482 5522 1671 5583 quam
1699 5504 1859 5563 circa
1940 5517 2127 5580 quam
2161 5497 2275 5576 ipsi
2305 5496 2536 5556 subditi
2576 5499 2916 5562 voluntarie
2955 5522 3018 5562 se
3058 5504 3496 5569 submitterent
