3976 6219
934 395 1069 447 CAP.
1106 396 1187 446 lx.
1225 395 1437 448 UTRUM
1470 396 1592 448 LEX
1624 395 1971 448 NATURALIS
2004 395 2263 446 OBLIGET
2297 395 2358 445 IN
2392 393 2810 445 CONSCIENTIA.

275 504 367 559 est
393 501 606 557 contra
632 496 932 557 rationem
992 504 1059 557 ιιι
1090 498 1254 559 idem
1294 500 1364 559 D.
1396 500 1663 560 Thomas
1691 517 1828 559 sen-

274 591 351 650 sit
381 595 439 649 1.
472 591 533 662 ⁹2,
572 594 785 666 quaest.
823 592 922 663 71,
950 597 1069 650 art.
1102 593 1163 667 6,
1196 592 1273 651 ad
1301 595 1340 652 4
1363 589 1427 652 ‘et
1461 595 1517 653 5.
1552 592 1726 666 Quia,
1758 600 1829 651 ut

274 700 458 760 supra
472 680 623 753 dixi,
642 680 741 740 lex
768 687 1000 741 aeterna
1018 684 1217 761 quoad
1245 703 1355 744 nos
1369 703 1494 757 non
1511 690 1599 745 est
1626 683 1831 763 proxi-

272 791 376 832 ma
405 771 641 849 regula,
669 772 785 831 nisi
814 779 1116 851 quatenus
1139 776 1478 854 explicatur
1499 795 1609 855 per
1625 775 1828 853 legem

272 864 641 924 naturalem.
697 864 895 942 Atque
935 866 1082 926 hinc
1122 867 1191 927 fit
1223 874 1292 927 ut
1329 869 1460 928 haec
1490 868 1685 928 lexin
1718 885 1830 927 sua

274 957 601 1017 latitudine
642 957 914 1035 obligare
941 961 1129 1037 possit
1154 967 1283 1021 tam
1311 961 1424 1021 sub
1462 962 1642 1040 culpa
1669 979 1831 1019 mor-

274 1049 383 1110 tali
407 1066 594 1127 quam
624 1048 737 1107 sub
757 1050 935 1129 culpa
957 1051 1205 1127 veniali,
1237 1060 1307 1112 ut
1334 1059 1543 1131 aperte
1563 1052 1830 1112 sumitur

274 1162 349 1204 ex
376 1144 560 1202 citato
588 1141 722 1202 loco
750 1143 947 1216 Pauli,
969 1150 1031 1203 et
1049 1145 1226 1205 facile
1251 1151 1447 1224 potest
1473 1145 1830 1205 inductione

273 1235 543 1295 ostendi:
577 1235 737 1294 ratio
767 1254 914 1295 vero
943 1242 1055 1309 est,
1082 1238 1225 1314 quia
1253 1238 1513 1297 materia
1540 1237 1725 1314 hujus
1744 1236 1828 1295 le-

272 1328 367 1405 gis
393 1346 552 1406 saepe
578 1337 669 1388 est
692 1328 869 1388 valde
898 1330 1101 1407 gravis
1129 1338 1192 1389 et
1218 1331 1556 1390 necessaria
1580 1329 1657 1389 ad
1686 1329 1826 1388 cha-

270 1421 518 1480 ritatem
537 1421 646 1480 Dei
656 1421 753 1480 vel
771 1422 1038 1499 proximi
1056 1423 1444 1498 servandam,
1468 1428 1652 1500 atque
1674 1422 1827 1482 adeo

273 1513 349 1572 ad
369 1513 724 1572 felicitatem
743 1513 1079 1573 humanam
1096 1515 1607 1594 consequendam.
1624 1515 1828 1587 Quan-

275 1605 355 1664 do
400 1610 609 1665 autem
651 1611 951 1684 praecepta
992 1607 1177 1685 hujus
1212 1609 1374 1685 juris
1406 1626 1530 1666 uno
1561 1607 1661 1667 vel
1705 1607 1826 1666 alio

279 1696 462 1757 modo
503 1697 799 1774 obligent,
839 1717 964 1758 non
1005 1706 1233 1777 spectat
1269 1701 1342 1760 ad
1386 1700 1554 1760 hunc
1592 1700 1822 1775 locum,

277 1789 383 1850 sed
409 1790 473 1848 iu
489 1792 749 1850 materia
772 1791 846 1851 de
870 1793 1136 1852 Peccatis
1159 1793 1502 1853 declaratur
1521 1792 1827 1872 quomodo

277 1882 518 1942 veniale
557 1883 655 1943 vel
693 1884 951 1944 mortale
990 1891 1305 1962 peccatum
1354 1903 1431 1946 ex
1473 1891 1696 1945 natura
1739 1886 1831 1944 rei

275 1973 759 2051 distinguantur,
795 1983 856 2036 et
890 1976 1055 2036 infra
1081 1982 1409 2038 tractantes
1431 1978 1506 2037 de
1542 1978 1679 2055 lege
1713 1977 1830 2037 hu-

273 2083 460 2124 mana
482 2066 717 2143 aliquid
738 2069 1136 2146 attingemus,

356 2158 416 2217 3.
461 2159 687 2219 Contra
712 2160 873 2219 hanc
901 2167 1109 2221 autem
1139 2162 1465 2224 veritatem
1494 2169 1691 2242 potest
1727 2162 1835 2223 ob-

267 2251 375 2330 jici
402 2251 624 2330 primo,
659 2253 807 2330 quia
828 2252 925 2312 lex
959 2253 1258 2313 naturalis
1285 2262 1376 2315 est
1403 2256 1714 2315 dictamen
1735 2274 1832 2315 ra-

274 2343 461 2403 tionis
489 2342 821 2420 naturalis;
865 2344 972 2404 sed
1017 2345 1174 2404 ratio
1222 2347 1522 2406 naturalis
1563 2364 1689 2405 non
1736 2365 1833 2406 00-

275 2435 517 2513 gnoscit
543 2440 838 2494 aeternam
872 2454 1118 2514 poenam
1135 2453 1155 2512 3
1189 2455 1336 2514 ergo
1365 2457 1478 2498 nec
1510 2438 1609 2498 lex
1649 2444 1834 2498 natu-

274 2529 422 2588 ralis
449 2533 646 2607 potest
671 2527 945 2605 obligare
968 2528 1080 2588 sub
1107 2536 1283 2590 reatu
1319 2548 1517 2609 poenae
1552 2538 1795 2590 aeternae
1807 2546 1827 2606 3

277 2640 422 2699 ergo
468 2639 582 2681 nec
608 2620 721 2680 sub
764 2621 946 2700 culpa
975 2621 1245 2681 mortali.
1285 2623 1590 2682 Posterior
1621 2639 1832 2682 couse-

278 2715 529 2792 quentia
574 2718 762 2792 patet,
811 2714 959 2792 quia
1006 2714 1187 2793 culpa
1237 2715 1509 2775 mortalis
1556 2720 1649 2774 est
1693 2731 1831 2792 quae

275 2813 516 2867 reatum
542 2824 738 2885 poenae
770 2812 1015 2867 aeternae
1044 2807 1302 2867 inducit.
1326 2808 1501 2867 Prior
1518 2826 1664 2867 vero
1691 2825 1831 2886 pro-

277 2899 482 2974 batur,
507 2900 654 2978 quia
679 2917 802 2959 non
823 2906 1022 2978 potest
1054 2900 1153 2960 lex
1172 2900 1448 2978 obligare
1477 2901 1554 2959 ad
1585 2917 1834 2977 poenam

277 3010 465 3070 quam
485 3010 610 3052 non
633 2997 831 3070 potest
859 2993 1253 3052 manifestare
1278 3010 1390 3052 nec
1414 2991 1665 3051 inferre.
1690 2993 1833 3050 Pro-

275 3091 414 3165 pter
454 3086 570 3146 hoc
610 3087 865 3159 Gerson,
918 3085 986 3145 in
1039 3086 1075 3146 3
1127 3090 1316 3164 part„
1362 3091 1543 3145 tract.
1587 3085 1664 3144 de
1706 3085 1829 3145 vit.

276 3178 498 3257 spirit„
526 3179 664 3238 lect.
689 3181 751 3252 4,
789 3177 1050 3257 Alphab.
1079 3179 1180 3252 62,
1215 3177 1309 3236 lit.
1346 3177 1418 3251 G,
1444 3177 1690 3237 videtur
1728 3195 1834 3236 ne-

275 3290 421 3351 gare
448 3272 651 3350 legem
679 3272 1052 3346 naturalem,
1084 3278 1154 3331 ut
1175 3272 1315 3331 talis
1339 3277 1452 3346 est,
1481 3289 1655 3350 posse
1683 3270 1838 3330 obli-

274 3384 422 3444 gare
461 3366 540 3426 ad
586 3366 830 3444 culpam
876 3367 1185 3445 praecipue
1226 3365 1574 3425 mortalem.
1611 3365 1730 3426 Sed
1759 3364 1835 3424 de

276 3459 464 3536 hujus
495 3460 759 3519 auctoris
792 3459 1095 3519 sententia
1123 3463 1183 3518 et
1211 3476 1393 3517 sensu
1431 3458 1699 3517 dicemus
1744 3456 1835 3515 la-

275 3552 398 3611 tius
444 3552 551 3612 lib.
608 3571 761 3630 seq.,
807 3570 942 3630 cap.
990 3552 1086 3611 18.
1135 3552 1307 3610 Nunc
1346 3550 1542 3610 solum
1576 3550 1835 3609 dicimus

275 3645 492 3722 negari
514 3663 640 3704 non
662 3662 855 3722 posse,
877 3643 1213 3704 secundum
1233 3643 1441 3717 fidem,
1465 3643 1615 3720 quin
1637 3648 1834 3701 trans-

276 3738 508 3816 gressio
557 3738 712 3815 legis
753 3736 1052 3797 naturalis
1096 3736 1358 3795 sufficiat
1406 3735 1484 3795 ad
1535 3741 1832 3795 aeternam

277 3830 763 3905 damnationem,
812 3828 1051 3889 etiamsi
1102 3829 1301 3888 omnis
1350 3826 1834 3907 supernaturalis

275 3924 377 3983 lex
421 3923 759 4000 ignoretur.
806 3923 933 3981 Hoc
969 3922 1138 3980 enim
1165 3921 1536 3981 convincunt
1563 3920 1834 3979 testimo-

276 4016 454 4076 nium
497 4015 669 4074 Pauli
704 4019 766 4074 et
804 4014 1072 4074 rationes
1104 4013 1425 4072 adductae:
1472 4030 1586 4071 nec
1635 4011 1835 4070 obstat

277 4107 561 4185 objectio,
594 4107 739 4185 quia
766 4106 862 4166 lex
911 4106 1230 4180 naturaIiS,
1273 4105 1416 4164 licet
1444 4105 1511 4162 in
1539 4102 1717 4162 nobis
1758 4102 1838 4161 sit

280 4201 412 4278 ipsa
432 4199 612 4274 rati0,
644 4205 852 4259 tamen
880 4199 946 4258 in
977 4200 1099 4258 Deo
1136 4202 1228 4257 est
1253 4197 1435 4269 rati0,
1476 4200 1586 4255 aut
1621 4194 1839 4253 volun-

278 4298 373 4351 tas
392 4291 622 4364 divina,
655 4296 717 4350 et
742 4290 881 4350 ideo
908 4292 1053 4350 satis
1086 4296 1175 4349 est
1207 4288 1372 4367 quod
1400 4288 1558 4346 Deus
1584 4287 1712 4364 ipse
1739 4302 1839 4345 co-

278 4391 532 4464 gnoscat
560 4403 809 4464 poenam
831 4384 1101 4445 debitam
1127 4380 1675 4461 transgressoribus
1697 4379 1839 4439 talis

275 4478 472 4556 legis:
518 4495 687 4551 nam,
729 4478 807 4536 ad
844 4477 1287 4537 incurrendum
1315 4480 1557 4534 reatum
1582 4472 1840 4550 alicujus

277 4587 499 4648 poenae,
524 4587 651 4628 non
671 4581 761 4629 est
780 4569 1195 4628 necessarium
1228 4573 1297 4626 ut
1322 4566 1451 4645 ipse
1475 4565 1755 4625 subditus
1779 4569 1841 4623 et

276 4667 664 4737 trangressor
711 4660 865 4737 legis
905 4664 1227 4737 cognoscat
1279 4675 1525 4735 poenam
1572 4655 1840 4715 debitam

277 4771 407 4813 suae
434 4751 946 4829 transgressioni3
977 4751 1082 4811 sed
1112 4750 1257 4809 satis
1291 4754 1474 4809 estut
1515 4748 1701 4808 faciat
1736 4766 1839 4807 ac»

278 4851 417 4904 tum
439 4844 699 4921 dignum
736 4843 845 4902 tali
874 4862 1079 4923 poena,
1111 4847 1181 4901 ut
1209 4842 1468 4919 ipsemet
1488 4840 1717 4900 Gerson
1743 4838 1841 4899 fa-

278 4943 450 4998 tetur
478 4936 734 5010 ibidem,
769 4936 907 4995 lect.
944 4938 1004 4995 2.

367 5031 424 5089 4.
472 5029 755 5089 Secundo
792 5027 975 5104 objici
1013 5030 1210 5104 potest
1233 5024 1377 5103 quia
1408 5024 1510 5083 lex
1543 5021 1843 5083 naturalis

278 5139 412 5180 non
459 5120 605 5180 facit
651 5120 1113 5197 obligationem,
1166 5117 1270 5177 sed
1317 5116 1639 5195 supponit:
1696 5132 1843 5192 ergo

280 5212 581 5288 obligatio
601 5229 726 5270 non
757 5216 848 5271 est
873 5210 1120 5270 effectus
1150 5210 1304 5286 ejuS.
1337 5207 1716 5267 Antecedens
1737 5225 1845 5285 pa-

281 5309 411 5362 tet:
456 5320 602 5361 nam
637 5302 767 5361 haec
791 5302 893 5361 lex
930 5301 1213 5379 prohibet
1245 5300 1501 5377 aliquid,
1535 5299 1680 5376 quia
1707 5315 1845 5357 ma-

284 5395 420 5455 lum
449 5399 574 5469 est,
609 5411 755 5471 ergo
781 5398 924 5453 ante
958 5392 1128 5452 illam
1157 5404 1246 5451 est
1284 5390 1576 5468 obligatio
1609 5388 1847 5448 vitandi

284 5486 414 5548 tale
446 5486 705 5545 malum.
749 5486 824 5545 Et
850 5485 1016 5545 idem
1045 5490 1139 5544 est
1174 5501 1317 5544 cum
1350 5482 1743 5561 proportione
1771 5483 1847 5541 de

3346 387 3464 446 119

1904 498 2165 576 imperio
2197 502 2258 557 et
2288 501 2589 575 praecepto
2608 494 2876 556 faciendi
2900 493 3157 566 bonum,
3185 490 3332 570 quia
3352 491 3461 550 bo-

1906 608 2057 650 num
2082 596 2193 650 est.
2238 590 2330 648 Ad
2367 589 2483 648 hoc
2504 607 2651 648 vero
2679 606 2751 647 ex
2785 593 2958 666 parte
2986 602 3342 662 responsum
3373 589 3463 643 est

1906 701 2113 762 supra,
2159 687 2222 742 et
2258 683 2485 741 iterum
2522 685 2871 740 occurretur
2907 678 3185 750 inferius,
3226 682 3287 735 et
3323 676 3461 736 ideo

1905 793 2071 833 nunc
2097 774 2367 834 breviter
2399 774 2531 833 dico
2564 773 2971 850 objectionem
3004 769 3176 828 illam
3202 767 3461 847 probare

1905 867 2302 927 assertionem
2328 884 2344 927 ε
2366 885 2535 940 nam,
2568 866 2616 925 si
2635 865 2736 924 lex
2762 863 2895 923 haec
2923 861 3207 942 prohibet
3228 860 3462 938 aliquid

1905 961 2054 1036 quia
2083 960 2339 1033 malum,
2373 959 2683 1036 propriam
2711 962 2772 1017 et
2795 956 3119 1035 specialem
3143 954 3464 1013 necessita-

1907 1061 2033 1113 tem
2049 1052 2283 1111 inducit
2305 1051 2541 1110 vitandi
2555 1049 2731 1123 illud,
2758 1049 2905 1127 quia
2919 1048 3034 1107 hoc
3057 1047 3463 1106 intrinsecum

1908 1150 2003 1205 est
2030 1142 2454 1223 prohibitioni.
2495 1143 2694 1202 Simul
2722 1146 2930 1201 autem
2959 1139 3198 1218 probat,
3231 1137 3465 1215 aliquid

1906 1237 2066 1297 hanc
2080 1236 2280 1314 legem
2295 1253 2660 1315 supponere,
2674 1234 2837 1314 quod
2855 1233 3123 1312 pertinet
3145 1231 3222 1291 ad
3240 1231 3463 1290 intrin-

1905 1348 2112 1391 secum
2160 1329 2434 1389 debitum
2466 1334 2722 1398 naturae,
2769 1327 3326 1405 quiaunaquaeque
3367 1341 3461 1383 res

1905 1421 2356 1500 quodammodo
2406 1421 2524 1480 sibi
2569 1419 2750 1479 debet
2798 1424 2868 1477 ut
2909 1417 3066 1477 nihil
3104 1417 3292 1476 faciat
3336 1433 3461 1475 suae

1904 1520 2141 1574 naturae
2166 1513 2646 1573 dissentaneum.
2681 1511 2851 1571 Ultra
2872 1508 2990 1570 hoc
3016 1527 3161 1569 vero
3182 1507 3459 1567 debitum

1903 1607 2075 1666 addit
2099 1606 2200 1665 lex
2230 1605 2557 1684 specialem
2580 1603 3019 1681 obligationem
3044 1600 3364 1674 moralem,
3401 1605 3463 1659 et

1902 1700 2062 1759 hauc
2104 1698 2363 1758 dicimus
2394 1717 2523 1758 esse
2562 1696 2849 1756 effectum
2895 1694 3082 1772 hujus
3117 1693 3293 1770 legis,
3324 1711 3462 1770 quae

1904 1811 1941 1852 a
1979 1791 2354 1869 jurisperitis
2394 1791 2548 1850 solet
2575 1788 2779 1848 vocari
2810 1787 3101 1865 obligatio
3138 1785 3459 1859 naturali5,

1906 1902 2034 1943 non
2070 1885 2217 1961 quia
2245 1882 2493 1942 moralis
2525 1900 2650 1942 non
2681 1881 2783 1955 sit,
2819 1880 2924 1940 sed
2970 1886 3039 1938 ut
3078 1879 3464 1955 distinguant

1907 1976 2078 2035 illam
2122 1994 2159 2035 a
2196 1975 2396 2034 civili:
2434 1973 2601 2034 unde
2630 1974 2818 2033 etiam
2845 1973 3117 2033 fatentur
3149 1989 3278 2031 esse
3308 1970 3463 2030 obli-

1910 2067 2225 2145 gationem
2246 2067 2312 2126 in
2332 2066 2723 2138 conscientia,
2743 2070 2803 2125 et
2832 2065 2918 2124 ita
2936 2065 3107 2124 illam
3127 2063 3465 2143 appellant,

1908 2167 1978 2221 ut
2011 2161 2217 2221 videre
2243 2160 2382 2220 licet
2408 2160 2474 2218 in
2498 2158 2731 2232 Glossa,
2759 2157 2803 2218 l.
2838 2159 2947 2219 Em
2976 2158 3079 2219 Ιιοσ
3093 2159 3259 2235 jure,
3277 2156 3468 2216 verbo

1915 2255 2372 2333 Obliqationem,
2405 2253 2472 2312 ff.
2497 2253 2572 2311 de
2598 2254 2752 2312 Just.
2777 2257 2838 2312 et
2857 2252 3020 2329 jure,
3043 2251 3380 2311 Parnomit.
3409 2254 3473 2309 et

1911 2347 2049 2407 aliis
2077 2345 2407 2407 canonistis
2439 2346 2507 2405 in
2535 2364 2670 2424 cap.
2704 2345 3008 2424 Plerique,
3033 2344 3109 2404 de
3150 2342 3466 2404 Immunit.

1908 2440 2134 2500 EccleS.

1990 2534 2048 2592 5.
2096 2531 2200 2594 An
2230 2531 2422 2593 omnis
2449 2530 2738 2609 obliqatio
2768 2529 3016 2591 inducta
3036 2547 3148 2607 per
3162 2528 3277 2608 jus
3298 2534 3474 2590 natu-

1907 2626 2039 2686 rale
2066 2627 2133 2686 in
2159 2626 2515 2687 conscientia
2549 2623 3100 2702 obliget—Tertio,
3129 2623 3284 2683 circa
3311 2623 3473 2682 hanc

1909 2717 2373 2795 obligationem,
2426 2722 2496 2776 ut
2538 2717 2737 2793 magis
2785 2715 3149 2792 explicetur,
3203 2714 3473 2775 dubitari

1909 2816 2107 2889 potest
2132 2828 2212 2869 an
2256 2810 2321 2869 in
2359 2811 2722 2869 universum
2761 2809 2841 2868 sit
2880 2826 3096 2868 verum
3144 2808 3472 2886 obligatio-

1911 2921 2056 2962 nem
2090 2903 2407 2962 inductam
2431 2902 2699 2962 naturali
2711 2903 2857 2980 jure
2881 2920 3007 2962 esse
3031 2902 3473 2979 obligationem

1912 2998 1977 3056 in
2031 2995 2406 3056 conscientia
2443 3012 2458 3055 ε
2501 2996 2659 3054 ratio
2711 2995 3035 3054 dubitandi
3081 3012 3207 3054 esse
3246 3000 3473 3074 potest,

1914 3088 2061 3169 quia
2084 3089 2284 3148 omnis
2308 3088 2602 3166 obligatio
2631 3094 2765 3149 orta
2788 3106 2865 3148 ex
2891 3089 3118 3148 virtute
3141 3087 3364 3148 morali
3385 3093 3480 3149 est
3516 3119 3533 3134 ·

1912 3183 1987 3243 de
2019 3183 2160 3259 jure
2198 3187 2458 3256 naturae,
2492 3182 2661 3259 quia,
2700 3188 2772 3240 ut
2803 3199 2985 3260 supra
3022 3182 3317 3255 diximus,
3357 3181 3475 3239 hoc

1908 3276 2011 3353 jus
2039 3274 2118 3334 ad
2158 3278 2327 3334 actus
2354 3274 2637 3333 omnium
2686 3275 2992 3333 virtutum
3037 3272 3313 3349 obligat3
3368 3273 3474 3332 sed

1914 3385 2041 3427 non
2071 3367 2271 3426 omnis
2294 3367 2588 3443 obligatio
2612 3384 2688 3426 ex
2709 3366 2939 3426 virtute
2960 3366 3181 3426 morali
3211 3372 3300 3426 est
3323 3366 3477 3425 obli-

1913 3459 2081 3537 gatio
2103 3460 2171 3518 in
2213 3459 2618 3535 conscientia3
2652 3478 2818 3537 ergn.
2853 3460 3030 3519 Patet
3064 3459 3290 3534 minor,
3333 3459 3480 3536 quia

1915 3552 2236 3629 obligatiO,
2284 3569 2360 3611 ex
2404 3552 2805 3628 gratitudine,
2854 3550 3029 3611 verbi
3081 3552 3302 3627 gratia,
3348 3570 3477 3611 non

1913 3643 2147 3722 obligat
2178 3645 2245 3704 in
2276 3644 2687 3704 conscientia:
2722 3645 2872 3704 item
2900 3644 3197 3722 obligatio
3225 3661 3299 3703 ex
3323 3644 3478 3703 ami-

1914 3737 2059 3797 citia
2092 3737 2380 3815 quadam,
2412 3743 2527 3797 etc.
2553 3737 2991 3811 Confirmatur,
3017 3737 3160 3815 quia
3181 3736 3476 3815 obligatio

1913 3829 1992 3890 ad
2024 3848 2272 3908 poenam
2308 3848 2446 3908 quae
2477 3830 2734 3890 resultat
2763 3848 2839 3889 ex
2866 3830 3048 3908 culpa
3075 3829 3152 3889 de
3176 3830 3315 3908 jure
3362 3848 3479 3889 na-

1913 3927 2067 3982 turae
2095 3927 2206 3997 est,
2233 3927 2296 3983 et
2317 3928 2529 3982 tamen
2552 3940 2680 3981 non
2707 3921 2939 3999 obligat
2968 3922 3036 3981 in
3062 3921 3474 3983 conscientia:

1914 4031 2084 4092 ergo.

1995 4107 2055 4164 6.
2102 4104 2433 4166 Distinctio
2459 4103 2799 4181 aliquorum
2823 4104 2891 4163 de
2902 4105 3047 4181 jure
3069 4104 3254 4181 leyali
3282 4110 3337 4165 et
3357 4124 3480 4166 mo-

1915 4197 2043 4256 rali
2067 4197 2148 4256 ad
2164 4195 2332 4255 dubii
2355 4195 2811 4255 solutionem.—
2836 4193 3144 4271 Obliyatio
3173 4198 3482 4259 naturalis

1919 4289 1985 4350 in
2012 4289 2216 4366 riqore
2254 4304 2481 4364 semper
2506 4287 2739 4346 inducit
2782 4286 3197 4363 obliquationem
3237 4290 3307 4347 in
3351 4306 3482 4349 ccm-

1917 4378 2189 4442 soientia.
2212 4411 2295 4423 —
2318 4378 2490 4438 Circa
2533 4378 2649 4437 hoc
2699 4376 2889 4455 aliqui
2925 4376 3314 4455 distinguunt
3361 4381 3480 4439 du-

1916 4472 2060 4552 plex
2083 4471 2383 4548 debitum,
2415 4477 2747 4549 utrumque
2775 4478 2983 4531 ortum
3025 4490 3101 4531 ex
3125 4473 3264 4550 jure
3297 4480 3486 4534 natu·-

1917 4583 2026 4639 rae,
2064 4565 2294 4625 scilicet
2315 4565 2513 4642 legale
2533 4571 2594 4626 et
2619 4566 2886 4626 morale:
2917 4571 2979 4625 et
3004 4565 3486 4643 primum·aiunt

1919 4675 2046 4717 non
2077 4657 2351 4735 obligare
2403 4658 2470 4717 in
2517 4658 2910 4733 conscientia,
2946 4657 3052 4718 sed
3097 4664 3343 4718 tantum
3394 4676 3486 4718 se-

1920 4749 2216 4809 cundum.
2243 4751 2334 4809 Ita
2358 4749 2544 4809 sentit
2568 4751 2780 4810 Covar.
2822 4748 2889 4809 in
2919 4768 3051 4830 cap.
3091 4751 3243 4813 Cum
3281 4751 3349 4811 in.
3385 4753 3487 4827 os·-

1919 4842 2108 4918 fioiis,
2140 4860 2315 4901 num.
2355 4844 2454 4918 10,
2487 4848 2547 4902 et
2575 4861 2709 4921 cap.
2745 4842 2896 4903 Cum
2926 4861 3068 4917 esse,
3101 4860 3280 4902 num.
3315 4844 3354 4903 9
3412 4842 3489 4903 de

1923 4935 2358 5009 TestamentiS,
2380 4940 2442 4995 et
2460 4935 2526 4994 in
2550 4953 2602 4995 c.
2628 4935 2917 5007 Quamvis
2934 4940 3202 5011 pactum,
3230 4940 3390 5012 part.
3424 4937 3487 5009 2,

1922 5025 1959 5105 ξ
1986 5029 2049 5102 4,
2082 5045 2258 5087 num.
2296 5029 2356 5101 5,
2390 5027 2501 5086 ubi
2533 5027 2712 5105 ponit
2741 5026 3094 5104 exemplum
3125 5025 3200 5085 de
3231 5027 3493 5103 gratitu-

1923 5119 2090 5193 dine,
2120 5120 2315 5178 citans
2345 5120 2415 5178 D.
2442 5118 2774 5189 Thomam,
2804 5120 2865 5177 2.
2898 5119 2961 5191 2,
2989 5135 3051 5193 q.
3103 5118 3245 5193 106,
3274 5123 3393 5177 art.
3429 5121 3488 5192 1,

1923 5209 2003 5269 ad
2031 5212 2092 5285 2,
2138 5216 2199 5269 et
2239 5215 2355 5269 art.
2411 5212 2469 5269 5.
2517 5208 2637 5269 Sed
2678 5207 2765 5267 ibi
2796 5209 2864 5266 D.
2897 5208 3161 5268 Thomas
3202 5209 3268 5268 in
3310 5227 3494 5269 sensu

1925 5302 2112 5377 longe
2165 5301 2404 5359 diverso
2457 5300 2635 5360 affert
2684 5299 3144 5360 distinctionem
3196 5300 3367 5360 illam
3419 5301 3494 5360 de

1925 5391 2135 5451 debito
2162 5391 2371 5469 legali,
2409 5396 2471 5451 et
2496 5392 2571 5452 de
2601 5390 2806 5451 debito
2834 5392 2997 5469 quod
3027 5393 3155 5471 ipse
3183 5398 3362 5452 vocat
3383 5392 3495 5451 ho-

1927 5484 2205 5560 nestatis,
2243 5501 2281 5543 a
2310 5500 2433 5562 quo
2479 5484 2610 5544 sine
2646 5483 2835 5546 dubio
2867 5502 2995 5545 non
3036 5484 3306 5545 excludit
3333 5483 3493 5544 obli-
