3976 6219
770 387 901 439 cAP.
932 388 1039 440 XV.
1076 388 1162 439 AN
1190 388 1371 443 LEGIS
1400 388 1715 443 umerus
1742 388 1946 441 nuum
1978 388 2042 441 m
2077 388 2369 452 QUATuoR
2405 390 2806 446 nlvaN'nm.

274 514 331 556 ne
354 492 495 562 fiant,
520 488 591 547 de
622 487 783 547 iacto
808 506 934 549 non
958 488 1219 567 impedit
1246 508 1361 551 nec
1381 489 1519 551 vult
1546 489 1743 567 impe-

274 588 383 658 dire,
404 581 491 642 sed
520 580 714 659 potius
734 580 961 641 directe
982 581 1118 642 vult
1145 582 1250 642 illa
1270 584 1648 662 permittere,
1680 580 1745 641 id

270 686 351 751 est,
370 676 535 735 sinere
568 680 635 731 ut
660 671 833 733 fiant.
867 675 1253 735 Attendendo
1279 681 1490 735 autem
1517 675 1592 735 ad
1611 674 1740 751 jus,

272 773 379 831 Deus
398 764 610 825 nullum
630 772 951 843 peccatum
978 768 1300 846 permittit,
1326 768 1475 847 quia
1500 768 1742 827 nullum

268 880 355 921 non
374 857 647 938 prohibet,
682 874 887 935 neque
912 859 1111 919 ullum
1136 860 1512 939 impunitum
1547 858 1741 919 relin-

266 952 377 1033 quit,
392 948 669 1028 quomodo
696 950 860 1010 dixit
884 951 1277 1030 Augustinus,
1302 970 1509 1030 supra,
1540 951 1745 1030 legem

266 1052 487 1105 aternam
512 1040 753 1101 nullum
790 1049 1109 1121 peccatum
1140 1044 1519 1123 permittere.
1550 1044 1745 1122 Igitur

264 1135 511 1217 permissio
543 1133 685 1193 facti
714 1152 843 1194 non
880 1135 1140 1195 includit
1167 1137 1561 1213 negationem
1602 1154 1743 1216 pro-

262 1226 536 1300 hibitionis,
581 1226 687 1285 sed
751 1244 990 1287 meram
1038 1229 1433 1306 negationem
1482 1228 1743 1309 impedi-

262 1319 421 1391 menti,
448 1336 545 1377 seu
569 1318 798 1395 operis,
830 1338 955 1398 quo
975 1321 1165 1398 possit
1196 1321 1526 1381 efficaciter
1549 1322 1744 1401 impe-

262 1411 344 1470 diri
360 1410 573 1471 effectus
592 1413 929 1487 permissus
936 1428 958 1489 3
984 1413 1303 1491 permiaeio
1328 1419 1537 1474 autem
1563 1415 1741 1493 juris,

258 1502 311 1561 de
342 1521 437 1581 qua
460 1502 519 1561 in
549 1505 843 1581 prasenti
882 1510 973 1565 est
1012 1522 1235 1581 sermo,
1265 1506 1526 1566 includit
1553 1524 1743 1585 nega-

258 1596 427 1657 tionem
442 1594 864 1675 prohibitionis
880 1603 946 1657 et
959 1599 1271 1676 praecepti,
1299 1603 1368 1657 ut
1388 1599 1459 1658 D.
1476 1598 1745 1660 Thomas

256 1690 381 1751 dixit.
405 1687 685 1761 Secundo,
728 1688 867 1748 haec
896 1690 1220 1768 permissio
1264 1691 1420 1770 juris
1468 1692 1747 1753 conside-

254 1784 339 1845 rari
356 1786 543 1861 potest,
570 1778 671 1840 vel
712 1788 793 1840 ut
819 1781 1097 1842 consistit
1116 1783 1183 1843 in
1208 1800 1376 1843 mera
1415 1786 1746 1862 negatione

256 1874 491 1955 praeoepti,
514 1879 574 1933 et
598 1872 1065 1951 prohibitioniS,
1100 1875 1199 1935 vel
1220 1881 1523 1953 quatenus
1540 1877 1609 1938 in
1631 1878 1744 1937 ali-

254 1988 340 2048 quo
358 1967 584 2047 positivo
602 1972 919 2045 praecepto
944 1966 1263 2042 fundatur,
1285 1970 1433 2047 quia
1442 1969 1743 2031 nimirum

254 2080 331 2139 per
351 2059 522 2136 legem
564 2058 851 2136 aliquam
886 2058 1213 2137 positivam
1242 2061 1382 2120 talis
1422 2062 1743 2139 permissio

252 2153 435 2213 decreta
448 2156 531 2210 est
550 2156 614 2209 et
628 2150 933 2210 stabilita.
948 2151 1119 2211 Sicut
1134 2152 1301 2212 enim
1320 2152 1521 2213 inDeo
1540 2153 1743 2231 quoad

250 2242 637 2320 permissionem
663 2242 843 2317 facti,
864 2241 1038 2301 aliud
1056 2247 1149 2303 est
1176 2244 1553 2322 permittere,
1574 2244 1743 2305 aliud

248 2340 311 2394 at
330 2333 455 2393 velle
480 2333 866 2412 permittere,
886 2335 977 2394 ita
1000 2334 1070 2394 in
1093 2335 1309 2396 ordine
1328 2336 1403 2395 ad
1421 2337 1548 2415 jus,
1572 2335 1743 2397 aliud

250 2432 311 2485 est
334 2425 647 2503 permittere
672 2444 843 2505 pure
872 2428 1182 2504 negative,
1214 2427 1380 2487 aliud
1406 2444 1520 2508 per
1539 2429 1742 2508 legem

248 2518 503 2597 positivam
530 2518 605 2578 de
631 2520 1049 2597 permissione
1077 2525 1363 2580 statuere.

300 2613 345 2670 8.
379 2612 834 2674 Pes-missionem
876 2613 1220 2691 noyativam
1267 2630 1384 2673 non
1438 2630 1559 2675 0336
1600 2631 1744 2692 pro-

244 2702 395 2780 prium
426 2705 691 2782 effectum
746 2704 901 2781 lepis
938 2705 1259 2766 asseritur.
1281 2736 1363 2750 —
1402 2704 1549 2765 Dico
1595 2723 1745 2784 ergo

248 2795 637 2873 permissionem
688 2814 871 2857 mere
911 2797 1264 2875 negativam
1309 2815 1447 2875 quse
1490 2799 1747 2859 resultat

248 2904 299 2946 ex
322 2888 423 2947 sola
442 2890 779 2965 negatione
806 2890 1127 2969 utriusque
1156 2892 1443 2969 praecepti
1475 2890 1745 2952 affirma-

244 2982 321 3038 tivi
340 2988 389 3039 et
416 2982 702 3059 negativi,
756 3000 885 3042 non
924 3000 1055 3042 esse
1102 2982 1421 3061 proprium
1450 2982 1741 3045 effectum

245 3072 379 3152 legis;
422 3082 483 3134 ut
518 3064 665 3135 vero
701 3092 824 3155 per
859 3076 1132 3155 aliquam
1170 3075 1498 3158 positivam
1538 3076 1741 3158 legem

242 3166 541 3242 decernitur,
570 3168 661 3228 sic
686 3187 829 3229 esse
854 3168 1183 3246 specialem
1226 3168 1510 3230 effectum
1558 3168 1733 3248 legis.

244 3257 371 3316 Prior
389 3277 515 3337 pars
537 3260 795 3320 videtur
826 3260 1075 3340 probari
1106 3261 1480 3322 sufficienter
1500 3262 1740 3322 ratione
1772 3271 1781 3284 '

240 3351 372 3426 faeta,
397 3355 529 3432 quia
560 3355 643 3414 ad
670 3354 861 3414 illum
888 3354 1146 3414 modum
1172 3355 1593 3435 permissionis
1614 3373 1742 3416 non

112 3425 120 3476 ἶ
240 3449 303 3502 est
330 3449 721 3506 necessarium
776 3446 938 3508 ferre
980 3446 1183 3524 legem
1241 3448 1541 3526 aliquam,
1595 3447 1741 3508 satis

240 3538 361 3596 enim
386 3543 468 3598 est
494 3556 623 3598 nou
652 3539 827 3599 ferre
857 3539 1059 3617 legem
1100 3540 1553 3618 prohibentem.
1587 3541 1741 3599 Item

236 3631 493 3706 permissio
521 3631 631 3692 illa
646 3649 791 3691 non
811 3637 905 3692 est
926 3649 1002 3692 ex
1021 3638 1322 3711 potestate
1351 3631 1698 3710 legislativa
1722 3649 1738 3694 :

235 3740 343 3782 nam
360 3724 656 3785 interdum
684 3729 867 3786 actus
890 3724 1033 3785 talis
1058 3731 1172 3801 est,
1192 3730 1263 3785 ut
1292 3743 1409 3786 nec
1426 3725 1744 3805 prohiberi

230 3817 400 3891 possit,
424 3833 528 3877 nee
552 3817 817 3897 proecipi
843 3839 858 3877 ε
889 3835 1038 3896 ergo
1061 3819 1421 3896 negationes
1441 3817 1564 3878 illae
1590 3823 1741 3878 tunc

234 3923 326 3966 non
344 3916 471 3968 sunt
490 3909 753 3970 effectus
768 3909 909 3970 talis
926 3911 1259 3988 potestatiS,
1281 3911 1427 3990 quia
1448 3928 1575 3970 non
1595 3917 1742 3970 sunt

234 3999 299 4071 (nt
334 4000 407 4058 sic
444 4001 667 4080 dicam)
718 4019 801 4061 ex
844 4000 1159 4062 voluntate
1200 4001 1388 4062 etiam
1438 4001 1742 4062 indirecta

232 4087 559 4168 legislatoris,
582 4093 699 4154 sed
724 4111 803 4153 ex
826 4111 888 4153 se
908 4093 1061 4154 tales
1082 4099 1228 4154 sunt
1252 4110 1270 4153 :
1293 4111 1441 4173 ergo
1466 4111 1579 4155 nec
1602 4111 1739 4172 per-

234 4184 392 4242 missio
417 4185 516 4245 illa
545 4191 641 4246 est
688 4183 946 4246 effecms
968 4185 1285 4264 potestatis
1327 4185 1685 4264 legislativae
1717 4201 1734 4246 z

234 4291 341 4352 ergo
364 4294 547 4356 neque
576 4277 765 4356 legis.
802 4277 1073 4356 Denique
1100 4277 1209 4338 illa
1229 4280 1477 4355 negatio
1503 4277 1743 4338 nullam

232 4368 426 4445 proprie
448 4369 635 4430 habet
680 4386 956 4444 causam,
992 4369 1097 4430 sed
1140 4387 1219 4430 ex
1268 4387 1333 4429 se
1376 4369 1521 4428 talis
1567 4374 1743 4429 actus

232 4461 507 4536 permissus
532 4475 649 4537 est,
684 4461 840 4523 dum
862 4480 989 4522 non
1011 4461 1393 4541 prohibetur.
1422 4461 1594 4522 Sicut
1614 4479 1742 4521 non

232 4553 425 4629 proprie
474 4553 724 4615 dicetur
770 4555 928 4614 Deus
982 4571 1111 4614 esse
1160 4571 1345 4613 causa
1397 4553 1743 4630 negationis

235 4643 443 4720 essendi,
471 4664 609 4725 quae
635 4645 1007 4724 intelligitur
1049 4646 1118 4704 in
1154 4663 1222 4705 re
1268 4644 1539 4723 possibili
1583 4661 1744 4704 nun-

234 4749 380 4810 quam
408 4737 611 4798 futura
644 4757 663 4800 ε
706 4739 812 4799 sed
852 4757 927 4799 ex
955 4756 1020 4798 se
1040 4737 1229 4798 habet
1257 4737 1421 4816 quod
1448 4737 1529 4798 sit
1558 4738 1740 4813 nihil,

236 4829 345 4903 qnia
368 4829 465 4889 illa
496 4831 659 4890 nihil
704 4837 817 4905 eet,
858 4831 979 4891 nisi
1019 4835 1297 4890 creetur:
1335 4829 1499 4908 quod
1534 4836 1743 4890 autem

236 4919 293 4976 sit
312 4921 446 4982 nihil
468 4941 595 4984 non
634 4923 825 4984 habet
852 4941 889 4984 a
911 4924 1058 4998 De0,
1084 4922 1189 4983 sed
1217 4939 1296 4982 ex
1322 4939 1386 4982 se
1418 4943 1433 4980 :
1468 4923 1555 4982 sic
1593 4939 1741 4999 ergo

236 5018 363 5072 actus
380 5033 449 5074 ex
470 5015 587 5076 hoc
612 5017 866 5098 praecise
884 5015 1049 5095 quod
1073 5033 1200 5075 non
1221 5014 1602 5093 prohibetur,
1628 5033 1743 5075 nec

236 5107 531 5184 precipitur
556 5125 671 5187 per
694 5107 919 5186 legem,
950 5125 1079 5167 nou
1105 5105 1293 5167 habet
1314 5125 1353 5166 a
1382 5107 1543 5183 lege,
1575 5107 1742 5184 quod

239 5193 295 5252 sit
314 5200 649 5275 permissus,
676 5201 781 5260 sed
814 5200 877 5259 id
906 5199 1096 5260 habet
1122 5217 1201 5260 ex
1228 5217 1292 5258 se
1325 5214 1341 5257 ε
1388 5203 1459 5257 ut
1488 5215 1636 5276 ergo
1664 5198 1744 5258 sit

238 5291 430 5365 proprie
454 5293 787 5370 permissus
812 5311 925 5372 per
953 5292 1156 5369 legem
1179 5335 1199 5365 ‚
1240 5296 1480 5369 oportet
1511 5295 1582 5349 ut
1608 5291 1743 5368 ipsa

240 5382 502 5452 pemissio
542 5383 893 5445 stabiliatur
908 5428 929 5458 ‚
978 5389 1041 5443 et
1078 5382 1362 5443 firmetur
1396 5382 1604 5460 aliquo
1636 5382 1741 5442 de-

241 5479 365 5531 ueto
398 5481 453 5534 et
484 5475 799 5538 voluntate
836 5474 1206 5554 legislatoris
1248 5496 1264 5534 ε
1315 5479 1380 5536 et
1403 5479 1553 5534 tunc
1577 5479 1742 5535 recte

1822 488 2054 549 dicitur
2087 496 2260 551 actus
2299 491 2634 570 permissus
2673 492 2960 571 positive,
3001 500 3064 555 et
3099 496 3385 559 similiter
3419 490 3426 497 ’

1822 581 2143 659 permissio
2189 581 2298 643 illa
2341 583 2528 644 habet
2578 585 2900 663 specialem
2951 588 3207 649 modum
3225 639 3242 661 ,
3285 610 3384 652 ra-

1822 673 1992 734 tione
2014 674 2189 752 cujus
2211 674 2450 735 dicatur
2481 674 2732 737 effectus
2758 677 2931 756 legis,
2971 681 3048 739 Et
3074 681 3164 741 ita
3192 683 3384 743 etiam

1824 772 2036 826 manet
2082 766 2356 827 secunda
2392 786 2533 845 pars
2575 770 2931 830 assertionis
2969 772 3280 835 declarata
3321 781 3386 836 et

1824 857 2190 919 confirmata
2213 904 2233 932 ,
2271 858 2418 937 quia
2443 859 2532 917 ita
2560 860 2832 938 profecto
2859 862 3166 925 intellexit
3197 867 3384 926 Isido-

1824 968 1929 1011 rus
1955 956 2028 1010 ut
2053 952 2266 1011 statim
2301 951 2647 1011 ostendam.

1904 1046 1965 1105 9.
2013 1045 2348 1106 Permissio
2408 1044 2768 1123 simpliciter
2815 1049 2977 1110 dicta
3019 1050 3385 1128 repularitor

1822 1134 2014 1196 solum
2031 1141 2308 1197 versatur
2329 1137 2490 1198 circa
2515 1138 2705 1200 malos
2729 1145 2920 1202 actus.
2945 1172 3030 1186 —
3045 1143 3383 1205 Permissio

1824 1228 2010 1288 etiam
2047 1228 2370 1307 aliquando
2404 1235 2682 1291 versatur
2719 1232 2882 1293 circa
2911 1239 3080 1295 accus
3119 1236 3294 1297 bonos
3329 1242 3386 1297 et

1823 1318 2262 1398 indifferentes.
2301 1352 2384 1365 —
2421 1321 2503 1380 Ut
2541 1326 2750 1382 autem
2785 1323 2986 1400 magis
3023 1331 3262 1386 constet
3303 1326 3382 1388 de

1824 1428 1947 1489 qua
1993 1413 2398 1489 promissione
2441 1413 2522 1472 sit
2573 1432 2777 1475 sermo
2795 1460 2816 1490 ,
2871 1424 3112 1495 oportet
3157 1419 3381 1481 ultimo

1824 1508 2040 1563 notare
2068 1505 2537 1583 permissionem
2569 1505 2929 1585 simpliciter
2955 1508 3181 1571 dictam
3209 1513 3383 1572 attri-

1823 1591 1931 1654 bui
1958 1595 2153 1655 solere
2179 1596 2361 1655 malis
2388 1596 2647 1672 actibus,
2679 1604 2741 1658 et
2765 1598 2842 1659 de
2871 1598 2994 1660 illis
3017 1602 3286 1663 maxime
3310 1620 3382 1664 ac

1824 1685 2194 1761 regulariter
2235 1687 2505 1765 intelligi
2530 1732 2549 1763 ,
2589 1692 2929 1767 praesertim
2971 1694 3220 1770 quando
3259 1696 3382 1755 Deo

1820 1776 2160 1837 tribuitur:
2193 1778 2419 1839 dicitur
2447 1780 2614 1840 enim
2653 1781 2812 1841 Deus
2841 1785 3196 1862 permittere
3246 1804 3384 1865 pec-

1822 1876 1955 1930 cata
1978 1886 2001 1947 3
2029 1871 2300 1950 reliquos
2325 1890 2472 1932 vero
2499 1880 2670 1934 actus
2697 1892 2825 1935 non
2852 1880 3100 1937 tantum
3129 1880 3382 1957 permit-

1820 1970 1975 2035 tere,
2007 1963 2114 2023 sed
2141 1964 2327 2023 etiam
2355 1963 2534 2039 velle,
2567 1971 2677 2026 aut
2704 1966 3015 2028 ordinare.
3059 1970 3382 2031 Nihilomi-

1822 2072 1940 2114 nus
1959 2060 2171 2116 tamen
2188 2056 2522 2135 aliquando
2539 2058 2837 2136 accipitur
2855 2060 3044 2120 etiam
3067 2062 3134 2121 in
3152 2063 3382 2125 bonam

1822 2154 2085 2225 partem.
2121 2148 2219 2208 Sic
2245 2148 2412 2209 enim
2437 2148 2596 2209 dixit
2621 2150 2868 2228 PauluS,
2905 2155 2934 2211 1
2967 2153 3105 2214 Cor.
3137 2157 3216 2217 7:
3246 2156 3385 2219 Hoc

1822 2246 2024 2300 autem
2049 2241 2178 2302 dico
2211 2242 2524 2303 seeundum
2550 2243 3011 2322 indulyentiam,
3041 2264 3158 2307 non
3181 2264 3380 2309 sem

1824 2331 1965 2392 dum
1993 2332 2336 2409 imperium,
2366 2333 2431 2392 id
2463 2338 2578 2408 est,
2606 2334 3047 2413 permittendo,
3079 2356 3206 2398 non
3229 2358 3384 2418 prae-

1822 2423 2108 2501 cipiendo
2130 2444 2149 2497 3
2179 2422 2548 2503 loquebatur
2571 2432 2783 2487 autem
2809 2428 2885 2489 de
2903 2436 3046 2489 actu
3065 2433 3382 2492 matrimo-

1823 2515 1938 2591 nii,
1974 2515 2084 2594 qui
2114 2516 2316 2576 malus
2349 2534 2475 2577 non
2509 2524 2601 2579 est
2633 2538 2650 2578 τ
2681 2521 2847 2579 unde
2887 2538 2926 2580 a
2965 2521 3208 2583 fortiori
3235 2523 3385 2584 dicit

1824 2610 2148 2687 permissio
2175 2609 2253 2669 de
2289 2610 2525 2670 actibus
2551 2609 3068 2677 indifferentibus,
3111 2616 3383 2696 Utroque

1824 2718 1971 2779 ergo
1995 2702 2202 2775 modo,
2232 2702 2461 2763 scilicet
2487 2703 2554 2763 in
2588 2703 2818 2764 bonam
2845 2712 2908 2767 et
2931 2708 3161 2768 malam
3196 2709 3384 2770 actio-

1824 2812 1969 2855 nem
1997 2800 2196 2873 potest
2221 2795 2544 2873 permissio
2569 2813 2699 2857 esse
2723 2797 2976 2860 effectus
3011 2799 3164 2878 legis
3191 2821 3208 2860 ·.
3256 2802 3386 2862 imo

1824 2886 2088 2947 Isidorus
2111 2894 2323 2965 aperte
2353 2888 2597 2948 locutus
2623 2894 2716 2950 est
2743 2890 2820 2951 de
2855 2892 3261 2970 permissione
3293 2894 3386 2955 rei

1820 2978 2044 3039 bonae:
2076 2996 2222 3039 nam
2251 2978 2506 3039 adhibet
2533 2982 2890 3062 exemplum
2917 2982 3106 3061 hujus
3128 2986 3386 3064 permis-

1819 3074 2034 3150 sioni3‚
2060 3073 2267 3135 dicens
2295 3090 2311 3133 ε
2348 3074 2558 3138 Omnis
2579 3076 2674 3139 lem
2696 3082 2804 3139 aut
2819 3079 3099 3156 permitti
3123 3080 3381 3160 aliquid,

1819 3172 1891 3228 ut
1919 3168 2077 3247 quod
2099 3167 2201 3228 vir
2235 3169 2425 3243 forti-5
2456 3173 2624 3245 petat
2645 3171 2965 3246 premium
2993 3195 3017 3230 .·
3045 3189 3193 3230 nam
3231 3171 3385 3233 illud

1820 3259 2084 3320 verbum
2125 3263 2296 3338 petat
2333 3259 2423 3319 ibi
2468 3277 2597 3320 non
2641 3260 2790 3322 dicit
2844 3262 3177 3341 imperium
3209 3308 3229 3338 ‚
3280 3264 3387 3326 sed

1822 3351 2292 3431 permissionem
2317 3367 2334 3410 z
2360 3357 2600 3412 constat
2617 3359 2826 3413 autem
2847 3353 3020 3414 illam
3039 3355 3387 3432 permissio-

1822 3460 1969 3504 nem
1997 3460 2128 3504 esse
2159 3445 2250 3504 rei
2281 3443 2479 3504 bonoe.
2535 3445 2634 3505 Sic
2675 3445 2866 3506 etiam
2905 3445 3142 3522 Glossa,
3179 3448 3246 3508 in
3284 3467 3386 3510 ca-

1820 3535 1949 3615 pite
1980 3534 2098 3610 Qui
2113 3541 2372 3614 partem,
2401 3537 2478 3596 55
2497 3536 2560 3597 d.
2568 3582 2588 3612 ‚
2611 3537 2742 3614 ubi,
2767 3538 2836 3598 in
2857 3543 3033 3599 textu
3051 3539 3127 3600 de
3154 3538 3252 3600 bis
3275 3541 3384 3621 qui

1822 3633 2065 3707 partem
2097 3627 2299 3707 digiti,
2341 3628 2442 3689 vel
2481 3629 2669 3690 aliam
2707 3630 2976 3691 similem
3014 3633 3384 3711 particulam

1822 3721 2116 3799 corporiS‚
2161 3738 2289 3781 non
2322 3721 2668 3798 voluntate,
2711 3723 2819 3783 sed
2845 3741 2989 3784 casu
3014 3725 3380 3800 amiserunt,

1822 3811 2047 3873 dicitur
2079 3813 2218 3874 Hos
2251 3831 2502 3876 canones
2525 3815 2892 3893 proeoipiwnt
2923 3815 3162 3879 clericos
3188 3817 3330 3895 fieri
3358 3833 3381 3896 3

1822 3903 2032 3966 Glossa
2060 3909 2224 3966 recte
2260 3905 2533 3984 exponit,
2575 3906 2640 3966 id
2673 3912 2786 3982 est,
2817 3908 3200 3985 permittunt,
3237 3909 3386 3987 quia

1820 3996 1978 4058 illud
2005 4014 2134 4056 nou
2161 4003 2254 4057 est
2279 3997 2635 4076 imperium,
2665 3997 2810 4059 licet
2836 3998 2914 4060 de
2941 4017 3010 4060 re
3035 3999 3201 4060 bona
3232 4001 3334 4062 sit.

1902 4091 2003 4149 10.
2049 4090 2148 4150 Sic
2179 4089 2368 4149 etiam
2395 4091 2463 4149 in
2483 4107 2618 4169 cap.
2645 4090 2790 4152 Hac
2813 4092 3048 4152 ratione
3098 4093 3200 4166 31,
3224 4110 3286 4170 q.
3321 4097 3382 4169 ¹,

1820 4181 2050 4242 dicitur
2077 4179 2398 4260 Apostolos
2413 4183 2768 4261 praecepisse
2792 4184 3086 4244 secundas
3113 4185 3384 4262 nuptias,

1823 4273 1887 4334 id
1924 4279 2040 4348 est,
2078 4272 2464 4352 permisisse3
2507 4289 2726 4333 verum
2767 4279 2862 4334 est
2902 4273 3012 4336 illa
3046 4276 3234 4337 verba
3256 4293 3388 4339 esse

1821 4367 2106 4428 Auctoris
2129 4366 2284 4445 imp.
2333 4367 2400 4426 in
2433 4365 2676 4442 Matth.,
2705 4367 2933 4428 Homil.
2964 4370 3067 4446 22,
3111 4369 3219 4448 qui
3259 4385 3388 4431 nou

1822 4457 1981 4520 bene
2019 4459 2208 4520 sensit
2233 4458 2312 4520 de
2352 4459 2638 4520 secundis
2665 4460 2918 4540 nuptiis,
2957 4468 3021 4522 et
3067 4461 3204 4544 ideo
3247 4479 3388 4540 per-

1823 4552 2179 4612 missionem
2207 4551 2296 4612 ibi
2318 4551 2539 4630 accipit
2563 4551 2630 4612 in
2659 4552 2890 4614 malam
2911 4559 3153 4632 partem
3179 4574 3194 4612 ε
3220 4554 3387 4614 unde

1824 4642 1901 4704 de
1946 4643 2304 4732 hujusmpdi
2353 4643 2756 4722 permissione
2799 4643 3162 4723 subjungit:
3193 4643 3392 4708 Aliud

1825 4740 1913 4798 est
1922 4738 2272 4814 mancipare,
2294 4736 2469 4797 aliud
2477 4737 2821 4814 permitte-re
2842 4763 2862 4799 .·
2883 4740 3038 4817 quod
3053 4739 3209 4800 enim
3226 4755 3387 4816 pm·-

1824 4829 2110 4907 m'pimus,
2161 4845 2386 4907 smper
2425 4830 2620 4906 placet
2630 4855 2656 4902 ,·
2681 4832 2838 4909 quod
2866 4836 3062 4892 autom
3081 4830 3389 4907 permitti-

1824 4939 1982 4996 mus,
2011 4921 2268 4983 nolentes
2289 4921 2725 4998 permittimus,
2758 4922 2904 5001 quia
2925 4921 3148 4982 malam
3173 4921 3388 4983 volun—

1824 5016 2009 5074 tatem
2039 5013 2344 5074 hominum
2369 5011 2437 5072 in
2461 5016 2650 5075 totum
2680 5012 2992 5090 prohibero
3025 5031 3142 5074 non
3174 5031 3388 5092 posm-

1822 5121 1979 5166 mus.
2030 5105 2179 5177 Quae
2229 5103 2510 5164 doctrina
2555 5121 2701 5165 vera
2729 5111 2822 5164 est
2863 5103 2940 5163 de
2983 5105 3388 5184 permissione

1822 5196 1999 5270 mali,
2034 5201 2095 5256 et
2135 5195 2344 5254 statim
2391 5194 2570 5254 nobis
2608 5194 2875 5256 deservit
2911 5211 2928 5256 ε
2971 5201 3182 5257 tamen
3222 5197 3384 5258 male

1820 5288 2167 5366 applicatur
2219 5286 2300 5346 ad
2351 5284 2508 5344 illud
2563 5286 2920 5365 exemplum
2976 5288 3054 5348 de
3099 5287 3384 5349 secundis

1820 5379 2056 5458 nuptiis
2077 5385 2216 5457 post
2243 5383 2508 5438 mortem
2536 5378 2761 5457 prioris
2787 5380 3106 5459 conjugis:
3137 5397 3285 5439 nam
3311 5379 3386 5438 il·

1819 5471 1895 5534 1oe
1932 5471 2111 5532 bonae
2137 5475 2308 5546 sunt,
2345 5477 2410 5533 et
2450 5489 2579 5536 non
2623 5472 3068 5552 praecipiuntur
3111 5470 3382 5554 proprie,
