3976 6219
891 412 1026 462 cAP.
1063 412 1143 464 VI.
1180 412 1261 462 AN
1295 411 1416 463 LEX
1451 410 1797 464 NATURALIS
1829 408 1926 459 sm·
1958 408 2081 458 LEX
2115 409 2325 461 mviNA
2362 410 2780 462 PRAECEPTWA.

231 533 460 587 cram„
493 505 554 591 p.
587 514 648 586 6,
689 530 823 591 cap.
852 513 890 572 6
921 517 981 572 et
1010 515 1067 573 7.
1116 514 1406 592 Sequitur
1447 513 1690 574 Gabriel
1734 514 1797 586 2,

234 609 302 666 d.
352 608 451 680 35,
503 606 825 683 quaestion.
863 608 920 677 1,
960 611 1075 665 art.
1121 609 1146 664 1
1183 628 1197 679 ;
1244 606 1563 666 Almainus
1606 606 1715 665 lib.
1765 607 1801 664 3

236 698 483 771 Moral„
529 716 582 756 c.
627 698 702 756 16
722 713 741 772 3
781 697 1081 770 Corduba,
1105 697 1210 756 lib.
1248 700 1284 756 3
1313 700 1388 758 de
1427 699 1798 770 Conscient.,

239 808 303 867 q.
340 792 437 863 10,
468 790 547 848 ad
596 790 657 848 2.
699 789 900 866 Atque
929 789 996 847 hi
1033 795 1309 850 auctores
1358 796 1804 869 consequenter

238 882 531 940 videntur
549 899 678 940 esse
698 881 1040 940 concessuri
1070 882 1271 958 legem
1299 884 1646 944 naturalem
1674 901 1801 943 non

243 991 372 1033 esse
401 993 437 1032 a
466 974 611 1046 Dec,
657 980 725 1031 ut
752 991 789 1032 a
815 973 1186 1049 legislatore,
1217 976 1362 1053 quia
1403 995 1528 1036 non
1574 976 1801 1053 pendet

244 1083 318 1125 ex
346 1065 662 1125 voluntate
686 1065 818 1138 Dei,
843 1070 906 1125 et
938 1066 1024 1124 ita
1051 1085 1127 1126 ex
1154 1067 1217 1125 vi
1258 1068 1421 1127 illius
1448 1086 1574 1128 non
1609 1086 1672 1127 se
1699 1085 1801 1144 ge-

243 1157 323 1216 rit
343 1157 496 1217 Deus
523 1162 593 1216 ut
617 1157 897 1236 superior
912 1158 1291 1235 praecipienS,
1309 1168 1418 1220 aut
1440 1160 1801 1239 prohibens;

243 1249 369 1308 imo
401 1250 488 1308 ait
528 1249 860 1325 Gregorius
901 1267 1083 1327 quem
1135 1252 1340 1310 caeteri
1393 1254 1586 1312 secuti
1633 1257 1801 1324 sunt,

242 1338 385 1400 licet
414 1342 574 1401 Deus
603 1359 729 1400 non
751 1346 930 1415 esset,
953 1342 1049 1401 vel
1079 1361 1205 1401 non
1236 1349 1512 1403 uteretur
1538 1346 1798 1416 ratione,

244 1432 345 1491 vel
369 1450 494 1490 non
525 1437 689 1492 recte
719 1433 794 1492 de
822 1433 1004 1492 rebus
1021 1434 1348 1511 judicaret,
1372 1437 1422 1495 si
1451 1437 1517 1495 in
1545 1436 1798 1495 homine

248 1528 404 1583 esset
435 1523 601 1582 idem
629 1523 932 1583 dictamen
960 1532 1139 1586 rectae
1179 1528 1434 1587 rationis
1486 1528 1792 1603 dictantis,

246 1615 421 1675 verbi
446 1615 670 1692 gratia,
703 1616 932 1675 malum
963 1635 1091 1677 esse
1121 1621 1392 1694 mentiri,
1436 1620 1586 1679 illud
1617 1620 1798 1680 habi-

246 1711 458 1765 turum
491 1708 769 1767 eamdem
807 1709 1107 1769 rationem
1156 1710 1310 1788 legis
1330 1757 1350 1786 ,
1382 1730 1571 1790 quam
1626 1730 1796 1771 nunc

241 1795 451 1872 habet,
501 1800 647 1877 quia
673 1806 830 1861 esset
868 1801 969 1861 lex
1009 1803 1313 1863 ostensiva
1357 1804 1632 1878 malitiae,
1659 1823 1797 1883 quae

244 1890 307 1949 in
329 1891 575 1968 obJecto
602 1892 680 1950 ab
703 1893 1035 1953 intrinseco
1068 1895 1296 1954 existit.

322 1983 381 2039 4.
430 1981 710 2043 Secunda
738 1987 1029 2046 sententia
1052 1987 1383 2062 affirmans
1412 1986 1593 2065 {oyem
1611 1993 1796 2049 natu-

244 2070 426 2130 ralem
470 2091 591 2133 esse
637 2092 770 2134 vere
815 2077 1083 2136 divinam
1134 2095 1206 2138 ao
1239 2079 1679 2154 proeoeptivam.
1718 2110 1800 2124 —

245 2163 521 2249 Secunda
547 2167 853 2227 sententia
877 2167 1022 2228 huic
1044 2175 1319 2229 extreme
1336 2173 1793 2250 contraria,est,

245 2255 443 2330 legem
461 2259 807 2318 naturalem
829 2261 1084 2320 omnino
1094 2262 1357 2339 positam
1369 2281 1498 2323 esse
1510 2264 1574 2321 in
1587 2264 1797 2323 divino

247 2348 521 2426 imperiO,
553 2350 649 2410 vel
677 2352 1093 2429 prohibitione
1115 2355 1483 2431 procedente
1514 2375 1551 2415 a
1579 2357 1796 2416 volun-

247 2445 370 2499 tate
397 2441 517 2513 Dei,
549 2448 619 2502 ut
645 2450 892 2505 auctore
916 2453 978 2504 et
1006 2446 1418 2522 gubernatore
1447 2454 1705 2522 naturae,
1734 2455 1797 2508 et

248 2541 682 2609 consequenter
710 2536 871 2596 hanc
904 2537 1105 2614 legem
1143 2545 1211 2597 ut
1241 2545 1331 2599 est
1361 2543 1427 2598 in
1451 2541 1595 2614 Deo,
1639 2541 1795 2600 nihil

249 2625 416 2684 aliud
441 2643 568 2684 esse
589 2647 775 2706 quam
802 2629 1002 2707 legem
1029 2635 1321 2691 aeternam
1347 2637 1415 2690 ut
1440 2633 1795 2710 praecipien-

256 2723 375 2775 tem
405 2761 423 2790 ,
482 2716 581 2777 vel
624 2721 1051 2796 prohibentem
1096 2724 1161 2782 in
1215 2723 1324 2782 tali
1377 2725 1679 2800 materia3
1729 2726 1795 2784 in

252 2809 429 2868 nobis
463 2827 606 2869 vero
653 2810 807 2873 hanc
837 2814 1039 2893 legem
1081 2816 1425 2876 naturalem
1469 2836 1599 2878 esse
1628 2818 1796 2895 judi-

252 2901 418 2960 cium
439 2902 717 2975 rationis,
738 2913 1038 2983 quatenus
1061 2908 1237 2966 nobis
1261 2910 1306 2967 si
1313 2909 1564 2986 gnificat
1583 2911 1798 2970 volun-

249 2998 442 3053 tatem
463 2995 568 3053 Dei
585 2995 660 3054 de
683 2999 951 3073 agendis,
983 3005 1044 3059 et
1065 3000 1332 3060 vitandis
1360 3003 1522 3062 circa
1541 3022 1635 3077 ea,
1657 3022 1795 3082 quae

249 3087 477 3147 rationi
498 3087 764 3147 naturali
787 3098 1201 3153 consentanea
1229 3099 1392 3155 sunt.
1423 3097 1514 3156 Ita
1534 3097 1798 3156 sumitur

250 3198 325 3240 ex
355 3180 645 3254 OchamO,
692 3181 759 3240 in
787 3184 844 3256 2,
882 3203 945 3263 q.
990 3187 1085 3246 19.
1118 3187 1195 3246 ad
1229 3190 1265 3247 3
1295 3192 1357 3247 et
1388 3190 1448 3261 4,
1495 3195 1798 3267 quatenus

249 3273 398 3333 dicit
422 3274 660 3333 nullum
683 3293 811 3335 esse
838 3279 1323 3354 actummalum,
1351 3281 1470 3340 nisi
1497 3287 1798 3360 quatenus

250 3384 290 3424 a
328 3366 448 3425 Deo
477 3366 823 3443 prohibitus
862 3375 969 3445 est,
1015 3377 1075 3431 et
1117 3372 1224 3450 qui
1266 3391 1394 3432 non
1438 3375 1625 3451 possit
1665 3373 1800 3434 fieri

249 3458 449 3517 bonus
491 3459 542 3518 si
582 3477 620 3518 a
666 3461 790 3520 Deo
828 3464 1232 3541 praecipiatur,
1281 3472 1343 3525 et
1383 3484 1417 3526 e
1459 3484 1793 3527 converso:

248 3552 417 3612 unde
444 3556 735 3631 supponit
760 3560 954 3614 totam
982 3556 1177 3635 legem
1202 3560 1548 3621 naturalem
1574 3562 1798 3620 consis-

250 3650 379 3705 tere
420 3646 486 3705 in
528 3648 844 3725 praeceptis
882 3647 1101 3709 divinis
1141 3669 1179 3710 a
1217 3652 1338 3712 Deo
1379 3653 1615 3730 positis,
1659 3671 1796 3731 quae

248 3738 380 3815 ipse
396 3744 598 3816 posset
611 3740 849 3800 auferre
869 3745 930 3799 et
950 3747 1206 3804 mutare.
1231 3745 1400 3817 Quod
1423 3745 1475 3803 si
1495 3744 1797 3805 instetali-

249 3832 388 3907 quis
416 3832 602 3891 talem
631 3831 830 3910 legem
851 3851 978 3893 non
1006 3836 1347 3897 naturalem
1381 3855 1530 3907 esse,
1561 3838 1666 3897 sed
1690 3856 1798 3916 po-

251 3921 521 3995 sitivam,
553 3925 967 4002 responderet,
997 3926 1117 3985 dici
1144 3930 1510 4003 naturalem,
1544 3931 1689 4008 quia
1709 3934 1800 3990 est

249 4016 710 4092 proportionata
744 4017 980 4076 naturis
1019 4036 1228 4105 rerum
1245 4067 1261 4094 ‚
1303 4039 1430 4081 non
1481 4022 1626 4099 quia
1672 4040 1799 4081 non

250 4106 330 4164 sit
362 4108 740 4168 extrinsecus
771 4128 809 4168 a
841 4110 964 4170 Deo
1001 4112 1200 4188 posita
1226 4132 1239 4169 :
1274 4120 1332 4172 et
1364 4114 1431 4172 in
1459 4113 1620 4174 hanc
1657 4132 1800 4174 sen-

249 4199 508 4259 tentiam
540 4201 796 4261 inclinat
821 4202 1075 4277 Gerson,
1107 4222 1171 4280 p.
1205 4206 1262 4263 3.
1301 4209 1375 4264 tr.
1409 4206 1486 4266 de
1514 4206 1640 4265 Vit.
1679 4205 1803 4283 spi-

247 4290 380 4364 rit.,
410 4290 551 4351 lect.
583 4296 642 4366 1,
675 4294 860 4353 corol.
889 4297 966 4354 10
993 4299 1054 4354 et
1077 4298 1176 4368 11,
1209 4296 1451 4374 alphab.
1485 4298 1587 4369 61,
1622 4296 1712 4357 lit.
1755 4298 1802 4356 E

250 4388 312 4443 et
344 4384 388 4443 F
409 4429 429 4458 ,
471 4390 531 4444 et
559 4385 699 4445 ideo
726 4386 794 4445 in
820 4386 957 4446 lect.
991 4390 1029 4446 2
1058 4394 1119 4447 et
1147 4391 1182 4447 3
1212 4389 1299 4449 ait
1325 4390 1522 4467 legem
1553 4397 1803 4450 natura-

248 4476 397 4549 lem,
437 4495 575 4555 quae
611 4478 675 4537 in
713 4479 891 4538 nobis
937 4488 1050 4553 est,
1095 4499 1219 4540 non
1264 4501 1391 4542 esse
1433 4489 1674 4543 tantum
1712 4483 1800 4543 si-

248 4587 446 4646 gnum
481 4569 832 4629 dictaminis
862 4571 1013 4630 recti
1055 4572 1252 4631 divini
1283 4574 1645 4650 intellectuS,
1696 4574 1803 4635 sed

249 4662 438 4720 etiam
470 4661 695 4720 divinae
739 4662 1092 4724 voluntatis.
1137 4665 1213 4723 Et
1247 4664 1407 4725 hanc
1435 4668 1802 4726 sententiam

248 4753 591 4813 defendunt
638 4756 760 4815 late
808 4757 1019 4816 Petrus
1065 4757 1332 4833 Aliacus,
1384 4759 1451 4818 in
1491 4763 1549 4834 1,
1596 4779 1658 4839 q.
1703 4763 1801 4834 14,

249 4864 307 4905 a.
338 4848 398 4919 3,
430 4846 540 4905 ubi
569 4847 653 4906 ait
677 4848 1060 4908 voluntatem
1084 4850 1359 4909 divinam
1389 4869 1517 4911 esse
1541 4853 1806 4930 primam

246 4937 473 5014 legem,
515 4944 578 4998 et
609 4939 746 4999 ideo
790 4958 963 5018 posse
1003 4960 1208 5002 creare
1248 4941 1529 5003 homines
1564 4944 1803 5003 ratione

246 5035 492 5088 utentes
537 5030 669 5090 sine
709 5033 881 5090 omni
921 5034 1078 5109 lege.
1135 5033 1302 5093 Idem
1343 5036 1635 5096 latissime
1681 5037 1805 5095 An-

246 5120 442 5179 draeas
469 5120 546 5181 de
580 5122 748 5182 Novo
778 5125 963 5199 Cast.,
1012 5125 1075 5184 in
1109 5128 1166 5200 1,
1205 5126 1264 5186 d.
1297 5129 1400 5200 48,
1447 5145 1508 5204 q.
1544 5131 1603 5201 1,
1646 5145 1705 5187 a.
1742 5131 1799 5188 1.

247 5213 361 5285 Qui
412 5214 600 5273 etiam
648 5216 887 5276 addunt
942 5223 1137 5277 totam
1192 5220 1497 5279 rationem
1551 5221 1699 5279 boni
1744 5225 1806 5281 et

246 5305 397 5365 mali
431 5307 498 5365 in
539 5305 722 5366 rebus
749 5308 822 5366 ad
854 5309 1055 5385 legem
1094 5315 1326 5370 naturae
1355 5312 1806 5389 pertinentibus

244 5398 513 5477 positam
541 5417 668 5459 esse
697 5400 762 5458 in
789 5402 1107 5461 voluntate
1146 5403 1276 5476 Dei,
1315 5408 1375 5462 et
1404 5421 1529 5462 non
1557 5404 1620 5462 in
1643 5405 1806 5482 Judi-

243 5490 342 5550 cio
367 5490 654 5567 rationis,
692 5492 880 5553 etiam
907 5493 1100 5573 ipsius
1127 5495 1257 5570 Dei,
1293 5513 1495 5575 neque
1522 5496 1590 5557 in
1622 5495 1808 5557 rebus

3326 409 3441 468 105

1881 510 2051 587 ipsiS,
2078 529 2215 589 quae
2241 530 2350 589 per
2370 513 2559 573 talem
2587 513 2788 591 legem
2812 516 3122 586 vetantur,
3150 518 3257 572 aut
3288 531 3440 590 prae-

1882 604 2215 682 cipiuntur.
2267 607 2763 666 Fundamentum
2794 606 2976 684 hujus
3005 603 3321 666 se'ntentioe
3350 608 3441 666 vi-

1882 696 2064 755 detur
2103 715 2229 756 esse
2263 715 2278 757 t
2313 699 2413 758 vel
2441 700 2586 777 quia
2616 699 2888 758 actiones
2925 716 3051 757 non
3094 705 3237 757 sunt
3264 699 3441 759 bonae

1882 792 1993 846 aut
2020 788 2221 858 malae,
2254 791 2370 848 nisi
2394 793 2539 867 quia
2560 810 2595 850 a
2623 792 2745 850 Deo
2767 795 3083 868 praeceptae
3106 797 3213 849 aut
3237 792 3440 867 prohi-

1880 880 2025 939 bitae
2058 902 2073 939 ε
2106 882 2251 959 quia
2298 882 2555 960 ipsemet
2597 884 2756 942 Deus
2798 899 2924 940 non
2964 881 3102 940 ideo
3147 882 3283 941 vult
3326 883 3442 943 hoc

1881 973 2236 1051 praecipere,
2279 980 2385 1033 aut
2414 974 2739 1051 prohibere
2769 980 3087 1040 creaturae,
3138 976 3284 1051 quia
3314 992 3444 1034 ma-

1879 1065 2014 1124 lum
2054 1070 2144 1124 est
2178 1072 2287 1125 aut
2325 1068 2580 1138 bonum,
2624 1069 2728 1126 sed
2774 1067 2977 1144 potius
3016 1066 3153 1125 ideo
3197 1066 3311 1125 hoc
3354 1075 3443 1128 est

1876 1157 2117 1234 justum
2156 1157 2256 1217 vel
2292 1160 2614 1237 injustum,
2664 1159 2810 1236 quia
2853 1159 3012 1217 Deus
3053 1158 3248 1217 voluit
3286 1158 3442 1218 illud

1884 1249 2044 1324 fieri,
2092 1257 2200 1311 aut
2251 1270 2377 1311 non
2424 1252 2589 1325 fieri,
2634 1253 2817 1329 juxta
2860 1251 3014 1310 illud
3059 1251 3333 1310 Anselmi
3376 1253 3441 1311 in

1885 1341 2223 1420 Prosolog„
2267 1362 2321 1403 c.
2359 1347 2454 1404 11.
2505 1343 2660 1403 Illud
2690 1351 2780 1403 est
2809 1345 3066 1422 justum,
3114 1344 3278 1421 quod
3306 1345 3436 1421 vis;

1884 1438 1944 1492 et
1992 1453 2117 1493 non
2158 1436 2430 1513 justum,
2476 1436 2640 1513 quod
2682 1455 2810 1494 non
2856 1438 2969 1494 viS.
3037 1435 3209 1507 Quod
3251 1437 3439 1495 etiam

1876 1526 2064 1586 sentit
2090 1528 2268 1605 Hugo
2302 1529 2561 1600 Victor.,
2612 1527 2655 1586 l.
2700 1528 2776 1586 de
2804 1529 2972 1587 Sacr.
3011 1546 3072 1604 p.
3106 1529 3167 1600 4,
3199 1546 3251 1586 6.
3288 1530 3345 1602 1,
3378 1536 3441 1587 et

1877 1618 2237 1696 Cyprianus,
2282 1620 2326 1681 l.
2367 1621 2443 1681 de
2484 1620 2845 1699 Singularit.
2901 1620 3296 1695 Clericorum,
3347 1620 3439 1681 illi

1877 1710 2194 1771 attributo.

1958 1804 2017 1862 5.
2047 1804 2269 1865 Prima
2293 1804 2777 1865 asseram—Lea·
2796 1804 3103 1864 naturalis
3120 1821 3236 1864 non
3250 1803 3439 1864 solum

1880 1899 1965 1954 est
1995 1893 2325 1955 indicativa
2355 1896 2529 1971 mali,
2562 1900 2616 1957 et
2650 1896 2806 1971 boni,
2849 1896 2952 1956 sed
2976 1897 3157 1955 etiam
3186 1896 3440 1956 continet

1873 1986 2324 2061 proeceptionem
2366 1991 2420 2047 et
2478 1987 2940 2064 prohibitionem
2996 1987 3330 2064 utriusq-ue.
3358 2019 3441 2032 —

1879 2075 2031 2135 Mihi
2041 2094 2188 2135 vero
2203 2083 2421 2137 neutra
2432 2078 2737 2137 sententia
2755 2078 3069 2152 satisfacit,
3088 2084 3149 2138 et
3160 2078 3298 2138 ideo
3314 2096 3441 2138 me-

1880 2167 2048 2226 diam
2076 2167 2243 2227 viam
2275 2170 2607 2228 tenendam
2649 2186 2891 2242 cense0,
2936 2187 3123 2247 quam
3159 2170 3442 2230 existimo

1879 2277 2007 2319 esse
2053 2261 2426 2320 sententiam
2472 2262 2540 2321 D.
2582 2261 2869 2330 Thomae,
2937 2266 2999 2320 et
3046 2279 3443 2321 communem

1877 2351 2337 2428 theologorum.
2365 2353 2511 2412 Dico
2534 2371 2680 2429 ergo
2708 2353 2910 2430 primo
2934 2374 2948 2411 :
2992 2354 3114 2412 Lex
3148 2353 3444 2413 naturalis

1876 2459 2004 2501 non
2014 2449 2260 2502 tantum
2270 2450 2361 2504 est
2372 2445 2704 2504 indicativa
2716 2444 2862 2503 mali
2878 2451 2939 2504 et
2956 2445 3123 2517 boni,
3140 2446 3245 2504 sed
3258 2445 3445 2504 etiam

1876 2535 2152 2594 continet
2170 2537 2484 2613 propriam
2509 2536 2987 2613 prohibitionem
3010 2537 3180 2612 mali,
3208 2543 3269 2597 et
3292 2555 3445 2615 pree-

1877 2628 2220 2704 ceptionem
2252 2628 2422 2687 boni.
2456 2631 2545 2688 Ita
2576 2647 2750 2689 sumo
2774 2647 2852 2689 cx
2875 2631 2942 2690 D.
2982 2630 3245 2702 Thoma,
3286 2632 3342 2689 1.
3378 2631 3439 2703 2,

1875 2736 1934 2795 q.
1970 2720 2069 2792 71,
2095 2737 2154 2777 a.
2186 2720 2247 2790 6,
2273 2720 2352 2778 ad
2380 2722 2443 2792 4,
2474 2721 2736 2793 dicente,
2767 2739 2879 2798 per
2913 2722 3440 2799 comparationem

1877 2811 1955 2871 ad
1984 2812 2186 2889 legem
2216 2811 2567 2877 ‚humanam
2608 2817 2736 2873 n‘on
2778 2815 2988 2873 omnia
3020 2821 3274 2892 peccata
3308 2832 3437 2874 esse

1878 2904 2042 2963 mala
2069 2949 2087 2978 ,
2134 2905 2280 2982 quia
2325 2905 2633 2984 prohibita
2680 2922 2695 2964 ε
2742 2925 2852 2984 per
2907 2909 3438 2985 comparationem

1880 3002 2089 3055 autem
2134 2997 2214 3056 ad
2252 2997 2455 3074 legem
2497 2998 2866 3072 naturalem,
2911 3017 3049 3076 quae
3084 3000 3438 3059 continetur

1877 3087 2294 3167 principaliter
2325 3089 2392 3149 in
2419 3089 2554 3168 lege
2583 3095 2836 3166 aeterna,
2875 3098 2936 3151 et
2964 3092 3330 3151 secundario
3372 3091 3440 3151 in

1875 3181 2237 3242 indicatorio
2261 3184 2519 3243 rationis
2549 3184 2868 3257 naturaliS,
2901 3203 3084 3244 omne
3116 3190 3433 3263 peccatum

1879 3292 2010 3334 esse
2030 3293 2314 3352 pravum,
2345 3276 2491 3353 quia
2509 3275 2913 3354 prohibitum,
2942 3284 3002 3337 et
3026 3296 3085 3354 q.
3118 3280 3257 3350 100,
3283 3294 3341 3336 a.
3371 3278 3435 3349 8,

1880 3368 1958 3427 ad
1985 3369 2025 3427 2
2052 3370 2138 3426 ait
2177 3369 2367 3427 Deum
2395 3385 2521 3427 non
2550 3386 2724 3446 posse
2752 3387 2979 3447 negare
3012 3370 3282 3448 seipsum
3314 3414 3333 3443 ,
3374 3375 3437 3430 et

1879 3461 2017 3520 ideo
2050 3479 2175 3520 non
2206 3480 2379 3539 posse
2408 3462 2690 3522 ordinem
2728 3480 2852 3522 suae
2876 3462 3133 3539 justitiae
3171 3462 3435 3538 auferre,

1880 3553 2171 3626 sentienS,
2224 3571 2353 3612 non
2403 3571 2578 3632 posse
2629 3572 2755 3613 non
2813 3554 3138 3631 prohibere
3182 3573 3256 3614 ea
3302 3573 3440 3633 quae

1878 3645 2042 3704 mala
2090 3651 2232 3704 sunt
2260 3691 2281 3720 ,
2336 3651 2397 3706 et
2445 3652 2658 3705 contra
2705 3647 3012 3706 rationem
3060 3648 3433 3707 naturalem.

1876 3739 2045 3798 Idem
2072 3740 2257 3798 sentit
2294 3740 2747 3813 Bonaventura‚
2775 3741 2839 3798 in
2868 3742 2929 3813 2,
2957 3740 3019 3799 d.
3055 3742 3156 3814 35,
3184 3740 3331 3799 dub.
3366 3742 3428 3814 4,

1876 3833 2038 3892 circa
2059 3831 2331 3892 litteram
2348 3875 2368 3906 ,
2411 3839 2619 3910 aperte
2647 3834 2880 3894 Gerson
2898 3879 2916 3908 ,
2967 3834 3033 3893 in
3060 3834 3203 3893 dict.
3252 3839 3430 3893 tract.

1879 3925 1953 3985 de
1993 3927 2134 3985 Vita
2174 3927 2370 4004 spirit.
2380 3970 2400 3999 ,
2448 3925 2590 3985 lect.
2618 3932 2656 3985 ‘2
2686 3944 2795 4004 per
2834 3932 3051 4000 totam,
3096 3927 3440 4004 praesertim

1881 4018 2067 4078 corol.
2102 4021 2141 4099 ἥ
2162 4065 2181 4092 ,
2215 4019 2325 4077 ubi
2350 4018 2433 4078 sic
2461 4017 2680 4078 definit
2706 4019 3008 4076 rationem
3039 4017 3389 4077 naturalem
3413 4034 3429 4075 ε

1882 4112 2006 4171 lea>
2044 4112 2352 4171 naturalis
2384 4112 2739 4187 proecepciva
2776 4114 2861 4170 est
2893 4110 3136 4185 siquam
3175 4110 3438 4169 inditum

1884 4203 2126 4263 cuilibet
2155 4203 2381 4262 homini
2408 4220 2525 4261 non.
2563 4201 2845 4278 impedito
2874 4200 2941 4260 in
2971 4218 3086 4261 usu
3116 4201 3302 4261 debito
3340 4218 3443 4262 ra-

1884 4294 2092 4366 tionis,
2138 4298 2191 4354 et
2231 4292 2673 4369 notificativum
2711 4291 3041 4353 voluntatis
3082 4292 3303 4353 divinoe
3346 4310 3444 4352 vo-

1882 4386 2061 4448 lentis
2084 4431 2104 4461 ,
2141 4390 2479 4449 creaturam
2507 4385 2865 4445 rationalem
2902 4385 3226 4445 humanam
3257 4385 3443 4445 teneri

1882 4480 1964 4540 ad
1987 4479 2226 4558 aliquid
2248 4479 2561 4557 ayo-ndum,
2592 4478 2681 4538 vel
2708 4495 2826 4538 non.
2853 4478 3146 4555 aqendum
3169 4495 3282 4554 per
3310 4496 3444 4539 con·

1882 4574 2232 4634 secutionem
2276 4572 2375 4633 sui
2417 4571 2565 4647 finis
2608 4571 2936 4632 naturalia.
2977 4571 3123 4643 Quae
3167 4569 3446 4631 definitio

1884 4664 2138 4725 fortasse
2163 4665 2342 4743 plura
2370 4663 2838 4741 comprehendit
2862 4681 3053 4742 quam
3076 4663 3156 4723 sit
3175 4681 3441 4738 necesse,

1884 4777 2049 4817 nunc
2079 4777 2224 4818 vero
2252 4758 2451 4817 solum
2483 4775 2555 4817 ea
2580 4758 2816 4817 utimur
2836 4803 2855 4832 ,
2888 4763 3191 4835 quatenus
3221 4776 3442 4836 propo-

1885 4852 2001 4910 sito
2037 4851 2307 4910 inservit.
2357 4852 2431 4909 Et
2458 4849 2619 4909 hanc
2650 4851 2839 4910 etiam
2868 4850 3270 4909 assertionem
3299 4868 3444 4927 sup-

1883 4948 2124 5020 ponunt
2141 4948 2418 5001 auctores
2431 4942 2707 5001 secundae
2729 4943 3073 5013 sententiae,
3091 4946 3152 5000 et
3162 4941 3445 4999 eamdem

1884 5033 2007 5094 late
2047 5034 2320 5094 defendit
2347 5035 2573 5093 Victor.
2615 5034 2681 5092 in
2723 5033 2930 5092 relect.
2963 5033 3039 5091 de
3069 5032 3325 5091 Perven.
3362 5032 3443 5091 ad

1885 5144 2069 5185 usum
2095 5125 2377 5199 rationis,
2410 5142 2473 5184 n.
2504 5126 2542 5183 8
2570 5134 2632 5183 et
2663 5122 3078 5200 sequentibus.

1966 5220 2027 5278 6.
2078 5217 2492 5292 Confirmatur
2518 5216 2858 5275 rationibus
2891 5215 3164 5275 asset-tia
3191 5247 3273 5259 —-
3298 5215 3443 5275 Pro·

1886 5309 2070 5369 batur
2096 5312 2301 5366 autem
2331 5305 2530 5383 primo
2557 5323 2630 5364 ex
2664 5305 3034 5383 proprietate
3068 5305 3261 5384 legis:
3294 5324 3444 5365 nam

1885 5401 1986 5461 lex
2030 5397 2328 5457 naturalis
2356 5401 2446 5455 est
2469 5398 2715 5475 propria
2741 5397 2880 5472 lex;
2923 5397 3011 5457 ita
3037 5399 3204 5457 enim
3232 5398 3307 5455 de
3336 5396 3443 5457 illa

1885 5492 2225 5573 loquuntur
2264 5493 2327 5550 et
2353 5488 2627 5551 sentiunt
2659 5506 2873 5550 omnes
2900 5491 3129 5564 Patres,
3168 5487 3442 5565 theologi
