3976 6219
867 345 1004 396 GAP.
1042 345 1120 395 Vl.
1158 342 1240 394 AN
1272 342 1394 391 LEX
1429 339 1778 391 NATURALIS
1809 338 1906 393 sn·
1937 342 2061 393 LEX
2096 345 2309 399 DIVINA
2342 348 2766 404 PRAECEPTIVA.

233 448 395 501 tatem
433 442 754 518 divinam,
814 462 940 521 qua
983 442 1086 503 lex
1133 439 1433 501 naturalis
1480 439 1774 515 sancitur,

235 552 334 591 non
369 552 722 611 supponere
751 535 1065 595 dictamen
1103 534 1326 593 divinae
1368 532 1626 591 rationis
1654 531 1779 590 dic-

233 626 391 685 tantis
432 625 554 685 hoc
603 646 742 686 esse
797 628 1129 686 honestum
1177 625 1275 684 vcl
1329 631 1530 702 turpe,
1580 642 1780 702 neque

231 718 596 777 voluntatem
629 719 806 779 illam
829 720 940 779 Dei
965 735 1305 798 supponere
1331 717 1396 775 in
1421 716 1656 793 objecto
1684 716 1780 775 in-

229 812 538 870 trinsecam
590 812 1118 885 convenientiam,
1167 810 1264 871 vel
1311 808 1780 869 disconvenien-

229 904 356 961 tiam
395 903 478 962 ad
523 910 830 963 naturam
883 903 1272 976 rationalem,
1319 902 1558 962 ratione
1605 901 1782 978 cujus

227 994 336 1053 vult
361 1014 566 1055 unum
609 995 754 1055 fieri
790 1002 853 1057 et
881 995 1053 1055 aliud
1079 996 1271 1056 vetari
1297 1016 1312 1054 ε
1348 998 1583 1054 constat
1609 995 1780 1053 enim

224 1106 286 1147 ex
311 1086 490 1146 dictis
529 1088 606 1147 in
652 1088 926 1149 secunda
952 1088 1366 1161 conclusione,
1412 1087 1531 1146 hoc
1557 1086 1782 1146 falsum

223 1199 332 1241 esse
353 1187 414 1239 et
445 1188 676 1241 contra
699 1182 1009 1242 rationem
1031 1181 1184 1259 legis
1205 1180 1526 1240 naturalis,
1555 1180 1780 1251 Quam-

219 1274 296 1331 vis
311 1290 460 1350 engo
483 1273 801 1351 obligatio
813 1273 1122 1359 illa-quam
1143 1272 1316 1331 addit
1330 1272 1432 1332 lex
1453 1270 1776 1345 1161016113,

219 1372 278 1423 111
297 1366 546 1443 proprie
575 1367 952 1445 praeceptiva
981 1371 1093 1440 est,
1123 1365 1202 1425 sit
1231 1382 1305 1425 ex
1335 1363 1651 1425 voluntate
1689 1364 1777 1423 di-

219 1458 368 1531 vina,
405 1464 640 1518 tamen
683 1458 796 1518 illa
831 1458 1118 1519 voluntas
1153 1458 1442 1536 supponit
1477 1456 1782 1534 judicium

217 1550 280 1608 de
303 1548 578 1624 malitia,
621 1550 801 1609 verbi
832 1551 1057 1627 gratia,
1081 1549 1390 1609 mendacii
1419 1555 1480 1609 et
1507 1548 1736 1608 similia
1762 1563 1778 1607 :

215 1650 434 1713 tamen,
463 1642 628 1719 quia
663 1660 740 1701 ex
762 1646 826 1721 vi
849 1643 1038 1702 solius
1058 1642 1280 1719 judicii
1315 1659 1442 1701 non
1469 1640 1784 1701 inducitur

215 1733 450 1811 propria
479 1733 856 1811 prohibiti0,
869 1732 968 1794 vel
992 1734 1286 1811 obligatio
1309 1733 1620 1812 praecepti,
1637 1732 1784 1810 quia

214 1826 314 1884 hoc
347 1826 492 1885 sine
535 1824 870 1886 voluntate
905 1826 1174 1902 intelligi
1213 1842 1339 1885 non
1378 1828 1600 1903 potest,
1643 1823 1782 1883 ideo

211 1918 577 1996 adjungitur
591 1918 886 1977 voluntas
903 1918 1270 1997 prohibendi
1293 1918 1471 1991 illud,
1488 1917 1635 1994 quia
1653 1932 1783 1975 ma-

209 2010 328 2069 lum
367 2018 492 2071 est.
549 2010 738 2071 Unde
773 2010 1027 2070 tandem
1072 2009 1144 2070 fit
1182 2010 1382 2087 legem
1407 2008 1779 2082 naturalem,

211 2110 377 2181 prout
411 2106 486 2163 in
523 2104 718 2163 nobis
755 2110 868 2179 est,
898 2122 1026 2163 non
1063 2109 1308 2164 tantum
1349 2120 1480 2164 esse
1507 2101 1783 2161 indican-

213 2202 322 2255 tem
359 2196 642 2272 malum,
691 2196 799 2257 sed
826 2196 1011 2257 etiam
1049 2195 1430 2273 obligantem
1453 2194 1529 2254 ad
1555 2210 1782 2253 caven-

215 2288 342 2347 dum
367 2288 562 2363 illud,
581 2308 660 2348 ac
687 2289 950 2349 subinde
969 2307 1097 2349 non
1117 2287 1314 2348 solum
1343 2290 1782 2365 repraesentare

215 2380 560 2441 naturalem
603 2381 1206 2441 disconvenientiam
1251 2378 1392 2439 talis
1438 2383 1634 2452 actua,
1682 2376 1783 2437 vel

215 2472 421 2549 objecti
463 2490 622 2533 cum
651 2473 944 2533 rationali
979 2478 1232 2532 natura:
1277 2470 1384 2531 sed
1427 2471 1616 2530 etiam
1651 2488 1782 2531 esse

215 2565 448 2643 signum
483 2566 728 2625 divinae
755 2565 1090 2626 voluntatis
1115 2565 1377 2625 vetantis
1403 2563 1579 2624 illud.

285 2661 516 2720 lt-Fit
545 2661 716 2721 satis
739 2661 1126 2735 fundamento
1145 2659 1460 2737 utriusque
1482 2654 1786 2718 sententia?

219 2755 512 2831 oppositoe.
561 2786 648 2797 -——
683 2754 1012 2830 Responsio
1038 2752 1298 2812 Medinoe
1325 2752 1407 2812 ad
1451 2749 1784 2827 oppositum

217 2845 1078 2923 fundamentum.—Superest
1103 2849 1174 2903 ut
1200 2842 1280 2903 ad
1307 2841 1783 2902 fundamentum

221 2938 531 3017 utriusque
589 2938 920 2998 sententiae
974 2935 1454 3015 respondeamus
1504 2950 1520 2993 :
1583 2937 1784 2991 totum

223 3032 370 3090 enim
411 3036 717 3091 versatur
749 3030 910 3090 circa
943 3029 1107 3089 hanc
1147 3027 1579 3107 hypothesim:
1631 3025 1786 3086 Etsi

221 3125 368 3188 Deus
397 3145 520 3187 non
557 3125 888 3203 prohibeat
914 3125 1006 3186 vel
1025 3124 1348 3201 proeoipiat
1385 3139 1452 3183 ea
1491 3139 1624 3200 quoe
1645 3123 1787 3181 sunt

223 3217 280 3277 de
297 3217 418 3296 leffe
437 3223 721 3291 παίω-ω,
740 3217 1135 3278 nihilominus
1155 3215 1400 3276 mentiri
1421 3219 1509 3276 est
1535 3214 1782 3286 malum,

223 3315 270 3368 et
291 3309 470 3371 colere
481 3314 782 3388 parentes
796 3309 1006 3369 bonum
1024 3311 1078 3369 et
1107 3307 1386 3368 debitum.
1407 3306 1580 3366 Circa
1597 3322 1787 3383 quam

223 3401 640 3462 conditionem
664 3401 790 3460 duo
819 3399 1087 3460 videnda
1116 3404 1283 3474 sunt,
1299 3416 1496 3459 unum
1525 3403 1619 3457 est
1637 3396 1788 3476 quid

221 3501 534 3574 sequatur,
567 3494 776 3574 posita
815 3494 924 3554 illa
956 3493 1312 3572 hypothesi:
1352 3492 1524 3552 aliud
1554 3497 1669 3566 est,
1706 3509 1788 3550 an

217 3585 580 3665 hypothesis
621 3587 762 3665 ipsa
787 3585 1091 3665 possibilis
1131 3586 1229 3646 sit.
1277 3586 1348 3645 In
1386 3602 1509 3664 quo
1543 3583 1789 3646 Medina

217 3683 270 3738 1.
297 3681 362 3754 2,
395 3686 629 3759 quaest.
665 3681 770 3755 18,
785 3685 904 3740 art.
926 3681 984 3752 1,
1015 3679 1094 3739 ad
1113 3678 1429 3753 ultimum,
1460 3676 1790 3756 respondet

209 3769 618 3851 hypothesim
644 3790 780 3832 esse
807 3771 1267 3850 impossibilem,
1290 3771 1437 3848 quia
1463 3769 1570 3829 illa
1591 3769 1790 3847 posita

201 3867 492 3944 sequitur
543 3864 980 3938 contradictio,
1028 3862 1278 3936 scilicet,
1323 3862 1490 3941 quod
1534 3860 1789 3921 menda-

199 3957 398 4032 cium,
421 3957 608 4018 verbi
633 3957 858 4036 gratia,
875 3975 1002 4018 non
1029 3956 1108 4016 sit
1133 3960 1474 4035 peccatum,
1493 3953 1638 4032 quia
1662 3971 1788 4013 non

195 4057 288 4108 oet
315 4049 738 4129 prohibitum
763 4067 873 4128 per
911 4048 1104 4108 ullam
1139 4048 1367 4126 legem,
1403 4057 1466 4106 et
1505 4045 1668 4125 quod
1711 4046 1790 4105 sit

197 4153 546 4220 peccatum
577 4142 734 4220 quia
759 4147 850 4202 est
880 4147 1095 4201 contra
1133 4141 1462 4215 rationem,
1494 4143 1556 4199 et
1587 4157 1697 4217 per
1724 4155 1788 4199 se

195 4237 704 4296 disconveniens
725 4240 960 4294 naturas
978 4232 1284 4294 rationali.
1305 4230 1424 4292 Sed
1441 4235 1654 4291 contra
1670 4229 1790 4290 hoc

195 4335 286 4388 est
317 4329 482 4408 quia
509 4327 864 4389 secundum
892 4327 1172 4387 ordinem
1201 4323 1459 4386 rationis
1497 4324 1670 4403 prius
1699 4329 1790 4384 est

191 4421 344 4482 talis
387 4427 576 4481 actus
623 4419 831 4480 malus
870 4436 1058 4498 quam
1103 4416 1448 4496 prohibitus
1491 4434 1602 4495 per
1651 4434 1791 4495 pro-

197 4515 418 4592 priam
445 4514 704 4592 legem3
751 4529 918 4590 ergo,
949 4512 1090 4571 licet
1128 4510 1486 4590 hypothesis
1513 4507 1620 4568 illa
1647 4527 1791 4588 sup-

197 4613 512 4683 ponatur,
565 4621 797 4682 nempe
841 4623 993 4682 opus
1031 4621 1161 4662 11011
1202 4601 1512 4682 prohiberi
1551 4620 1590 4661 a
1639 4604 1786 4677 De0,

197 4715 334 4757 non
365 4703 746 4776 sequeretur
771 4695 926 4755 illud
947 4713 1076 4755 11011
1103 4711 1231 4755 esse
1253 4694 1514 4768 malum,
1540 4694 1689 4773 quia
1713 4711 1790 4754 ex

201 4809 266 4849 se
299 4791 374 4850 id
399 4791 604 4850 habet
629 4789 764 4848 sine
791 4787 1236 4866 prohibitione;
1259 4804 1408 4866 ergo
1435 4805 1562 4847 non
1590 4787 1791 4866 sequi-

201 4887 308 4941 tur
337 4880 789 4942 conti-edictio.

283 4976 396 5034 15.
445 4973 834 5036 Bzduditm·
851 4971 1154 5050 responsio
1179 4969 1788 5033 Medium—Accone-

201 5068 518 5126 nodatior
547 5063 1340 5142 responsio—Responderi
1374 5068 1572 5142 potest
1598 5063 1784 5141 quod,

203 5157 350 5218 licet
377 5157 494 5219 illa
519 5157 822 5235 negativa
850 5156 1183 5235 propositio
1208 5173 1337 5216 non
1365 5160 1658 5234 sequatur
1679 5172 1789 5233 per

207 5247 426 5310 locum
455 5251 872 5311 intrinsecum
901 5249 991 5328 (ut
1017 5249 1218 5324 aiunt)
1248 5267 1356 5308 seu
1385 5265 1426 5307 a
1451 5247 1665 5325 priori,
1695 5265 1790 5306 se-

211 5343 434 5417 quitur
457 5362 499 5402 a
535 5341 863 5420 posteriori
881 5345 944 5400 et
962 5358 1074 5419 per
1097 5339 1398 5418 principia
1423 5339 1784 5399 extrinseca.

213 5435 370 5504 Quid
395 5437 454 5496 si
471 5451 632 5514 opus
661 5451 793 5494 non
819 5431 1252 5513 prohiberetur
1277 5449 1316 5493 a
1343 5433 1488 5508 Deo,
1519 5449 1648 5492 non
1670 5431 1790 5492 dis-

1860 440 2111 519 pliceret
2132 444 2248 519 illi,
2275 451 2337 506 et
2364 457 2809 527 consequenter
2824 471 2949 513 non
2973 462 3131 516 esset
3151 459 3413 534 malum,

1861 539 1922 593 61
1961 541 2175 596 16111611
2213 538 2365 599 alias
2397 543 2764 619 supponitur
2794 563 2924 606 esse
2952 549 3209 624 malum,
3236 558 3295 612 et
3328 554 3417 615 ita

1859 628 2137 704 sequitur
2174 631 2593 693 contradictio,
2645 635 2995 698 Declaratur
3036 658 3073 699 a
3108 642 3320 718 simili,
3364 645 3415 703 si

1861 718 2019 777 Deus
2042 720 2225 780 vellet
2264 741 2365 782 me
2393 724 2568 784 illum
2598 726 2738 788 odio
2779 728 3029 806 habere,
3070 738 3217 794 tunc
3256 743 3417 797 certe

1860 811 2075 870 odium
2112 814 2219 872 Dei
2256 833 2383 875 non
2412 823 2571 877 esset
2596 819 2853 895 malum,
2901 827 2963 882 et
2998 828 3207 885 tamen
3248 828 3299 885 si
3327 832 3419 887 est

1860 903 2095 977 odium,
2127 909 2467 968 necessario
2494 916 2588 968 est
2621 910 2878 987 malum,
2922 921 2983 973 et
3014 917 3101 977 ita
3143 920 3420 997 sequitur

1859 996 2280 1058 contradictio.
2324 1000 2436 1059 Vel
2476 1002 2528 1060 si
2557 1002 2713 1061 Deus
2740 1004 2924 1065 vellet
2952 1007 3163 1084 ignem
3196 1018 3421 1072 natura

1859 1106 1970 1147 sua
1988 1106 2115 1148 esse
2134 1090 2450 1167 frigidum,
2479 1093 2543 1151 id
2566 1092 2741 1153 fieret
2752 1111 2773 1171 3
2799 1101 3011 1159 tamen
3033 1102 3181 1178 quia
3204 1120 3420 1181 seque-

1859 1186 2031 1241 retur
2074 1183 2471 1243 contradictio
2476 1229 2495 1258 ,
2544 1203 2669 1245 non
2711 1194 2909 1265 potest
2949 1192 3107 1251 Deus
3142 1194 3207 1252 id
3236 1195 3413 1257 velle.

1859 1272 2047 1332 Juxta
2067 1273 2227 1333 hanc
2260 1292 2407 1352 ergo
2432 1278 2891 1355 responsionem
2932 1285 3297 1363 supponitur
3324 1305 3421 1347 re-

1859 1366 2268 1441 pugnantiam
2300 1366 2635 1443 involvere,
2691 1372 2853 1449 quod
2902 1380 3072 1435 actus
3115 1377 3195 1437 sit
3242 1378 3317 1438 de
3356 1397 3421 1439 se

1859 1455 2061 1515 malus
2103 1462 2165 1516 et
2208 1475 2335 1517 non
2381 1460 2783 1537 prohibeatur
2814 1483 2851 1524 a
2880 1466 3022 1527 Deo,
3068 1468 3205 1528 Non
3240 1470 3421 1530 video

1862 1555 2070 1608 autem
2091 1550 2397 1627 quomodo
2419 1550 2536 1611 hoc
2568 1560 2730 1613 recte
2753 1557 3068 1634 probetur,
3098 1560 3421 1622 inferendo

1853 1640 2035 1721 illam
2062 1642 2636 1721 contradictionem,
2667 1647 2831 1724 quod
2860 1665 3013 1727 opus
3046 1659 3203 1712 esset
3236 1654 3422 1714 simul

1863 1732 2102 1792 malum
2130 1738 2193 1793 et
2223 1751 2352 1793 non
2386 1734 2645 1812 malum,
2686 1740 2834 1816 quia
2874 1740 2961 1799 sic
2995 1744 3227 1820 petitur
3252 1748 3422 1823 prin-

1862 1825 2116 1902 cipium,
2138 1830 2200 1885 et
2217 1828 2624 1888 committitur
2642 1831 2909 1893 circulus
2932 1834 2999 1893 in
3023 1836 3417 1912 probatione:

1862 1916 2058 1992 igitur
2083 1917 2334 1978 aliunde
2360 1920 2748 1997 probandum
2778 1930 2887 1985 est.
2936 1926 3318 2007 Quapropter
3345 1949 3420 1991 ex

1862 2008 1928 2067 vi
1950 2008 2115 2069 illius
2141 2010 2520 2089 hypothesis,
2542 2014 2669 2074 sive
2691 2016 3017 2093 possibiliS,
3042 2021 3170 2079 sive
3196 2022 3422 2100 impos-

1861 2101 2055 2161 sibilis
2092 2102 2195 2176 sit,
2235 2103 2433 2163 solum
2468 2105 2779 2182 colligitur
2803 2107 3105 2170 malitiam
3147 2113 3421 2191 aliquam

1860 2198 2033 2253 actus
2060 2193 2344 2269 humani,
2376 2196 2475 2255 vel
2503 2198 2850 2257 omissionis
2885 2201 3035 2277 63116,
3080 2204 3423 2265 formaliter

1861 2303 1990 2344 non
2031 2286 2361 2347 consistere
2400 2287 2470 2347 in
2512 2288 2815 2350 discordia
2854 2310 2893 2351 a
2935 2302 3241 2373 praecepto
3282 2316 3423 2375 pro-

1861 2379 2021 2457 priO,
2048 2397 2154 2441 seu
2184 2379 2321 2457 lege
2344 2387 2592 2443 vetante
2620 2390 2728 2443 aut
2756 2386 3171 2463 praecipiente.
3217 2390 3414 2465 Unde,

1862 2473 2060 2551 posita
2079 2473 2187 2532 illa
2207 2473 2559 2550 hypothesi,
2586 2480 2747 2535 recte
2768 2477 3045 2556 sequitur
3066 2486 3271 2541 actum
3289 2500 3421 2545 esse

1862 2565 2101 2625 malum
2139 2570 2203 2625 et
2244 2583 2375 2625 non
2419 2566 2833 2644 prohibitum:
2872 2587 3001 2630 non
3028 2576 3237 2634 tamen
3274 2576 3421 2637 inde

1863 2657 2083 2717 inferri
2110 2663 2330 2736 potest,
2373 2657 2481 2719 illa
2505 2658 2629 2719 duo
2660 2678 2789 2721 esse
2819 2662 2893 2749 in
2930 2680 3001 2723 re
3030 2666 3415 2744 separabilia,

1863 2751 2027 2829 quod
2047 2751 2245 2809 solum
2267 2751 2346 2810 ad
2368 2757 2733 2830 praesentem
2760 2771 3009 2815 causam
3034 2756 3201 2817 facit.

1947 2845 2043 2904 16.
2090 2843 2209 2903 Sed
2248 2843 2503 2903 instabis
2533 2865 2547 2903 :
2591 2862 2739 2905 nam
2772 2846 2917 2907 inde
2945 2849 3241 2927 sequitur,
3277 2849 3421 2908 data

1863 2935 1972 2995 illa
2021 2935 2372 3013 hypothesi,
2419 2941 2625 2995 actum
2666 2954 2796 2997 esse
2838 2938 3075 2999 malum
3108 2940 3240 3000 sine
3285 2941 3421 3018 lege

1864 3028 2254 3108 prohibente,
2282 3046 2390 3089 seu
2409 3029 2517 3089 illa
2548 3032 2797 3107 praecisa
2821 3038 2883 3091 et
2909 3031 3243 3093 abstracta:
3275 3052 3421 3112 ergo

1865 3124 2146 3201 sequitur
2185 3124 2372 3183 etiam
2421 3123 2735 3184 moraliter
2780 3143 2908 3185 esse
2954 3125 3223 3202 malum,
3278 3129 3424 3206 quia

1865 3214 2234 3293 supponitur
2254 3232 2385 3274 esse
2410 3220 2583 3274 actus
2610 3215 2794 3276 liber:
2827 3216 3065 3277 malitia
3090 3223 3296 3278 autem
3324 3237 3424 3279 ac·-

1864 3313 1968 3367 tus
2027 3306 2203 3368 liberi
2254 3325 2367 3385 per
2402 3307 2995 3369 disconvenientiam
3023 3310 3103 3370 ad
3136 3317 3424 3372 naturam

1864 3399 2231 3461 rationalem
2262 3407 2333 3458 ut
2366 3399 2477 3474 sic,
2529 3399 2769 3460 malitia
2809 3402 3055 3462 moralis
3099 3409 3227 3463 est:
3277 3422 3425 3482 ergo

1866 3497 2037 3551 actus
2066 3491 2171 3550 ille
2198 3496 2290 3552 est
2317 3492 2635 3551 moraliter
2662 3493 2882 3568 malus»,
2926 3501 2988 3554 et
3020 3513 3147 3555 non
3179 3515 3257 3556 ex
3288 3496 3425 3574 lege

1866 3583 2261 3662 prohibente,
2298 3601 2449 3661 ergo
2476 3584 2663 3644 etiam
2692 3593 2782 3646 est
2809 3592 3145 3664 peccatum,
3173 3591 3428 3668 praecisa

1865 3677 2279 3754 repugnantia
2328 3677 2407 3736 ad
2450 3676 2656 3755 legem
2699 3679 3131 3756 prohibentem
3158 3727 3177 3757 ,
3225 3687 3286 3742 et
3338 3682 3427 3742 ita

1865 3773 2061 3828 ruunt
2105 3769 2316 3829 omnia
2358 3769 2763 3830 fundamenta
2808 3778 3035 3833 nostrae
3082 3775 3423 3835 sententiae.

1865 3861 1962 3922 Ad
1983 3861 2103 3921 hoc
2128 3879 2275 3922 vero
2305 3863 2677 3941 respondent
2715 3864 2931 3943 aliqui,
2975 3871 3045 3925 ut
3080 3884 3266 3946 supra
3294 3871 3427 3928 Me-

1867 3953 2018 4012 dina
2044 3953 2253 4029 refert,
2280 3953 2727 4032 distinguentes
2762 3955 2927 4016 iuter
2952 3962 3159 4017 actum
3192 3959 3427 4020 malum

1868 4055 1929 4109 et
1954 4053 2298 4127 peccatum,
2328 4048 2476 4125 quia
2500 4053 2671 4106 actus
2698 4048 2897 4108 malus
2923 4049 3107 4110 latius
3132 4058 3323 4130 patet,
3361 4059 3423 4114 et

1866 4140 2137 4201 inveniri
2182 4145 2379 4218 potest
2421 4139 2553 4199 sine
2595 4141 3027 4201 contrarietate
3071 4144 3150 4202 ad
3196 4144 3422 4222 legem,

1866 4251 1991 4293 non
2022 4249 2168 4292 vero
2197 4237 2558 4310 peccatum:
2609 4231 2773 4292 unde
2818 4230 2886 4291 in
2925 4250 2999 4293 60
3034 4251 3177 4296 casu
3212 4255 3428 4299 conce-

1867 4326 2028 4386 dunt
2058 4332 2269 4384 actum
2299 4323 2431 4384 fore
2473 4323 2744 4385 malum:
2788 4334 3021 4402 negant
3054 4333 3265 4390 tamen
3291 4330 3424 4392 fore

1868 4422 2207 4496 peccatum.
2250 4416 2368 4477 Sed
2397 4415 2659 4476 difficilis
2689 4422 2782 4477 est
2802 4418 3135 4494 distincti0,
3168 4428 3228 4482 et
3258 4423 3426 4484 vide-

1870 4514 1973 4569 tur
2004 4527 2229 4588 parum
2255 4515 2665 4570 consentanea
2704 4509 2999 4572 doctrinae
3041 4513 3109 4573 D.
3146 4514 3421 4592 Thomae,

1869 4620 2019 4662 nam
2046 4608 2361 4680 peccatum
2385 4601 2545 4660 nihil
2570 4602 2739 4662 aliud
2762 4608 2855 4664 est
2880 4622 3069 4683 quam
3096 4613 3266 4669 actus
3293 4627 3423 4670 ma-

1869 4693 1966 4754 lus
1988 4712 2066 4753 ex
2088 4693 2446 4772 obliquitate
2471 4711 2509 4753 a
2528 4693 2735 4753 debito
2754 4693 2899 4769 fine,
2932 4697 3252 4774 nimirum,
3278 4702 3425 4779 quia

1869 4803 2011 4845 eum
2028 4785 2158 4860 fiat,
2171 4785 2270 4844 vel
2288 4784 2423 4845 fieri
2431 4784 2651 4846 debeat
2668 4793 2917 4865 propter
2924 4788 3193 4867 aliquem
3207 4792 3421 4869 finem,

1867 4879 1934 4938 in
1964 4879 2181 4938 ordine
2212 4878 2290 4937 ad
2329 4877 2503 4938 illum
2537 4897 2667 4938 non
2698 4886 2790 4939 est
2815 4886 3037 4955 rectus,
3068 4900 3179 4942 seu
3209 4885 3289 4943 ab
3316 4885 3424 4945 illo

1865 4969 2169 5030 declinat:
2208 4968 2375 5030 unde
2402 4970 2455 5028 si
2484 4975 2657 5030 actus
2684 4971 2763 5030 sit
2790 4973 3061 5048 moralis,
3100 4980 3163 5035 et
3200 4977 3423 5037 huma-

1867 5081 2009 5138 nuS,
2047 5081 2123 5123 ex
2162 5063 2294 5141 ipso
2326 5063 2493 5141 quod
2520 5068 2610 5122 est
2636 5063 2834 5122 malus
2866 5071 3112 5142 propter
3130 5067 3422 5131 deviatio-

1867 5157 2031 5216 nem‘
2052 5172 2090 5214 a
2126 5160 2295 5214 recta
2330 5154 2591 5229 ratione,
2634 5160 2727 5214 est
2766 5155 2953 5214 etiam
2982 5166 3320 5236 peccatum,
3352 5168 3423 5223 ut

1869 5249 2047 5309 docet
2068 5249 2138 5306 D.
2167 5248 2456 5320 ThomaS,
2486 5251 2543 5307 1.
2578 5251 2638 5322 2,
2664 5254 2880 5325 quaest.
2912 5252 3013 5325 21,
3046 5259 3163 5313 art.
3193 5258 3251 5330 1,
3276 5257 3423 5333 quia

1869 5339 2009 5400 talis
2042 5344 2217 5398 actus
2258 5339 2464 5399 deviat
2509 5357 2548 5399 a
2593 5338 2719 5399 fine
2760 5347 2923 5402 recto
2949 5353 3198 5424 propter
3234 5365 3420 5424 quem

1868 5429 2006 5493 fieri
2018 5429 2290 5505 deberet,
2320 5436 2383 5492 61
2408 5431 2547 5493 ideo
2574 5437 2664 5494 est
2672 5432 2893 5512 malus,
2906 5441 2967 5498 et
2980 5443 3424 5518 consequenter
