3976 6219
802 450 833 484 ο
999 428 1134 480 CAP.
1168 430 1252 482 XI.
1289 430 1500 484 {mum
1533 430 1690 483 1²1le
1721 428 2097 482 Porsssurls
2130 429 2209 480 m·
2242 428 2419 482 LEGIS
2450 429 2690 491 CIVILIS,
2726 429 2860 481 E'rc.

334 523 620 588 Immanis
653 527 1008 605 praesidem.
1052 527 1130 588 Et
1166 528 1288 590 alia
1329 530 1555 592 similia
1593 531 1662 591 in
1704 530 1889 591 citato

332 618 466 678 loco
493 617 839 681 afferemus.

412 712 471 771 6.
521 709 800 774 Secunda
829 713 1146 776 conclusio.
1188 746 1270 761 -
1309 716 1418 778 Εω
1440 717 1523 777 D.
1564 716 1792 778 Thomu
1823 715 1891 777 in

330 805 483 885 quid
523 805 845 868 ordinatur
889 807 1097 869 divina
1130 808 1226 870 lesc
1255 809 1689 888 principaliter
1728 814 1784 871 et
1824 809 1890 871 in

331 900 482 977 quid
503 898 1050 961 humanm—Unde
1079 900 1215 961 dico
1240 900 1506 963 secundo
1527 907 1890 981 potestatem

331 990 575 1052 civilem
617 1009 744 1051 non
785 992 984 1052 solum
1028 1011 1155 1053 non
1196 994 1495 1074 respicere
1534 994 1891 1057 felicitatem

330 1082 626 1146 aeternam
663 1086 807 1145 vitae
848 1086 1072 1147 futurae
1113 1092 1186 1147 ut
1217 1086 1407 1149 finem
1432 1088 1723 1149 ultimum
1749 1107 1890 1167 pro-

330 1177 561 1255 prium,
582 1196 799 1239 verum
827 1179 1015 1239 etiam
1048 1197 1162 1240 nec
1183 1199 1294 1259 per
1314 1199 1378 1242 se
1406 1180 1727 1244 intendere
1753 1200 1892 1261 pro-

330 1270 531 1349 priam
557 1270 940 1350 spiritualem
958 1271 1316 1334 felicitatem
1338 1273 1663 1335 hominum
1684 1274 1750 1334 in
1775 1274 1891 1335 hac

329 1363 478 1440 vita,
525 1370 586 1427 et
616 1371 1061 1445 consequenter
1087 1385 1200 1427 nec
1239 1385 1350 1447 per
1371 1385 1436 1428 se
1463 1385 1639 1447 posse
1666 1367 1733 1427 in
1760 1385 1890 1428 ma-

329 1456 487 1517 teria
513 1457 813 1537 spirituali
843 1458 1188 1537 disponere,
1218 1465 1330 1520 aut
1356 1460 1524 1538 leges
1548 1459 1728 1521 ferre.
1762 1461 1888 1522 Hoc

329 1550 642 1629 colligitur
658 1568 736 1611 ex
750 1551 991 1629 juribus
1012 1552 1230 1613 citatis.
1259 1554 1411 1615 Item
1434 1571 1514 1615 ex
1535 1553 1661 1614 illis
1686 1553 1886 1614 omni·

328 1641 445 1702 bus
474 1643 541 1703 in
580 1643 804 1722 quibus
835 1644 1001 1723 leges
1039 1645 1247 1706 civiles
1288 1665 1399 1725 per
1425 1646 1751 1707 canonicas
1774 1645 1886 1706 ali-

328 1742 636 1815 quatenus
653 1737 1066 1817 corriguntur,
1088 1738 1185 1799 vel
1204 1738 1566 1819 supplentur
1582 1740 1648 1799 in
1666 1738 1882 1801 ordine

328 1829 408 1889 ad
438 1828 692 1890 vitanda
715 1835 987 1909 peccata,
1019 1830 1165 1910 quia
1190 1831 1293 1892 lex
1312 1831 1509 1893 civilis
1540 1832 1883 1893 considerat

324 1921 649 1983 honestam
704 1922 1032 1985 utilitatem
1079 1924 1482 2005 temporalem
1530 1925 1883 2005 reipublicoe

322 2014 616 2076 humanae
656 2031 674 2075 :
726 2014 826 2076 lex
878 2021 1087 2078 autem
1130 2018 1426 2079 canonica
1481 2018 1882 2099 principalius

320 2108 586 2169 attendit
612 2106 796 2168 saluti
822 2109 1068 2184 animae,
1095 2114 1157 2170 et
1185 2118 1256 2170 ut
1275 2117 1524 2190 peccata
1542 2112 1876 2189 evitentur,

320 2206 392 2260 ut
405 2200 563 2260 dixit
584 2198 793 2261 Glossa
811 2200 943 2262 inc.
967 2200 1119 2264 Cum
1133 2204 1465 2283 contincat,
1484 2205 1560 2266 de
1578 2205 1613 2265 J
1618 2204 1848 2284 urejur.
1855 2250 1875 2282 ,

321 2292 494 2354 verb.
552 2293 799 2368 Debent,
845 2299 907 2353 et
954 2293 1224 2356 sumitur
1266 2314 1340 2357 ex
1389 2298 1496 2358 illo
1521 2303 1697 2359 textu
1737 2316 1880 2360 cum

321 2385 833 2448 concordantibus
865 2404 917 2447 c.
950 2387 1138 2464 Licet,
1163 2388 1241 2449 de
1267 2390 1562 2469 Ju-rejur.,
1609 2391 1677 2451 in
1710 2393 1773 2468 6,
1818 2398 1882 2453 et

321 2498 458 2559 cap.
508 2479 621 2540 ult.
667 2478 744 2540 de
771 2479 1135 2558 Proescript.,
1178 2487 1241 2541 et
1273 2487 1494 2542 notant
1529 2481 1653 2544 late
1696 2484 1875 2544 Joan.

320 2571 482 2633 And.
532 2571 598 2631 in
643 2571 857 2650 regula
908 2572 1246 2649 Posses-ror,
1295 2573 1364 2634 in
1404 2574 1781 2651 Mercurial„
1818 2582 1882 2637 et

322 2664 613 2726 Panorm.
645 2663 711 2723 in
740 2664 1004 2725 Prooem.
1033 2665 1295 2743 Decret.,
1327 2686 1393 2728 n.
1423 2669 1521 2743 16,
1548 2672 1612 2728 et
1643 2668 1707 2729 in
1736 2687 1789 2731 c.
1817 2672 1876 2744 1,

322 2757 400 2818 de
431 2757 669 2817 Juram.
703 2756 847 2833 cal.,
873 2776 938 2818 n.
965 2760 1023 2817 7.
1060 2759 1318 2821 Ratione
1337 2759 1703 2837 declaratur,
1730 2762 1879 2842 quia

323 2851 639 2931 spirituale
665 2851 925 2928 bonum,
962 2870 1070 2913 seu
1102 2852 1361 2915 felicitas
1392 2854 1580 2933 hujus
1613 2856 1756 2916 vitae
1789 2862 1879 2917 est

323 2944 639 3024 dispositio
679 2963 790 3024 per
824 2962 888 3005 se
919 2945 1201 3005 ordinata
1248 2946 1327 3007 ad
1373 2946 1655 3008 ultimam
1690 2946 1882 3008 felici-

320 3043 511 3098 tatem
541 3037 1071 3118 supernaturalem
1099 3039 1242 3100 vitae
1268 3038 1516 3115 futurae,
1545 3040 1646 3099 vel
1677 3039 1881 3120 potius

322 3136 414 3191 est
432 3130 715 3209 quaedam
740 3130 1050 3190 inchoatio
1076 3130 1242 3210 ejus:
1276 3149 1423 3210 ergo
1458 3137 1722 3211 potestas
1747 3150 1884 3212 quae

322 3241 449 3284 non
479 3222 803 3283 ordinatur
824 3241 934 3302 per
954 3241 1017 3284 se
1036 3223 1114 3283 ad
1138 3223 1490 3302 dirigendos
1507 3223 1790 3285 homines
1816 3224 1884 3284 in

322 3315 494 3376 illam
532 3314 891 3376 felicitatem
920 3333 1046 3376 non
1085 3321 1283 3395 potoet
1324 3334 1436 3396 per
1470 3334 1535 3378 se
1560 3317 1778 3378 referri
1805 3317 1880 3378 ad

323 3408 706 3487 spiritualem
747 3406 938 3468 finem
989 3407 1177 3487 hujus
1212 3409 1380 3484 vitoe,
1427 3410 1574 3489 quia
1607 3410 1884 3489 ejusdem

324 3500 639 3580 potestatis
682 3506 774 3561 est
807 3500 1074 3579 dirigere
1126 3501 1203 3561 ad
1249 3501 1438 3563 finem
1474 3501 1789 3578 ultimum,
1822 3508 1885 3565 et

322 3592 401 3653 ad
433 3593 645 3653 omnia
672 3611 810 3672 quae
836 3611 947 3672 per
972 3611 1035 3654 se
1068 3593 1145 3654 ad
1173 3594 1350 3655 illum
1381 3594 1736 3674 disponunt.
1770 3596 1882 3655 Po-

321 3691 508 3746 testas
526 3702 675 3764 ergo
695 3685 888 3746 civilis
914 3686 1073 3747 sicut
1098 3705 1224 3748 non
1247 3687 1569 3748 ordinatur
1598 3687 1678 3747 ad
1706 3692 1882 3748 aeter-

321 3796 470 3840 nam
491 3778 938 3840 beatitudinem
956 3780 1098 3841 vitae
1119 3780 1367 3856 futurae,
1389 3780 1476 3841 ita
1514 3798 1626 3840 nec
1655 3780 1733 3840 ad
1759 3780 1880 3860 spi-

319 3873 609 3934 ritualem
664 3872 1019 3935 felicitatem
1067 3874 1409 3954 praesentis.
1467 3874 1642 3935 Unde
1693 3875 1879 3936 etiam

324 3964 737 4042 concluditur,
764 3984 878 4046 per
920 3984 984 4027 se
1030 3985 1157 4027 non
1199 3966 1430 4028 versari
1470 3966 1535 4026 in
1576 3967 1881 4046 spirituali

322 4059 603 4134 materia,
624 4059 773 4139 quia
798 4058 941 4119 finis
964 4059 1284 4139 proximus
1303 4064 1366 4120 et
1392 4059 1655 4120 materia
1678 4060 1882 4139 cujus-

321 4170 587 4231 cumque
612 4153 930 4233 potestatis
957 4153 1503 4234 proportionantur
1527 4152 1692 4214 inter
1708 4171 1795 4228 se,
1820 4158 1884 4213 et

322 4244 436 4305 fini
476 4246 696 4307 ultimo
741 4245 1021 4326 ejusdem
1065 4245 1419 4325 potestatis:
1469 4245 1574 4306 sed
1620 4250 1883 4324 potestas

324 4337 521 4398 civilis
558 4357 686 4399 non
736 4337 925 4399 habet
967 4356 1081 4418 pro
1126 4337 1251 4398 fine
1279 4336 1500 4398 ultimo
1524 4336 1885 4398 felicitatem

323 4431 853 4510 supernaturalem
897 4431 1040 4492 vitoe
1080 4430 1329 4506 futuroe,
1377 4435 1484 4491 aut
1531 4430 1878 4510 praesentis:

323 4540 490 4601 ergo,
545 4523 746 4602 Atque
793 4523 933 4584 ideo
963 4523 1030 4583 in
1077 4522 1333 4583 decretis
1365 4540 1525 4601 saepe
1551 4523 1652 4583 lex
1687 4522 1884 4583 civilis

323 4621 716 4696 comparatur
742 4617 1006 4696 corpori,
1028 4622 1088 4677 et
1113 4616 1213 4677 lex
1240 4616 1535 4677 canonica
1557 4615 1780 4675 animae
1809 4633 1882 4676 ac

322 4709 586 4789 spiritui,
632 4715 704 4769 ut
733 4716 1015 4771 auctores
1051 4709 1329 4789 proxime
1358 4709 1530 4769 citati
1557 4714 1796 4784 notant,
1823 4713 1885 4770 et

326 4808 534 4882 aperte
573 4801 765 4862 tradit
815 4803 1019 4864 Innoc.
1074 4802 1178 4877 111,
1225 4801 1294 4861 in
1340 4819 1475 4880 rap.
1526 4800 1766 4875 Sotitoe,
1806 4801 1883 4862 de

326 4896 608 4973 Majorat.
649 4900 712 4956 et
747 4894 1030 4955 obedien.
1075 4894 1235 4954 Hinc
1282 4894 1470 4954 etiam
1512 4891 1669 4952 dixit
1704 4893 1883 4954 divus

324 4986 541 5047 Thom.
568 4990 626 5049 l.
651 4988 714 5062 2,
744 5005 805 5065 q.
828 4989 932 5062 99,
954 5005 1014 5047 a.
1034 4987 1107 5048 3:
1136 4986 1261 5048 Lem
1287 4985 1496 5047 divina
1516 4984 1881 5064 principali-

325 5086 418 5143 ter
430 5080 783 5143 instituitur
796 5082 877 5142 ad
889 5080 1282 5142 ordinandum
1293 5079 1556 5140 homines
1564 5078 1646 5138 ad
1662 5078 1880 5140 Deum.-

324 5173 423 5235 ἴσω
469 5178 668 5235 autem
715 5174 980 5234 humana
1012 5171 1444 5252 principaliter
1484 5171 1568 5231 ad
1603 5170 1883 5232 ordinau-

326 5267 465 5327 dum
489 5265 754 5327 homines
780 5265 1140 5328 adinvicem:
1172 5269 1229 5326 et
1263 5264 1390 5325 ideo
1419 5263 1573 5342 loyes
1610 5262 1885 5325 kumanoe

323 5376 444 5422 non
456 5363 812 5421 curaverunt
819 5358 1067 5438 aliquod
1076 5357 1390 5421 instituere
1402 5357 1470 5419 dc
1483 5357 1647 5420 cuttu
1659 5357 1882 5433 divino,

323 5450 453 5513 nisi
486 5448 555 5510 in
582 5450 787 5512 ordine
804 5451 888 5511 ad
918 5451 1126 5510 bonum
1149 5466 1447 5511 commune
1476 5449 1801 5511 homimem.

405 5544 470 5603 “1-.
519 5539 730 5605 Tertia
770 5540 1343 5605 eoactum—Addo
1386 5540 1569 5608 tertio
1612 5546 1883 5622 potesta·

3413 423 3536 483 213

1973 533 2098 589 tem
2118 527 2362 589 civilem
2385 527 2814 606 legislativam,
2840 528 3027 590 etiam
3047 528 3114 588 in
3135 545 3293 607 pura
3309 533 3533 588 natura

1971 627 2329 701 spectatam,
2367 639 2493 681 non
2533 621 2759 683 habere
2802 640 2912 700 pro
2947 620 3070 681 fine
3108 620 3436 681 intrinseco
3470 626 3544 681 et·

1969 732 2081 793 per
2107 733 2169 775 se
2211 715 2451 775 intento
2491 713 2844 775 felicitatem
2893 713 3238 774 naturalem
3265 714 3409 773 vitae
3435 713 3531 772 fu-

1969 812 2152 866 turoe:
2180 806 2308 867 imo
2326 826 2440 868 nec
2461 807 2773 887 propriam
2797 806 3151 867 felicitatem
3181 805 3532 866 naturalem

1969 900 2113 961 vitae
2134 902 2470 985 praesentis,
2493 906 2798 980 quatenus
2821 900 2900 961 ad
2926 900 3200 979 singulos
3220 899 3526 975 homineS,

1970 998 2043 1054 ut
2067 994 2465 1073 particulares
2490 1012 2767 1073 personae
2789 1000 2956 1070 sunt,
2978 995 3285 1073 pertinere
3304 997 3527 1072 potest,

1969 1086 2076 1147 sed
2103 1088 2234 1167 ejus
2254 1088 2442 1149 finem
2463 1105 2592 1149 esse
2618 1086 2976 1148 felicitatem
2994 1086 3343 1146 naturalem
3364 1104 3529 1146 com-

1969 1180 2292 1241 munitatis
2321 1181 2611 1242 humana}
2639 1179 2944 1261 perfectae,
2972 1180 3148 1258 cujus
3181 1196 3393 1239 curam
3425 1196 3531 1256 ge·

1968 1271 2072 1347 rit,
2105 1279 2167 1334 et
2192 1273 2578 1352 singulorum
2606 1273 2931 1334 bominum
2967 1278 3041 1347 ut
3072 1278 3220 1332 sunt
3250 1270 3531 1332 membra

1967 1365 2110 1426 talis
2139 1366 2623 1443 communitatiS,
2656 1371 2730 1425 ut
2761 1366 2828 1426 in
2861 1383 2957 1440 ea,
3001 1365 3235 1426 scilicet
3273 1365 3340 1423 in
3375 1382 3525 1443 pace

1968 1464 2030 1519 et
2053 1459 2291 1537 justitia
2312 1461 2550 1535 vivant,
2581 1464 2808 1520 etcum
2831 1457 3198 1518 sufficientia
3215 1457 3522 1518 bonorum

1965 1570 2103 1634 quae
2151 1553 2230 1613 ad
2283 1554 2426 1615 vitae
2484 1551 2815 1632 corporalis
2873 1552 3403 1612 conservationem
3463 1556 3525 1611 et

1963 1645 2464 1708 commoditatem
2508 1650 2804 1725 spectant,
2848 1651 2910 1706 et
2939 1663 3077 1706 cum
3108 1663 3182 1706 ea
3218 1644 3524 1724 probitate

1961 1756 2208 1799 morum
2237 1757 2376 1818 quae
2404 1738 2482 1800 ad
2508 1738 2672 1800 hanc
2702 1744 3022 1799 externam
3050 1755 3262 1817 pacem
3293 1742 3353 1799 et
3389 1736 3525 1797 feli-

1961 1829 2209 1891 citatem
2235 1831 2609 1911 reipublicae,
2635 1837 2696 1892 et
2723 1831 3192 1892 convenientem
3231 1831 3522 1890 humanae

1961 1931 2199 1984 naturae
2215 1924 2741 1985 conservationem
2759 1923 3099 1985 necessaria
3126 1929 3236 1984 est.
3256 1924 3399 1983 Haec
3427 1927 3520 1983 est

1961 2034 2138 2078 mens
2164 2016 2505 2078 Aristotelis
2531 2017 2597 2077 in
2623 2017 2774 2079 locis
2801 2018 2868 2077 in
2891 2017 3193 2096 principio
3216 2017 3437 2092 citatiS,
3458 2020 3522 2076 et

1960 2110 2033 2170 D.
2065 2109 2319 2170 Thomoe
2350 2128 2558 2189 supra,
2589 2128 2654 2190 q.
2678 2112 2783 2185 90,
2820 2115 2940 2170 art.
2971 2111 3033 2184 2,
3059 2110 3291 2187 junctis
3318 2128 3379 2188 q.
3411 2111 3514 2184 95,

1959 2206 2077 2263 art.
2117 2205 2145 2262 1
2181 2208 2242 2263 et
2268 2204 2328 2278 4,
2363 2220 2425 2282 q.
2457 2203 2559 2279 96,
2594 2208 2710 2263 art.
2741 2203 2781 2262 2
2803 2208 2865 2262 et
2892 2204 2952 2278 3,
2983 2208 3044 2261 et
3077 2219 3137 2280 q.
3170 2203 3273 2276 99,
3306 2206 3424 2260 art.
3456 2202 3512 2260 3.

1959 2295 2031 2355 In
2050 2293 2276 2374 quibus
2297 2295 2494 2372 docet,
2517 2313 2587 2356 ac
2603 2295 2869 2355 declarat
2893 2292 3083 2354 finem
3101 2292 3520 2353 humanarum

1957 2387 2171 2467 legum
2200 2406 2328 2449 esse
2357 2405 2686 2448 commune
2718 2387 2954 2447 bonum
2993 2386 3278 2461 civitatiS,
3319 2391 3381 2445 et
3414 2383 3520 2445 illa

1962 2486 2205 2542 tantum
2233 2481 2557 2560 prohibere
2596 2499 2666 2541 ac
2712 2480 3042 2560 praecipere
3062 2497 3200 2557 quae
3234 2477 3378 2537 huic
3405 2476 3518 2538 fini

1958 2579 2373 2636 consentanea
2414 2579 2578 2635 sunt.
2612 2573 2706 2633 Ad
2733 2573 2897 2633 idem
2931 2572 3167 2632 faciunt
3191 2590 3329 2650 quae
3374 2571 3519 2631 For·

1958 2667 2173 2727 tunius
2215 2666 2465 2727 adducit
2508 2685 2585 2727 ex
2623 2664 2922 2744 prooemio
2981 2666 3213 2724 Decret.
3269 2669 3332 2724 et
3377 2682 3509 2743 cap.

1956 2762 2169 2824 Factoe
2194 2765 2357 2836 sunt,
2390 2759 2450 2821 d.
2478 2762 2540 2835 4,
2570 2776 2718 2818 nam
2744 2776 2882 2837 quae
2903 2757 2993 2817 ibi
3021 2756 3335 2831 dicuntur,
3364 2755 3516 2834 legi-

1957 2855 2072 2915 bus
2100 2854 2286 2915 etiam
2314 2853 2596 2915 civilibus
2633 2852 2988 2913 communia
3024 2868 3151 2911 esse
3178 2850 3469 2910 videntur
3495 2864 3511 2908 z

1960 2948 2119 3007 ratio
2146 2965 2292 3008 vero
2319 2946 2483 3007 sumi
2510 2949 2709 3025 potest
2735 2962 2813 3004 ex
2840 2943 3036 3020 dictis,
3066 2944 3211 3022 quia
3242 2943 3374 3003 hoec
3406 2961 3515 3003 na-

1961 3039 2178 3100 turalis
2190 3045 2457 3120 potestas
2469 3037 2774 3098 condendi
2787 3035 3090 3096 humanas
3102 3035 3269 3114 leges
3288 3054 3414 3096 non
3427 3042 3518 3096 est

1960 3133 2030 3194 in
2056 3133 2311 3210 singulis
2327 3130 2682 3192 hominibus
2721 3148 2832 3208 per
2864 3147 2928 3189 se
2955 3130 3262 3209 spectatiS,
3302 3147 3416 3189 nec
3455 3130 3524 3189 in

1965 3224 2363 3289 multitudine
2386 3224 2715 3284 bominum
2729 3227 3063 3301 aggregata
3079 3221 3275 3281 solum
3290 3240 3400 3300 per
3423 3239 3519 3281 ac-

1965 3319 2173 3381 cidens
2188 3335 2208 3395 ;
2256 3318 2361 3379 sed
2390 3322 2482 3378 est
2509 3316 2574 3376 in
2603 3315 3070 3387 communitate,
3109 3319 3180 3372 ιιι
3207 3312 3523 3373 moraliter

1963 3412 2143 3472 unita
2165 3415 2227 3472 et
2253 3409 2538 3470 ordinata
2560 3408 2639 3468 ad
2657 3405 3149 3486 componendum
3172 3424 3370 3465 unum
3389 3424 3521 3466 cor·

1960 3523 2077 3584 pus
2125 3503 2480 3582 mysticum,
2526 3506 2589 3563 et
2642 3520 2717 3562 ex
2762 3500 2871 3560 illo
2924 3498 3182 3559 resultat
3226 3503 3523 3578 tanquam

1960 3596 2301 3678 proprietas
2337 3597 2504 3675 ejus:
2546 3613 2694 3672 ergo
2732 3612 2844 3675 per
2866 3611 2929 3654 se
2966 3592 3288 3653 ordinatur
3314 3591 3392 3653 ab
3415 3593 3523 3653 bo-

1959 3709 2114 3753 num
2157 3707 2484 3751 commune
2524 3688 2714 3767 hujus
2741 3687 3013 3767 corporis
3053 3687 3306 3766 ejusque
3332 3685 3525 3747 felici-

1959 3790 2152 3845 tatem
2176 3799 2363 3843 :nam
2382 3780 2523 3842 finis
2549 3788 2641 3842 est
2661 3781 3158 3861 proportionatus
3186 3779 3518 3859 principio:

1960 3877 2120 3937 sicut
2159 3893 2308 3953 ergo
2334 3874 2569 3934 bonum
2595 3873 2877 3933 naturale
2903 3871 3091 3951 hujus
3118 3873 3387 3951 eorporis
3414 3891 3523 3951 po·

1958 3968 2114 4030 litici
2160 3985 2286 4029 non
2331 3965 2683 4027 extenditur
2710 3966 2876 4025 ultra
2906 3970 3270 4043 praesentem
3300 3965 3517 4040 vitam,

1959 4061 2088 4122 imo
2133 4078 2246 4120 nec
2288 4059 2469 4120 durat
2494 4059 2615 4118 nisi
2653 4059 2720 4118 in
2748 4058 2875 4132 illa,
2915 4057 3002 4116 ita
3030 4075 3141 4117 nec
3163 4056 3307 4117 finis
3334 4057 3521 4136 hujus

1960 4152 2276 4233 potestatis
2298 4157 2407 4210 aut
2433 4150 2588 4227 legis
2615 4149 2779 4208 ultra
2805 4155 3166 4227 praesentem
3194 4150 3386 4210 vitam
3416 4169 3518 4211 ex-

1960 4244 2240 4307 tenditur
2255 4259 2276 4321 3
2299 4247 2361 4304 et
2383 4241 2599 4302 eadem
2629 4240 2868 4300 ratione
2897 4239 3086 4298 etiam
3117 4258 3228 4318 pro
3255 4242 3372 4301 hac
3393 4243 3520 4302 vita

1965 4356 2091 4397 non
2112 4335 2380 4397 intendit
2396 4335 2631 4395 bonum
2650 4331 3059 4411 singulorum,
3081 4332 3198 4392 nisi
3223 4333 3286 4392 in
3306 4335 3520 4395 ordine

1964 4430 2046 4492 ad
2093 4430 2325 4490 honum
2353 4430 2541 4490 totius
2567 4426 3046 4502 communitatis,
3094 4427 3164 4487 in
3203 4446 3326 4506 quo
3363 4429 3522 4489 sistit

1963 4529 2264 4603 tanquam
2290 4523 2357 4581 in
2373 4520 2592 4581 ultimo
2607 4520 2730 4580 fine
2749 4518 2995 4599 proprio
3020 4519 3160 4579 talis
3187 4519 3519 4599 facultatis;

1964 4635 2113 4696 ergo
2154 4616 2216 4676 id
2246 4615 2410 4695 quod
2449 4615 2537 4675 ita
2564 4616 2834 4694 pertinet
2872 4613 2950 4673 ad
2995 4614 3297 4693 privatam
3334 4614 3521 4674 felici-

1962 4715 2180 4786 tatem,
2223 4714 2293 4768 ut
2330 4725 2455 4768 non
2484 4707 2788 4768 redundet
2813 4707 2880 4767 in
2907 4706 3141 4767 bonum
3178 4708 3520 4768 communi-

1962 4803 2130 4878 tatis,
2152 4801 2230 4861 ad
2248 4800 2411 4861 hanc
2423 4805 2788 4880 potestatem
2800 4800 2897 4860 vel
2913 4799 3116 4879 legem
3131 4800 3372 4862 civilem
3395 4819 3521 4862 non

1959 4899 2213 4974 spectat.

2041 4986 2102 5047 8.
2126 4984 2412 5063 Reyimen
2434 4984 2758 5047 humanum
2773 4985 3018 5064 triplex:
3039 4987 3523 5065 politicum,ceco-

1958 5079 2254 5141 nomicum
2285 5082 2340 5139 et
2375 5078 3154 5139 monasticum—Potestas
3181 5079 3382 5141 civilis
3407 5098 3523 5141 non

1960 5172 2217 5234 multum
2255 5175 2430 5232 curat
2464 5171 2531 5231 de
2558 5171 2790 5231 actibus
2820 5169 3517 5233 internis.—Confirma-

1963 5269 2067 5325 tur
2081 5280 2154 5323 ac
2172 5261 2553 5322 declaratur:
2575 5278 2723 5320 nam
2745 5260 2967 5340 triplex
2993 5267 3192 5341 potest
3217 5263 3516 5343 distingui

1963 5353 2215 5417 moralis
2240 5353 2606 5432 gubernatio
2634 5352 2926 5414 hominis:
2946 5355 3228 5435 quaedam
3245 5357 3512 5438 politica,

1964 5465 2102 5528 quae
2135 5447 2403 5527 pertinet
2426 5445 2505 5505 ad
2538 5447 2816 5526 regimen
2849 5448 3112 5510 civitatis
3148 5456 3212 5511 et
3239 5468 3514 5511 commu-

1965 5540 2179 5603 nitatis
2204 5538 2522 5619 perfectoe3
2559 5541 2681 5602 alia
2708 5544 3105 5617 oeconomica,
3127 5562 3264 5625 quoe
3291 5551 3518 5625 spectat
