3976 6219
934 396 1068 449 CAP.
1109 394 1240 446 XIV.
1277 391 1361 444 AN
1394 390 1497 444 ms
1529 388 1870 442 NATURALE
1905 387 2139 439 MUTARI
2173 386 2295 437 VEL
2329 384 2707 446 DISPENSARI,
2744 385 2878 435 ETC.

302 499 504 562 Minor
538 503 745 558 autem
778 496 980 575 quoad
1020 496 1462 574 imperatorem
1501 491 1768 551 habetur
1796 490 1861 548 iu

300 592 599 654 Clement.
633 612 646 649 ε
681 591 1028 651 Pastoralis
1056 589 1131 647 de
1153 589 1240 648 Re
1259 586 1448 664 judic.
1476 584 1543 643 in
1563 582 1710 655 fine,
1735 581 1819 640 ibi
1846 597 1860 638 :

300 687 432 749 Nec
463 684 760 763 proedicta
796 683 1088 760 suppletio
1127 682 1288 742 circa
1325 679 1643 762 subditam·
1670 678 1751 737 ad
1798 693 1864 736 ea

294 780 588 855 potuisset
610 777 677 837 de
700 776 932 836 ratione
957 774 1204 851 referri,
1228 790 1336 851 per
1362 789 1490 851 quoe
1518 772 1589 832 de
1616 770 1865 831 crimine

291 867 636 946 proesertim
672 868 760 928 sic
793 867 973 945 ⁸aravi
1018 867 1207 927 delato
1241 864 1602 941 defensionis
1645 861 1794 942 (qaoe
1827 879 1866 921 a

289 965 436 1041 jure
444 959 722 1039 provenit
734 959 1030 1035 natarali)
1054 959 1321 1034 facultas
1340 957 1530 1017 adimi
1554 955 1861 1026 valuisset,

301 1073 432 1118 cwm
473 1053 586 1114 illa
633 1051 985 1130 imperatori
1030 1052 1231 1112 tollere
1269 1067 1384 1111 non
1427 1049 1690 1122 licuerit,
1735 1065 1867 1125 qaoe

290 1147 466 1225 juris
504 1145 812 1205 naturalis
857 1147 1141 1205 exsistant.
1193 1144 1268 1202 Et
1302 1140 1675 1220 generaliter
1697 1140 1865 1200 idem

303 1238 569 1298 sumitur
595 1254 672 1298 ex
704 1254 834 1314 cap.
883 1235 1087 1314 Super
1115 1253 1198 1309 εο,
1236 1234 1311 1294 de
1342 1235 1520 1294 Usur.
1554 1233 1639 1292 ibi
1665 1248 1681 1291 ε
1720 1231 1867 1294 Cam

302 1347 630 1392 usurarum
662 1329 885 1389 crimen
916 1329 1230 1407 utriusque
1272 1327 1607 1387 testamenti
1637 1325 1869 1404 paqina

305 1423 642 1494 detestetur,
689 1438 867 1498 saper
915 1422 1019 1483 Ῑιοσ
1063 1420 1559 1498 dispensationem
1599 1417 1870 1496 aliquam

296 1531 473 1592 posse
519 1513 662 1589 fieri
705 1531 824 1574 non
871 1514 1156 1574 videmus.
1222 1514 1312 1572 Ex
1362 1529 1435 1571 eo
1486 1510 1651 1572 enim
1703 1509 1868 1589 quod

305 1611 641 1682 utrumque
661 1609 1096 1664 testamentum
1117 1604 1240 1665 tale
1255 1604 1485 1664 crimen
1506 1603 1861 1678 detestetur,

306 1697 494 1758 tacite
514 1697 746 1774 colligit
767 1697 1047 1758 Pontifex
1068 1715 1195 1757 esse
1211 1702 1421 1757 contra
1433 1697 1538 1774 jus
1559 1696 1860 1772 naturale,

310 1798 372 1850 et
399 1790 545 1850 hinc
578 1808 705 1852 csse
738 1790 1213 1869 indispensabile
1250 1789 1632 1865 simpliciter,
1662 1807 1734 1847 ac
1766 1807 1867 1848 su-

309 1883 496 1943 binde
535 1902 644 1961 per
681 1900 1133 1962 quamcumque
1174 1882 1445 1941 hominis
1478 1886 1860 1961 potestatem.

308 1977 539 2048 Tertio,
573 1976 637 2035 in
669 1976 765 2034 his
789 1975 1108 2054 praeceptis
1131 1975 1347 2034 eadem
1382 1979 1473 2034 est
1494 1975 1650 2033 ratio
1677 1974 1868 2052 partis

306 2072 367 2126 et
395 2070 584 2126 totius
607 2089 621 2126 ε
648 2085 794 2127 110111
816 2068 883 2126 111
897 2068 1315 2146 propositione
1329 2067 1668 2127 necessaria
1681 2085 1868 2144 quam

304 2158 605 2219 dialectici
634 2160 850 2219 dicunt
879 2178 1005 2220 esse
1033 2161 1098 2218 in
1129 2161 1390 2220 materia
1419 2160 1710 2234 naturali,
1743 2178 1872 2219 non

305 2251 512 2310 minus
536 2257 844 2329 repugnat
866 2251 1101 2310 salsitas
1123 2252 1308 2311 unius
1327 2251 1659 2328 singularis
1682 2270 1870 2330 quam

304 2344 493 2402 totius
516 2343 878 2403 universalis
902 2343 1354 2422 propositionis;
1376 2343 1482 2403 sed
1505 2361 1689 2403 omne
1711 2362 1867 2422 prae-

305 2441 551 2513 ceptum
598 2436 879 2496 naturale
921 2440 1014 2495 est
1060 2435 1127 2493 in
1164 2436 1424 2495 materia
1467 2435 1756 2509 naturali,
1803 2441 1866 2495 et

310 2528 585 2590 continet
604 2528 946 2588 absolutam
971 2528 1291 2588 veritatem
1311 2546 1383 2589 ex
1406 2534 1628 2587 natura
1648 2528 1737 2588 rei
1759 2547 1865 2588 ne-

303 2622 628 2681 cessariam
659 2640 672 2678 1
708 2639 853 2699 0130
877 2622 1032 2681 510111
1060 2620 1346 2698 abrogari
1370 2638 1495 2679 nou
1524 2625 1747 2697 potest,
1778 2620 1863 2679 ita

305 2732 506 2792 neque
553 2715 620 2773 in
665 2714 871 2792 aliquo
919 2713 1214 2791 singulari
1261 2731 1400 2772 casu
1451 2712 1859 2771 mutationem

306 2807 598 2885 recipere,
645 2812 706 2866 et
733 2812 1174 2883 consequenter
1201 2823 1314 2864 nec
1350 2803 1710 2882 dispensari.
1741 2805 1859 2865 Sed

305 2899 398 2958 vis
419 2899 605 2978 hujus
623 2899 971 2977 argumenti
999 2899 1223 2976 pendet
1241 2916 1316 2957 ex
1336 2897 1609 2957 dicendis
1631 2896 1698 2957 in
1722 2915 1853 2976 cap.

307 3009 433 3069 seq,
457 2997 519 3052 et
546 2991 612 3050 in
640 2990 1045 3051 solutionibus
1074 2995 1602 3067 argumentorum.

390 3088 486 3145 11.
534 3085 810 3147 Secunda
829 3084 1104 3147 assertio.
1125 3118 1209 3130 -
1228 3084 1543 3162 Proecepta
1557 3084 1733 3162 juris
1759 3101 1863 3145 na-

307 3179 531 3239 turalis
553 3196 683 3257 qua»
698 3179 949 3256 pendent
979 3179 1043 3238 in
1066 3195 1180 3240 saa
1201 3177 1558 3256 obliyations
1574 3195 1612 3238 a
1633 3195 1865 3240 consen-

305 3290 380 3334 su
417 3272 748 3332 voluntatis
792 3271 1066 3332 liu-mana»
1103 3276 1354 3349 possunt
1397 3272 1720 3351 aliquando
1759 3290 1868 3350 per

307 3365 569 3425 homines
593 3364 950 3441 dispensari.
973 3396 1057 3407 —
1074 3364 1216 3423 Dico
1240 3365 1536 3425 secundo:
1562 3369 1868 3443 praecepta

301 3456 463 3534 juris
487 3455 784 3515 naturalis
807 3474 944 3534 quae
972 3456 1243 3534 pendent
1268 3459 1336 3514 in
1360 3475 1471 3516 sua
1491 3456 1865 3534 obligatione

310 3548 678 3626 praeceptiva
714 3566 750 3606 a
788 3548 977 3626 priori
1027 3566 1325 3608 consensu
1374 3549 1707 3608 voluntatis
1750 3549 1865 3608 1111-

311 3657 510 3699 manae
530 3645 592 3700 et
610 3640 687 3699 ab
706 3640 972 3700 efficacia
990 3640 1157 3700 illius
1180 3640 1258 3700 ad
1277 3641 1508 3719 aliquid
1527 3641 1861 3718 agendum,

304 3738 561 3810 possunt
578 3733 892 3793 interdum
912 3751 1022 3812 per
1043 3733 1323 3793 homines
1345 3733 1706 3812 dispensari,
1735 3750 1862 3792 11011

302 3826 532 3886 directe
552 3845 622 3886 ac
637 3827 883 3906 praecise
899 3827 1231 3888 auferendo
1251 3827 1686 3905 obligationem
1711 3827 1863 3906 legis

305 3919 630 3994 naturalis,
651 3920 754 3979 sed
778 3919 1082 3980 mediante
1106 3919 1310 3999 aliqua
1326 3920 1707 3993 remissione,
1726 3936 1863 3996 quae

304 4012 378 4072 fit
404 4031 481 4072 ex
507 4019 678 4090 parte
708 4013 1005 4073 materiae.
1039 4012 1212 4072 Prior
1239 4030 1380 4091 pars
1411 4012 1701 4089 negativa
1723 4028 1864 4070 0011-

303 4110 424 4165 5101
444 4105 620 4165 sacile
642 4124 718 4165 ex
735 4105 1105 4184 praecedenti
1129 4105 1485 4172 assertione,
1512 4103 1659 4180 quia
1678 4102 1865 4161 etiam

301 4197 410 4257 illa
440 4204 740 4278 praecepta
779 4198 1116 4259 secundum
1150 4215 1213 4257 se
1248 4199 1518 4274 spectata
1544 4193 1868 4253 continent

303 4291 704 4352 intrinsecam
730 4292 1141 4364 honestatem,
1167 4307 1305 4368 1111εο
1324 4304 1645 4365 nunquam
1666 4290 1868 4364 potest

300 4384 556 4460 auferri,
591 4390 699 4445 aut
725 4383 966 4457 violari,
999 4384 1050 4442 si
1083 4383 1160 4442 ad
1189 4399 1365 4441 suam
1401 4378 1724 4440 materiam
1758 4396 1864 4457 ap-

301 4478 632 4558 plicentur,
663 4483 734 4536 ut
760 4481 928 4556 patet
949 4477 1018 4535 in
1044 4475 1140 4535 his
1163 4474 1517 4554 praeceptis:
1553 4471 1866 4533 Servanda

302 4577 392 4632 oet
435 4570 609 4644 fides,
654 4569 754 4630 vel
797 4571 941 4642 De0‚
979 4568 1080 4629 vel
1118 4568 1382 4641 homini,
1435 4571 1497 4626 et
1531 4565 1856 4625 similibus.

302 4663 512 4724 Altera
545 4680 692 4722 vero
734 4680 874 4740 pars
908 4661 1277 4722 alternativa
1309 4659 1604 4738 probatur
1630 4659 1860 4737 optime

302 4755 600 4834 exemplis
659 4755 736 4814 de
792 4760 959 4830 voto,
1002 4756 1356 4832 juramento
1412 4758 1474 4813 et
1531 4751 1856 4826 similibus,

301 4856 362 4910 et
390 4849 697 4928 explicata
735 4853 826 4908 est
850 4848 972 4907 late
1010 4848 1076 4907 in
1115 4851 1293 4906 tract.
1326 4845 1402 4905 de
1439 4846 1624 4918 Voto,
1654 4843 1765 4903 lib.
1795 4845 1856 4920 6,

301 4960 435 5021 cap.
481 4944 522 5002 9
532 4957 564 5017 3,
585 4946 648 5001 et
693 4939 856 5000 infra
903 4937 1328 5018 respondendo
1373 4938 1450 4999 ad
1492 4941 1861 5014 argumenta

298 5035 520 5094 clarior
548 5033 688 5092 fiet:
723 5030 883 5091 ratio
912 5037 1121 5091 autem
1144 5049 1269 5090 non
1290 5036 1383 5092 est
1403 5030 1546 5105 alia,
1570 5029 1690 5089 nisi
1716 5029 1861 5106 quia

299 5126 625 5186 materiam
674 5124 846 5184 illam
895 5125 1122 5184 mutari
1171 5123 1271 5184 vel
1320 5123 1548 5182 variari
1599 5140 1724 5181 non
1767 5127 1859 5181 est

296 5224 513 5279 contra
551 5216 756 5296 legem
793 5218 1160 5292 naturalem,
1205 5217 1350 5296 quia
1385 5215 1612 5294 pendet
1649 5233 1726 5274 ex
1753 5233 1859 5274 vo-

294 5309 551 5371 luntatis
585 5312 946 5371 mutatione.
995 5312 1068 5370 Et
1106 5310 1220 5369 hac
1253 5309 1441 5368 etiam
1468 5308 1705 5367 ratione
1744 5307 1859 5366 1100

293 5422 422 5464 11011
447 5403 687 5464 excedit
711 5408 1072 5482 potestatem
1099 5398 1428 5481 superioris
1447 5399 1729 5475 humani,
1760 5398 1860 5458 vel

294 5502 603 5577 quatenus
630 5496 709 5556 ab
745 5496 853 5557 illo
882 5495 1109 5575 pendet
1149 5493 1434 5555 voluntas
1460 5491 1724 5566 subditi,
1758 5489 1858 5552 vel

3398 372 3508 432 139

1946 492 2250 566 quatenus
2292 493 2384 546 051
2431 484 2710 544 vicarius
2750 483 2876 543 Dei.
2928 484 3109 543 Facta
3144 484 3353 540 autem
3396 466 3509 538 tali

1946 581 2290 638 mutatione
2314 624 2332 652 ,
2376 596 2503 637 nou
2548 577 2749 636 solum
2772 594 2898 636 non
2928 579 3231 654 repugnat
3275 571 3508 633 auferri

1945 671 2387 747 obligationem
2435 669 2589 746 legis
2634 668 2955 742 naturalis,
3000 668 3105 728 sed
3146 667 3333 726 0110111
3373 665 3507 744 ipsa

1945 783 2055 843 per
2078 782 2140 823 se
2162 767 2355 823 cessat
2379 782 2449 822 ac
2470 763 2695 821 desinit
2717 761 3011 836 obligare.
3039 762 3168 819 Imo
3183 759 3301 818 hoc
3326 756 3507 817 modo

1947 857 2224 936 privatus
2247 857 2432 916 bomo
2457 860 2656 933 potest
2676 855 2986 914 interdum
3012 852 3251 913 auferre
3274 851 3509 927 obliga-

1944 951 2179 1011 tionem
2204 947 2547 1008 naturalem
2571 953 2771 1007 ortam
2793 965 2868 1008 ex
2887 947 3312 1025 promissione,
3335 943 3510 1004 verbi

1946 1045 2171 1122 gratia,
2188 1040 2560 1101 remittendo
2589 1040 2788 1114 illam,
2815 1039 2911 1100 vel
2938 1045 3137 1099 ortam
3167 1056 3242 1098 ex
3267 1043 3505 1110 mutuo,

1947 1134 2320 1214 perficiendo
2340 1132 2758 1193 donationem.
2789 1131 2881 1191 Ad
2902 1132 3069 1191 hunc
3089 1148 3236 1208 ergo
3254 1130 3508 1190 modum

1949 1227 2357 1305 intelligenda
2388 1232 2478 1286 est
2518 1226 2648 1286 11ωο
2679 1225 2973 1286 relaxatio
3000 1225 3155 1304 juris
3183 1224 3505 1298 naturalis,

1950 1338 2086 1398 quoe
2115 1319 2180 1378 in
2210 1319 2325 1378 hoc
2359 1337 2581 1397 genere
2610 1318 3079 1397 dispensationis
3108 1317 3481 1377 admiscetur
3504 1362 3517 1384 ‚
3580 1337 3587 1342 ’

1950 1430 2088 1491 111101
2115 1430 2181 1473 10
2204 1429 2351 1472 vera
2379 1412 2444 1471 in
2466 1411 2667 1490 rigore
2697 1429 2823 1471 uon
2846 1416 2940 1472 est
2961 1409 3331 1489 dispensatio
3350 1409 3507 1489 juris

1949 1504 2267 1579 0011110115,
2298 1505 2405 1565 sed
2432 1509 2687 1565 vocatur
2715 1504 3086 1583 dispensatio
3109 1502 3258 1576 voti,
3287 1509 3394 1561 aut
3409 1503 3508 1581 ju-

1945 1600 2236 1671 ramenti,
2279 1600 2427 1679 quia
2458 1598 2530 1658 fit
2557 1616 2667 1677 per
2700 1598 3126 1658 remissionem
3164 1596 3507 1674 quamdam

1945 1710 2021 1752 ex
2035 1698 2332 1772 potestate
2356 1693 2680 1771 superiori,
2714 1698 2772 1751 et
2788 1691 3261 1769 jurisdictionis:
3290 1694 3503 1749 tamen

1945 1785 2011 1844 iu
2040 1786 2243 1863 rigore
2265 1786 2470 1865 potius
2492 1790 2585 1845 est
2616 1785 2991 1864 dispensatio
3019 1783 3167 1844 facti
3199 1801 3386 1862 quam
3405 1783 3508 1861 ju·

1945 1880 2052 1954 115,
2086 1884 2156 1938 111
2183 1885 2345 1938 10010
2370 1879 2525 1938 dixit
2552 1877 2783 1938 Albert.
2816 1877 3162 1955 Bolognet.,
3192 1894 3400 1956 supra.

2030 1973 2128 2030 12.
2182 1972 2391 2032 Tertia
2420 1971 2904 2032 asseram—Per
2916 1971 3030 2048 jas
3059 1971 3383 2032 humanum
3414 1969 3507 2030 ita

1950 2063 2208 2124 materia
2228 2064 2406 2140 juris
2430 2068 2669 2123 παίωνα.»
2696 2062 2923 2122 mutari
2944 2067 3159 2140 potest,
3189 2068 3257 2124 ut
3276 2064 3509 2124 ratione

1952 2155 2126 2216 iliius
2144 2155 2413 2216 varietur
2442 2155 2732 2233 obiiyatio
2746 2154 2922 2233 juris
2948 2156 3507 2216 naturalis—Dico

1950 2247 2133 2307 tertio
2161 2263 2176 2306 ε
2207 2248 2324 2307 Per
2356 2247 2462 2326 jus
2483 2247 2850 2320 humanum,
2881 2246 3009 2306 sive
3048 2246 3350 2325 gentium,
3381 2246 3508 2306 sive

1949 2339 2150 2414 civile,
2170 2340 2305 2400 fieri
2329 2346 2529 2418 potest
2552 2340 2691 2399 talis
2706 2339 2968 2399 mutatio
2991 2340 3057 2399 in
3077 2340 3335 2400 materia
3357 2339 3510 2416 legis

1945 2433 2267 2507 naturalis,
2295 2439 2363 2492 ut
2390 2435 2627 2493 ratione
2654 2433 2818 2492 illius
2846 2434 3116 2494 varietur
3143 2433 3330 2493 etiam
3355 2432 3510 2511 juris

1943 2524 2244 2583 naturalis
2273 2525 2586 2601 obligatio,
2616 2526 2803 2585 Juxta
2847 2524 3007 2584 hanc
3051 2525 3506 2585 conclusionem

1943 2616 2345 2693 intelligenda
2401 2618 2693 2678 videntur
2729 2617 3029 2677 nonnulla
3070 2617 3216 2695 jura
3261 2618 3500 2692 civilia,

1942 2707 2040 2768 vel
2071 2709 2333 2787 juristae,
2361 2727 2504 2769 cum
2544 2709 2781 2783 dicunt,
2817 2728 2929 2788 per
2940 2711 3043 2788 jus
3071 2710 3376 2787 gentium,
3406 2709 3506 2770 vel

1942 2799 2123 2859 civile
2146 2801 2385 2861 detrahi
2406 2801 2636 2879 aliquid
2660 2802 2735 2862 de
2755 2802 2898 2880 jure
2923 2802 3211 2877 naturali,
3239 2807 3308 2861 ut
3337 2807 3505 2880 patet

1941 2910 2019 2953 ex
2044 2892 2154 2953 lib.
2204 2895 2733 2970 Manumissiones,
2779 2901 2840 2955 et
2888 2894 2998 2955 lib.
3029 2896 3082 2957 J
3082 2913 3154 2955 as
3203 2894 3402 2967 civile,
3431 2894 3499 2954 ff.

1943 2985 2018 3046 de
2046 2986 2250 3046 Justit.
2285 2992 2347 3046 et
2368 2987 2537 3064 jure,
2568 2994 2628 3047 et
2664 2989 2730 3047 in
2764 2987 2952 3066 §Jus
2978 2993 3197 3061 autem,
3234 2987 3499 3046 Institut.

1943 3078 2020 3138 de
2044 3078 2192 3139 Jure
2214 3079 2481 3139 naturali
2504 3081 2785 3158 gentium
2814 3093 2874 3141 et
2901 3080 3087 3141 civili.
3117 3080 3288 3140 Hanc
3316 3079 3503 3140 etiam

1944 3172 2341 3231 assertionem
2370 3172 2736 3233 confirmant
2771 3174 2966 3233 multa
2992 3192 3069 3233 ex
3109 3173 3406 3252 exemplis
3434 3172 3501 3231 111

1946 3263 2147 3341 11111110
2174 3262 2578 3325 fundamento
2603 3266 2923 3326 contrariae
2939 3265 3258 3326 sententiae
3282 3265 3505 3325 adduc-

1947 3356 2045 3430 tis,
2072 3356 2225 3415 utin
2253 3374 2466 3417 eorum
2497 3358 2903 3439 explicatione
2927 3359 3270 3419 videbimus
3298 3380 3311 3417 :
3347 3359 3506 3419 ratio

1947 3448 2214 3527 denique
2247 3456 2361 3524 est,
2404 3451 2549 3529 quia
2591 3451 2693 3511 hic
2742 3451 2960 3513 modus
2984 3452 3351 3529 ,mutationis
3378 3470 3505 3514 non

1944 3534 2249 3620 repugnat
2271 3544 2619 3603 necessitati
2644 3545 3206 3605 etimmutabilitati
3226 3546 3380 3625 juris
3399 3564 3509 3605 na-

1944 3634 2182 3708 turalis,
2214 3640 2276 3694 et
2302 3637 2550 3697 aliunde
2574 3643 2665 3697 est
2690 3640 3086 3714 conveniens,
3118 3644 3179 3700 et
3211 3659 3370 3718 saepe
3399 3658 3505 3700 ne-

1945 3730 2241 3789 cessarius
2269 3731 2626 3792 hominibus
2672 3733 2851 3814 juxta
2902 3735 3103 3795 varias
3133 3735 3506 3794 mutationes

1943 3840 2080 3900 quae
2108 3822 2173 3882 in
2207 3829 2369 3883 statu
2398 3842 2609 3884 eorum
2642 3826 3033 3903 contingunt.
3065 3827 3140 3885 Et
3179 3826 3295 3886 hoc
3323 3824 3505 3886 modo

1942 3920 2104 3975 recte
2144 3917 2645 3976 accommodatur
2690 3918 2985 3977 usitatum
3021 3919 3373 3996 exemplum
3430 3936 3508 3978 ex

1944 4006 2289 4084 Augustino
2312 4014 2653 4086 sumptum,
2679 4008 2841 4086 quod
2872 4011 3033 4069 sicut
3061 4010 3365 4070 medicina
3385 4010 3507 4070 alia

1945 4103 2248 4175 praecepta
2285 4099 2473 4157 tradit
2500 4115 2611 4175 pro
2640 4098 2927 4172 infirmiS,
2956 4100 3078 4159 alia
3107 4118 3216 4177 pro
3239 4103 3424 4178 501115,
3447 4109 3509 4164 01

1947 4191 2226 4268 quaedam
2254 4208 2362 4267 pro
2391 4191 2675 4265 fortibuS,
2710 4191 2830 4251 alia
2853 4209 2964 4268 pro
2994 4191 3415 4271 debilioribus,
3447 4203 3509 4258 et

1947 4287 2157 4341 tamen
2201 4300 2327 4341 non
2368 4287 2690 4361 propterea
2735 4282 2965 4359 regulae
2994 4284 3311 4347 medicinae
3347 4288 3415 4349 in
3444 4308 3507 4350 se

1944 4375 2287 4452 variantur,
2306 4376 2412 4436 sed
2430 4375 2943 4456 multiplicantur,
2967 4381 3029 4438 et
3043 4378 3321 4455 quaedam
3342 4401 3509 4443 nunc

1945 4468 2320 4545 deserviunt,
2356 4488 2523 4529 nunc
2553 4469 2687 4531 aliae
2729 4485 2746 4529 ε
2776 4470 2865 4530 110
2892 4471 2994 4549 jus
3024 4472 3302 4532 naturale
3339 4474 3505 4535 idem

1945 4562 2214 4623 existens
2235 4564 2407 4625 aliud
2436 4564 2713 4644 praecipit
2741 4563 2806 4624 in
2836 4565 2944 4625 tali
2970 4564 3311 4640 occasione,
3336 4568 3506 4627 aliud

1941 4660 2005 4715 in
2053 4656 2196 4732 alia,
2242 4663 2304 4717 et
2354 4676 2521 4717 nunc
2567 4658 2822 4737 obligat,
2885 4662 2946 4718 et
3004 4677 3132 4718 non
3177 4665 3360 4720 antea
3404 4658 3505 4719 vel

1941 4754 2172 4828 postea,
2205 4751 2336 4811 sine
2385 4752 2483 4811 sui
2534 4752 2901 4827 mutatione,
2955 4758 3204 4831 propter
3233 4753 3507 4813 materiae

1941 4842 2374 4905 variationem.

2025 4938 2119 4996 13.
2164 4937 2283 4998 Fit
2309 4937 2464 4998 satis
2488 4938 2880 5015 arqamentis.
2902 4936 3097 4999 —Ad
3108 4937 3400 5015 primum.
3424 4971 3508 4982 —

1941 5029 2033 5090 Ad
2063 5036 2432 5108 argumenta
2458 5030 2652 5108 igitur
2695 5030 2917 5105 prioris
2963 5030 3301 5106 sententias,
3355 5050 3505 5110 11110-

1940 5129 2121 5182 tenus
2144 5123 2289 5183 huic
2313 5122 2672 5183 resolutioni
2688 5121 2930 5181 obstare
2954 5133 3231 5199 possunt,
3253 5141 3508 5203 respon·-

1939 5213 2214 5274 dendum
2243 5220 2353 5275 est.
2392 5214 2564 5274 Circa
2599 5213 2873 5292 primum
2910 5212 3119 5291 itaque
3152 5215 3506 5294 exemplum

1941 5307 2005 5364 in
2035 5306 2238 5383 primo
2264 5311 2629 5382 argumento
2667 5305 2937 5383 positum
2975 5305 3051 5366 de
3087 5325 3298 5368 rerum
3339 5327 3505 5368 com-

1939 5399 2245 5457 munitate
2274 5404 2337 5457 et
2354 5397 2675 5473 divisione,
2712 5399 2871 5459 Scot.
2909 5399 2976 5459 in
3009 5401 3071 5475 4,
3103 5400 3162 5462 d.
3207 5403 3305 5475 14,
3338 5418 3399 5478 q.
3439 5402 3501 5476 2,

1939 5494 2057 5549 art.
2093 5493 2150 5563 1,
2182 5494 2243 5550 01
2269 5489 2500 5550 ibidem
2521 5490 2730 5569 Gabr.,
2757 5510 2817 5571 q.
2846 5495 2908 5570 2,
2934 5493 3000 5554 in
3030 5493 3254 5574 princ„
3289 5490 3505 5558 dicunt
