3976 6219
1006 408 1141 460 cAP.
1177 410 1237 461 11.
1274 407 1359 460 AN
1390 409 1529 461 11Εο
1560 406 1875 461 ΡΟΤΕΒΤΑΒ
1906 407 2005 462 srl·
2035 406 2302 459 PROPRIA
2328 406 2507 461 LEGIS
2533 407 2798 461 GRA‘HAE.

282 505 437 569 illos
468 506 792 570 Pontifices
830 525 958 569 non
993 509 1279 572 habuisse
1314 515 1682 591 potestatem
1711 526 1860 570 con-

283 601 485 662 dendi
510 601 700 680 leges,
719 601 894 675 Quod
918 601 969 663 si
992 603 1128 681 quis
1154 603 1405 682 objiciat
1437 604 1601 685 apud
1619 604 1862 665 Judaeos

279 694 480 756 fuisse
524 714 715 757 novas
755 695 990 774 aliquas
1030 696 1392 758 festivitates
1434 716 1508 758 ex
1555 702 1859 776 praecepto

282 786 572 848 humano
630 788 945 848 institutas
967 834 986 863 ,
1041 788 1259 850 Esther
1306 791 1380 865 9,
1431 789 1650 851 Judith
1702 790 1814 850 ult.
1835 835 1857 865 ,

287 881 325 939 1
367 879 648 940 Machab.
680 882 741 955 4,
759 880 1119 960 responderi
1140 889 1342 961 posset
1362 882 1501 943 illas
1524 900 1651 942 non
1671 882 1859 943 fuisse

285 974 574 1053 proprias
601 973 767 1052 leges
795 973 925 1035 sola
949 976 1314 1038 auctoritate
1361 975 1726 1037 Pontificum
1770 974 1861 1036 la-

287 1069 412 1140 tas,
451 1066 557 1126 sed
591 1066 875 1145 quaedam
911 1074 1056 1128 vota
1087 1071 1406 1130 communi
1442 1087 1741 1130 consensu
1768 1074 1860 1129 to-

290 1159 421 1219 tius
448 1159 664 1239 populi
692 1160 912 1221 emissa
928 1183 947 1237 ;
976 1161 1142 1222 unde
1183 1162 1272 1223 ibi
1309 1164 1577 1224 dicitur:
1613 1162 1861 1226 Statuit

291 1254 580 1316 universa
599 1254 903 1331 Ecclesia,
943 1261 1057 1318 etc.
1094 1257 1185 1317 Ex
1216 1263 1359 1318 voto
1390 1263 1600 1318 autem
1624 1254 1862 1335 aliquid

292 1343 392 1406 vel
418 1344 666 1426 aliquod
684 1352 929 1427 tempus
950 1347 1075 1411 Deo
1101 1348 1451 1413 voluntarie
1479 1366 1856 1426 consecrare,

296 1456 537 1518 semper
562 1439 807 1502 licitum
833 1441 975 1504 suit.

373 1533 433 1593 9.
478 1533 705 1596 Fuisse
732 1535 799 1595 in
822 1535 1038 1614 populo
1063 1535 1286 1599 kebroeo
1317 1535 1724 1616 lsqislatioam
1744 1554 1853 1615 po-

294 1630 581 1688 testatem.
626 1658 709 1671 —
750 1627 858 1687 His
884 1646 1030 1689 vero
1053 1647 1180 1688 non
1209 1628 1611 1704 obstantibus,
1644 1627 1852 1689 dicen-

293 1718 443 1779 dum
472 1724 561 1779 881
585 1718 771 1780 fuisse
802 1720 870 1780 in
897 1720 1004 1781 illo
1027 1720 1255 1802 populo
1279 1727 1644 1801 potestatem
1670 1721 1851 1800 legis-

292 1811 567 1872 lativam.
616 1813 707 1873 118
748 1817 925 1882 tenet¹
963 1813 1251 1876 Bellarm.
1303 1813 1348 1874 l.
1385 1818 1426 1876 4
1471 1816 1547 1876 de
1593 1814 1847 1891 Pontis„

291 1922 421 1982 cap.
459 1907 533 1964 17
551 1948 572 1979 ,
613 1910 675 1966 et
702 1906 859 1966 Vict.
900 1925 1085 1986 supra
1112 1926 1173 1986 q.
1209 1910 1268 1984 4,
1291 1926 1357 1970 n.
1389 1909 1430 1969 6
1466 1924 1487 1985 ;
1528 1907 1850 1970 Salmeron

289 2001 335 2055 t.
368 1998 430 2070 4,
454 1996 522 2056 in
550 1998 816 2077 Evang.,
843 2018 904 2079 p.
940 2000 1002 2074 3,
1032 2005 1111 2060 tr.
1137 2002 1237 2076 12,
1270 2006 1332 2061 et
1353 2005 1448 2062 est
1472 2007 1688 2080 aperta
1710 2019 1851 2062 sen-

250 2123 253 2126 ·
288 2090 481 2150 tentia
513 2089 584 2149 D.
617 2090 869 2152 Thomae
898 2091 1040 2152 lect.
1075 2094 1113 2152 2
1144 2099 1207 2153 et
1237 2094 1273 2153 3
1300 2093 1368 2152 in
1395 2094 1508 2173 Ep.
1541 2093 1620 2154 ad
1647 2093 1845 2155 Gralat.

283 2186 345 2257 1,
369 2200 682 2261 exponens
699 2182 808 2243 1118
834 2183 1061 2245 verba:
1083 2183 1514 2248 Abundantius
1535 2186 1851 2247 (emulator

280 2275 541 2338 existens
562 2279 957 2353 paternarum
983 2294 1248 2338 mearum
1271 2278 1691 2354 traditionum,
1712 2295 1851 2358 quse

282 2368 579 2446 intelligit
616 2368 693 2428 de
731 2367 972 2446 legibus
998 2368 1291 2429 humanis
1317 2369 1493 2447 juste,
1508 2369 1650 2431 latis
1677 2371 1744 2431 in
1776 2387 1850 2431 eo

282 2460 554 2541 populo;
601 2465 664 2521 et
687 2459 839 2520 illud
876 2459 1053 2520 Deut.
1085 2461 1126 2519 4
1150 2461 1404 2539 exponit
1431 2461 1507 2522 (18
1535 2462 1850 2524 8(1(11110118

284 2556 616 2631 contraria,
659 2551 759 2614 vel
804 2559 1193 2632 repugnante
1233 2553 1380 2632 legi.
1430 2556 1585 2615 Nam
1627 2574 1759 2635 cap.
1808 2558 1848 2616 5

285 2647 562 2725 ejusdem
609 2646 787 2707 Deut.
831 2646 919 2706 ita
955 2645 1111 2706 illud
1143 2645 1490 2707 declaratur
1519 2663 1535 2705 t
1566 2647 1713 2712 Non
1749 2649 1845 2709 de-

279 2739 533 2802 clinabis
551 2758 730 2820 neque
753 2739 835 2801 ad
854 2740 1180 2814 dexteram,
1200 2757 1381 2819 neque
1403 2741 1485 2802 ad
1497 2741 1840 2802 sinistram.

277 2832 527 2893 Additio
557 2850 729 2911 ergo,
762 2849 900 2911 quae
926 2848 1054 2890 non
1083 2830 1352 2893 declinat
1377 2849 1415 2892 a
1441 2832 1600 2910 1838,
1631 2831 1695 2892 1(1
1724 2837 1838 2908 881,

281 2945 423 3007 quae
467 2926 562 2987 illi
607 2945 737 2987 non
785 2931 1115 3004 repugnat,
1169 2943 1298 2986 non
1343 2931 1477 2986 erat
1503 2925 1838 3005 prohibita.

275 3021 482 3100 Atque
523 3021 613 3081 ita
652 3018 924 3081 Christus
963 3019 1262 3079 Dominus
1296 3019 1469 3080 Matt.
1518 3020 1595 3080 15
1635 3037 1843 3098 repre-

273 3113 498 3175 hendit
519 3113 786 3188 Judaeos,
822 3112 1033 3173 dicens
1060 3132 1074 3170 ε
1109 3112 1379 3174 Irritnm
1406 3112 1645 3189 fecistis
1671 3130 1842 3176 man-

277 3208 488 3270 datnm
505 3207 624 3269 Dei
644 3210 894 3286 propter
915 3205 1274 3268 traditiones
1290 3210 1523 3267 vestras
1536 3228 1563 3276 ,·
1586 3209 1647 3266 et
1660 3204 1841 3267 affert

270 3298 466 3360 verba
499 3298 639 3360 lsai.
677 3300 781 3374 29,
826 3316 964 3377 quse
1003 3296 1308 3377 superiori
1348 3297 1546 3377 capite
1583 3296 1838 3376 objicie-

267 3390 523 3468 bantur,
553 3398 617 3453 et
650 3392 739 3452 ita
764 3388 873 3450 illa
898 3389 1154 3469 exponit
1186 3406 1203 3451 z
1243 3387 1398 3453 Sine
1427 3407 1610 3453 causa
1641 3391 1838 3454 colunt

266 3503 387 3560 one,
422 3486 684 3549 docerttes
711 3484 1048 3546 doctrinam
1087 3488 1142 3545 et
1176 3482 1466 3544 mandata
1505 3482 1833 3560 hominum,

271 3578 487 3657 utique
515 3575 738 3657 quibus
759 3574 1165 3637 irritabantur
1184 3580 1247 3636 et
1277 3574 1838 3637 contemnebantur

272 3669 571 3731 mandata
600 3669 732 3744 Dei,
761 3667 861 3730 vel
897 3686 1035 3747 quae
1066 3667 1508 3747 superstitiosa,
1541 3668 1706 3731 etad
1733 3686 1838 3731 ve-

267 3781 414 3825 rum
443 3763 553 3824 Dei
581 3761 819 3824 cultum
846 3761 1007 3822 nihil
1033 3760 1476 3823 conducebant.

351 3857 449 3918 10.
497 3856 638 3932 Sed,
678 3855 822 3916 licet
853 3855 988 3915 haec
1020 3873 1171 3916 vera
1225 3855 1372 3933 sint,
1429 3853 1838 3918 nihilominus

264 3966 395 4011 non
413 3953 652 4010 constat
665 3947 1072 4010 sacerdotium
1080 3946 1443 4023 Leviticum,
1460 3948 1649 4009 etiam
1667 3965 1840 4010 sum-

268 4060 468 4118 mum,
493 4060 573 4103 ex
594 4042 656 4101 vi
693 4040 1120 4121 pontificatus,
1150 4045 1213 4101 et
1244 4040 1433 4102 solius
1459 4040 1705 4100 divini
1679 4040 1838 4121 Juris

271 4134 561 4196 habuisse
605 4139 973 4214 potestatem
1018 4132 1431 4213 legislativam
1475 4152 1659 4214 super
1692 4134 1838 4195 uni-

268 4246 519 4289 versum
544 4226 871 4308 populum,
899 4226 1047 4306 quia
1078 4225 1301 4286 nullibi
1329 4224 1560 4306 legitur
1587 4244 1716 4289 esse
1743 4225 1837 4287 illi

271 4337 645 4382 concessam.
694 4321 852 4382 Nam
889 4320 1068 4381 Dent.
1117 4321 1190 4379 17
1237 4317 1441 4379 80111111
1474 4320 1836 4381 conceditur

272 4412 570 4495 sacerdoti
598 4431 841 4475 summo
878 4431 1021 4474 cum
1050 4412 1308 4473 consilio
1338 4411 1605 4474 aliorum
1636 4419 1836 4492 potes·

271 4514 366 4570 tas
404 4509 680 4570 maxima
705 4509 774 4569 in
809 4506 1117 4570 decisione
1144 4506 1478 4568 dubiorum
1506 4506 1835 4587 insurgen-

268 4602 428 4663 tium
481 4601 549 4662 in
590 4601 788 4663 causis
817 4646 839 4677 ,
894 4600 996 4662 vel
1040 4600 1202 4661 circa
1253 4600 1833 4679 interpretationem

264 4695 421 4774 legis
455 4717 474 4770 ;
528 4700 797 4775 potestas
850 4698 1062 4754 autem
1110 4692 1460 4772 legislativa
1511 4699 1603 4755 est
1649 4695 1831 4757 valde

268 4789 545 4865 diversa3
588 4787 753 4849 unde
779 4785 1096 4867 probabile
1127 4791 1220 4849 est
1244 4791 1391 4847 ante
1418 4791 1701 4867 tempora
1726 4807 1830 4849 re-

270 4899 447 4961 gum,
479 4880 577 4942 vel
602 4879 724 4941 illis
747 4878 1197 4956 deficientibus,
1217 4878 1407 4940 fuisse
1430 4878 1603 4941 illam
1627 4885 1803 4960 potes

268 4979 464 5036 tatem
490 4973 559 5034 in
585 4972 838 5054 popule,
870 4980 931 5035 81
970 4973 1060 5034 ita
1085 4970 1255 5034 Esth.
1300 4972 1339 5032 9
1377 4977 1544 5033 totus
1572 4972 1835 5052 populus

269 5066 587 5128 communi
624 5084 927 5129 consensu
961 5064 1178 5127 statuit
1205 5063 1409 5144 legem
1438 5065 1515 5126 de
1543 5064 1835 5127 solemni-

266 5165 394 5221 tate
419 5158 764 5239 ‚cujusdam
810 5159 955 5221 diei.
1004 5158 1178 5220 Idem
1216 5156 1453 5218 Judith.
1501 5155 1614 5218 ult.
1675 5157 1834 5218 Nam

268 5258 418 5313 tunc
442 5252 706 5333 populus
723 5252 1054 5313 destitutus
1076 5256 1212 5312 erat
1235 5267 1405 5329 rege,
1436 5249 1489 5310 si
1515 5267 1662 5311 vera
1685 5254 1833 5310 sunt

267 5364 404 5425 quae
422 5345 498 5406 de
515 5350 794 5425 tempore
817 5346 983 5407 illius
1009 5343 1159 5407 belli
1183 5344 1484 5423 conjectat
1512 5342 1825 5406 Benedict.

267 5440 470 5501 Perer.
498 5438 543 5500 l.
579 5442 607 5499 1
638 5438 707 5499 in
727 5439 880 5500 Dan.
902 5457 923 5518 3
954 5447 1257 5519 proeterea
1280 5436 1326 5497 l.
1361 5441 1389 5498 1
1424 5437 1652 5513 Μ8811.,
1685 5456 1741 5498 8.
1764 5439 1828 5514 4,

266 5532 530 5596 dicitur:
566 5533 661 5597 Et
695 5533 916 5598 statuit
954 5532 1192 5610 Iudas,
1223 5535 1278 5598 et
1312 5531 1547 5623 fratres
1577 5529 1747 5610 ejus,
1776 5532 1833 5594 ct

3385 406 3506 470 333

1940 509 2225 572 universa
2248 509 2533 573 Ecclesia
2557 509 2781 585 Israel,
2815 513 2934 570 etc.
2966 509 3264 589 Tempore
3292 517 3506 575 autem

1938 621 2160 683 regum
2178 602 2246 662 in
2265 602 2353 662 eis
2372 601 2617 663 videtur
2635 601 2819 663 fuisse
2842 607 3106 682 potestas
3131 601 3500 683 legislativa,

1940 702 2012 756 ut
2039 696 2306 757 sumitur
2328 714 2404 756 ex
2426 699 2454 756 1
2489 696 2641 773 Reg.
2676 697 2775 772 30,
2808 694 2918 755 11111
2946 695 3135 756 David
3165 697 3502 775 quamdam

1939 788 2144 866 legem
2169 788 2350 864 tulit,
2386 792 2448 847 et
2469 787 2727 848 inferius
2755 806 2806 848 8.
2839 791 2917 849 10
2944 788 3141 866 1118318
3171 790 3500 852 constabit.

1939 884 2087 943 Erat
2113 900 2262 959 ergo
2288 887 2552 961 potestas
2579 881 2970 943 sacerdotalis
2997 900 3106 943 seu
3132 882 3502 962 pontificalis

1938 975 2123 1054 longe
2149 974 2458 1035 inferioris
2483 974 2739 1035 rationis
2769 974 2849 1035 ab
2871 993 2944 1036 ea
2966 994 3102 1054 quse
3122 993 3291 1036 nunc
3318 983 3410 1038 est
3434 977 3504 1038 in

1937 1067 2231 1144 Ecclesia,
2269 1085 2395 1127 non
2422 1067 2623 1127 solum
2652 1068 2799 1147 quia
2833 1067 3102 1130 limitata
3137 1075 3270 1130 erat
3299 1070 3504 1150 quoad

1939 1159 2262 1240 populum,
2283 1159 2487 1221 locum
2515 1165 2578 1222 et
2593 1165 2863 1240 1811111118,
2891 1161 2997 1222 sed
3016 1162 3205 1223 etiam
3228 1163 3374 1242 quia
3386 1181 3502 1224 nec

1938 1253 2007 1313 in
2057 1271 2123 1314 se
2168 1253 2651 1334 supernaturalis
2691 1260 2846 1330 erat,
2893 1254 3002 1316 sed
3051 1254 3252 1315 solum
3298 1256 3502 1335 quoad

1939 1345 2221 1421 modum,
2266 1347 2416 1425 quia
2453 1346 2533 1408 ab
2579 1347 2712 1427 ipso
2748 1347 2872 1408 Deo
2907 1347 3111 1409 fuerat
3142 1348 3502 1410 immediate

1938 1438 2260 1514 instituta;
2305 1438 2369 1499 id
2392 1444 2487 1501 est
2499 1485 2521 1517 ,
2554 1440 2702 1519 quia
2721 1456 2847 1501 non
2877 1445 3011 1501 erat
3040 1457 3119 1501 ex
3146 1457 3210 1500 se
3237 1447 3501 1520 potestas

1932 1531 2042 1592 illa
2069 1532 2551 1611 supernaturalis
2573 1533 2641 1594 in
2665 1532 3010 1594 substantia
3036 1536 3125 1614 (ut
3144 1532 3233 1593 sic
3252 1531 3497 1612 dicam),

1930 1623 2037 1684 sed
2065 1622 2267 1685 solum
2305 1624 2373 1684 in
2413 1623 2549 1685 fieri
2577 1630 2640 1686 et
2677 1624 2863 1686 modo
2890 1671 2912 1701 ,
2966 1626 3115 1705 quia
3141 1625 3298 1685 Deus
3324 1625 3500 1686 illam

1930 1715 2097 1778 dedit
2109 1739 2128 1792 ;
2160 1717 2459 1796 potuisset
2491 1724 2704 1780 tamen
2735 1718 3003 1799 populus
3038 1719 3194 1779 illud
3221 1719 3501 1800 sacerdo-

1930 1808 2090 1869 tium
2125 1809 2471 1886 instituere,
2515 1811 2568 1871 si
2608 1811 2767 1871 Deus
2803 1829 2929 1872 non
2969 1811 3387 1891 praevenisset,
3426 1817 3499 1871 ut

1929 1901 2213 1963 Corduba
2233 1903 2411 1965 docet
2432 1922 2576 1964 cum
2612 1904 2871 1980 Victor„
2901 1903 3110 1965 relect.
3141 1907 3169 1964 1
3195 1904 3273 1964 (18
3292 1905 3498 1964 Ρο188-

1928 2000 2056 2056 tate
2083 1994 2366 2057 Ecclesiae
2379 2042 2398 2073 ,
2431 2015 2492 2076 q.
2530 1996 2591 2073 3,
2617 2015 2863 2077 propos.
2892 1999 2949 2058 6.
2987 1997 3111 2058 Nec
3140 1997 3331 2058 etiam
3358 2001 3493 2057 erat

1930 2087 2008 2148 de
2035 2089 2271 2150 ratione
2306 2089 2472 2150 illius
2496 2090 2813 2169 potestatis
2834 2095 2906 2149 ut
2928 2095 3084 2150 esset
3103 2089 3491 2169 legislativa,

1931 2181 2080 2259 quia
2114 2179 2257 2241 finis
2291 2181 2423 2260 ejus
2454 2200 2581 2242 non
2613 2187 2745 2243 erat
2777 2181 3124 2260 gubernare
3161 2181 3488 2261 populum,

1932 2273 2038 2334 sed
2075 2274 2425 2336 ministrare
2466 2276 2589 2336 Deo
2615 2293 2737 2354 pro
2767 2274 3037 2355 populo:
3074 2274 3237 2335 unde
3266 2292 3344 2334 ex
3380 2293 3493 2358 na-

1930 2373 2074 2427 tura
2107 2368 2199 2428 rei
2233 2367 2311 2428 ad
2356 2386 2674 2429 summum
2721 2367 3079 2429 includebat
3122 2372 3492 2447 potestatem

1929 2460 2364 2539 praecipiendi,
2399 2479 2538 2541 quae
2584 2461 2926 2523 necessaria
2979 2466 3136 2522 esset
3180 2460 3259 2522 ad
3304 2478 3491 2521 usum

1927 2551 2094 2612 1111118
2121 2553 2452 2614 ministerii
2472 2599 2493 2628 ,
2536 2558 2607 2613 ut
2636 2554 2836 2632 magis
2863 2555 3050 2615 sentit
3076 2553 3236 2615 vict.
3258 2599 3278 2629 ,
3329 2572 3391 2633 q.
3426 2556 3489 2630 4,

1926 2661 1992 2703 n.
2037 2646 2098 2704 6.
2144 2644 2317 2717 Quod
2346 2650 2556 2707 autem
2592 2646 2754 2706 Deus
2786 2647 3132 2726 specialiter
3164 2647 3496 2709 contulerit

1924 2735 2209 2797 Pontifici
2245 2736 2430 2816 legali
2478 2743 2842 2817 potestatem
2884 2739 3049 2818 18388
3087 2738 3329 2801 ferendi
3363 2738 3493 2802 sola

1922 2848 2035 2891 sua
2061 2830 2449 2908 auctoritate,
2480 2849 2610 2892 non
2629 2837 2889 2907 constat,
2910 2850 3027 2893 nec
3055 2850 3135 2894 ex
3156 2832 3376 2895 Matth.
3395 2909 3396 2914 ἵ
3413 2833 3491 2893 15

1922 2928 2031 2984 8111
2061 2925 2140 2984 23
2163 2969 2185 2999 ,
2227 2928 2336 2984 aut
2375 2923 2549 2986 Deut.
2594 2926 2702 2999 17,
2750 2923 2852 2985 vel
2884 2923 3022 2986 aliis
3061 2924 3370 2986 similibus
3421 2924 3488 2987 id

1921 3015 2297 3078 sufficienter
2320 3016 2529 3096 colligi
2555 3023 2776 3097 potest.

2012 3113 2102 3171 11.
2139 3111 2371 3177 Ultima
2391 3109 3021 3174 Μυῖα-11111180
3044 3129 3123 3175 ex
3142 3112 3321 3173 dictis
3344 3131 3492 3174 con·
3557 3162 3564 3169 .

1920 3200 2194 3263 cluditur
2224 3202 2580 3282 principalis
2605 3221 2748 3283 pars
2786 3203 3162 3282 assertionis,
3194 3212 3257 3268 et
3277 3205 3491 3285 praeci-

1919 3312 2042 3374 pue
2064 3294 2327 3372 intenta,
2348 3294 2599 3373 scilicet,
2627 3300 2994 3379 potestatem
3019 3295 3181 3359 hanc
3200 3298 3492 3378 spiritua-

1917 3386 2066 3463 lem,
2097 3393 2282 3468 prout
2306 3406 2474 3450 nunc
2501 3389 2680 3451 estin
2703 3388 2992 3465 Ecclesia,
3030 3408 3158 3452 esse
3176 3390 3491 3471 propriam

1918 3480 2076 3559 ejus,
2091 3480 2394 3560 singulari
2416 3481 2579 3543 dono
2611 3500 2650 3543 a
2671 3482 2912 3544 Christo
2932 3483 3161 3545 datam.
3201 3484 3329 3544 Hoc
3361 3501 3493 3545 cer-

1919 3578 2056 3633 tum
2079 3579 2172 3635 est
2196 3591 2274 3635 ex
2305 3572 2664 3653 Evangeli0,
2685 3574 2754 3634 in
2773 3592 2895 3654 quo
2917 3574 3190 3654 primum
3210 3574 3493 3655 promisit

1918 3664 2193 3727 Christus
2219 3665 2380 3727 hanc
2406 3671 2775 3746 potestatem
2801 3667 2973 3728 Matt.
3014 3669 3091 3727 16
3119 3684 3136 3727 :
3172 3667 3319 3729 Tibi
3341 3667 3489 3729 dabo

1917 3759 2110 3822 claves
2139 3761 2313 3840 reqni
2339 3761 2639 3836 coeloram,
2671 3765 2725 3822 et
2753 3761 3152 3841 quodcumque
3172 3759 3486 3840 liqaven‘s,

1917 3857 2034 3913 etc.
2071 3852 2300 3915 Deinde
2332 3851 2615 3932 implevit
2629 3852 3003 3933 promissum
3032 3854 3259 3914 Joann.
3290 3853 3393 3929 21,
3416 3858 3490 3915 ut

1915 3944 2102 4006 latius
2123 3945 2473 4007 videbimus
2491 3946 2690 4025 capite
2717 3946 3020 4025 sequenti.
3051 3946 3275 4006 Paulus
3299 3938 3491 4009 etiam

1917 4036 2187 4100 affirmat
2218 4055 2283 4100 se
2319 4038 2618 4118 accepisse
2659 4056 2699 4098 8
2738 4038 3000 4099 Domino
3029 4036 3193 4099 hanc
3222 4044 3491 4117 potesta-

1915 4137 2069 4205 tem,
2095 4138 2159 4194 et
2192 4132 2358 4193 idem
2389 4137 2484 4193 est
2522 4131 2601 4193 de
2640 4131 2778 4192 aliis
2816 4130 3150 4211 Α110810118,
3183 4137 3255 4191 111
3276 4131 3489 4193 81811111

1914 4223 2101 4284 1811118
2127 4224 2421 4286 dicemus.
2452 4223 2807 4286 Declaratur
2832 4229 3044 4285 autem
3063 4241 3140 4287 ex
3163 4223 3489 4303 perfectio-

1916 4314 2103 4377 nibus
2125 4314 2312 4405 huju-s
2338 4317 2657 4397 potestatis
2682 4322 2746 4379 et
2770 4335 2847 4378 ex
2868 4316 3056 4379 modo
3097 4317 3251 4395 ejus.
3284 4317 3489 4378 Primo

1917 4410 2089 4471 enim
2149 4417 2243 4471 est
2289 4409 2812 4471 universalissima
2857 4426 2969 4490 pro
3028 4414 3158 4470 toto
3212 4409 3450 4470 mundo
3460 4424 3484 4486 ;

1917 4521 2088 4579 nam,
2122 4503 2281 4564 sicut
2306 4502 2573 4564 Ecclesia
2609 4502 2921 4564 Catholica
2945 4507 3148 4564 totum
3179 4503 3490 4564 mundum

1917 4596 2347 4676 complectitur
2362 4641 2385 4673 ,
2434 4595 2524 4657 ita
2566 4595 2758 4657 etiam
2813 4595 2947 4657 haec
2981 4600 3271 4676 potestas,
3309 4601 3382 4655 ut
3409 4611 3489 4657 ex

1911 4688 2035 4748 illis
2062 4688 2288 4751 Christi
2315 4687 2553 4750 verbis:
2582 4689 2774 4752 Pasce
2811 4708 2942 4752 oves
2963 4706 3146 4765 meas,
3177 4693 3341 4750 recte
3362 4688 3486 4749 col-

1913 4781 2057 4861 ligit
2099 4781 2416 4843 Innocent.
2450 4782 2551 4859 111,-
2595 4781 2666 4843 in
2710 4800 2845 4862 cap.
2893 4780 3137 4857 Solita»,
3171 4782 3249 4843 de
3293 4781 3487 4859 Majo-

1910 4875 2015 4936 rit.
2067 4881 2130 4936 et
2171 4873 2511 4950 obedient„
2542 4875 2690 4955 quia
2716 4892 2844 4936 uon
2884 4873 3045 4935 dixit
3064 4873 3178 4935 has
3220 4873 3320 4936 vel
3345 4873 3484 4934 illas

1914 4986 2083 5041 oves,
2114 4968 2223 5030 sed
2249 4967 2610 5048 simpliciter
2638 4988 2768 5032 oves
2793 4986 2958 5031 meas
2977 4992 3006 5040 ,·
3031 4967 3121 5028 ita
3150 4973 3222 5029 ut
3249 4984 3378 5029 non
3405 4967 3488 5029 sit

1914 5060 2048 5121 ovis
2069 5060 2317 5136 Christi,
2342 5078 2458 5122 nec
2493 5060 2561 5123 in
2595 5060 2731 5140 ejus
2759 5077 2945 5139 grege
2973 5065 3336 5121 numeretur
3375 5058 3485 5140 qui

1912 5154 2059 5215 huic
2075 5154 2365 5234 potestati
2385 5172 2511 5213 non
2535 5152 2831 5234 subiacet.
2850 5151 3154 5226 Secund0,
3173 5152 3321 5231 quia
3340 5153 3485 5215 data

1914 5252 2005 5308 est
2032 5252 2103 5306 ut
2127 5251 2424 5325 perpetuo
2442 5245 2644 5321 duret,
2676 5243 2976 5323 quamdiu
3006 5244 3276 5305 mundus
3300 5246 3486 5309 dura-

1911 5338 2109 5414 verit3
2149 5338 2321 5417 quia,
2352 5337 2508 5397 sicut
2540 5335 2642 5398 lex
2674 5336 2889 5415 gratiae
2916 5334 3137 5396 ultima
3174 5342 3266 5398 est
3290 5356 3483 5418 quam

1911 5434 2070 5495 Deus
2124 5436 2217 5494 881
2253 5430 2533 5507 daturus,
2582 5436 2646 5492 et
2696 5430 2854 5491 sicut
2889 5429 3151 5493 Ecclesia
3182 5437 3483 5511 perpetua

1913 5532 2008 5590 est
2035 5549 2055 5603 3
2085 5526 2174 5589 ita
2199 5525 2389 5590 etiam
2432 5523 2565 5587 haec
2589 5529 2877 5606 potestas,
2909 5525 3041 5587 sine
3061 5543 3186 5606 qua
3211 5541 3340 5587 non
3370 5542 3481 5608 po-
