3976 6219
470 378 592 443 312

470 484 645 549 Adde
658 481 976 550 hoereticos
995 490 1060 547 et
1076 486 1494 553 schismaticos
1511 492 1698 573 hujus
1709 498 2031 578 temporis,

467 579 541 643 in
569 575 782 639 odium
817 576 1126 641 Pontificis
1163 587 1226 643 et
1249 587 1443 645 status
1482 584 1898 667 ecclesiastici,
1928 609 2036 653 ve-

469 672 795 735 hementer
815 670 1146 736 defendere
1163 681 1226 736 et
1247 694 1624 757 exaggerare
1647 680 1810 743 hanc
1835 689 2036 763 potes-

469 770 667 829 tatem
689 764 1043 843 temporalis
1063 767 1358 849 principis
1374 770 1444 832 in
1467 771 1716 835 clericos
1724 792 1746 854 ς
1770 775 2035 857 ideoque

470 864 545 920 ut
590 874 842 918 omnem
889 860 1272 923 occasionem
1317 862 1440 927 illis
1484 866 1863 945 auferamus,
1897 869 2037 932 lon-

467 950 728 1031 giusque
749 949 830 1011 ab
855 950 946 1037 eis
970 951 1376 1033 discedamus,
1405 959 1598 1021 satius
1629 979 1760 1024 esse
1781 980 2036 1025 omnem

471 1041 1023 1121 ecclesiasticarum
1048 1064 1450 1125 personarum
1487 1051 1930 1133 obligationem
1956 1057 2037 1119 ad

471 1140 839 1217 potestatem
865 1136 1338 1202 ecclesiasticam
1361 1161 1671 1209 revocare.

554 1228 652 1290 13.
711 1228 920 1295 Verior
949 1232 1156 1294 modus
1183 1233 1434 1298 dicendi.
1453 1240 1654 1301 -Est
1677 1258 1825 1321 ergo
1853 1244 2036 1305 tertia

469 1319 653 1397 ratio,
685 1339 791 1382 seu
819 1322 1040 1384 tertius
1078 1326 1298 1387 modus
1340 1330 1685 1409 explicandi
1725 1334 2035 1414 originem

471 1412 660 1491 hujus
685 1413 1101 1494 obligationiS,
1131 1417 1378 1482 clericos
1400 1421 1662 1503 obligari
1687 1425 1767 1486 ad
1789 1445 2036 1489 servan·

473 1506 584 1567 das
615 1507 780 1587 leges
812 1507 1042 1589 civileS,
1073 1513 1222 1591 quia
1247 1533 1358 1594 per
1390 1534 1657 1581 canones
1691 1521 2037 1601 approban-

473 1604 599 1674 tur,
632 1605 693 1660 et
729 1600 904 1680 quasi
930 1605 1373 1667 canonizantur
1407 1611 1610 1689 quoad
1650 1606 1820 1674 hunc
1857 1614 2038 1675 effec-

473 1695 635 1751 tum.
667 1692 837 1753 Hanc
862 1695 1169 1759 rationem
1195 1698 1447 1761 invenio
1473 1704 1746 1782 apertius
1770 1706 2038 1786 explica-

474 1788 608 1844 tam
629 1784 916 1850 in'Decio.
934 1788 1097 1850 dicto
1124 1808 1258 1873 cap.
1285 1793 1590 1871 Ecclesia,
1618 1815 1684 1857 ιι.
1715 1800 1818 1875 27,
1847 1818 2038 1879 quam

475 1875 546 1936 in
579 1877 835 1939 caeteris.
863 1879 955 1942 Ibi
977 1882 1169 1959 enim,
1193 1889 1330 1963 post
1355 1886 1623 1950 rationes
1645 1908 1799 1969 quas
1825 1899 2039 1955 contra

476 1986 875 2033 communem
905 1974 1264 2053 opinionem
1299 1977 1633 2061 objecerat,
1671 1985 2035 2065 subjungit:

475 2056 609 2122 Sed
633 2064 829 2122 tamen
853 2079 926 2123 nc
951 2064 1317 2129 universalis
1336 2071 1618 2133 machina
1643 2074 1829 2154 kaeq’us
1855 2081 2040 2139 mate-

475 2149 593 2211 rioe
618 2151 927 2229 alteretur,
957 2158 1114 2235 quod
1141 2158 1237 2220 lem
1250 2161 1454 2225 civilis
1483 2167 1816 2243 approbata
1830 2167 2037 2230 videa-

476 2522 819 2598 praesertim
846 2524 924 2586 eit
954 2525 1120 2601 dicto
1153 2548 1288 2611 cap.
1325 2536 1353 2593 1
1391 2533 1467 2595 de
1501 2536 1656 2597 Novi
1680 2555 1853 2617 oper.
1879 2558 2041 2600 nun-

475 2612 610 2675 tiat.
631 2614 750 2675 Ubi
760 2616 1226 2700 recte-expendit
1251 2624 1340 2685 ibi
1363 2626 1562 2688 decidi
1587 2647 1797 2691 casum
1818 2649 1897 2692 ex
1919 2632 2042 2693 dis-

475 2705 781 2784 positione
807 2708 963 2788 leg'is
991 2714 1209 2791 civilis,
1235 2735 1362 2779 non
1387 2738 1499 2799 per
1526 2722 1907 2801 singularem
1939 2725 2042 2787 vel

476 2814 703 2901 novam
746 2804 1253 2882 approbationem
1297 2817 1363 2872 et
1399 2816 1822 2877 extensionem
1857 2816 2035 2896 legis,

479 2888 632 2950 alias
665 2892 756 2969 (ut
795 2913 980 2975 supra
1023 2900 1326 2983 dicebam)
1363 2924 1493 2967 non
1519 2907 1905 2972 decideretur
1927 2930 2041 2992 per

478 3000 618 3046 eam
657 3003 832 3047 casus
872 2993 1242 3072 praeteritus,
1277 3002 1342 3058 et
1381 2998 1522 3063 ideo
1553 3004 1818 3083 supponi
1857 3004 1926 3065 in
1964 3023 2039 3067 eo

476 3082 652 3186 textu
689 3079 846 3144 tales
884 3083 1052 3165 leges
1096 3090 1428 3171 approbari
1466 3114 1504 3158 a
1528 3096 1673 3176 jure
1715 3098 2035 3178 canonico,

477 3189 552 3233 eo
578 3191 712 3253 ipso
741 3176 908 3256 quod
941 3198 1069 3243 non
1095 3184 1527 3265 reprobantur,
1562 3196 1625 3253 et
1653 3192 1732 3254 de
1763 3209 1831 3254 se
1855 3193 2040 3256 utiles

475 3271 624 3328 sunt
657 3273 721 3330 et
745 3273 1180 3366 convenientes
1213 3279 1492 3344 Ecclesiae
1531 3289 1642 3345 aut
1679 3284 1938 3364 clericis,
1967 3292 2041 3348 ut

478 3376 557 3420 ex
583 3359 720 3422 aliis
739 3362 987 3447 juribus
1025 3368 1155 3447 (ait)
1184 3370 1514 3436 efficaciter
1550 3377 1881 3457 colligitur.
1919 3381 2039 3461 Op-

475 3451 752 3534 timeque
795 3455 1067 3528 declarat
1108 3462 1228 3524 hoc
1269 3464 1747 3546 intelligendum
1791 3488 1924 3534 esse
1961 3473 2039 3534 de

474 3541 716 3625 legibus
741 3547 811 3608 in
836 3555 1153 3616 communi
1176 3555 1596 3644 loquentibus,
1624 3562 2041 3628 abstrahendo

477 3655 517 3698 a
535 3638 768 3701 clericis
795 3647 856 3703 et
887 3643 1093 3724 laicis3
1121 3666 1272 3710 nam
1295 3651 1349 3712 si
1371 3652 1440 3713 in
1471 3655 1673 3734 specie
1705 3657 2040 3739 disponant

475 3731 640 3793 circa
664 3751 762 3795 res
800 3736 899 3798 vel
931 3754 1222 3818 personas
1261 3746 1723 3829 ecclesiasticas,
1768 3755 1917 3816 satis
1941 3773 2039 3817 re-

473 3826 752 3909 probatae
791 3837 938 3893 sunt
972 3833 1042 3893 ιιι
1082 3834 1245 3899 dicto
1274 3857 1410 3920 cap.
1438 3843 1744 3922 Ecclesia,
1774 3865 1917 3909 cum
1956 3849 2037 3910 si-

473 3921 750 3984 milibuS.
781 3925 862 3986 Et
885 3927 1044 3990 ratio
1081 3929 1446 3996 differentiae
1473 3942 1587 4014 est,
1613 3939 1762 4018 quia
1785 3942 2036 4019 quando

475 4013 812 4096 disponunt
863 4019 932 4080 in
985 4025 1345 4102 particulari
1383 4028 1550 4092 circa
1601 4030 2033 4112 ecclesiastica,

471 4125 602 4189 prae
627 4129 693 4172 se
722 4111 934 4176 ferunt
970 4132 1043 4177 ac
1075 4127 1432 4200 supponunt
1457 4129 1826 4204 potestatem
1849 4127 2038 4192 laico·

472 4222 617 4265 rum
642 4204 711 4267 in
736 4207 863 4285 illa,
893 4211 1059 4292 quod
1084 4223 1392 4296 repugnat
1411 4205 1828 4285 ecclesiastica!
1853 4223 2039 4288 liber-

471 4299 608 4358 tati.
660 4300 918 4380 Quando
971 4322 1119 4368 vero
1171 4308 1241 4369 in
1294 4313 1614 4375 communi
1660 4314 2034 4396 loquuntur,

471 4394 718 4454 tantum
766 4396 1109 4474 procedunt
1160 4418 1239 4462 ex
1294 4409 1594 4484 potestate
1647 4409 2037 4487 gubernandi

469 4485 924 4565 rempublicam
951 4489 1020 4550 in
1043 4495 1508 4574 temporalibus,
1533 4499 1603 4559 in
1630 4518 1755 4581 quo
1781 4501 2035 4566 libertas

471 4578 888 4648 ecclesiastica,
898 4600 1029 4648 non
1045 4584 1402 4651 offenditur.
1425 4591 1504 4653 Et
1521 4591 1684 4670 ideo,
1710 4594 1764 4654 si
1781 4595 2033 4659 aliunde

468 4671 637 4750 leges
663 4672 788 4735 illae
810 4674 1180 4742 favorabiles
1203 4687 1374 4759 sunt,
1405 4684 1808 4750 ecclesiastica
1832 4696 2033 4770 potes-

469 4770 565 4828 tas
593 4783 707 4847 pro
733 4767 862 4829 suis
885 4770 1074 4833 rebus
1095 4773 1196 4835 vel
1221 4774 1454 4838 clericis
1475 4777 1610 4840 illas
1635 4789 1934 4864 acceptat,
1959 4802 2033 4846 eo

468 4856 602 4939 ipso
643 4861 806 4941 quod
858 4881 962 4925 eas
1016 4883 1144 4928 non
1187 4869 1499 4949 reprobat.
1543 4873 1819 4955 Denique
1861 4876 2037 4939 addit

468 4955 708 5016 censeri
727 4955 1114 5062 ‘favorabiles
1143 4963 1296 5024 tales
1340 4964 1530 5044 leges,
1575 4984 1650 5028 eo
1692 4970 1827 5048 ipso
1867 4971 2034 5050 quod

467 5141 707 5204 clericis
733 5161 845 5224 per
870 5166 938 5212 se
961 5147 1270 5230 loquendo
1279 5167 1302 5230 3
1326 5151 1455 5214 imo
1481 5153 1657 5216 decet
1675 5153 1758 5216 ab
1782 5155 1872 5218 eis
1903 5174 2029 5218 ser-

1477 392 1596 449 ua.
1631 394 1716 448 111.
1751 396 1834 449 DE
1863 398 2027 453 LEGE
2056 398 2321 457 numa
2346 400 2429 455 ΕΤ
2460 400 2665 455 cmm.

2112 500 2182 562 in
2206 500 2424 563 eodem
2453 518 2588 581 cap.
2616 498 2897 563 Ecclesia
2911 498 3151 561 Marcus
3176 496 3455 572 Mantua,
3476 512 3547 556 n.
3568 494 3679 569 23,

2115 601 2177 657 et
2201 597 2328 657 Pet.
2350 595 2563 673 Greg.,
2582 612 2651 655 n.
2674 594 2768 653 16.
2793 594 2987 654 Tenet
3002 591 3193 653 etiam
3216 592 3471 651 Fortun.
3494 588 3678 649 Garc.

2111 688 2190 750 de
2220 688 2442 750 ultimo
2469 686 2619 763 fine,
2650 686 2804 748 illat.
2838 689 2919 749 10
2946 684 3293 766 principali,
3322 703 3387 746 n.
3423 684 3581 756 1553
3618 688 3687 741 et

2113 782 2300 844 latius
2323 781 2479 844 illat.
2523 782 2622 853 13,
2659 798 2727 841 ιι.
2764 780 2885 840 223
2895 795 2917 856 3
2946 779 3252 854 Maranta,
3280 777 3583 856 disputat.
3616 775 3682 849 8,

2115 892 2179 937 n.
2214 877 2291 936 17
2335 880 2399 937 et
2438 876 2518 935 47
2529 890 2550 951 3
2581 870 2826 935 Rebufl.
2868 870 2939 931 in
2974 871 3211 932 Comm.
3242 870 3323 931 ad
3356 868 3680 930 constitut.

2114 968 2292 1030 Galli.
2322 976 2495 1029 tomo
2530 970 2593 1043 1,
2621 966 2690 1027 in
2717 967 2983 1027 Prooem.
3013 963 3209 1025 Gloss.
3242 966 3303 1038 1,
3332 982 3397 1024 n.
3426 964 3541 1039 623
3570 960 3685 1040 qui

2115 1061 2289 1123 addit
2311 1060 2774 1134 limitationem,
2797 1064 2869 1118 ut
2894 1056 3176 1118 doctrina
3194 1054 3583 1134 intelligatur
3604 1054 3685 1115 de

2113 1155 2355 1234 legibus
2394 1154 2679 1215 civilibus
2706 1153 2869 1231 juris
2898 1149 3265 1221 communia,
3304 1166 3436 1211 non
3464 1155 3686 1210 tamen

2114 1248 2192 1311 de
2219 1247 2460 1327 legibus
2485 1245 2956 1326 particularium
2981 1261 3343 1323 regnorum,
3367 1242 3518 1322 quia
3542 1241 3686 1301 illas

2114 1360 2245 1403 non
2261 1341 2417 1403 solet
2435 1341 2602 1418 Papa
2618 1338 2980 1419 approbare,
2997 1354 3139 1399 cum
3160 1353 3375 1399 eamm
3388 1335 3687 1396 notitiam

2114 1452 2244 1496 non
2280 1438 2598 1495 censeatur
2624 1431 2875 1507 habere,
2900 1432 3082 1510 juxta
3116 1446 3249 1509 cap.
3284 1432 3314 1489 1
3350 1428 3429 1489 de
3468 1428 3683 1489 Const.

2116 1528 2186 1588 in
2224 1528 2286 1588 6.
2319 1526 2497 1601 Quod
2530 1524 2810 1605 sequitur
2834 1523 3037 1585 Valas.
3067 1522 3145 1583 de
3175 1522 3325 1583 Jurc
3351 1520 3686 1601 Emphyt„

2116 1640 2181 1701 p.
2216 1622 2276 1695 1,
2302 1624 2519 1699 quaest.
2550 1620 2653 1693 20,
2682 1636 2749 1679 ιι.
2777 1619 2839 1693 6,
2866 1616 2904 1695 ἓ
2932 1617 3089 1678 Item
3116 1632 3339 1695 quoero.
3372 1614 3503 1674 Hoc
3529 1620 3690 1675 tunc

2118 1728 2262 1772 cum
2309 1711 2682 1772 limitatione
2730 1708 3211 1786 intelligendum
3254 1705 3558 1783 arbitror,
3612 1714 3691 1767 ut

2117 1802 2407 1884 procedat
2448 1802 2698 1883 quando
2734 1802 2836 1863 lex
2864 1800 3046 1879 regni
3078 1804 3172 1861 est
3204 1799 3513 1859 contraria
3548 1800 3691 1879 juri

2118 1893 2457 1971 communi,
2488 1904 2638 1957 tunc
2662 1894 2833 1957 enim
2861 1894 2964 1954 lex
2982 1893 3145 1971 juris
3170 1892 3519 1954 communis
3538 1910 3690 1953 cen-

2116 1995 2287 2051 setur
2303 1990 2447 2068 jure
2466 1988 2762 2049 canonico
2784 1985 3153 2066 approbata3
3175 1990 3242 2046 at
3258 2002 3405 2046 vero
3430 1986 3689 2064 quando

2116 2082 2219 2144 lex
2256 2082 2436 2160 regni
2470 2087 2562 2143 est
2592 2081 2795 2142 solum
2832 2079 3000 2140 ultra
3022 2079 3123 2158 jus
3146 2095 3499 2154 commune,
3529 2084 3691 2139 tunc

2118 2174 2309 2236 etiam
2346 2179 2631 2235 censetur
2656 2170 3017 2252 approbata,
3045 2187 3177 2231 non
3218 2169 3469 2249 quidem
3504 2170 3691 2232 abso·

2118 2266 2250 2327 lute
2298 2267 2390 2343 (ut
2436 2266 2522 2327 sic
2563 2265 2787 2343 dicam)
2833 2268 2897 2324 et
2939 2264 3009 2324 in
3038 2262 3423 2343 particulari,
3462 2264 3570 2324 sed
3615 2264 3690 2323 in

2121 2358 2420 2438 generali,
2442 2364 2506 2419 et
2531 2358 2645 2419 sub
2664 2356 2773 2418 illa
2797 2356 3150 2418 conditione
3172 2361 3244 2415 ut
3270 2355 3349 2416 sit
3373 2355 3476 2416 lex
3486 2356 3689 2435 justa,

2016 2492 2039 2522 ,
2122 2457 2184 2513 et
2208 2452 2321 2511 toti
2359 2450 2791 2512 communitati
2822 2450 3052 2511 civium
3090 2449 3485 2523 conveniam,
3514 2454 3583 2510 et
3607 2450 3691 2510 li-

2120 2542 2345 2605 bertati
2367 2561 2439 2604 ac
2456 2542 2749 2605 decentiae
2770 2542 3132 2604 clericorum
3156 2540 3313 2601 nihil
3342 2541 3685 2620 derogans;

2119 2637 2199 2698 ad
2224 2636 2387 2697 hanc
2414 2637 2585 2697 enim
2610 2636 3119 2716 approbationem
3138 2652 3268 2695 non
3292 2640 3386 2695 est
3406 2653 3691 2697 necessa-

2117 2730 2214 2791 ria
2238 2730 2457 2791 talium
2495 2729 2707 2809 legum
2747 2730 2989 2803 notitia,
3019 2734 3093 2789 ut
3130 2745 3242 2807 per
3272 2746 3337 2789 se
3382 2734 3573 2807 patet.
3602 2731 3686 2790 Et

2118 2821 2209 2882 ita
2242 2822 2519 2883 sentiunt
2569 2822 2761 2885 etiam
2812 2822 3033 2883 Thom.
3084 2821 3299 2883 Zerola
3345 2822 3683 2903 Episcopus

2118 2916 2536 2977 Beneventan.
2564 2916 2631 2976 in
2657 2915 2841 2977 Praxi
2866 2915 3245 2995 Episcopor.,
3274 2913 3446 2975 verb.
3472 2916 3682 2995 Pray-

2118 3010 2366 3086 metica,
2396 3028 2464 3071 ιι.
2497 3011 2557 3086 3,
2588 3009 2626 3089 ξ
2654 3009 2761 3072 Aa
2782 3010 3071 3087 primum,
3102 3014 3167 3069 et
3194 3008 3355 3069 Petr.
3388 3009 3584 3071 Morla
3608 3009 3680 3071 in

2116 3102 2408 3184 Emporio
2430 3103 2555 3183 jur.
2584 3121 2650 3182 p.
2685 3104 2743 3178 1,
2767 3102 2867 3162 tit.
2904 3104 2962 3178 1,
2987 3120 3055 3163 ιι.
3088 3102 3187 3162 14.

2199 3199 2299 3258 14.
2345 3196 2769 3276 Probaturque
2817 3195 2951 3256 haec
2992 3195 3299 3256 sententia
3336 3195 3424 3256 sic
3481 3195 3684 3276 expli-

2119 3297 2276 3351 cata.
2328 3289 2557 3362 Prim0,
2606 3307 2684 3350 ex
2710 3288 2874 3349 dicto
2900 3287 3100 3367 capite
3133 3290 3162 3347 1
3209 3287 3287 3349 de
3320 3289 3475 3348 Novi
3500 3307 3677 3369 oper.

2116 3383 2387 3444 nuntiat.
2432 3383 2611 3455 Nam,
2638 3380 2784 3442 licet
2810 3381 2879 3440 in
2904 3379 3261 3460 particulari
3286 3397 3435 3442 casu
3459 3381 3685 3461 loqua-

2118 3483 2245 3553 tur,
2289 3476 2581 3558 supponit
2610 3481 2820 3536 tamen
2853 3475 2957 3554 jus
3008 3473 3315 3553 generale,
3370 3481 3443 3536 ut
3495 3493 3687 3556 supra

2120 3570 2274 3632 illud
2301 3569 2685 3645 induximus,
2740 3573 2804 3630 et
2848 3567 3067 3628 Decius
3120 3567 3311 3630 etiam
3352 3567 3678 3631 indicavit.

2119 3664 2410 3743 Idemque
2470 3663 2690 3744 probat
2738 3661 2970 3742 optime
3014 3661 3178 3722 dicto
3227 3662 3417 3742 capit.
3487 3663 3682 3725 Inno-

2120 3758 2264 3834 tuic,
2294 3756 2372 3818 de
2398 3756 2594 3818 Arbit.
2602 3801 2623 3833 ‚
2653 3755 2764 3816 ubi
2790 3773 2920 3817 non
2944 3753 3148 3816 solum
3172 3773 3357 3816 causa
3380 3755 3684 3817 canonica

2118 3849 2458 3912 secundnm
2474 3849 2641 3929 leges
2665 3847 2995 3925 deciditur,
3014 3848 3122 3909 sed
3148 3848 3335 3910 etiam
3350 3847 3522 3928 prior
3538 3865 3682 3910 sen-

2116 3944 2315 4006 tentia
2340 3943 2421 4005 ab
2438 3942 2855 4006 ecclesiasticis
2865 3941 3176 4023 judicibus
3194 3960 3323 4004 non
3336 3942 3681 4004 secundum

2114 4037 2282 4118 leges
2308 4037 2437 4099 lata
2458 4036 2631 4098 nulla
2652 4036 3085 4115 denuntiatur-3
3114 4035 3281 4117 quod
3300 4043 3515 4116 aperte
3536 4053 3685 4116 sup·

2117 4132 2293 4212 ponit
2320 4130 2489 4210 leges
2510 4131 2577 4191 in
2598 4148 2673 4192 eo
2690 4147 2837 4192 casu
2853 4129 3149 4209 obligare.
3178 4128 3481 4204 Secundo,
3510 4128 3683 4190 idem

2117 4224 2383 4307 probant
2424 4223 2775 4304 antiquiora
2821 4222 3088 4300 decreta,
3137 4241 3277 4304 quae
3302 4221 3682 4302 generaliter

2116 4319 2480 4399 loquuntur,
2509 4325 2582 4378 ut
2612 4335 2745 4396 cap.
2788 4317 2877 4379 Dc
2918 4317 3226 4397 capitulis,
3265 4315 3537 4377 distinct.
3574 4318 3677 4392 10,

2115 4412 2224 4472 ubi
2250 4413 2371 4472 Leo
2398 4410 2565 4491 Papa
2582 4410 2661 4470 IV
2680 4409 2760 4472 ad
2784 4411 3225 4490 Imperatorem
3238 4409 3473 4485 scribit,
3498 4407 3681 4470 effec-

2113 4510 2348 4580 turum,
2376 4509 2447 4564 ut
2468 4503 2935 4564 constitutiones
2952 4505 3085 4584 ejus
3106 4506 3451 4576 serventur,
3490 4518 3681 4582 quan-

2113 4603 2241 4663 tum
2253 4597 2555 4660 valuimus
2571 4597 2818 4677 (inquit)
2830 4605 2892 4658 et
2899 4595 3268 4658 valemus-Et
3280 4593 3472 4655 Nicol.
3488 4595 3677 4673 Papa,

2113 4708 2247 4770 cap.
2282 4693 2313 4751 1
2347 4689 2622 4769 ejusdem
2640 4689 2784 4752 dist.
2817 4688 3015 4751 solum
3043 4687 3245 4748 dixit:
3291 4687 3449 4766 Leuc
3495 4685 3679 4765 impe·

2113 4787 2389 4845 ratorwm
2426 4801 2544 4845 own
2582 4783 2652 4845 in
2688 4782 2959 4844 omnibus
2986 4779 3403 4844 ecclesiasticis
3442 4783 3679 4841 contro-

2114 4876 2333 4939 veniis
2350 4876 2632 4940 utendum
2650 4879 2774 4953 σείς
2795 4874 2903 4935 ubi
2921 4891 3050 4934 non
3068 4873 3227 4934 dixit
3248 4873 3316 4933 in
3334 4869 3529 4932 nullis
3547 4887 3678 4931 esse

2112 4968 2440 5044 utendum,
2468 4969 2575 5030 sed
2596 4985 2713 5032 non
2735 4967 2803 5030 iu
2824 4967 3113 5030 omnibus.
3138 4965 3317 5041 Quod
3332 4966 3403 5025 in
3424 4963 3554 5027 fine
3574 4962 3680 5025 de-

2110 5060 2373 5138 clarans,
2394 5060 2483 5123 ait
2508 5081 2524 5121 :
2550 5062 2627 5128 N
2624 5079 2698 5123 on
2714 5061 2869 5141 quod
2897 5061 3329 5139 imperatorum
3348 5058 3527 5138 loyes,
3549 5057 3681 5138 qui-

2112 5155 2220 5218 bus
2240 5171 2393 5233 coepc
2418 5153 2699 5217 Ecclesia
2724 5153 2947 5228 utimr,
2984 5151 3256 5216 dicamas
3293 5151 3544 5230 penitus
3576 5167 3681 5213 re-

466 5237 626 5313 vari,
665 5243 975 5322 quomodo
1005 5244 1317 5325 explicant
1337 5245 1526 5308 etiam
1551 5247 1721 5309 hunc
1745 5248 2023 5312 favorem
2105 5249 2393 5322 nundus,
2417 5248 2521 5310 sod
2536 5248 2689 5325 quod
2712 5263 2814 5309 eas
2838 5246 3260 5324 Ecanqdicis,
3288 5244 3677 5324 apostolicis,

466 5333 785 5411 Panorm.,
827 5335 1024 5416 Sylm,
1070 5338 1290 5418 Angel.
1331 5345 1392 5400 et
1423 5340 1551 5403 alii.
1583 5341 1661 5404 Et
1698 5342 1862 5404 hanc
1889 5362 2027 5406 sen·
2105 5346 2282 5422 atquc
2330 5340 2634 5404 canonicis
2679 5339 2950 5414 decretis,
3003 5338 3219 5418 quibus
3254 5337 3681 5418 postponenda·

463 5424 732 5487 tentiam
779 5444 1060 5508 expresse
1105 5437 1167 5494 et
1209 5434 1278 5494 in
1306 5433 1572 5517 propriis
1611 5437 1896 5498 terminis
1936 5453 2029 5497 se-

468 5527 768 5598 quuntur,
811 5525 876 5584 et
907 5522 1251 5603 approbant
1274 5526 1438 5590 hanc
1480 5528 1648 5593 Decii
1685 5529 2033 5592 doctrinam

2108 5439 2274 5510 sumt,
2317 5434 2553 5506 nullum
2576 5449 2753 5514 posse
2788 5433 3020 5510 inferre
3044 5431 3477 5511 praejudicium
3510 5446 3677 5492 assc-

2111 5539 2340 5593 ramue.
2391 5527 2485 5592 Ec
2511 5527 2581 5590 in
2606 5541 2739 5606 cap.
2800 5523 3097 5600 Quoniam
3137 5523 3226 5586 ait
3280 5523 3483 5587 Gelas.
3523 5521 3671 5602 Pap.
