3976 6219
583 686 1082 829 INDEX
1183 683 1857 832 CAPITUM
1950 684 2367 829 LIBRI
2466 682 3038 849 QUARTI

1203 1015 1308 1090 DE
1358 1015 1562 1091 LEGE
1610 1013 1969 1091 POSITIVA
2013 1011 2425 1089 GANONIGA.

181 1596 373 1671 Cu».
431 1595 485 1669 1.
542 1592 661 1667 An
716 1592 809 1666 sit
863 1592 939 1666 in
997 1590 1319 1667 Ecclesia
1374 1589 1768 1690 spiritualis
1846 1589 2011 1667 Cn».
2069 1589 2194 1665 XI.
2250 1588 2369 1663 An
2411 1589 2524 1664 lex
2554 1590 2896 1665 canonica
2947 1591 3199 1665 habeat
3237 1616 3407 1690 pro-

304 1733 607 1817 potestas
640 1719 733 1792 ad
769 1717 1144 1792 canonicas
1180 1719 1361 1815 leqes
1405 1718 1758 1814 ferendas.
1943 1715 2179 1814 priam
2214 1715 2611 1790 materiam.

189 1845 369 1919 Cn».
416 1844 502 1915 11.
544 1841 662 1916 An
694 1843 839 1915 hoec
872 1854 1175 1939 potestas
1216 1841 1311 1915 sit
1340 1841 1636 1939 propria
1674 1841 1767 1915 le-
1846 1840 2013 1914 Cn.
2070 1840 2228 1913 XII.
2292 1838 2538 1914 Utrum
2582 1851 2886 1936 potestas
2935 1838 3406 1914 ecclesiastica

303 1964 410 2062 qis
440 1965 712 2063 qratiae.
1946 1963 2346 2062 efficaciam
2393 1966 2640 2040 habeat
2686 1965 2762 2039 in
2813 1978 3009 2039 actus
3048 1990 3239 2042 mere
3290 1965 3408 2040 in·-

194 2084 367 2159 Cn.
434 2086 558 2158 111.
619 2083 883 2173 Quibus
927 2084 1246 2182 personis
1291 2084 1460 2159 data
1518 2085 1760 2182 fuerit,
1840 2068 1852 2074 ⁶
1952 2101 2205 2163 ternos.

301 2218 370 2279 et
400 2206 745 2304 quomodo
795 2207 998 2278 detur
1029 2229 1213 2279 nunc
1252 2209 1397 2280 haec
1427 2222 1760 2306 potestas.
1851 2212 2014 2288 Cn».
2074 2213 2267 2286 XIII.
2330 2211 2576 2288 Utrum
2633 2212 2747 2287 leae
2802 2212 3146 2287 canonica
3193 2213 3412 2310 possit

207 2326 373 2400 Cu».
419 2327 530 2400 IV.
587 2325 907 2401 Possitne
977 2325 1203 2424 quivis
1256 2326 1647 2426 Episcopus
1691 2329 1768 2403 in
1945 2336 2496 2410 concomitanter
2549 2336 2932 2434 praecipere
2985 2351 3108 2411 aut
3169 2338 3411 2435 prohi-

305 2477 434 2527 sua
469 2451 749 2525 dioecesi
787 2451 969 2549 leqes
1005 2452 1220 2548 ferre,
1283 2463 1350 2525 et
1398 2475 1532 2548 quo
1559 2451 1756 2547 jure.
1949 2459 2108 2534 bere
2143 2473 2339 2534 actus
2375 2459 2710 2534 internos.

194 2574 371 2649 Cn.
430 2575 513 2647 V.
569 2572 742 2646 Alia
768 2573 983 2646 dubia
1020 2574 1097 2646 in
1133 2572 1478 2668 majorem
1513 2575 1767 2671 expla-
1843 2579 2008 2655 Cu».
2054 2581 2237 2654 XIV.
2297 2578 2467 2669 Quae
2517 2581 2611 2653 sit
2660 2582 3005 2655 servanda
3062 2582 3298 2679 forma
3334 2581 3411 2657 in

303 2696 656 2770 nationem
692 2695 1077 2792 superioris
1107 2694 1467 2770 doctrinae.
1949 2700 2211 2799 leqibus
2237 2700 2595 2775 canonicis
2625 2702 2960 2798 ferendis.

208 2821 371 2896 Cn.
428 2822 545 2896 VI.
608 2819 781 2910 Quae
821 2820 1351 2894 communitates
1408 2818 1767 2894 ecclesias·
1844 2821 2008 2898 Cu.
2066 2824 2216 2897 XV.
2278 2821 2447 2911 Quae
2490 2825 2958 2922 promulqatio
3008 2825 3086 2899 in
3143 2826 3405 2925 leqibus

308 2948 463 3019 ticae
496 2945 797 3018 habeant
834 2955 1248 3039 potestatem
1284 2941 1630 3015 condendi
1663 2943 1766 3016 le-
1945 2945 2305 3019 canonicis
2341 2946 2682 3043 sufficiat,
2731 2960 2808 3019 ut
2862 2947 3006 3021 vim
3051 2948 3412 3047 obliqandi

306 3090 445 3165 993.
1947 3067 2223 3141 habeat.

204 3194 369 3269 cn.
426 3192 575 3267 VII.
638 3189 884 3266 Utrum
920 3200 1226 3286 potestas
1269 3187 1616 3263 condendi
1661 3189 1767 3263 le-
1847 3191 2012 3267 Cn.
2080 3193 2260 3267 XVI.
2326 3192 2573 3268 Utrum
2640 3194 2752 3269 lex
2819 3194 3160 3270 canonica
3229 3196 3415 3271 obli-

302 3337 419 3410 993
451 3312 964 3386 ecclesiasticas
995 3335 1085 3385 ex
1132 3311 1445 3384 moribus
1482 3335 1577 3384 an
1623 3309 1765 3407 fide
1946 3329 2060 3410 99ι
2107 3313 2349 3411 fideles
2384 3314 2796 3412 priusquam
2829 3317 2917 3391 ab
2951 3316 3053 3391 eis
3087 3330 3407 3415 accepte-

299 3437 622 3534 pendeat.
1948 3449 2083 3509 tur.

202 3561 360 3636 Cn.
420 3562 603 3636 VIII.
653 3560 901 3637 Utrum
942 3573 1249 3657 potestas
1292 3557 1767 3634 ecclesiastica
1846 3558 2013 3633 Cu».
2072 3560 2289 3634 XVII.
2344 3559 2592 3636 Utrum
2628 3562 2808 3661 ἰ9993
2841 3564 3197 3639 canonicae
3229 3565 3402 3640 obli-

300 3684 395 3757 ad
417 3683 597 3780 leqes
614 3683 941 3780 ferendas
956 3682 1048 3756 sit
1067 3682 1519 3757 excellentior
1538 3680 1757 3756 civili.
1943 3696 2105 3779 qent
2140 3682 2216 3756 in
2253 3683 2701 3757 conscientia.

201 3804 360 3879 CA».
422 3805 545 3877 IX.
626 3802 872 3878 Utrum
921 3816 1227 3901 potestas
1291 3803 1766 3879 ecclesiastica
1842 3803 2007 3878 Cn».
2070 3804 2319 3879 XVIII.
2402 3803 2695 3893 Quando
2766 3808 2877 3880 lex
2943 3808 3413 3884 ecclesiastica

297 3928 390 4001 sit
441 3928 546 4002 ita
591 3927 911 4025 superior
958 3929 1178 4025 civili,
1233 3946 1311 4004 ut
1365 3930 1570 4004 illam
1629 3928 1766 4002 sibi
1946 3923 2352 4021 obliqetsub
2383 3925 2667 3998 mortali
2699 3925 2933 4022 culpa.

294 4052 679 4148 subjectam
714 4053 990 4127 habeat.
1848 4045 2013 4120 CAP.
2071 4047 2262 4120 XIX.
2323 4044 2514 4134 Quas
2554 4071 2890 4143 personas
2938 4050 3242 4148 obliqent
3292 4075 3413 4126 ec-

201 4177 357 4252 Qu».
434 4179 524 4251 X.
603 4175 851 4252 Utrum
920 4190 1226 4274 potestas
1297 4172 1769 4285 ecclesiastica
1944 4169 2353 4244 clesiasticae
2389 4169 2592 4268 leqes.

297 4298 390 4371 ad
422 4297 603 4395 leqes
639 4298 971 4394 ferendas
989 4298 1211 4395 possit
1240 4320 1384 4372 esse
1417 4296 1493 4370 in
1521 4294 1767 4371 eadem
1843 4292 2009 4367 cn».
2067 4292 2229 4365 XX.
2283 4290 2402 4364 An
2442 4292 2623 4391 leqes
2673 4294 3045 4394 synodales
3075 4318 3412 4393 personas

298 4442 458 4492 cum
490 4419 706 4495 civili.
1946 4411 2312 4512 reliqiosas
2340 4428 2700 4513 exemptas
2731 4415 3057 4516 obliyent.

1257 4828 2310 5126 w
