3976 6219
529 415 652 478 404

608 524 670 582 2.
713 520 888 583 Circa
913 518 1250 582 secundam
1274 534 1422 580 vero
1462 518 1878 579 conditionem
1920 516 1998 578 de
2025 516 2090 577 vi

456 648 459 650 Δ
527 613 858 675 verborum
885 630 1072 692 supra
1105 611 1504 672 distinximus
1537 610 1798 673 verbum
1825 609 2090 688 simplex

529 705 608 766 ab
651 707 927 767 oratione
963 704 1284 784 complexa
1303 749 1324 780 ,
1373 709 1436 764 et
1486 703 1561 765 de
1607 703 1796 765 verbo
1835 702 2090 783 quidem

528 797 793 876 simplici
819 796 979 858 nibil
1009 797 1276 858 occurrit
1306 795 1686 872 addendum,
1719 797 1868 875 quia
1892 796 1959 856 in
1992 794 2090 855 his

530 892 718 954 etiam
742 891 979 970 legibus
1010 890 1254 951 nullum
1282 895 1375 951 est
1401 888 1663 951 verbum
1689 889 2050 969 impositum
2067 934 2088 964 ,

529 984 630 1045 vel
656 1003 732 1046 ex
760 1002 879 1044 usu
906 989 1016 1044 aut
1034 982 1197 1063 juris
1228 982 1795 1044 accommodatione
1823 980 2093 1061 applica-

526 1083 665 1138 tum
697 1077 777 1138 ad
803 1075 1273 1157 significandam
1300 1074 1743 1154 obligationem
1772 1073 1887 1134 sub
1931 1090 2092 1133 mor-

527 1170 662 1231 tali.
707 1171 864 1231 Nam
908 1169 960 1230 si
1011 1168 1261 1250 aliquod
1305 1173 1483 1245 esset,
1517 1168 1790 1228 maxime
1829 1165 2094 1228 verbum

523 1263 939 1343 praecipimus,
971 1268 1080 1324 aut
1105 1261 1520 1341 aequivalens3
1550 1260 1666 1322 hoc
1692 1266 1926 1336 autem,
1950 1259 2095 1320 licet

531 1357 677 1417 satis
712 1355 945 1418 indicet
969 1356 1099 1416 vim
1124 1355 1435 1436 praecepti,
1466 1361 1528 1416 et
1555 1353 1999 1431 obligationem
2026 1353 2095 1412 in

531 1449 926 1526 conscientia,
967 1466 1096 1510 non
1133 1454 1345 1509 tamen
1378 1447 1492 1507 sub
1541 1446 1809 1521 mortali,
1853 1446 1974 1506 nisi
2025 1450 2096 1505 ut

531 1545 934 1624 conjunctum
979 1541 1271 1621 gravitati
1312 1541 1608 1617 materiae,
1665 1556 1804 1620 quae
1853 1555 2097 1617 semper

530 1635 976 1698 consideranda
1028 1640 1142 1711 est,
1202 1638 1264 1696 et
1311 1634 1399 1694 ita
1448 1632 1851 1713 explicuimus
1909 1648 2098 1710 supra

532 1729 980 1792 Clementinam
1005 1727 1256 1804 Excivit,
1287 1726 1363 1789 de
1385 1727 1572 1790 Verb.
1604 1725 1896 1806 signific.,
1943 1729 2006 1786 et
2036 1742 2091 1785 c.

531 1823 743 1900 Exiit,
775 1822 993 1884 eodem
1031 1822 1156 1896 tit,
1179 1820 1249 1881 in
1271 1821 1330 1882 6.

612 1916 670 1978 3.
729 1915 921 1981 Verba
947 1913 1286 1977 indicantia
1310 1911 1727 1990 obliyationem
1743 1926 2097 1991 ,Μαυσω-

532 2007 703 2070 Circa
724 2006 916 2069 verba
957 2011 1168 2068 autem
1191 2004 1534 2085 complexa,
1565 2003 1688 2064 duo
1716 2003 1888 2064 modi
1925 2002 2094 2081 judi-

527 2101 711 2163 candi
747 2101 912 2162 hanc
938 2098 1380 2178 obligationem
1406 2097 1743 2177 peculiares
1765 2115 1836 2157 ac
1859 2096 2097 2175 proprii

527 2192 1072 2256 ecclesiasticarum
1090 2191 1301 2270 legum
1323 2190 1605 2252 adnotari
1623 2200 1899 2270 possunt.
1924 2189 2097 2249 Unus

435 2338 439 2345 .
528 2291 644 2362 est,
665 2285 915 2366 quaudo
934 2283 1249 2347 adduntur
1266 2282 1479 2358 verba,
1505 2301 1644 2362 quae
1662 2281 1767 2344 vel
1789 2298 2094 2361 expresse,

526 2378 629 2442 vel
682 2378 983 2459 implicite
1036 2376 1275 2439 addunt
1324 2375 1870 2437 comminationem
1924 2379 2099 2434 aeter-

526 2491 625 2535 nae
659 2490 880 2552 poenae.
933 2470 1304 2551 Hujusmodi
1347 2475 1515 2545 sunt,
1558 2468 1807 2549 quando
1850 2466 2102 2530 additur

527 2566 636 2631 aab
669 2564 1155 2628 interminatione
1176 2563 1394 2625 mortis
1420 2567 1675 2637 oeternoe‚
1708 2559 1830 2637 vel,
1858 2560 1965 2641 qni
1993 2561 2100 2622 hoo

527 2659 763 2735 fecerit,
796 2657 1067 2719 divinam
1111 2655 1586 2718 maledictionem
1615 2653 1919 2728 incurrat,
1963 2656 2094 2727 aut,

526 2750 1004 2829 indignationem
1032 2753 1371 2811 sanctornm
1400 2747 1579 2809 Petri
1608 2752 1662 2808 et
1684 2746 1897 2807 Pauli.
1942 2745 2098 2805 Item

527 2841 670 2903 talis
712 2846 996 2903 censetur
1020 2858 1151 2902 esse
1194 2840 1398 2900 forma
1437 2838 1856 2918 praecipiendi,
1878 2838 1945 2899 in
1971 2839 2099 2899 vir-

529 2939 654 2997 tute
678 2934 1041 3010 obedientioe,
1072 2952 1210 3013 quae
1232 2932 1613 3012 frequentius
1648 2937 1740 2992 est
1765 2931 1834 2990 in
1860 2948 1976 2991 usu
2003 2947 2099 2990 re-

527 3027 860 3105 ligionum,
900 3026 1219 3087 interdum
1245 3043 1392 3087 vero
1424 3025 1614 3085 etiam
1640 3022 1967 3085 Pontifices
1988 3022 2099 3083 illa

527 3126 813 3182 utuntur.
831 3122 908 3180 Et
926 3138 1003 3181 ex
1036 3119 1255 3181 eodem
1281 3137 1398 3179 usu
1427 3123 1665 3178 constat
1690 3117 1757 3178 in
1777 3116 1895 3177 hoc
1913 3134 2099 3176 sensu

529 3213 672 3273 addi
724 3234 739 3272 ε
788 3215 917 3274 imo
943 3213 1012 3273 in
1038 3211 1440 3290 religionibus
1485 3211 1661 3289 juxta
1699 3225 2099 3270 communem

528 3325 715 3369 usum
742 3324 872 3368 non
912 3306 1281 3384 intelligitur
1315 3305 1665 3384 rigorosum
1718 3307 2099 3381 praeceptum

527 3400 789 3481 imponi,
820 3399 942 3460 nisi
961 3398 1210 3479 quando
1233 3398 1340 3458 illa
1364 3396 1577 3471 verba,
1601 3395 1701 3455 vel
1725 3394 1952 3455 similia
1979 3393 2096 3454 ad-

529 3493 787 3566 duntur,
825 3490 925 3552 vel
954 3490 1159 3568 gravis
1205 3504 1464 3550 censura
1510 3487 1874 3566 imponitur,
1921 3486 2098 3563 juxta

529 3585 740 3645 statim
784 3581 1065 3643 dicenda.
1112 3580 1390 3659 Denique
1443 3579 1634 3640 etiam
1682 3578 1815 3640 haec
1866 3578 2093 3653 verba,

530 3678 737 3740 stricte
740 3674 1156 3754 praecipimus,
1167 3671 1466 3752 implicite
1476 3676 1803 3731 censentur
1817 3669 2099 3730 eamdem

530 3767 1048 3847 significationem
1073 3765 1325 3840 babere,
1361 3765 1509 3844 quia
1543 3763 1652 3824 illa
1701 3763 2099 3841 exaggeratio

529 3880 659 3923 non
686 3861 819 3922 sine
864 3878 1047 3920 eausa
1092 3859 1361 3933 additur,
1410 3863 1473 3919 et
1520 3858 1587 3917 in
1634 3856 1842 3935 rigore
1869 3856 2101 3917 indicat

530 3953 909 4033 superiorem
936 3951 1095 4014 velle
1115 3950 1393 4029 obligare
1415 3955 1723 4030 quantum
1750 3954 1971 4028 potest.
1995 3948 2098 4009 Al-

527 4052 626 4109 ter
653 4046 874 4108 modus
905 4042 1253 4125 explicandi
1287 4044 1450 4105 hanc
1478 4043 1848 4122 gravitatem
1872 4048 1964 4102 est
1987 4059 2101 4121 per

529 4139 941 4220 adjectionem
969 4137 1230 4217 alicujus
1248 4137 1456 4216 gravis
1477 4154 1773 4211 censurae,
1805 4152 1942 4216 quae
1971 4153 2101 4214 poe-

530 4250 616 4294 na
647 4231 846 4293 solum
883 4250 995 4311 per
1033 4229 1469 4292 ecclesiasticas
1494 4228 1662 4306 leges
1688 4228 1838 4288 ferri
1870 4233 2095 4307 potest.

526 4326 607 4389 Et
639 4327 786 4389 licet
805 4326 874 4387 in
894 4325 1136 4405 legibus
1158 4324 1442 4385 civilibus
1470 4322 1661 4384 etiam
1688 4322 1894 4400 gravis
1915 4339 2100 4402 poena

528 4420 761 4482 indicet
804 4436 1057 4499 gravem
1102 4417 1256 4497 legis
1300 4415 1766 4493 obligationem,
1797 4419 1868 4474 ut
1911 4431 2101 4493 supra

528 4514 822 4589 vidimuS,
852 4518 915 4574 et
938 4511 1142 4592 quoad
1173 4511 1293 4571 boc
1319 4510 1400 4569 sit
1425 4507 1634 4586 aliqua
1660 4507 2099 4568 convenientia

526 4606 693 4668 inter
717 4610 1009 4685 utrasque
1032 4604 1199 4682 leges
1231 4624 1246 4661 ε
1283 4600 1693 4661 nihilominus
1724 4600 1792 4660 in
1821 4600 2096 4661 censuris

524 4699 844 4760 invenitur
870 4698 989 4758 hoc
1023 4694 1356 4776 peculiare,
1386 4693 1553 4772 quod
1584 4698 1730 4752 sunt
1743 4692 2096 4773 spirituales

525 4810 751 4873 poenae,
765 4797 827 4852 et
845 4808 1004 4870 saepe
1025 4786 1307 4850 contrahi
1333 4804 1461 4847 non
1478 4785 1677 4846 solent
1699 4785 1797 4846 vel
1832 4785 2092 4847 fortasse

527 4902 658 4946 non
686 4890 964 4964 possunt,
995 4881 1113 4942 nisi
1158 4884 1409 4960 propter
1456 4883 1778 4958 peccatum
1806 4878 2087 4939 mortale.

529 4976 787 5049 Quando
805 4993 955 5053 ergo
977 4991 1160 5054 poena
1181 4990 1289 5033 seu
1312 4988 1572 5033 censura
1589 4970 1728 5030 talis
1756 4975 1870 5046 est,
1897 4976 1959 5030 et
1986 4970 2095 5031 illa

527 5068 874 5149 imponitur
894 5064 1331 5145 transgressori
1350 5064 1491 5125 talis
1517 5062 1700 5141 legiS,
1725 5063 1977 5125 evidens
2005 5069 2096 5125 est

529 5160 931 5222 violationem
958 5159 1123 5220 illius
1145 5157 1301 5237 legis
1320 5175 1448 5219 esse
1468 5161 1789 5236 peccatum
1808 5157 2093 5234 mortale,

532 5251 586 5311 si
627 5253 816 5315 clavis
858 5270 988 5314 non
1026 5256 1212 5327 erret,
1255 5269 1327 5312 ac
1361 5248 1626 5311 subinde
1662 5249 1851 5312 talem
1893 5249 2098 5330 legem

530 5344 808 5424 obligare
838 5345 915 5406 de
948 5363 1059 5407 suo
1100 5343 1213 5405 sub
1241 5343 1512 5420 mortali,
1564 5343 1713 5423 quia
1755 5349 2097 5423 transgres-

529 5438 622 5499 sio
647 5437 815 5499 illius
840 5437 990 5500 facit
1017 5443 1531 5518 transgressorem
1567 5436 1678 5499 tali
1711 5455 1971 5500 censura
2004 5437 2098 5499 di-

531 5548 747 5609 gnum.

1535 414 1650 469 LlB.
1688 416 1770 469 tv.
1805 415 1887 467 DE
1917 413 2079 467 LEGE
2109 412 2398 466 Posl'rlva
2429 412 2754 466 GANONICA.

2248 518 2311 578 4.
2353 510 2916 581 Eaeommanieatio
2934 511 3135 574 minor
3159 527 3277 573 non
3303 515 3391 573 est
3412 509 3732 588 sufficiens

2168 610 2414 689 ciynnm
2465 610 2678 689 yravis
2723 604 3134 684 obliqationis,
3185 621 3353 666 secas
3397 604 3466 666 de
3510 601 3738 682 majori

2170 702 2301 782 ipso
2341 704 2490 782 jure
2532 701 2801 780 inflicta,
2847 697 2937 761 vel
2979 695 3192 761 statim
3238 696 3577 776 insliqenda
3608 694 3738 758 sine

2171 796 2303 858 alia
2332 794 2695 868 monitione·,·
2722 797 2931 857 eontra
2954 808 3089 854 vero
3130 791 3360 870 quando
3393 789 3739 870 requiritur

2168 885 2751 951 monium—Statim
2776 902 2926 947 vero
2955 883 3224 962 insurgit
3252 882 3507 962 quaestio
3520 927 3541 958 ,
3573 900 3739 962 quae-

2170 999 2321 1042 nam
2349 999 2606 1042 censura
2626 978 2930 1040 sufficiens
2956 977 3206 1055 signum
3234 976 3316 1036 sit
3341 975 3481 1037 talis
3508 975 3741 1055 obliga·

2172 1074 2381 1136 tionis,
2407 1073 2527 1135 Sed
2554 1074 2673 1134 hoc
2701 1076 2934 1152 spectat
2963 1069 3042 1130 ad
3071 1071 3398 1130 materiam
3422 1069 3498 1130 de
3527 1085 3742 1130 censu-

2172 1167 2259 1229 ris
2288 1174 2349 1230 et
2374 1168 2450 1229 de
2478 1165 2956 1245 irregularitate,
2990 1163 3100 1223 ubi
3128 1163 3368 1242 copiose
3407 1168 3741 1223 tractatum

2174 1267 2290 1337 est,
2314 1266 2375 1322 et
2395 1260 2533 1322 ideo
2556 1259 2658 1320 hic
2692 1258 2965 1320 breviter
2991 1256 3447 1336 expediendum
3465 1261 3576 1317 est.
3611 1254 3739 1315 Pri-

2174 1374 2279 1419 mo
2312 1357 2480 1417 enim
2507 1356 2584 1416 de
2612 1353 3270 1427 excommunicatione,
3314 1352 3368 1412 si
3405 1352 3611 1412 minor
3634 1349 3734 1424 sit,

2176 1455 2416 1511 certum
2435 1454 2548 1524 est,
2565 1465 2956 1527 quocumque
2976 1444 3160 1506 modo
3182 1444 3441 1520 feratur,
3464 1462 3590 1504 non
3609 1461 3738 1505 esse

2177 1543 2253 1604 de
2281 1560 2345 1603 se
2372 1541 2683 1603 sufficiens
2716 1540 2966 1618 signum
3001 1537 3396 1616 obligationis
3427 1537 3542 1598 sub
3570 1554 3739 1597 mor-

2174 1634 2309 1711 tali,
2336 1635 2485 1714 quia
2518 1633 2659 1695 talis
2687 1631 3239 1695 excommunicatio
3265 1630 3624 1711 frequenter
3649 1631 3740 1689 in-

2177 1727 2446 1790 curritur
2466 1732 2717 1807 propter
2742 1725 3052 1787 venialem
3085 1723 3349 1804 culpam.
3370 1726 3737 1786 Excommu-

2175 1821 2408 1883 nicatio
2439 1826 2649 1882 autem
2679 1820 2880 1898 major
2911 1817 3238 1898 dupliciter
3263 1817 3486 1893 fertur,
3509 1816 3742 1878 scilicet

2174 1916 2310 1997 ipso
2346 1915 2489 1995 jure
2532 1914 2681 1991 lata,
2711 1912 2811 1975 vel
2844 1931 2955 1993 per
2992 1911 3276 1973 homines
3329 1910 3595 1972 ferenda.
3650 1911 3737 1970 De

2175 2009 2368 2090 priori
2403 2025 2550 2086 ergo
2595 2012 2688 2069 est
2727 2011 2963 2068 certum
2993 2005 3269 2066 indicare
3298 2003 3740 2082 obligationem

2176 2102 2291 2163 sub
2319 2100 2588 2175 mortali,
2623 2101 2770 2179 quia
2802 2098 3146 2160 incurritur
3193 2098 3327 2177 ipso
3358 2096 3511 2157 facto
3549 2113 3627 2155 ex
3674 2093 3740 2154 vi

2176 2193 2681 2273 transgressionis
2723 2192 2865 2253 talis
2905 2191 3086 2270 legis,
3134 2197 3195 2251 et
3231 2208 3359 2250 non
3398 2188 3738 2249 incurritur

2178 2288 2302 2349 nisi
2328 2291 2580 2367 propter
2606 2290 2928 2365 peccatum
2971 2282 3254 2358 mortale,
3280 2288 3352 2343 ut
3382 2287 3474 2343 est
3496 2285 3735 2341 notum.

2179 2381 2265 2442 De
2314 2379 2636 2459 posteriori
2687 2384 2899 2439 autem
2952 2375 3369 2438 controversia
3413 2383 3539 2452 est;
3596 2389 3742 2432 nam

2179 2471 2364 2533 multi
2383 2476 2607 2552 putant
2623 2471 2809 2532 etiam
2835 2475 2983 2530 tunc
3008 2486 3137 2530 esse
3162 2467 3469 2528 sufficiens
3495 2465 3743 2542 signum

2180 2564 2575 2644 obligationis
2595 2564 2750 2643 legis
2768 2563 2846 2624 ad
2867 2560 3147 2623 mortale.
3173 2562 3264 2622 Ita
3289 2560 3520 2620 Anton.
3553 2557 3746 2618 citans

2179 2659 2358 2720 Joan.
2387 2658 2463 2719 de
2482 2658 2761 2739 Neapol.,
2795 2659 2836 2718 Ξ
2863 2675 3025 2737 par.,
3050 2657 3148 2716 tit.
3174 2657 3236 2730 4,
3259 2672 3394 2734 cap.
3419 2651 3546 2732 2,§
3578 2653 3652 2728 33
3683 2656 3746 2711 et

2178 2752 2456 2832 sequitur
2475 2751 2765 2831 sylvest„
2796 2750 2970 2811 verb.
2993 2750 3392 2829 Proeceptum,
3421 2752 3636 2826 quaest.
3671 2746 3741 2820 33

2176 2845 2425 2924 Angel.,
2446 2845 2618 2905 verb.
2642 2845 2788 2919 Lex,
2807 2861 2981 2904 num.
3008 2844 3046 2903 3
3058 2858 3079 2920 3
3103 2843 3292 2921 Cajet.
3325 2842 3386 2901 2.
3416 2842 3479 2916 Ξ,
3506 2858 3566 2918 q.
3598 2839 3739 2912 189,

2176 2943 2295 2998 art.
2329 2940 2390 3013 3,
2431 2939 2596 2998 circa
2622 2937 2699 2997 ad
2731 2940 2788 2997 2.
2822 2936 2946 2996 Alii
2972 2954 3120 2997 vero
3161 2939 3442 3008 censent,
3491 2930 3742 3011 quando

2179 3031 2280 3091 lex
2319 3031 2514 3092 fertur
2539 3029 2652 3090 sub
2693 3029 3332 3090 excommunicatione
3356 3031 3603 3087 tantum
3652 3023 3744 3084 se·

2177 3124 2392 3200 renda,
2423 3142 2553 3184 non
2575 3141 2705 3185 esse
2741 3123 3050 3184 sufficiens
3070 3122 3320 3200 signum
3346 3119 3744 3197 obligationis

2178 3216 2292 3277 sub
2321 3216 2588 3278 mortali.
2617 3217 2815 3290 Quam
2846 3215 3218 3276 sententiam
3244 3212 3626 3293 probabilem
3639 3212 3745 3289 ju-

2177 3309 2342 3370 dicat
2359 3310 2589 3370 Auton.
2619 3327 2826 3388 supra,
2844 3314 2906 3369 et
2925 3308 3091 3369 idem
3114 3308 3302 3368 sentit
3312 3304 3528 3366 Armil.
3548 3303 3742 3365 verbo

2177 3402 2326 3477 Lex,
2355 3421 2421 3461 n.
2462 3404 2525 3477 4,
2556 3407 2618 3462 et
2644 3401 2817 3462 verb.
2851 3402 3247 3480 Proeeeptwm,
3278 3418 3343 3460 n.
3378 3400 3449 3474 6,
3474 3397 3621 3476 quia
3648 3414 3747 3456 so-

2176 3492 2310 3553 lum
2324 3493 2564 3572 judicat
2590 3494 2858 3573 priorem
2901 3493 3273 3554 sententiam
3302 3507 3434 3552 esse
3474 3488 3746 3551 securio-

2177 3604 2335 3662 rem,
2374 3591 2436 3646 et
2466 3603 2578 3665 pro
2623 3585 2739 3646 hac
2783 3587 2929 3646 citat
2961 3585 3178 3663 cajet„
3216 3584 3286 3644 in
3314 3584 3486 3644 Sum.
3494 3627 3516 3658 ,
3564 3580 3741 3645 verb.

2180 3680 2583 3757 Praeceptum
2609 3684 2671 3740 et
2708 3677 2860 3739 solet
2891 3677 3111 3739 referri
3141 3676 3386 3750 Driedo,
3428 3675 3537 3735 lib.
3587 3676 3627 3734 2
3666 3674 3745 3733 de

2179 3769 2406 3831 Libert.
2449 3770 2777 3831 Christian.
2800 3816 2821 3847 ,
2867 3771 3050 3850 capit.
3085 3774 3145 3845 1,
3184 3776 3247 3830 et
3276 3772 3477 3848 potest
3521 3766 3745 3828 referri

2178 3863 2399 3924 Navar.
2427 3880 2560 3942 cap.
2599 3864 2701 3938 23,
2729 3882 2796 3924 n.
2829 3863 2929 3924 53.
2957 3862 3037 3923 Hi
3059 3862 3229 3924 enim
3259 3862 3448 3940 Cajct.
3474 3859 3544 3919 in
3564 3860 3743 3920 Sum.

2179 3961 2542 4035 sequuntur.

2262 4050 2322 4109 5.
2341 4048 2580 4109 Veritas
2594 4065 2741 4127 ergo
2761 4055 2851 4110 est
2864 4047 3372 4128 distinguendum
3396 4064 3523 4108 esse
3542 4045 3620 4106 de
3645 4062 3752 4106 ex·

2180 4142 2738 4203 communicatione
2778 4142 3053 4203 ferenda.
3090 4143 3246 4203 Nam
3273 4140 3605 4220 dupliciter
3631 4138 3754 4199 im·

2180 4235 2327 4315 poni
2350 4239 2590 4314 potest:
2621 4235 2848 4313 primo,
2879 4241 2952 4295 ut
2982 4234 3083 4295 lex
3111 4233 3518 4294 sufficientem
3544 4231 3755 4291 moni-

2180 4327 2413 4388 tionem
2459 4326 2792 4402 contineat,
2817 4327 2908 4387 ita
2931 4334 3001 4387 ut
3045 4344 3158 4406 pro
3186 4326 3353 4386 illius
3397 4331 3754 4403 transgres-

2179 4420 2350 4479 sione
2397 4419 2608 4479 statim
2643 4420 2778 4480 sine
2828 4419 2953 4480 alia
2997 4419 3269 4481 hominis
3320 4416 3754 4478 admonitione

2177 4513 2369 4592 possit
2386 4514 2946 4575 excommunicatio
2964 4515 3088 4593 maj
3095 4532 3166 4574 or
3177 4514 3247 4574 in
3264 4519 3754 4590 nansgoessoroe

2175 4604 2343 4667 ferri.
2394 4607 2472 4666 Et
2505 4612 2656 4667 tunc
2706 4607 3097 4668 verissimum
3123 4613 3216 4667 est
3240 4604 3753 4666 excommunica·

2176 4698 2411 4759 tionem
2439 4699 2526 4760 sic
2557 4698 2902 4775 ferendam,
2932 4718 3060 4761 esse
3103 4699 3352 4778 signum
3386 4697 3545 4775 legis
3588 4695 3753 4756 obli·

2176 4791 2378 4869 gantis
2404 4790 2519 4852 sub
2547 4792 2818 4867 mortali,
2849 4792 2997 4871 quia
3022 4792 3073 4852 si
3099 4797 3510 4869 transgroesor
3544 4794 3755 4868 potest

2178 4885 2389 4945 statim
2437 4885 2962 4946 excommunicari
2980 4931 3002 4961 ,
3050 4885 3420 4964 supponitur
3462 4898 3753 4962 peccasse

2175 4977 2521 5040 mortaliter
2546 4978 2615 5037 in
2654 4978 2763 5038 illa
2788 4978 3315 5056 transgressione:
3348 4993 3496 5055 ergo
3522 4990 3759 5052 suppo-

2178 5071 2350 5131 nitur
2393 5071 2494 5132 lex
2533 5071 2807 5151 obligare
2843 5072 2959 5132 sub
2991 5070 3263 5132 mortali.
3306 5072 3385 5131 Et
3404 5070 3522 5130 hoc
3555 5067 3760 5128 etiam

2179 5165 2457 5225 sentiunt
2482 5170 2763 5227 auctores
2766 5210 2787 5241 ,
2835 5165 2944 5245 qui
2970 5164 3248 5226 absolute
3280 5170 3343 5225 et
3387 5161 3760 5222 indistincte

2178 5256 2414 5335 dicunt,
2447 5259 3097 5320 excommunicationis
3122 5275 3374 5339 poenam
3400 5273 3512 5336 per
3543 5254 3761 5332 legem

2178 5348 2532 5430 impositam
2574 5370 2702 5413 esse
2732 5353 2982 5429 signum
3010 5350 3408 5430 obligationis
3436 5346 3550 5407 sub
3580 5363 3760 5406 mor-

2176 5442 2310 5519 tali,
2341 5449 2413 5503 ut
2450 5449 2596 5505 sunt
2638 5444 2894 5520 Media„
2935 5444 3080 5505 dict.
3128 5462 3262 5523 cap.
3308 5446 3346 5503 7
3387 5441 3465 5502 de
3492 5440 3713 5518 Jejun.
3736 5453 3760 5515 ;

2176 5534 2406 5613 Castro,
2439 5535 2585 5600 dict.
2619 5555 2755 5618 cap.
2788 5539 2826 5599 5
2850 5538 2928 5600 de
2959 5538 3118 5618 Lege
3140 5534 3396 5618 poenali,
3441 5531 3552 5595 lib.
3599 5535 3667 5608 1,
3695 5536 3767 5593 et
