3976 6219
516 465 729 545 Legib.
748 486 765 540 ;
787 465 821 526 J
824 480 1056 525 oannes
1074 462 1350 524 Andreas
1363 464 1518 525 Data
1540 463 1696 526 sexti
1713 481 1732 542 3
1752 465 2078 526 Panormi-

517 567 723 633 181183,
755 575 892 636 cap.
921 558 962 615 2
991 556 1068 617 de
1109 556 1463 632 constitut„
1498 575 1565 616 n.
1598 558 1635 617 7
1652 573 1672 634 3
1705 563 1768 618 et
1790 557 1883 617 ibi
1920 556 2078 618 Feli-

517 670 656 727 1183,
687 669 751 712 11.
789 652 851 726 ’1,
877 654 939 710 81
967 649 1074 711 8111
1101 649 1191 710 ibi
1205 666 1226 727 3
1260 656 1321 710 et
1349 650 1656 711 Navarrus
1683 650 1894 713 consil.
1929 654 1958 711 1
2001 651 2077 711 de

516 744 798 819 Constit.,
820 761 881 823 q.
907 740 983 819 4,
1006 761 1069 804 n.
1101 744 1178 804 19
1206 748 1267 803 81
1293 744 1405 820 203
1431 744 1598 817 Soto,
1630 742 1739 803 lib.
1772 746 1801 803 1
1838 743 1915 805 de
1940 745 2078 805 Jus-

515 836 677 913 titia,
703 855 766 915 q.
795 839 857 912 1,
881 840 998 897 811.
1021 838 1064 896 4
1078 850 1098 912 3
1129 832 1348 914 Angel.
1380 836 1569 898 verbo
1591 835 1738 910 Lex,
1764 841 1977 914 quaest.
2014 838 2074 912 7,

513 947 581 990 11.
616 931 645 988 1
673 950 690 1003 ;
717 927 999 1000 Α11111118,
1023 947 1088 987 n.
1124 930 1193 988 11
1225 928 1517 1004 ;Rosell.,
1539 947 1605 989 n.
1634 929 1710 1006 83
1735 927 2078 988 Ludovicus

381 1044 400 1060 ·
512 1021 738 1083 Gomez
777 1020 846 1081 in
874 1020 1177 1082 Prooemio
1205 1021 1282 1081 ad
1312 1021 1579 1099 Regulas
1606 1018 1875 1096 Cancel.,
1910 1039 1971 1100 q.
2012 1022 2074 1095 2,

513 1115 625 1195 qui
675 1113 856 1175 aliter
891 1114 1169 1175 sentiunt
1216 1114 1294 1174 de
1335 1112 1578 1192 legibus
1619 1113 1953 1189 8880111813,
2003 1114 2080 1174 de

513 1207 739 1287 quibus
782 1207 1064 1286 sequenti
1107 1206 1267 1267 libro
1310 1206 1606 1268 dicemus.
1654 1207 1937 1267 Fundata
1987 1212 2080 1267 est

511 1299 644 1360 hoec
692 1300 999 1361 sententia
1041 1299 1110 1360 in
1153 1298 1512 1361 authentica
1564 1300 1646 1362 Ut
1685 1302 1869 1378 sactoe
1914 1318 2080 1362 novoe

513 1394 983 1468 constitutiones,
1033 1398 1176 1469 etc.,
1224 1410 1414 1471 quam
1454 1409 1670 1452 omnes
1709 1392 1799 1452 ita
1848 1392 2076 1453 intelli-

512 1491 706 1565 gunt3
738 1486 865 1548 imo
892 1486 1146 1547 Navarr.
1178 1485 1266 1545 ait
1291 1484 1452 1546 hanc
1486 1490 1857 1547 sententiam
1888 1486 2077 1566 potis-

511 1573 742 1640 sim'um
770 1579 1021 1640 fundari
1047 1579 1115 1639 in
1133 1579 1277 1658 jure
1304 1577 1549 1657 scripto·

591 1677 653 1736 9.
699 1675 1069 1753 Difficultas
1096 1679 1302 1737 eontra
1329 1674 1551 1735 dietam
1590 1673 1961 1735 sententiam.
1994 1704 2076 1719 —

512 1766 850 1828 Difficultas
889 1785 1033 1828 vero
1075 1773 1291 1828 contra
1329 1765 1491 1826 hanc
1536 1766 1907 1826 sententiam
1955 1771 2070 1836 est,

432 1848 439 1855 ’
512 1861 658 1939 quia
695 1860 797 1921 lex
829 1861 917 1921 ita
959 1878 1086 1921 non
1117 1864 1209 1921 est
1242 1858 1607 1920 universalis
1644 1877 1755 1939 pro
1786 1859 2076 1919 omnibus

510 1952 775 2032 legibus,
816 1955 919 2016 sed
949 1954 1150 2014 solum
1182 1972 1294 2033 pro
1329 1952 1568 2031 legibus
1607 1952 2076 2032 disponentibus

511 2046 672 2107 circa
690 2053 1081 2122 testamenta,
1093 2048 1403 2127 quomodo
1426 2046 1743 2107 condenda
1760 2046 1904 2120 sint,
1923 2052 2040 2107 etc.
2050 2091 2072 2122 ,

512 2146 584 2199 ut
609 2146 779 2219 patet
822 2159 900 2202 ex
933 2140 1132 2219 capite
1167 2142 1205 2200 Ξ
1236 2141 1512 2219 ejusdem
1540 2138 1907 2199 authenticae
1934 2138 2023 2198 ibi
2054 2156 2070 2201 ε

510 2232 843 2296 Sancimue
874 2233 1072 2312 iyitur
1094 2251 1166 2294 ex
1191 2233 1297 2293 illo
1329 2238 1571 2295 nostrae
1600 2231 2070 2305 constitutiones,

508 2341 641 2403 quoe
680 2343 794 2403 pro
833 2325 1203 2387 testamentis
1241 2326 1420 2403 fiunt,
1467 2325 1684 2399 valere,
1730 2342 1801 2386 ece
1843 2341 1956 2403 quo
2006 2324 2074 2384 in

509 2418 803 2480 communi
839 2420 1025 2496 saetoe
1058 2423 1200 2480 eunt
1238 2418 1617 2495 manifestoe;
1649 2418 1715 2478 in
1738 2416 2074 2495 provinciis

510 2514 729 2584 autem,
764 2527 836 2572 σω
872 2528 983 2590 quo
1025 2511 1243 2572 directe
1277 2527 1388 2588 per
1420 2509 1829 2587 metropolitas
1862 2507 2072 2586 palam

508 2604 693 2680 sactoe
717 2609 877 2665 sunt.
911 2604 1002 2662 Ex
1032 2602 1256 2680 quibus
1276 2601 1422 2663 satis
1446 2606 1705 2677 constat,
1732 2619 1809 2661 ex
1830 2599 1894 2660 vi
1927 2618 2070 2660 ver-

508 2695 733 2756 borum
762 2695 1266 2756 constitutionem
1303 2711 1433 2755 esse
1471 2694 1816 2754 restrictam
1852 2692 1932 2753 ad
1970 2698 2070 2753 ta-

507 2786 632 2847 lem
673 2788 1019 2849 materiam.
1064 2789 1185 2848 Nec
1223 2805 1371 2848 vero
1399 2804 1537 2847 eam
1564 2786 1707 2847 licet
1743 2786 2072 2847 extendere

507 2884 760 2961 propter
781 2879 1249 2941 similitudinem
1272 2879 1528 2940 rationis
1539 2895 1560 2957 3
1578 2884 1715 2938 tum
1739 2879 1887 2959 quia
1914 2879 2072 2940 forte

508 2990 636 3034 non
679 2977 773 3033 est
799 2971 1137 3032 similitudo
1172 2972 1454 3046 18110813,
1503 2971 1649 3051 quia
1675 2976 2071 3032 testamento-

505 3085 647 3129 rum
681 3084 879 3128 causae
914 3072 1059 3127 sunt
1092 3065 1291 3144 magis
1336 3065 1476 3145 piae,
1522 3070 1583 3126 81
1615 3064 1683 3126 111
1715 3064 1802 3126 813
1830 3069 2073 3146 poterat

507 3178 635 3222 esse
662 3160 862 3239 magis
890 3159 1109 3221 nociva
1138 3157 1489 3237 ignorantia
1529 3156 1684 3236 18313
1709 3156 2066 3237 01111388ῐί3,

503 3254 603 3316 vel
629 3254 930 3315 irritantis
972 3256 1435 3327 testamentum,
1489 3256 1552 3311 et
1579 3250 1784 3330 plures
1812 3249 1950 3311 lites
1990 3250 2070 3311 ob

503 3348 676 3409 illam
726 3366 977 3409 causam
1018 3348 1171 3408 oriri
1218 3351 1506 3427 poterant
1549 3346 1614 3405 in
1658 3345 1764 3405 illa
1809 3346 2071 3406 materia

504 3458 691 3519 quam
721 3441 790 3501 in
816 3440 989 3501 aliis:
1020 3445 1157 3501 tum
1184 3440 1374 3500 etiam
1402 3438 1550 3517 quia
1587 3437 1925 3516 imperator
1951 3436 2069 3498 ibi-

504 3532 646 3593 dem
665 3550 907 3612 semper
925 3532 1128 3593 reddit
1140 3531 1448 3592 rationem
1477 3548 1554 3591 ex
1570 3529 1866 3609 peculiari
1884 3548 2069 3591 causa

504 3624 865 3685 ultimarum
883 3624 1277 3685 voluntatum
1294 3624 1397 3689 :N
1395 3642 1468 3685 on
1483 3624 1637 3685 enim
1651 3623 1921 3685 volwmus
1933 3622 2065 3700 (811)

505 3717 911 3794 deficientium
932 3716 1206 3795 infrinyi
1224 3716 1585 3778 voluntatem
1596 3738 1625 3786 ,·
1640 3720 1778 3775 tum
1799 3713 2067 3795 denique

504 3809 652 3888 quia
692 3808 800 3868 illa
841 3809 1115 3869 extensio
1146 3825 1258 3887 per
1302 3805 1773 3868 similitudinem
1812 3807 2069 3868 rationis

504 3919 644 3961 raro
679 3907 790 3962 aut
814 3918 1136 3980 nunquam
1168 3900 1235 3960 in
1272 3898 1513 3978 legibus
1539 3899 1924 3960 admittenda
1951 3906 2063 3976 est,

505 3998 578 4054 ut
603 3993 768 4055 infra
813 3994 1132 4056 dicemus:
1175 3994 1341 4054 unde
1369 3999 1620 4073 propter
1662 3992 1824 4053 banc
1864 3991 2067 4071 objec-

501 4087 735 4148 tionem
762 4088 1036 4168 Vasquez
1068 4090 1168 4163 12,
1199 4088 1426 4169 disput.
1462 4088 1604 4162 156,
1634 4104 1769 4166 cap.
1802 4088 1865 4162 Ξ,
1916 4085 2067 4148 (11811

500 4179 729 4242 frustra
747 4181 1138 4261 jurisperitos
1163 4180 1505 4242 extendisse
1527 4178 1965 4240 Authenticam
1992 4179 2063 4239 il-

499 4271 627 4333 lam
672 4273 752 4333 ad
801 4291 1015 4335 omnes
1057 4273 1225 4352 leges
1271 4275 1737 4353 imperatorum,
1790 4290 1934 4333 cum
1985 4272 2064 4333 de

503 4366 646 4426 solis
671 4372 1181 4428 testamentorum
1208 4366 1450 4446 legibus
1491 4365 1799 4444 disponat,
1832 4365 2065 4425 solum-

503 4476 623 4537 que
645 4477 756 4539 per
776 4465 1214 4539 argumentum
1231 4477 1269 4519 a
1288 4458 1474 4519 simili
1497 4456 1842 4518 extendisse
1860 4456 2066 4536 legem

499 4551 672 4611 illam
700 4552 832 4613 sine
865 4552 1202 4614 sufficiente
1224 4551 1652 4612 fundamento.

580 4647 679 4709 10.
725 4647 939 4727 Leqem
967 4646 1246 4709 strictius
1285 4645 1608 4724 loquente-m
1648 4642 2064 4707 extendendam

500 4757 620 4803 esse
636 4740 828 4820 jicoeta
859 4739 1310 4819 yeneralitatem
1346 4737 1629 4815 rubricae,
1671 4737 1903 4817 quando
1944 4755 2065 4800 non

499 4837 586 4894 est
610 4831 1036 4912 repnqnantia,
1082 4836 1188 4893 aut
1221 4831 1565 4893 absurdum.
1614 4864 1694 4875 —
1740 4830 2062 4891 Verumta-

501 4941 646 4988 men
671 4924 1015 5005 jurisperiti
1041 4942 1171 4985 non
1199 4929 1443 4985 tantum
1466 4922 1934 4984 similitudinem
1963 4941 2064 4984 ra·

497 5018 706 5094 tionis,
736 5018 841 5080 sed
871 5018 1059 5080 etiam
1087 5017 1277 5079 verba
1306 5016 1567 5078 rubricae
1592 5016 1758 5077 111183
1794 5015 2063 5077 authen-

497 5109 636 5170 ticae
663 5110 1151 5185 considerarunt,
1172 5117 1242 5171 ut
1261 5115 1470 5189 aperte
1499 5114 1736 5170 constat
1758 5127 1834 5169 ex
1852 5108 2064 5170 Glossa

495 5202 606 5279 ibi,
642 5205 788 5283 quia
828 5204 1018 5266 verba
1051 5204 1312 5265 rubricae
1343 5203 1656 5283 generalia
1694 5206 1860 5276 sunt,
1901 5201 2062 5262 38111-

494 5301 625 5358 cet:
657 5296 737 5357 Ut
763 5299 945 5372 sactoe
969 5316 1134 5359 novoe
1155 5296 1604 5359 constitutiones
1644 5302 1780 5375 post
1812 5297 2062 5358 institu-

495 5388 686 5450 tiones
713 5404 949 5462 earum,
971 5393 1108 5466 post
1156 5389 1303 5450 duos
1345 5408 1569 5452 menses
1611 5390 1866 5452 valeant.
1915 5389 2062 5463 Quae

494 5479 762 5557 rubrica,
790 5486 864 5541 ut
893 5497 971 5542 ex
1010 5479 1202 5560 ipsius
1227 5481 1431 5543 verbis
1457 5487 1717 5560 constat,
1755 5487 1846 5544 est
1878 5499 1955 5543 ex
1985 5480 2062 5542 il-

1527 367 1644 419 LIB.
1678 367 1763 420 111.
1798 366 1879 418 DE
1910 365 2071 419 LEGE
2102 365 2362 418 numa
2393 364 2474 420 ΕΤ
2506 366 2711 427 clvtLl.

2155 465 2234 527 lis
2261 484 2400 545 quse
2443 484 2482 527 a
2508 466 2745 546 juristis
2772 464 3066 528 dicuntur
3091 466 3433 547 perfectum
3467 484 3726 529 sensum

2158 557 2441 634 reddere,
2470 558 2547 618 de
2586 559 2811 639 quibus
2849 565 2941 621 est
2983 560 3148 640 apud
3190 560 3329 621 illos
3355 560 3582 638 dogma
3622 579 3728 621 re-

2158 656 2403 729 ceptum
2430 650 2657 714 habere
2696 657 2904 714 textus
2950 653 3378 715 auctoritatem
3420 652 3489 712 in
3524 651 3624 713 his
3658 653 3729 715 in

2156 744 2372 823 quibus
2398 761 2515 805 non
2542 750 2857 824 repuqnat,
2887 751 2959 806 ut
2980 745 3098 825 ipsi
3124 744 3482 824 loquuntur,
3512 744 3576 805 id
3604 750 3723 820 est,

2157 834 2225 894 in
2257 834 2354 895 bis
2382 853 2519 914 quae
2547 854 2674 898 non
2705 841 2850 898 sunt
2881 837 3187 898 contraria
3207 835 3448 915 legibus
3474 836 3591 896 sub
3619 855 3729 898 ru-

2157 927 2268 987 bro
2313 930 2641 990 8081811113.
2693 927 2865 992 Unde
2907 931 3304 1005 concludunt,
3340 930 3581 990 etiamsi
3621 929 3726 991 lex

2158 1021 2428 1082 strictius
2447 1020 2763 1103 loquatur,
2789 1023 3242 1085 extendendam
3265 1041 3394 1084 esse
3411 1023 3589 1102 juxta
3614 1040 3724 1101 38-

2160 1113 2549 1177 neralitatem
2595 1114 2879 1192 rubricae,
2928 1117 3175 1196 quando
3222 1134 3349 1177 non
3400 1121 3490 1177 aet
3537 1133 3723 1196 repu-

2159 1207 2438 1286 gnantia,
2465 1226 2579 1269 nec
2606 1207 2942 1269 absurdum
2972 1207 3222 1289 aliquod
3249 1208 3548 1288 sequitur.
3575 1209 3722 1271 Haec

2157 1300 2375 1379 regula
2424 1300 2689 1361 sumitur
2725 1319 2802 1364 ex
2842 1300 3053 1363 Glossa
3095 1307 3123 1364 1
3168 1307 3233 1363 81
3267 1300 3619 1363 doctoribus
3651 1301 3720 1362 in

2160 1393 2322 1454 dicta
2352 1392 2732 1468 authentica,
2764 1399 2827 1455 et
2859 1394 2927 1454 in
2967 1394 3091 1473 leg.
3138 1398 3198 1472 1,
3243 1413 3299 1456 8.
3345 1394 3421 1455 118
3455 1394 3715 1474 Capitat.

2156 1487 2408 1564 civium,
2450 1493 2597 1564 etc.,
2630 1487 2742 1549 lib.
2777 1491 2846 1548 11
2874 1504 2896 1566 3
2928 1493 2990 1550 et
3016 1488 3084 1549 in
3117 1488 3238 1568 leg.
3276 1493 3334 1564 1,
3367 1507 3423 1549 8.
3449 1490 3538 1550 Ν8
3565 1487 3720 1550 fide·

2148 1581 2420 1658 jussores
2461 1580 2559 1642 vel
2592 1580 2869 1642 mandat.
2907 1579 3035 1642 dot.
3081 1581 3326 1656 dentur,
3375 1580 3482 1640 ubi
3508 1579 3722 1642 Glossa

2155 1673 2396 1751 Magist.
2430 1674 2591 1735 circa
2612 1672 2826 1751 finem,
2856 1679 2918 1735 et
2944 1691 3022 1734 ex
3048 1673 3277 1734 Anton.
3306 1673 3381 1733 de
3408 1674 3620 1734 Butrio
3649 1673 3720 1733 in

2156 1766 2463 1828 Prooemio
2503 1768 2767 1843 Decret.,
2810 1768 3032 1828 Jasone
3074 1773 3137 1828 et
3163 1767 3343 1828 Decio
3371 1767 3439 1826 in
3481 1766 3603 1845 183.
3654 1767 3714 1841 1,

2156 1858 2222 1919 ff.
2254 1860 2318 1919 Si
2361 1865 2596 1920 certum
2636 1864 2904 1941 petatur,
2952 1865 3015 1921 et
3056 1859 3192 1920 aliis
3230 1879 3385 1939 quos
3425 1859 3615 1921 refert
3654 1869 3717 1920 et

2156 1952 2436 2031 sequitur
2483 1952 2770 2013 Albertus
2809 1953 3075 2028 Brunus,
3126 1958 3370 2014 tractat.
3429 1953 3504 2012 de
3554 1954 3711 2013 Stat.

2156 2045 2401 2106 exclud.
2437 2045 2613 2122 fem.,
2657 2051 2775 2105 art.
2828 2047 2889 2119 8,
2928 2064 2991 2107 n.
3043 2047 3162 2122 933
3203 2051 3266 2106 et
3299 2046 3566 2106 Joannes
3597 2045 3716 2105 Bo-

2154 2138 2294 2197 nius
2305 2144 2568 2198 tractatu
2586 2139 2661 2198 de
2677 2138 3013 2199 Statutaria
3033 2137 3204 2198 urbis
3230 2139 3711 2216 praescriptione,

2153 2230 2363 2291 Glossa
2406 2232 2504 2304 19,
2537 2250 2601 2290 n.
2649 2232 2719 2290 61
2756 2236 2818 2290 81
2846 2229 3278 2309 sequentibus3
3311 2236 3372 2290 et
3402 2229 3717 2290 Rolandus

2153 2341 2191 2383 8
2223 2322 2395 2383 Valle
2423 2323 2490 2383 in
2527 2323 2970 2401 quaestionibus
3003 2323 3078 2384 de
3104 2323 3282 2383 Lucr.
3330 2323 3508 2395 dotis,
3540 2342 3599 2401 q.
3634 2325 3713 2399 93

2152 2415 2473 2476 81)1’8(11111
2513 2416 2980 2495 generalitatem
3022 2416 3284 2477 rubricae
3323 2416 3600 2476 sufficere
3635 2416 3717 2476 ad

2153 2508 2527 2568 decisionem
2565 2527 2786 2585 causae,
2808 2528 2935 2569 non
2973 2508 3252 2570 obstante
3288 2509 3594 2569 locutione
3633 2508 3719 2569 le·

2150 2600 2244 2678 gis
2288 2600 2486 2678 magis
2531 2602 2833 2677 restricta,
2880 2601 3028 2680 quia
3071 2601 3315 2663 rubrica
3359 2607 3560 2681 potest
3601 2619 3716 2680 pro

2152 2697 2326 2753 textu
2368 2692 2646 2773 allegari,
2691 2694 2870 2774 juxta
2909 2699 3121 2756 notata
3171 2713 3285 2775 per
3332 2693 3717 2774 supradictos

2150 2784 2447 2847 doctores·

2235 2881 2303 2939 11
2318 2924 2332 2938 .
2380 2878 2458 2939 Hi
2492 2896 2639 2940 vero
2681 2878 2960 2941 doctores
2991 2896 3206 2940 omnes
3249 2877 3486 2940 nullam
3521 2876 3710 2938 aliam

2153 2970 2580 3051 probationem
2625 2971 2894 3033 afferunt
2924 2977 3146 3052 praeter
3178 2989 3569 3032 communem
3607 2970 3712 3050 ip-

2152 3081 2361 3126 sorum
2395 3082 2784 3142 consensum,
2836 3070 2899 3126 81
2941 3065 3119 3145 quasi
3144 3064 3541 3126 traditionem
3573 3080 3714 3143 quae

2149 3158 2218 3219 in
2246 3158 2753 3237 interpretatione
2774 3159 3013 3238 jurium
3046 3178 3341 3238 magnam
3362 3159 3494 3219 sine
3523 3157 3712 3218 dubio

2150 3250 2335 3312 habet
2380 3251 2846 3329 auctoritatem3
2892 3270 3064 3328 nam,
3111 3253 3164 3313 si
3200 3252 3577 3313 consuetudo
3620 3256 3717 3311 est

2150 3344 2386 3423 optima
2426 3344 2638 3422 legum
2679 3345 3014 3424 interpres,
3054 3362 3202 3424 ergo
3241 3350 3304 3406 et
3346 3344 3476 3405 haec
3516 3347 3610 3404 tot
3650 3347 3717 3404 et

2147 3442 2464 3498 tantorum
2489 3436 2810 3498 doctorum
2835 3437 3206 3513 testificatiO,
3228 3455 3364 3518 quoe
3390 3441 3718 3497 consuetu-

2146 3529 2358 3591 dinem
2388 3531 2728 3592 necessario
2755 3530 2943 3592 babet
2968 3531 3349 3610 adjunctam,
3377 3530 3501 3590 sive
3533 3528 3717 3589 illam

2147 3621 2483 3695 induxerit,
2532 3622 2660 3684 sive
2707 3623 2783 3683 de
2828 3623 2936 3684 illa
2984 3623 3363 3685 testificetur.
3406 3620 3717 3681 Videntur

2147 3722 2355 3776 autem
2385 3715 2535 3776 dicti
2562 3721 2840 3776 auctores
2873 3733 3219 3795 supponere
3254 3713 3530 3775 rubricas
3549 3712 3716 3792 juris

2147 3806 2346 3868 civilis
2379 3825 2510 3868 esse
2537 3808 2897 3870 eorumdem
2924 3807 3370 3889 imperatorum
3401 3825 3510 3867 seu
3537 3807 3715 3885 jure·

2148 3900 2571 3963 consultorum
2594 3918 2861 3981 quorum
2890 3907 3036 3962 sunt
3060 3901 3249 3981 leges,
3269 3899 3434 3982 quod
3459 3899 3718 3961 fundari

2147 3998 2348 4074 potest
2374 3993 2441 4054 in
2470 3994 2514 4055 1.
2559 3997 2619 4070 1,
2650 3993 2717 4054 ff.
2762 3993 2827 4054 Si
2851 4000 3086 4056 certum
3120 3999 3308 4073 petat.
3316 4038 3337 4069 ,
3367 3998 3430 4054 et
3455 3992 3717 4053 fortasse

2145 4087 2213 4147 in
2236 4086 2397 4148 aliis.
2423 4086 2599 4148 Unde
2631 4087 2832 4147 dicere
2859 4087 3058 4148 solent
3088 4085 3276 4147 iidem
3304 4086 3582 4146 doctores
3603 4102 3716 4145 ru-

2143 4180 2344 4241 bricas
2380 4180 2621 4241 Decreti
2650 4197 2778 4240 non
2811 4178 3038 4241 habere
3078 4179 3533 4253 auctoritatem,
3565 4178 3719 4256 quia

2145 4293 2270 4336 non
2312 4281 2459 4335 sunt
2496 4274 2575 4335 ab
2603 4274 2956 4336 auctoribus
2994 4291 3324 4349 canonum,
3365 4272 3473 4334 sed
3501 4291 3540 4333 a
3560 4272 3716 4332 Gra-

2144 4369 2339 4444 118110,
2383 4367 2482 4429 vel
2520 4366 2657 4428 aliis
2670 4389 2689 4442 3
2734 4368 2823 4428 ita
2850 4372 3070 4429 notant
3108 4368 3376 4428 Joannes
3413 4365 3605 4426 Andr.
3649 4371 3716 4424 81

2146 4462 2373 4521 Α11108.
2402 4460 2469 4520 in
2497 4461 2759 4522 Prooem.
2789 4462 3024 4521 Decret.
3051 4461 3139 4520 Ex
3164 4458 3281 4519 hoc
3302 4464 3510 4520 autem
3536 4456 3717 4535 prin-

2147 4554 2332 4632 cipi0,
2375 4552 2554 4614 valde
2591 4552 2896 4633 probabili
2922 4552 3223 4628 illatione,
3268 4550 3578 4628 colligitur
3605 4567 3714 4608 ru-

2143 4646 2382 4706 bricam
2416 4645 2777 4707 reddentem
2812 4662 3061 4706 sensum
3100 4643 3442 4724 perfectum
3478 4639 3715 4702 habere

2142 4738 2298 4818 legis
2324 4738 2778 4813 auctoritatem,
2809 4743 2872 4799 et
2898 4756 3025 4799 non
3052 4735 3309 4797 limitari
3331 4753 3442 4814 per
3467 4738 3716 4795 textum

2141 4829 2510 4907 regulariter
2537 4829 2865 4910 loquendo,
2899 4830 3018 4890 nisi
3042 4828 3369 4891 necessitas
3396 4830 3599 4905 80381,
3629 4842 3716 4886 118

2144 4923 2430 4984 818118181
2466 4923 2604 4984 18113
2633 4923 2797 4983 1111111
2836 4931 3047 4984 auctor
3080 4922 3311 4984 frustra
3351 4918 3716 4999 generalem

2143 5015 2316 5076 illam
2344 5015 2827 5096 propositionem
2858 5015 3220 5095 protulisse3
3252 5010 3356 5075 sed
3387 5013 3591 5093 potius
3619 5007 3713 5071 le-

2144 5126 2251 5187 ges
2288 5108 2610 5188 specialius
2654 5108 2974 5187 loquentes
3018 5126 3148 5169 esse
3188 5105 3381 5167 veluti
3427 5102 3716 5165 membra

2142 5201 2312 5261 illius
2340 5201 2783 5281 generalitatiS,
2808 5201 2908 5263 vel
2932 5200 3107 5280 quasi
3130 5198 3473 5260 materialia
3500 5213 3716 5258 exem-

2141 5293 2266 5374 pla,
2303 5293 2369 5353 in
2399 5292 2623 5372 quibus
2651 5294 2925 5356 cernitur
2950 5293 3116 5374 quod
3144 5292 3206 5352 in
3235 5289 3486 5352 rubrica
3518 5307 3715 5368 gene-

2142 5387 2332 5448 ralius
2367 5386 2738 5448 continetur.

2225 5482 2322 5542 12.
2369 5480 2497 5542 Hoc
2529 5497 2676 5560 ergo
2702 5478 3078 5562 principium
3104 5476 3324 5557 negari
3349 5494 3476 5538 non
3503 5481 3716 5559 potest
