<?xml version="1.0" encoding="UTF-8"?>
<!DOCTYPE html PUBLIC "-//W3C//DTD XHTML 1.0 Transitional//EN"
    "http://www.w3.org/TR/xhtml1/DTD/xhtml1-transitional.dtd">
<html xmlns="http://www.w3.org/1999/xhtml" xml:lang="en" lang="en">
 <head>
  <title>
</title>
<meta http-equiv="Content-Type" content="text/html;charset=utf-8" />
  <meta name='ocr-system' content='tesseract 3.04.00' />
  <meta name='ocr-capabilities' content='ocr_page ocr_carea ocr_par ocr_line ocrx_word'/>
</head>
<body>
  <div class='ocr_page' id='page_1' title='image "./rpfranciscisuar02duvagoog_0192.png"; bbox 0 0 3976 6219; ppageno 0'>
   <div class='ocr_carea' id='block_1_1' title="bbox 476 397 3677 600">
    <p class='ocr_par' dir='ltr' id='par_1_1' title="bbox 476 397 3677 600">
     <span class='ocr_line' id='line_1_1' title="bbox 479 397 2677 456; baseline -0.001 -1"><span class='ocrx_word' id='word_1_1' title='bbox 479 397 597 455; x_wconf 65' lang='lat'><em>174</em></span> <span class='ocrx_word' id='word_1_2' title='bbox 1480 403 1598 456; x_wconf 81' lang='lat' dir='ltr'><em>Lm.</em></span> <span class='ocrx_word' id='word_1_3' title='bbox 1634 405 1719 456; x_wconf 78' lang='grc' dir='ltr'><strong>ιιι.</strong></span> <span class='ocrx_word' id='word_1_4' title='bbox 1756 404 1834 454; x_wconf 80' lang='lat' dir='ltr'><em>DE</em></span> <span class='ocrx_word' id='word_1_5' title='bbox 1869 403 2029 455; x_wconf 71' lang='lat' dir='ltr'><strong>LEGE</strong></span> <span class='ocrx_word' id='word_1_6' title='bbox 2061 402 2322 455; x_wconf 64' lang='lat' dir='ltr'><em>numm</em></span> <span class='ocrx_word' id='word_1_7' title='bbox 2355 403 2435 454; x_wconf 80' lang='grc' dir='ltr'><em>ΕΤ</em></span> <span class='ocrx_word' id='word_1_8' title='bbox 2471 402 2677 456; x_wconf 76' lang='lat' dir='ltr'>clvlLl.</span> 
     </span>
     <span class='ocr_line' id='line_1_2' title="bbox 476 499 3677 600; baseline 0 -24"><span class='ocrx_word' id='word_1_9' title='bbox 476 502 638 576; x_wconf 67' lang='lat' dir='ltr'><em>Cn.</em></span> <span class='ocrx_word' id='word_1_10' title='bbox 694 499 939 573; x_wconf 88' lang='lat' dir='ltr'>XXIV.</span> <span class='ocrx_word' id='word_1_11' title='bbox 1005 500 1249 574; x_wconf 86' lang='lat' dir='ltr'><em>Utrum</em></span> <span class='ocrx_word' id='word_1_12' title='bbox 1301 500 1414 573; x_wconf 75' lang='lat' dir='ltr'><em>lex</em></span> <span class='ocrx_word' id='word_1_13' title='bbox 1466 502 1694 575; x_wconf 78' lang='lat' dir='ltr'><em>civilis</em></span> <span class='ocrx_word' id='word_1_14' title='bbox 1746 502 2025 600; x_wconf 75' lang='lat' dir='ltr'><em>obliqet,</em></span> <span class='ocrx_word' id='word_1_15' title='bbox 2114 503 2278 575; x_wconf 69' lang='lat' dir='ltr'><em>Cu».</em></span> <span class='ocrx_word' id='word_1_16' title='bbox 2338 503 2561 575; x_wconf 88' lang='lat' dir='ltr'>XXX.</span> <span class='ocrx_word' id='word_1_17' title='bbox 2626 499 2872 575; x_wconf 80' lang='lat' dir='ltr'><em>Utrum</em></span> <span class='ocrx_word' id='word_1_18' title='bbox 2914 501 3354 573; x_wconf 75' lang='lat' dir='ltr'><em>leaelzumaua</em></span> <span class='ocrx_word' id='word_1_19' title='bbox 3388 518 3455 574; x_wconf 87' lang='lat' dir='ltr'><em>et</em></span> <span class='ocrx_word' id='word_1_20' title='bbox 3497 502 3677 576; x_wconf 85' lang='lat' dir='ltr'><em>eivi-</em></span> 
     </span>
    </p>
   </div>
   <div class='ocr_carea' id='block_1_2' title="bbox 473 624 3678 1091">
    <p class='ocr_par' dir='ltr' id='par_1_2' title="bbox 473 624 3678 845">
     <span class='ocr_line' id='line_1_3' title="bbox 573 624 3678 722; baseline 0.002 -27"><span class='ocrx_word' id='word_1_21' title='bbox 573 624 683 696; x_wconf 85' lang='lat' dir='ltr'><em>vel</em></span> <span class='ocrx_word' id='word_1_22' title='bbox 715 624 1021 721; x_wconf 77' lang='lat' dir='ltr'><em>obliqare</em></span> <span class='ocrx_word' id='word_1_23' title='bbox 1047 624 1263 719; x_wconf 74' lang='lat' dir='ltr'><em>possit</em></span> <span class='ocrx_word' id='word_1_24' title='bbox 1287 625 1411 697; x_wconf 78' lang='lat' dir='ltr'><em>sub</em></span> <span class='ocrx_word' id='word_1_25' title='bbox 1445 624 1644 721; x_wconf 74' lang='lat' dir='ltr'><em>qravi</em></span> <span class='ocrx_word' id='word_1_26' title='bbox 1677 625 1908 721; x_wconf 85' lang='lat' dir='ltr'><em>culpa.</em></span> <span class='ocrx_word' id='word_1_27' title='bbox 2216 626 2302 699; x_wconf 74' lang='lat' dir='ltr'><em>lie</em></span> <span class='ocrx_word' id='word_1_28' title='bbox 2333 628 2550 722; x_wconf 77' lang='lat' dir='ltr'><em>possit</em></span> <span class='ocrx_word' id='word_1_29' title='bbox 2580 626 2890 721; x_wconf 76' lang='lat' dir='ltr'><em>obliqare</em></span> <span class='ocrx_word' id='word_1_30' title='bbox 2937 626 3030 697; x_wconf 86' lang='lat' dir='ltr'><em>ad</em></span> <span class='ocrx_word' id='word_1_31' title='bbox 3083 624 3194 698; x_wconf 77' lang='lat' dir='ltr'><em>sui</em></span> <span class='ocrx_word' id='word_1_32' title='bbox 3250 625 3678 701; x_wconf 77' lang='lat' dir='ltr'><em>observatio-</em></span> 
     </span>
     <span class='ocr_line' id='line_1_4' title="bbox 473 745 3674 845; baseline 0.001 -26"><span class='ocrx_word' id='word_1_33' title='bbox 473 745 635 819; x_wconf 64' lang='lat' dir='ltr'><em>Cn.</em></span> <span class='ocrx_word' id='word_1_34' title='bbox 692 746 905 819; x_wconf 90' lang='lat' dir='ltr'>XXV.</span> <span class='ocrx_word' id='word_1_35' title='bbox 971 745 1216 819; x_wconf 90' lang='lat' dir='ltr'><em>Utrum</em></span> <span class='ocrx_word' id='word_1_36' title='bbox 1247 747 1358 819; x_wconf 79' lang='lat' dir='ltr'><em>lex</em></span> <span class='ocrx_word' id='word_1_37' title='bbox 1392 749 1722 832; x_wconf 83' lang='lat' dir='ltr'><em>humana,</em></span> <span class='ocrx_word' id='word_1_38' title='bbox 1753 761 1830 821; x_wconf 91' lang='lat' dir='ltr'><em>ut</em></span> <span class='ocrx_word' id='word_1_39' title='bbox 1851 746 2037 819; x_wconf 84' lang='lat' dir='ltr'><em>obli-</em></span> <span class='ocrx_word' id='word_1_40' title='bbox 2216 772 2377 821; x_wconf 81' lang='lat' dir='ltr'><em>nem</em></span> <span class='ocrx_word' id='word_1_41' title='bbox 2425 773 2585 822; x_wconf 86' lang='lat' dir='ltr'><em>eum</em></span> <span class='ocrx_word' id='word_1_42' title='bbox 2632 746 2946 844; x_wconf 86' lang='lat' dir='ltr'><em>periculo</em></span> <span class='ocrx_word' id='word_1_43' title='bbox 2989 746 3484 845; x_wconf 79' lang='lat' dir='ltr'><em>cujuscumque</em></span> <span class='ocrx_word' id='word_1_44' title='bbox 3550 774 3674 822; x_wconf 84' lang='lat' dir='ltr'><em>no·</em></span> 
     </span>
    </p>

    <p class='ocr_par' dir='ltr' id='par_1_3' title="bbox 572 866 3188 965">
     <span class='ocr_line' id='line_1_5' title="bbox 572 866 3188 965; baseline 0.003 -27"><span class='ocrx_word' id='word_1_45' title='bbox 572 880 683 963; x_wconf 84' lang='lat' dir='ltr'><em>9et</em></span> <span class='ocrx_word' id='word_1_46' title='bbox 718 867 842 939; x_wconf 81' lang='lat' dir='ltr'><em>sub</em></span> <span class='ocrx_word' id='word_1_47' title='bbox 874 867 1160 940; x_wconf 80' lang='lat' dir='ltr'><em>mortali</em></span> <span class='ocrx_word' id='word_1_48' title='bbox 1198 868 1432 963; x_wconf 86' lang='lat' dir='ltr'><em>eulpa,</em></span> <span class='ocrx_word' id='word_1_49' title='bbox 1492 892 1773 965; x_wconf 75' lang='lat' dir='ltr'><em>yravem</em></span> <span class='ocrx_word' id='word_1_50' title='bbox 1811 880 2038 941; x_wconf 89' lang='lat' dir='ltr'><em>mate—</em></span> <span class='ocrx_word' id='word_1_51' title='bbox 2218 871 2547 946; x_wconf 86' lang='lat' dir='ltr'><em>eumenti.</em></span> <span class='ocrx_word' id='word_1_52' title='bbox 3181 866 3188 879; x_wconf 88' lang='grc'><strong>’</strong></span> 
     </span>
    </p>

    <p class='ocr_par' dir='ltr' id='par_1_4' title="bbox 570 990 3676 1091">
     <span class='ocr_line' id='line_1_6' title="bbox 570 990 3676 1091; baseline 0.001 -28"><span class='ocrx_word' id='word_1_53' title='bbox 570 990 758 1064; x_wconf 86' lang='lat' dir='ltr'><em>riam</em></span> <span class='ocrx_word' id='word_1_54' title='bbox 790 991 1128 1087; x_wconf 87' lang='lat' dir='ltr'><em>requirat,</em></span> <span class='ocrx_word' id='word_1_55' title='bbox 1174 1006 1241 1064; x_wconf 92' lang='lat' dir='ltr'><em>et</em></span> <span class='ocrx_word' id='word_1_56' title='bbox 1274 1015 1429 1089; x_wconf 86' lang='lat' dir='ltr'><em>quoe</em></span> <span class='ocrx_word' id='word_1_57' title='bbox 1451 992 1579 1065; x_wconf 92' lang='lat' dir='ltr'><em>illa</em></span> <span class='ocrx_word' id='word_1_58' title='bbox 1601 992 1720 1065; x_wconf 79' lang='lat' dir='ltr'><em>sit.</em></span> <span class='ocrx_word' id='word_1_59' title='bbox 2116 995 2277 1069; x_wconf 66' lang='lat' dir='ltr'><em>Cn.</em></span> <span class='ocrx_word' id='word_1_60' title='bbox 2337 995 2567 1067; x_wconf 88' lang='lat' dir='ltr'>XXXI</span> <span class='ocrx_word' id='word_1_61' title='bbox 2578 1048 2595 1066; x_wconf 97' lang='lat'><em>.</em></span> <span class='ocrx_word' id='word_1_62' title='bbox 2642 993 2890 1068; x_wconf 84' lang='lat' dir='ltr'><em>Utrum</em></span> <span class='ocrx_word' id='word_1_63' title='bbox 2919 993 3097 1089; x_wconf 75' lang='lat' dir='ltr'><em>leqes</em></span> <span class='ocrx_word' id='word_1_64' title='bbox 3129 994 3450 1066; x_wconf 85' lang='lat' dir='ltr'><em>humanae</em></span> <span class='ocrx_word' id='word_1_65' title='bbox 3477 1016 3676 1091; x_wconf 74' lang='lat' dir='ltr'><em>qene-</em></span> 
     </span>
    </p>
   </div>
   <div class='ocr_carea' id='block_1_3' title="bbox 469 1114 3675 1340">
    <p class='ocr_par' dir='ltr' id='par_1_5' title="bbox 469 1114 3675 1340">
     <span class='ocr_line' id='line_1_7' title="bbox 469 1114 3675 1215; baseline -0.001 -24"><span class='ocrx_word' id='word_1_66' title='bbox 469 1115 631 1191; x_wconf 70' lang='lat' dir='ltr'>CAP.</span> <span class='ocrx_word' id='word_1_67' title='bbox 673 1115 922 1189; x_wconf 91' lang='lat' dir='ltr'>XXVI.</span> <span class='ocrx_word' id='word_1_68' title='bbox 953 1117 1071 1187; x_wconf 85' lang='lat' dir='ltr'><em>An</em></span> <span class='ocrx_word' id='word_1_69' title='bbox 1096 1140 1182 1189; x_wconf 78' lang='lat' dir='ltr'><em>eoe</em></span> <span class='ocrx_word' id='word_1_70' title='bbox 1208 1115 1434 1189; x_wconf 77' lang='lat' dir='ltr'><em>verbis</em></span> <span class='ocrx_word' id='word_1_71' title='bbox 1465 1116 1634 1213; x_wconf 74' lang='lat' dir='ltr'><em>leqis</em></span> <span class='ocrx_word' id='word_1_72' title='bbox 1662 1114 2036 1212; x_wconf 75' lang='lat' dir='ltr'><em>eolliqatur</em></span> <span class='ocrx_word' id='word_1_73' title='bbox 2214 1117 2464 1190; x_wconf 88' lang='lat' dir='ltr'><em>raliter</em></span> <span class='ocrx_word' id='word_1_74' title='bbox 2485 1130 2552 1191; x_wconf 92' lang='lat' dir='ltr'><em>et</em></span> <span class='ocrx_word' id='word_1_75' title='bbox 2585 1116 3070 1215; x_wconf 77' lang='lat' dir='ltr'><em>indifferenter</em></span> <span class='ocrx_word' id='word_1_76' title='bbox 3103 1140 3340 1190; x_wconf 77' lang='lat' dir='ltr'><em>omnes</em></span> <span class='ocrx_word' id='word_1_77' title='bbox 3365 1117 3675 1190; x_wconf 78' lang='lat' dir='ltr'><em>subditos</em></span> 
     </span>
     <span class='ocr_line' id='line_1_8' title="bbox 571 1238 2546 1340; baseline -0.002 -25"><span class='ocrx_word' id='word_1_78' title='bbox 571 1242 901 1340; x_wconf 74' lang='lat' dir='ltr'><em>obliyatio</em></span> <span class='ocrx_word' id='word_1_79' title='bbox 941 1243 1034 1315; x_wconf 85' lang='lat' dir='ltr'><em>ad</em></span> <span class='ocrx_word' id='word_1_80' title='bbox 1066 1243 1387 1327; x_wconf 87' lang='lat' dir='ltr'><em>mortale,</em></span> <span class='ocrx_word' id='word_1_81' title='bbox 1423 1257 1490 1315; x_wconf 92' lang='lat' dir='ltr'><em>et</em></span> <span class='ocrx_word' id='word_1_82' title='bbox 1517 1266 1673 1340; x_wconf 85' lang='lat' dir='ltr'><em>quae</em></span> <span class='ocrx_word' id='word_1_83' title='bbox 1703 1242 1915 1315; x_wconf 85' lang='lat' dir='ltr'><em>verba</em></span> <span class='ocrx_word' id='word_1_84' title='bbox 1942 1240 2036 1313; x_wconf 85' lang='lat' dir='ltr'><em>ad</em></span> <span class='ocrx_word' id='word_1_85' title='bbox 2214 1238 2546 1336; x_wconf 76' lang='lat' dir='ltr'><em>obliqent.</em></span> 
     </span>
    </p>
   </div>
   <div class='ocr_carea' id='block_1_4' title="bbox 468 1363 3673 2317">
    <p class='ocr_par' dir='ltr' id='par_1_6' title="bbox 568 1363 3673 1461">
     <span class='ocr_line' id='line_1_9' title="bbox 568 1363 3673 1461; baseline 0 -25"><span class='ocrx_word' id='word_1_86' title='bbox 568 1365 695 1436; x_wconf 83' lang='lat' dir='ltr'><em>hoo</em></span> <span class='ocrx_word' id='word_1_87' title='bbox 719 1363 1101 1460; x_wconf 80' lang='lat' dir='ltr'><em>sufficiant.</em></span> <span class='ocrx_word' id='word_1_88' title='bbox 2115 1364 2278 1438; x_wconf 65' lang='lat' dir='ltr'><em>Cn».</em></span> <span class='ocrx_word' id='word_1_89' title='bbox 2335 1364 2625 1438; x_wconf 87' lang='lat' dir='ltr'>XXXII.</span> <span class='ocrx_word' id='word_1_90' title='bbox 2690 1364 2936 1438; x_wconf 86' lang='lat' dir='ltr'><em>Utrum</em></span> <span class='ocrx_word' id='word_1_91' title='bbox 2974 1365 3154 1461; x_wconf 76' lang='lat' dir='ltr'><em>leqes</em></span> <span class='ocrx_word' id='word_1_92' title='bbox 3192 1363 3501 1458; x_wconf 87' lang='lat' dir='ltr'><em>propriae</em></span> <span class='ocrx_word' id='word_1_93' title='bbox 3531 1363 3673 1436; x_wconf 88' lang='lat' dir='ltr'><em>ali-</em></span> 
     </span>
    </p>

    <p class='ocr_par' dir='ltr' id='par_1_7' title="bbox 470 1462 3670 1830">
     <span class='ocr_line' id='line_1_10' title="bbox 470 1462 3670 1583; baseline -0.001 -24"><span class='ocrx_word' id='word_1_94' title='bbox 470 1485 632 1559; x_wconf 61' lang='lat' dir='ltr'><em>ew.</em></span> <span class='ocrx_word' id='word_1_95' title='bbox 664 1486 944 1560; x_wconf 87' lang='lat' dir='ltr'>XXVII.</span> <span class='ocrx_word' id='word_1_96' title='bbox 986 1484 1230 1559; x_wconf 87' lang='lat' dir='ltr'><em>Utrum</em></span> <span class='ocrx_word' id='word_1_97' title='bbox 1249 1485 1582 1583; x_wconf 76' lang='lat' dir='ltr'><em>obliqatio</em></span> <span class='ocrx_word' id='word_1_98' title='bbox 1606 1486 1775 1583; x_wconf 75' lang='lat' dir='ltr'><em>leqis</em></span> <span class='ocrx_word' id='word_1_99' title='bbox 1800 1488 2032 1583; x_wconf 85' lang='lat' dir='ltr'><em>quoad</em></span> <span class='ocrx_word' id='word_1_100' title='bbox 2211 1486 2409 1581; x_wconf 78' lang='lat' dir='ltr'><em>cujus</em></span> <span class='ocrx_word' id='word_1_101' title='bbox 2439 1486 2638 1583; x_wconf 74' lang='lat' dir='ltr'><em>requi</em></span> <span class='ocrx_word' id='word_1_102' title='bbox 2671 1486 2779 1558; x_wconf 89' lang='lat' dir='ltr'><em>vel</em></span> <span class='ocrx_word' id='word_1_103' title='bbox 2830 1462 3168 1560; x_wconf 76' lang='lat' dir='ltr'><em>territorii</em></span> <span class='ocrx_word' id='word_1_104' title='bbox 3205 1485 3506 1582; x_wconf 77' lang='lat' dir='ltr'><em>obliqent</em></span> <span class='ocrx_word' id='word_1_105' title='bbox 3553 1486 3670 1557; x_wconf 83' lang='lat' dir='ltr'><em>ho-</em></span> 
     </span>
     <span class='ocr_line' id='line_1_11' title="bbox 568 1605 3670 1707; baseline -0.001 -24"><span class='ocrx_word' id='word_1_106' title='bbox 568 1610 982 1707; x_wconf 85' lang='lat' dir='ltr'><em>9ravitatem</em></span> <span class='ocrx_word' id='word_1_107' title='bbox 1018 1609 1167 1705; x_wconf 74' lang='lat' dir='ltr'><em>ejus</em></span> <span class='ocrx_word' id='word_1_108' title='bbox 1206 1635 1294 1686; x_wconf 75' lang='lat' dir='ltr'><em>ex</em></span> <span class='ocrx_word' id='word_1_109' title='bbox 1324 1610 1704 1685; x_wconf 82' lang='lat' dir='ltr'><em>intentione</em></span> <span class='ocrx_word' id='word_1_110' title='bbox 1748 1609 2032 1706; x_wconf 76' lang='lat' dir='ltr'><em>leqisla-</em></span> <span class='ocrx_word' id='word_1_111' title='bbox 2210 1606 2433 1679; x_wconf 79' lang='lat' dir='ltr'><em>mines</em></span> <span class='ocrx_word' id='word_1_112' title='bbox 2498 1605 2689 1679; x_wconf 73' lang='lat' dir='ltr'><em>illius</em></span> <span class='ocrx_word' id='word_1_113' title='bbox 2741 1607 3076 1682; x_wconf 89' lang='lat' dir='ltr'><em>territorii</em></span> <span class='ocrx_word' id='word_1_114' title='bbox 3134 1607 3410 1705; x_wconf 77' lang='lat' dir='ltr'><em>quando</em></span> <span class='ocrx_word' id='word_1_115' title='bbox 3471 1620 3670 1681; x_wconf 76' lang='lat' dir='ltr'><em>extra</em></span> 
     </span>
     <span class='ocr_line' id='line_1_12' title="bbox 573 1730 2813 1830; baseline -0.002 -23"><span class='ocrx_word' id='word_1_116' title='bbox 573 1734 744 1807; x_wconf 78' lang='lat' dir='ltr'><em>toris</em></span> <span class='ocrx_word' id='word_1_117' title='bbox 779 1734 1107 1830; x_wconf 84' lang='lat' dir='ltr'><em>pendeat.</em></span> <span class='ocrx_word' id='word_1_118' title='bbox 2211 1730 2390 1804; x_wconf 86' lang='lat' dir='ltr'><em>illud</em></span> <span class='ocrx_word' id='word_1_119' title='bbox 2425 1745 2813 1805; x_wconf 77' lang='lat' dir='ltr'><em>versantur.</em></span> 
     </span>
    </p>

    <p class='ocr_par' dir='ltr' id='par_1_8' title="bbox 468 1854 3669 2317">
     <span class='ocr_line' id='line_1_13' title="bbox 468 1854 3669 1954; baseline -0.002 -22"><span class='ocrx_word' id='word_1_120' title='bbox 468 1856 632 1932; x_wconf 68' lang='lat' dir='ltr'><em>Cu».</em></span> <span class='ocrx_word' id='word_1_121' title='bbox 708 1857 1021 1931; x_wconf 89' lang='lat' dir='ltr'>XXVIII.</span> <span class='ocrx_word' id='word_1_122' title='bbox 1105 1857 1351 1933; x_wconf 84' lang='lat' dir='ltr'><em>Utrum</em></span> <span class='ocrx_word' id='word_1_123' title='bbox 1420 1859 1531 1931; x_wconf 80' lang='lat' dir='ltr'><em>Iex</em></span> <span class='ocrx_word' id='word_1_124' title='bbox 1596 1859 1903 1931; x_wconf 84' lang='lat' dir='ltr'><em>humana</em></span> <span class='ocrx_word' id='word_1_125' title='bbox 1963 1872 2032 1932; x_wconf 92' lang='lat' dir='ltr'><em>et</em></span> <span class='ocrx_word' id='word_1_126' title='bbox 2111 1858 2273 1932; x_wconf 66' lang='lat' dir='ltr'><em>Cn».</em></span> <span class='ocrx_word' id='word_1_127' title='bbox 2332 1858 2654 1930; x_wconf 87' lang='lat' dir='ltr'>XXXIII.</span> <span class='ocrx_word' id='word_1_128' title='bbox 2721 1856 2966 1931; x_wconf 89' lang='lat' dir='ltr'><em>Utrum</em></span> <span class='ocrx_word' id='word_1_129' title='bbox 2996 1855 3175 1954; x_wconf 74' lang='lat' dir='ltr'><em>[eyes</em></span> <span class='ocrx_word' id='word_1_130' title='bbox 3196 1855 3507 1953; x_wconf 85' lang='lat' dir='ltr'><em>propriae</em></span> <span class='ocrx_word' id='word_1_131' title='bbox 3530 1854 3669 1929; x_wconf 89' lang='lat' dir='ltr'><em>ali-</em></span> 
     </span>
     <span class='ocr_line' id='line_1_14' title="bbox 568 1976 3668 2079; baseline -0.001 -28"><span class='ocrx_word' id='word_1_132' title='bbox 568 1979 798 2051; x_wconf 78' lang='lat' dir='ltr'><em>eivilis</em></span> <span class='ocrx_word' id='word_1_133' title='bbox 827 1981 1079 2079; x_wconf 74' lang='lat' dir='ltr'><em>obliyet</em></span> <span class='ocrx_word' id='word_1_134' title='bbox 1103 1982 1227 2054; x_wconf 77' lang='lat' dir='ltr'><em>sub</em></span> <span class='ocrx_word' id='word_1_135' title='bbox 1256 1980 1566 2066; x_wconf 84' lang='lat' dir='ltr'><em>mortali,</em></span> <span class='ocrx_word' id='word_1_136' title='bbox 1598 1994 1675 2054; x_wconf 90' lang='lat' dir='ltr'><em>ut</em></span> <span class='ocrx_word' id='word_1_137' title='bbox 1722 2005 1809 2055; x_wconf 75' lang='lat' dir='ltr'><em>ex</em></span> <span class='ocrx_word' id='word_1_138' title='bbox 1857 2006 2032 2055; x_wconf 81' lang='lat' dir='ltr'><em>con-</em></span> <span class='ocrx_word' id='word_1_139' title='bbox 2209 1977 2407 2075; x_wconf 78' lang='lat' dir='ltr'><em>eujus</em></span> <span class='ocrx_word' id='word_1_140' title='bbox 2437 1977 2775 2052; x_wconf 84' lang='lat' dir='ltr'><em>territorii</em></span> <span class='ocrx_word' id='word_1_141' title='bbox 2806 1976 3109 2074; x_wconf 75' lang='lat' dir='ltr'><em>obliqent</em></span> <span class='ocrx_word' id='word_1_142' title='bbox 3153 1978 3456 2052; x_wconf 77' lang='lat' dir='ltr'><em>advenas</em></span> <span class='ocrx_word' id='word_1_143' title='bbox 3502 1978 3668 2049; x_wconf 86' lang='lat' dir='ltr'><em>dum</em></span> 
     </span>
     <span class='ocr_line' id='line_1_15' title="bbox 572 2100 2667 2198; baseline -0.002 -23"><span class='ocrx_word' id='word_1_144' title='bbox 572 2116 839 2198; x_wconf 78' lang='lat' dir='ltr'><em>temptu¹</em></span> <span class='ocrx_word' id='word_1_145' title='bbox 872 2127 1012 2176; x_wconf 82' lang='lat' dir='ltr'><em>non</em></span> <span class='ocrx_word' id='word_1_146' title='bbox 1054 2104 1376 2188; x_wconf 88' lang='lat' dir='ltr'><em>violetur,</em></span> <span class='ocrx_word' id='word_1_147' title='bbox 1430 2104 1644 2177; x_wconf 89' lang='lat' dir='ltr'><em>etiam</em></span> <span class='ocrx_word' id='word_1_148' title='bbox 1690 2104 1766 2176; x_wconf 86' lang='lat' dir='ltr'><em>in</em></span> <span class='ocrx_word' id='word_1_149' title='bbox 1807 2103 2029 2176; x_wconf 86' lang='lat' dir='ltr'><em>mini-</em></span> <span class='ocrx_word' id='word_1_150' title='bbox 2208 2100 2307 2172; x_wconf 85' lang='lat' dir='ltr'><em>ibi</em></span> <span class='ocrx_word' id='word_1_151' title='bbox 2336 2100 2667 2173; x_wconf 78' lang='lat' dir='ltr'><em>existunt.</em></span> 
     </span>
     <span class='ocr_line' id='line_1_16' title="bbox 566 2219 3667 2317; baseline -0.001 -20"><span class='ocrx_word' id='word_1_152' title='bbox 566 2224 724 2297; x_wconf 70' lang='lat' dir='ltr'><em>mie.</em></span> <span class='ocrx_word' id='word_1_153' title='bbox 2109 2222 2272 2297; x_wconf 63' lang='lat' dir='ltr'><em>Cn».</em></span> <span class='ocrx_word' id='word_1_154' title='bbox 2329 2223 2642 2295; x_wconf 90' lang='lat' dir='ltr'>XXXIV.</span> <span class='ocrx_word' id='word_1_155' title='bbox 2707 2220 2954 2296; x_wconf 92' lang='lat' dir='ltr'><em>Utrum</em></span> <span class='ocrx_word' id='word_1_156' title='bbox 2990 2220 3170 2317; x_wconf 73' lang='grc'><em>[6963</em></span> <span class='ocrx_word' id='word_1_157' title='bbox 3205 2219 3667 2315; x_wconf 71' lang='lat' dir='ltr'><em>civilesjustoe</em></span> 
     </span>
    </p>
   </div>
   <div class='ocr_carea' id='block_1_5' title="bbox 469 2344 3666 2688">
    <p class='ocr_par' dir='ltr' id='par_1_9' title="bbox 469 2344 3666 2688">
     <span class='ocr_line' id='line_1_17' title="bbox 469 2344 3466 2446; baseline -0.002 -25"><span class='ocrx_word' id='word_1_158' title='bbox 469 2347 629 2421; x_wconf 71' lang='lat' dir='ltr'>Cu».</span> <span class='ocrx_word' id='word_1_159' title='bbox 688 2349 942 2422; x_wconf 92' lang='lat' dir='ltr'>XXIX.</span> <span class='ocrx_word' id='word_1_160' title='bbox 1007 2347 1254 2423; x_wconf 85' lang='lat' dir='ltr'><em>Utrum</em></span> <span class='ocrx_word' id='word_1_161' title='bbox 1286 2349 1397 2421; x_wconf 78' lang='lat' dir='ltr'><em>lex</em></span> <span class='ocrx_word' id='word_1_162' title='bbox 1438 2350 1743 2422; x_wconf 84' lang='lat' dir='ltr'><em>humana</em></span> <span class='ocrx_word' id='word_1_163' title='bbox 1774 2347 2029 2446; x_wconf 74' lang='lat' dir='ltr'><em>obliyet</em></span> <span class='ocrx_word' id='word_1_164' title='bbox 2209 2346 2510 2443; x_wconf 76' lang='lat' dir='ltr'><em>obliqent</em></span> <span class='ocrx_word' id='word_1_165' title='bbox 2546 2344 3082 2419; x_wconf 68' lang='lat' dir='ltr'><em>Ecclesiastico-5</em></span> <span class='ocrx_word' id='word_1_166' title='bbox 3110 2368 3466 2439; x_wconf 78' lang='lat' dir='ltr'><em>personas,</em></span> 
     </span>
     <span class='ocr_line' id='line_1_18' title="bbox 572 2466 3666 2567; baseline -0.001 -25"><span class='ocrx_word' id='word_1_167' title='bbox 572 2470 663 2542; x_wconf 86' lang='lat' dir='ltr'><em>ad</em></span> <span class='ocrx_word' id='word_1_168' title='bbox 712 2471 994 2543; x_wconf 87' lang='lat' dir='ltr'><em>modum</em></span> <span class='ocrx_word' id='word_1_169' title='bbox 1044 2470 1348 2553; x_wconf 71' lang='lat' dir='ltr'><em>virtutiS,</em></span> <span class='ocrx_word' id='word_1_170' title='bbox 1412 2484 1480 2543; x_wconf 90' lang='lat' dir='ltr'><em>et</em></span> <span class='ocrx_word' id='word_1_171' title='bbox 1534 2485 2029 2567; x_wconf 76' lang='lat' dir='ltr'><em>consequenter</em></span> <span class='ocrx_word' id='word_1_172' title='bbox 2106 2469 2270 2543; x_wconf 70' lang='lat' dir='ltr'><em>Cn».</em></span> <span class='ocrx_word' id='word_1_173' title='bbox 2326 2471 2605 2543; x_wconf 88' lang='lat' dir='ltr'>XXXV.</span> <span class='ocrx_word' id='word_1_174' title='bbox 2671 2468 2918 2543; x_wconf 90' lang='lat' dir='ltr'><em>Utrum</em></span> <span class='ocrx_word' id='word_1_175' title='bbox 2976 2466 3332 2564; x_wconf 75' lang='lat' dir='ltr'><em>leqislator</em></span> <span class='ocrx_word' id='word_1_176' title='bbox 3383 2467 3528 2540; x_wconf 72' lang='lat' dir='ltr'><em>suis</em></span> <span class='ocrx_word' id='word_1_177' title='bbox 3563 2467 3666 2540; x_wconf 87' lang='lat' dir='ltr'><em>le-</em></span> 
     </span>
     <span class='ocr_line' id='line_1_19' title="bbox 569 2590 2796 2688; baseline 0 -27"><span class='ocrx_word' id='word_1_178' title='bbox 569 2614 703 2685; x_wconf 87' lang='lat' dir='ltr'><em>quo</em></span> <span class='ocrx_word' id='word_1_179' title='bbox 739 2603 899 2662; x_wconf 85' lang='lat' dir='ltr'><em>actu</em></span> <span class='ocrx_word' id='word_1_180' title='bbox 929 2590 1330 2687; x_wconf 85' lang='lat' dir='ltr'><em>impleatur.</em></span> <span class='ocrx_word' id='word_1_181' title='bbox 2204 2592 2400 2687; x_wconf 75' lang='lat' dir='ltr'><em>yibus</em></span> <span class='ocrx_word' id='word_1_182' title='bbox 2430 2592 2796 2688; x_wconf 75' lang='lat' dir='ltr'><em>obliqetur.</em></span> 
     </span>
    </p>
   </div>
  </div>
 </body>
</html>
