3976 6219
484 514 557 568 tu
586 500 926 581 religionis,
955 500 1009 562 si
1042 501 1363 582 contingat
1390 503 1620 566 habere
1641 521 1888 566 causam
1907 523 2048 585 per-

485 605 765 682 petuam,
799 612 910 656 seu
952 591 1238 656 eamdem
1281 597 1588 659 rationem
1635 598 1704 659 in
1752 599 1884 678 ipsa
1936 599 2051 661 du-

485 691 726 753 ratione
772 692 944 750 actus
978 705 1088 750 seu
1129 688 1282 751 effec
1290 698 1386 750 tus
1432 692 1590 771 ejus,
1642 710 1782 771 quae
1820 692 1943 754 fuit
1979 693 2049 754 in

483 783 619 865 ipso
644 781 802 843 fieri.

570 879 628 939 4.
671 874 908 955 Romala
939 875 1193 939 secunda
1210 893 1250 938 a
1281 875 1542 958 Vasqm
1570 875 2052 941 melita—Alia

484 968 704 1050 regula
757 968 1034 1049 ejusdem
1074 969 1340 1030 auctoris
1388 976 1501 1033 est.
1540 971 1788 1045 Quoties
1824 971 1928 1034 lex
1962 973 2052 1033 ita

484 1062 774 1145 prohibet
802 1060 1161 1141 simpliciter
1186 1068 1395 1124 actum
1418 1069 1585 1124 certo
1603 1065 1818 1143 generi
1844 1083 2054 1144 perso-

483 1174 711 1219 narum
739 1160 811 1215 ut
840 1154 1122 1234 designet
1145 1155 1495 1235 legitimum
1522 1161 1835 1219 auctorem
1862 1158 2049 1234 illius,

485 1253 931 1329 consequenter
960 1248 1203 1309 iia-itare
1231 1255 1439 1310 actum
1472 1254 1688 1311 contra
1712 1249 1886 1310 illam
1913 1269 2053 1329 pro-

484 1341 856 1403 hibitionem
886 1341 1143 1417 factum,
1173 1341 1417 1403 etiamsi
1450 1342 1608 1403 nihil
1639 1341 1811 1404 aliud
1833 1349 2056 1421 praeter

489 1433 973 1516 prohibitionem
1014 1434 1296 1513 explicet.
1346 1436 1482 1496 Non
1522 1436 1795 1513 assignat
1843 1441 2054 1496 autem

488 1526 862 1606 generalem.
882 1526 1189 1588 rationem
1213 1526 1401 1607 hujus
1438 1528 1693 1607 regulas,
1728 1528 1834 1588 sed
1866 1528 2055 1589 variis

487 1620 785 1700 exemplis
811 1620 1023 1699 legum
1049 1620 1491 1700 pertinentium
1515 1621 1595 1683 ad
1608 1627 1978 1683 testamenta
1993 1627 2057 1683 et

487 1714 891 1776 alienationes
915 1714 1090 1775 illam
1122 1715 1483 1778 confirmat:
1510 1721 1581 1776 ut
1603 1722 1751 1778 sunt
1775 1715 1900 1777 illae
1916 1734 2056 1796 quae

484 1807 817 1888 prohibent
857 1807 1165 1887 aliquibus
1190 1810 1469 1888 personis
1496 1810 1729 1886 testari,
1762 1810 1861 1871 vel
1894 1810 2055 1871 desi-

488 1906 687 1978 gnant
729 1906 969 1980 partem
1011 1901 1378 1980 legitimam,
1410 1903 1487 1964 de
1522 1922 1645 1983 qua
1675 1904 1888 1964 testari
1917 1920 2056 1982 pos-

489 1998 670 2071 suntj,
714 1993 866 2054 item
897 1994 1063 2072 leges
1086 2012 1226 2073 quae
1248 1995 1580 2074 prohibent
1614 1993 1883 2058 alienare
1911 2014 2053 2076 pro-

487 2098 626 2162 pter
659 2085 1132 2164 incapacitatem
1175 2088 1519 2165 judicatam
1561 2089 1898 2150 secundum
1943 2088 2057 2148 ali-

487 2194 676 2254 quem
701 2179 957 2237 modum
986 2197 1024 2239 a
1048 2179 1185 2257 lege
1203 2181 1885 2261 praescriptum.1uhac
1907 2200 2056 2242 vero

485 2269 749 2346 regula'
731 2270 1040 2350 imprimis
1058 2271 1440 2334 desideratur
1457 2275 1705 2355 propria
1723 2276 1855 2354 ejus
1867 2274 2051 2335 ratio.

487 2360 566 2419 Et
590 2368 884 2440 praeterea
898 2363 966 2424 in
989 2363 1202 2425 multis
1222 2365 1462 2444 legibus
1487 2367 1683 2427 videri
1707 2372 1908 2446 potest
1924 2366 2058 2427 haec

488 2453 709 2531 regula
728 2473 1074 2535 repugnare
1101 2460 1491 2537 praecedenti.
1522 2461 1679 2521 Nam
1690 2461 1872 2539 juxta
1893 2459 2059 2520 hanc

488 2547 773 2624 regulam
795 2547 897 2609 lex
921 2550 1257 2629 prohibens
1284 2553 1588 2615 minorem
1613 2553 1922 2614 sexdecim
1944 2571 2059 2613 an-

490 2657 718 2700 norum
751 2641 1048 2720 profiteri,
1094 2644 1363 2708 irritaret
1405 2652 1615 2708 actum
1643 2651 1857 2707 contra
1882 2645 2060 2706 illam

489 2731 725 2794 factum
774 2751 852 2795 ex
898 2735 964 2795 iri
994 2736 1430 2815 prohibitionis
1443 2783 1465 2815 ,
1509 2739 1753 2800 etiamsi
1792 2737 2063 2817 amplius

491 2841 621 2884 non
648 2826 1026 2903 procederet,
1064 2829 1213 2908 quia
1239 2835 1330 2891 est
1354 2829 1457 2892 lex
1482 2830 1816 2909 prohibens
1850 2835 2063 2891 actum

493 2923 660 2979 certo
687 2919 900 2996 generi
922 2937 1347 2999 personarum,
1373 2928 1445 2983 ut
1469 2923 1687 3001 regula
1706 2922 1874 2984 dicit.
1908 2924 2064 2984 Con-

495 3027 758 3088 sequens
807 3016 1019 3072 autem
1059 3018 1124 3073 et
1158 3020 1250 3075 est
1283 3014 1531 3092 falsum,
1584 3020 1656 3076 ut
1704 3021 1941 3076 constat
1984 3033 2064 3077 ex

490 3103 630 3184 jure
656 3104 936 3184 antiquo,
968 3112 1030 3168 et
1067 3116 1373 3188 repugnat
1403 3109 1596 3190 priori
1628 3109 1884 3189 regulas,
1915 3109 2065 3190 quia

496 3196 832 3276 prohibitio
871 3215 1001 3259 non
1036 3198 1111 3260 fit
1144 3201 1326 3263 titulo
1353 3202 1631 3283 justitiae,
1674 3202 1782 3264 sed
1813 3202 2063 3281 religio-

497 3288 615 3348 nis.
647 3289 900 3379 Quodsi
926 3291 1058 3352 haec
1087 3293 1306 3373 regula
1330 3295 1743 3373 restringatur
1764 3294 1844 3355 ad
1856 3294 2063 3372 legem

498 3379 933 3458 prohibentem
963 3383 1196 3446 intuitu
1214 3386 1496 3464 justitias,
1519 3387 1607 3448 sic
1627 3404 1755 3447 non
1783 3392 1968 3451 erunt
1984 3386 2066 3447 ad

498 3489 633 3535 rem
665 3475 946 3555 exempla
985 3495 1122 3556 quae
1155 3477 1500 3540 afferuntur
1551 3479 1629 3541 de
1654 3480 1912 3560 prodigo
1954 3479 2067 3559 qui

501 3565 845 3645 prohibitus
868 3575 961 3654 est
978 3569 1270 3645 alienare,
1296 3571 1443 3650 quia
1458 3571 1567 3633 illa
1584 3571 1917 3651 prohibitio
1935 3588 2067 3632 non

502 3659 574 3720 fit
599 3661 781 3721 titulo
807 3661 1045 3722 vitandi
1086 3663 1479 3741 injustitiam,
1518 3664 1627 3725 sed
1661 3664 1899 3725 vitandi
1926 3682 2069 3744 pro-

503 3752 888 3830 digalitatem
940 3759 1005 3814 et
1029 3754 1491 3833 dissipationem
1514 3755 1842 3818 bonorum.
1878 3756 1955 3816 Et
1984 3755 2067 3817 si-

503 3844 735 3906 militer
768 3845 871 3906 lex
895 3846 1224 3924 prohibens
1263 3849 1493 3911 minori
1517 3867 1600 3911 ne
1624 3855 2067 3912 testamentum

500 3937 687 3997 faciat
729 3955 858 3998 non
887 3938 1158 4001 irritabit
1192 3945 1657 4019 testamentum,
1690 3943 1841 4021 quia
1872 3943 2063 4005 etiam

502 4029 602 4090 lex
628 4047 757 4090 non
796 4028 869 4090 fit
907 4031 1140 4093 intuitu
1167 4033 1422 4113 justitiae
1436 4080 1459 4111 ,
1492 4035 1599 4096 sed
1644 4035 2064 4096 convenientis

500 4122 914 4202 dispositionis
936 4125 1160 4186 talium
1186 4127 1514 4188 bonorum.
1542 4128 1665 4189 Cur
1687 4145 1835 4206 ergo
1855 4128 2066 4206 prohi-

503 4217 659 4277 bitio
706 4235 864 4297 pura
914 4222 1266 4283 testamenti
1308 4240 1585 4301 personoe
1627 4222 1856 4284 minori
1900 4222 2068 4283 facta

501 4309 705 4371 irritat
735 4315 1198 4389 testamentum,
1233 4314 1567 4394 prohibitio
1601 4319 1813 4375 autem
1835 4314 2067 4393 profes-

501 4401 691 4463 sionis
717 4401 882 4465 facta
910 4404 1111 4468 eidem
1141 4425 1268 4469 non
1299 4407 1504 4468 irritat
1534 4407 2025 4485 professionem?

582 4498 641 4559 5.
665 4498 901 4577 Reqaea
926 4501 1249 4563 Mmdozoe.
1269 4532 1354 4548 -
1380 4500 1557 4564 Unde
1580 4502 1877 4563 Mendoza
1898 4501 2066 4563 infra

502 4590 805 4667 citandus,
844 4592 1115 4654 sentiens
1153 4594 1356 4672 legem
1383 4592 1629 4654 civilem
1669 4611 1825 4674 pure
1856 4595 2066 4673 prohi-

501 4682 751 4744 bentem
783 4683 1117 4763 aliquando
1147 4686 1392 4747 irritare
1422 4691 1630 4747 actum
1655 4686 1723 4746 in
1753 4687 2066 4750 conscien-

500 4776 612 4851 tia,
634 4775 822 4836 aliam
839 4777 1298 4839 distinctionem
1322 4795 1396 4839 ac
1420 4778 1703 4857 reguiam
1721 4781 2057 4843 constituit.

500 4867 954 4947 Distinguitque
1003 4875 1130 4930 tres
1172 4870 1418 4931 ordines
1464 4870 1680 4949 legum
1709 4887 1728 4932 ι
1778 4873 2064 4952 quaedam

500 4965 648 5021 sunt
668 4978 806 5039 quae
827 4961 1164 5041 respiciunt
1187 4962 1520 5025 utilitatem
1538 4964 1671 5044 ejus
1689 4966 1868 5044 cujus
1888 4973 2063 5029 actus

496 5053 890 5133 prohibetur-3
924 5055 1063 5117 aliae
1086 5074 1225 5135 quoe
1247 5056 1591 5136 respiciunt
1612 5058 1946 5121 utilitatem
1974 5059 2064 5121 al-

496 5145 688 5208 terius
703 5148 903 5228 tertii3
921 5147 1206 5228 quaedam
1218 5168 1357 5230 quae
1369 5150 1631 5230 publicas
1646 5151 1900 5213 utilitati
1916 5171 2061 5215 con·

496 5239 732 5300 sulunt.
760 5242 848 5303 De
874 5242 1089 5322 primis
1120 5243 1390 5304 affirmat
1415 5261 1544 5304 non
1570 5244 1814 5308 irritare
1848 5252 2058 5308 actum

495 5334 563 5393 in
604 5334 998 5412 conscientia,
1045 5354 1174 5397 non
1209 5334 1408 5398 solum
1451 5356 1604 5416 pure
1644 5340 2052 5419 prohibendo,

494 5426 602 5487 sed
620 5427 862 5489 etiamsi
878 5428 1109 5490 addant
1122 5429 1459 5495 clausulam
1477 5431 1849 5510 irritantem,
1865 5451 2057 5513 quam

494 5523 671 5600 putat
697 5520 899 5590 solum
923 5523 1166 5605 operari
1205 5523 1275 5588 ιιι
1301 5525 1518 5590 ordine
1550 5527 1630 5589 ad
1656 5526 1928 5590 dandam
1956 5526 2059 5589 vel

1390 404 1507 457 Lm.
1543 405 1604 456 V.
1637 404 1720 457 DE
1753 403 2107 457 VARIETATE
2139 406 2346 460 mem!
2381 401 2789 458 utrumnum.

2127 506 2462 569 tollendam
2504 503 2811 565 actionem
2850 501 2918 562 in
2957 500 3092 562 foro
3117 501 3428 564 exteriori.
3477 502 3565 562 De
3604 518 3706 562 se-

2129 600 2345 660 cundis
2366 616 2512 661 vero
2535 602 2598 658 et
2624 595 2821 658 tertiis
2842 594 3086 673 legibus
3123 595 3214 656 ait
3237 595 3484 656 irritare
3524 600 3705 655 actus

2129 698 2345 755 contra
2364 692 2567 770 legem
2588 689 2802 765 factm,
2821 688 3012 750 etiam
3036 689 3105 748 ιιι
3122 688 3257 749 foro
3276 688 3702 762 conscientiae,

2130 793 2193 849 et
2231 805 2343 868 per
2371 784 2655 866 exempla
2695 801 2833 864 quae
2860 781 3120 844 adduxit
3153 782 3388 843 indicat
3412 782 3588 861 loqui
3625 782 3707 842 de

2129 879 2253 943 illis
2274 879 2541 959 legibuS,
2570 877 2816 941 etiamsi
2842 893 2998 955 pure
3017 874 3411 956 prohibeant.
3438 876 3710 937 Verum-

2129 980 2342 1036 tamen
2374 974 2648 1052 primum
2676 969 3030 1032 membrum
3065 967 3270 1048 quoad
3297 968 3705 1048 posteriorem

2131 1072 2376 1148 partem
2400 1065 2629 1126 falsum
2663 1068 2780 1138 est,
2818 1068 2890 1122 ut
2918 1066 3158 1122 constat
3191 1078 3269 1122 ex
3301 1061 3501 1140 capite
3542 1078 3708 1140 prae-

2134 1162 2400 1222 cedenti.
2457 1158 2671 1233 Quoad
2736 1157 3007 1238 priorem
3048 1170 3199 1217 vero
3254 1155 3436 1216 facile
3497 1161 3707 1235 potest

2134 1255 2401 1330 admitti,
2446 1255 2630 1332 juxta
2683 1250 3035 1331 generalem
3083 1248 3367 1328 regulam
3420 1256 3706 1310 nostram

2134 1367 2269 1428 cap.
2305 1350 2384 1409 25
2421 1346 2710 1427 positam,
2756 1361 2897 1423 quae
2936 1344 3006 1404 ιιι
3045 1342 3270 1403 talibus
3299 1342 3542 1422 legibus
3572 1361 3708 1403 non

2136 1447 2226 1502 est
2263 1459 2372 1502 cur
2411 1440 2683 1519 patiatur
2718 1436 3169 1515 exceptionem,
3211 1452 3355 1496 cum
3396 1436 3521 1496 sint
3544 1435 3711 1514 juris

2134 1534 2382 1615 privati,
2426 1534 2548 1595 nisi
2586 1531 2745 1593 forte
2782 1528 3121 1609 prohibitio
3148 1529 3455 1608 pertineat
3479 1528 3559 1589 ad
3595 1528 3710 1589 de-

2133 1629 2365 1689 tectum
2408 1624 2878 1688 substantialem
2920 1624 2987 1683 in
3029 1623 3234 1685 forma
3277 1628 3474 1699 actus,
3520 1624 3710 1702 juxta

2136 1721 2396 1787 dicenda
2421 1721 2489 1781 in
2521 1720 2720 1798 capite
2747 1717 3048 1797 sequenti.
3095 1718 3168 1777 In
3195 1717 3462 1777 secundo
3489 1722 3708 1778 autem

2134 1813 2417 1875 membro
2456 1812 2534 1873 de
2576 1810 2817 1888 legibus
2859 1808 3328 1888 respicientibus
3367 1808 3707 1869 utilitatem

2135 1906 2386 1967 alterius
2403 1951 2424 1980 ,
2470 1921 2600 1965 non
2640 1903 2819 1962 video
2861 1901 3170 1980 quomodo
3214 1900 3465 1961 fundari
3513 1901 3708 1979 possit

2134 2000 2297 2079 quod
2320 2017 2477 2078 pura
2496 1994 2830 2077 prohibitio
2848 1993 3130 2075 annullet
3146 1999 3389 2070 actum3
3425 2012 3571 2053 nam
3599 1993 3705 2054 lex

2136 2092 2213 2153 de
2250 2110 2314 2152 se
2350 2090 2709 2152 indifferens
2747 2093 2861 2162 est,
2900 2093 2971 2146 ut
3000 2086 3344 2165 praetendat
3370 2086 3706 2147 utilitatem

2135 2191 2225 2246 ter
2232 2186 2329 2260 tii,
2345 2185 2445 2246 vel
2464 2190 2708 2244 tantum
2729 2180 3112 2260 prohibendo
3140 2184 3369 2255 actum,
3388 2180 3488 2240 vel
3511 2180 3705 2241 etiam

2136 2278 2459 2339 irritand0.
2497 2278 2577 2337 Ut
2608 2276 2660 2336 si
2688 2273 3009 2354 prohibeat
3036 2272 3253 2334 clerico
3282 2272 3484 2333 facere
3513 2273 3707 2333 dona-

2136 2372 2335 2432 tiones
2362 2369 2653 2450 profanas
2691 2366 2773 2428 ob
2809 2365 3141 2426 utilitatem
3186 2382 3551 2443 pauperum,
3594 2384 3708 2444 po-

2137 2468 2258 2525 test
2306 2464 2371 2524 id
2418 2462 2644 2536 facere,
2703 2459 2800 2521 vel
2852 2464 3097 2519 tantum
3141 2457 3551 2536 prohibendo,
3604 2458 3709 2520 vel

2140 2556 2327 2617 etiam
2372 2552 2710 2627 irritand03
2760 2567 2908 2629 ergo
2953 2569 3033 2611 ex
3073 2549 3181 2610 illo
3215 2549 3341 2610 fine
3383 2568 3514 2610 non
3559 2549 3710 2609 satis

2141 2648 2454 2726 colligitur
2488 2644 2754 2707 irritatio
2797 2661 2908 2722 per
2954 2643 3144 2703 solam
3184 2641 3708 2721 prohibitionem,

2142 2740 2263 2800 nisi
2279 2738 2542 2800 addatur
2559 2738 2627 2797 in
2648 2736 2788 2813 lege
2810 2734 3060 2814 aliquod
3083 2734 3343 2795 verbum
3358 2752 3482 2812 quo
3510 2734 3716 2811 signi-

2142 2831 2365 2892 ficetur
2387 2829 2623 2909 aliquid
2647 2829 2914 2908 operari,
2926 2834 2998 2887 ut
3020 2826 3317 2904 contingit
3334 2826 3403 2886 in
3420 2826 3710 2906 exemplo

2144 2923 2221 2985 de
2248 2924 2384 3002 lege
2413 2922 2778 3002 prohibente
2804 2921 3133 2982 meliorare
3159 2919 3362 2980 filium
3384 2919 3547 2980 ultra
3575 2938 3711 2981 cer-

2142 3021 2273 3077 tam
2318 3016 2754 3096 quantitatem,
2797 3022 2870 3075 ut
2905 3015 3105 3093 capite
3150 3013 3431 3091 sequenti
3470 3012 3700 3073 dicam.

2142 3108 2337 3172 Multo
2363 3128 2512 3170 vero
2538 3109 2748 3170 minus
2774 3113 2972 3187 potest
2994 3105 3287 3168 sustineri
3314 3104 3422 3167 illa
3448 3124 3705 3184 genera-

2141 3201 2219 3262 lis
2267 3201 2485 3280 regula
2534 3202 2603 3262 in
2651 3200 2893 3280 legibus
2946 3199 3418 3280 prohibentibus
3470 3198 3707 3278 aliquid

2143 3300 2392 3374 propter
2419 3312 2749 3356 commune
2775 3294 3038 3369 bonum,
3063 3294 3211 3373 quia
3241 3293 3430 3355 etiam
3456 3298 3708 3372 propter

2144 3385 2325 3447 illum
2352 3386 2541 3448 finem
2567 3392 2768 3467 potest
2793 3385 2933 3448 fieri
2966 3385 3300 3465 prohibitio
3331 3386 3465 3446 sine
3491 3385 3706 3446 irrita-

2144 3480 2338 3555 tione,
2368 3484 2441 3540 ut
2470 3484 2641 3559 patet
2664 3480 2732 3540 ιιι
2759 3478 3177 3559 prohibitione
3207 3478 3363 3554 ludi,
3390 3477 3491 3538 vel
3517 3477 3708 3538 dona-

2144 3573 2389 3633 tionum
2418 3590 2557 3651 quae
2590 3572 2753 3633 fiunt
2793 3572 3093 3633 ministris
3112 3572 3389 3650 justitiae.
3436 3573 3512 3632 Et
3539 3571 3706 3632 idem

2146 3665 2464 3728 invenitur
2502 3666 2571 3725 in
2607 3666 2889 3745 exemplo
2929 3683 3054 3744 quo
3092 3664 3292 3726 utitur
3324 3664 3431 3725 ille
3466 3670 3701 3741 auctor,

2144 3758 2224 3819 de
2249 3757 2386 3836 lege
2412 3762 2665 3819 taxante
2694 3758 2790 3820 rei
2813 3759 3086 3837 pretium
3115 3762 3178 3820 et
3203 3757 3567 3836 prohibente
3606 3775 3705 3818 ca-

2146 3851 2277 3912 rius
2302 3850 2567 3912 vendere
2577 3865 2599 3927 3
2640 3868 2790 3911 nam
2829 3857 3000 3912 actus
3052 3855 3268 3911 contra
3300 3850 3477 3910 illam
3500 3850 3706 3928 legem

2146 3962 2275 4004 non
2302 3947 2396 4004 est
2425 3942 2635 4004 nullus
2660 3959 2677 4004 ε
2701 3943 2869 4004 valet
2895 3943 3083 4005 etiam
3110 3943 3414 4018 venditio,
3448 3942 3587 4003 licet
3609 3943 3705 4003 in·

2140 4038 2309 4116 justa
2331 4035 2410 4096 sit
2451 4041 2513 4097 et
2538 4035 2851 4116 relinquat
2877 4035 3317 4115 obligationem
3343 4034 3707 4097 restituendi

2147 4145 2489 4190 excessum.

2229 4223 2290 4282 6.
2333 4224 2509 4285 Mem
2535 4222 2938 4286 auctoris-
2966 4222 3112 4283 Dico
3152 4239 3303 4300 ergo
3326 4221 3530 4301 legem
3552 4240 3708 4301 pure

2145 4313 2580 4394 prohibentem
2598 4331 2924 4394 nunquam
2948 4314 3192 4376 irritare
3209 4320 3443 4390 actum,
3469 4314 3589 4375 nisi
3608 4313 3707 4376 vel

2147 4426 2225 4470 ex
2256 4425 2331 4469 ea
2356 4413 2591 4468 constet
2617 4425 2745 4469 non
2769 4407 2972 4468 solum
2996 4407 3321 4488 prohibere
3343 4413 3574 4483 actum,
3601 4407 3708 4468 sed

2144 4501 2337 4562 etiam
2385 4499 2686 4580 impedire
2739 4500 3054 4576 effectum,
3104 4519 3215 4562 seu
3266 4500 3708 4578 obligationem

2144 4611 2282 4675 quae
2312 4611 2424 4673 per
2461 4592 2652 4654 talem
2687 4600 2894 4654 actum
2921 4594 3134 4655 induci
3165 4600 3430 4673 poterat,
3453 4594 3556 4655 vel
3594 4593 3709 4655 ali-

2146 4705 2269 4766 quo
2324 4685 2508 4747 modo
2552 4685 2885 4747 constituat
2927 4692 3037 4748 aut
3073 4693 3382 4768 supponat
3420 4687 3707 4748 substan-

2144 4780 2359 4840 tialem
2405 4777 2674 4839 formam
2719 4784 2916 4855 actus,
2962 4783 3027 4840 et
3068 4779 3148 4840 ob
3190 4779 3357 4841 illius
3396 4780 3706 4841 defectum

2143 4879 2354 4934 actum
2370 4872 2714 4951 prohibeat.
2741 4873 2885 4934 Haec
2912 4873 3163 4934 assertio
3190 4873 3394 4952 quoad
3421 4873 3706 4952 regulam

2142 4966 2493 5045 generalem
2515 4965 2661 5026 satis
2678 4969 2771 5026 est
2786 4965 3046 5044 probata
3063 4965 3131 5025 in
3144 4966 3351 5044 prima
3366 4966 3705 5028 assertione

2143 5077 2285 5120 cum
2313 5058 2603 5119 omnibus
2633 5075 2772 5139 quae
2798 5058 2868 5118 in
2898 5058 3319 5138 superioribus
3344 5059 3507 5121 dicta
3531 5065 3701 5120 sunt.

2140 5152 2352 5227 Quoad
2378 5153 2649 5232 priorem
2672 5169 2819 5213 vero
2846 5152 3273 5231 exceptionem
3290 5152 3701 5215 declarabitur

2139 5246 2350 5307 statim
2388 5244 2816 5325 respondendo
2867 5244 2948 5305 ad
3003 5245 3276 5307 rationes
3327 5245 3657 5306 dubitandi
3682 5261 3703 5321 3

2137 5338 2343 5417 quoad
2371 5338 2771 5417 posteriorem
2797 5354 2944 5398 vero
2971 5337 3039 5397 in
3067 5338 3264 5417 capite
3291 5339 3596 5417 sequenti.
3627 5338 3706 5398 Et

2138 5432 2295 5493 ratio
2338 5432 2407 5492 in
2451 5449 2695 5492 summa
2740 5436 2851 5506 est,
2889 5431 3037 5511 quia
3072 5449 3274 5510 neque
3310 5430 3571 5491 affertur
3599 5448 3704 5491 ex-

2138 5524 2338 5606 ceptio
2374 5543 2512 5603 quoe
2543 5523 2624 5587 ad
2663 5523 2771 5587 illa
2795 5524 2920 5587 duo
2952 5524 3155 5606 capita
3185 5541 3315 5588 non
3352 5528 3702 5600 revocetur,

3679 5905 3763 6102 Χ
