<?xml version="1.0" encoding="UTF-8"?>
<!DOCTYPE html PUBLIC "-//W3C//DTD XHTML 1.0 Transitional//EN"
    "http://www.w3.org/TR/xhtml1/DTD/xhtml1-transitional.dtd">
<html xmlns="http://www.w3.org/1999/xhtml" xml:lang="en" lang="en">
 <head>
  <title>
</title>
<meta http-equiv="Content-Type" content="text/html;charset=utf-8" />
  <meta name='ocr-system' content='tesseract 3.04.00' />
  <meta name='ocr-capabilities' content='ocr_page ocr_carea ocr_par ocr_line ocrx_word'/>
</head>
<body>
  <div class='ocr_page' id='page_1' title='image "./rpfranciscisuar02duvagoog_0128.png"; bbox 0 0 3976 6219; ppageno 0'>
   <div class='ocr_carea' id='block_1_1' title="bbox 542 376 659 435">
    <p class='ocr_par' dir='ltr' id='par_1_1' title="bbox 542 376 659 435">
     <span class='ocr_line' id='line_1_1' title="bbox 542 376 659 435; baseline 0 -1"><span class='ocrx_word' id='word_1_1' title='bbox 542 376 659 435; x_wconf 79' lang='grc'><strong>110</strong></span> 
     </span>
    </p>
   </div>
   <div class='ocr_carea' id='block_1_2' title="bbox 508 475 2126 5544">
    <p class='ocr_par' dir='ltr' id='par_1_2' title="bbox 540 475 2113 1736">
     <span class='ocr_line' id='line_1_2' title="bbox 540 475 2104 560; baseline -0.004 -20"><span class='ocrx_word' id='word_1_2' title='bbox 540 485 884 560; x_wconf 89' lang='lat' dir='ltr'><strong>peccatum.</strong></span> <span class='ocrx_word' id='word_1_3' title='bbox 930 476 1104 538; x_wconf 85' lang='lat' dir='ltr'><strong>Unde</strong></span> <span class='ocrx_word' id='word_1_4' title='bbox 1143 475 1249 535; x_wconf 86' lang='lat' dir='ltr'><strong>alii</strong></span> <span class='ocrx_word' id='word_1_5' title='bbox 1289 475 1662 554; x_wconf 88' lang='lat' dir='ltr'><strong>respondent</strong></span> <span class='ocrx_word' id='word_1_6' title='bbox 1699 493 1824 535; x_wconf 89' lang='lat' dir='ltr'><strong>esse</strong></span> <span class='ocrx_word' id='word_1_7' title='bbox 1851 475 2104 553; x_wconf 90' lang='lat' dir='ltr'><strong>quidem</strong></span> 
     </span>
     <span class='ocr_line' id='line_1_3' title="bbox 544 567 2107 651; baseline -0.006 -17"><span class='ocrx_word' id='word_1_8' title='bbox 544 578 885 651; x_wconf 89' lang='lat' dir='ltr'><strong>peccatum,</strong></span> <span class='ocrx_word' id='word_1_9' title='bbox 912 569 1018 631; x_wconf 87' lang='lat' dir='ltr'><strong>sed</strong></span> <span class='ocrx_word' id='word_1_10' title='bbox 1040 587 1167 629; x_wconf 88' lang='lat' dir='ltr'><strong>non</strong></span> <span class='ocrx_word' id='word_1_11' title='bbox 1188 585 1314 642; x_wconf 78' lang='lat' dir='ltr'><strong>esse</strong></span> <span class='ocrx_word' id='word_1_12' title='bbox 1337 567 1603 647; x_wconf 88' lang='lat' dir='ltr'><strong>culpam,</strong></span> <span class='ocrx_word' id='word_1_13' title='bbox 1630 568 1831 627; x_wconf 86' lang='lat' dir='ltr'><strong>sinon</strong></span> <span class='ocrx_word' id='word_1_14' title='bbox 1856 567 1935 626; x_wconf 90' lang='lat' dir='ltr'><strong>sit</strong></span> <span class='ocrx_word' id='word_1_15' title='bbox 1961 584 2107 626; x_wconf 91' lang='lat' dir='ltr'><strong>con-</strong></span> 
     </span>
     <span class='ocr_line' id='line_1_4' title="bbox 541 660 2104 741; baseline -0.005 -16"><span class='ocrx_word' id='word_1_16' title='bbox 541 670 639 725; x_wconf 91' lang='lat' dir='ltr'><strong>tra</strong></span> <span class='ocrx_word' id='word_1_17' title='bbox 666 664 891 741; x_wconf 90' lang='lat' dir='ltr'><strong>legem.</strong></span> <span class='ocrx_word' id='word_1_18' title='bbox 938 661 1058 723; x_wconf 87' lang='lat' dir='ltr'><strong>Sed</strong></span> <span class='ocrx_word' id='word_1_19' title='bbox 1096 661 1213 721; x_wconf 92' lang='lat' dir='ltr'><strong>hoc</strong></span> <span class='ocrx_word' id='word_1_20' title='bbox 1254 660 1441 721; x_wconf 86' lang='lat' dir='ltr'><strong>etiam</strong></span> <span class='ocrx_word' id='word_1_21' title='bbox 1477 660 1721 720; x_wconf 83' lang='lat' dir='ltr'><strong>videtur</strong></span> <span class='ocrx_word' id='word_1_22' title='bbox 1756 675 2104 737; x_wconf 88' lang='lat' dir='ltr'><strong>repugnare</strong></span> 
     </span>
     <span class='ocr_line' id='line_1_5' title="bbox 541 750 2104 830; baseline -0.005 -13"><span class='ocrx_word' id='word_1_23' title='bbox 541 758 612 817; x_wconf 93' lang='lat' dir='ltr'><strong>D.</strong></span> <span class='ocrx_word' id='word_1_24' title='bbox 644 757 897 817; x_wconf 84' lang='lat' dir='ltr'><strong>Thomae</strong></span> <span class='ocrx_word' id='word_1_25' title='bbox 923 755 991 814; x_wconf 91' lang='lat' dir='ltr'><strong>in</strong></span> <span class='ocrx_word' id='word_1_26' title='bbox 1018 753 1234 814; x_wconf 89' lang='lat' dir='ltr'><strong>eadem</strong></span> <span class='ocrx_word' id='word_1_27' title='bbox 1274 770 1335 830; x_wconf 91' lang='lat' dir='ltr'><strong>q.</strong></span> <span class='ocrx_word' id='word_1_28' title='bbox 1367 754 1470 827; x_wconf 68' lang='lat'><strong>21,</strong></span> <span class='ocrx_word' id='word_1_29' title='bbox 1514 757 1632 811; x_wconf 88' lang='lat' dir='ltr'><strong>art.</strong></span> <span class='ocrx_word' id='word_1_30' title='bbox 1664 753 1724 824; x_wconf 68' lang='lat'><strong>2,</strong></span> <span class='ocrx_word' id='word_1_31' title='bbox 1770 750 1878 810; x_wconf 90' lang='lat' dir='ltr'><strong>ubi</strong></span> <span class='ocrx_word' id='word_1_32' title='bbox 1906 751 1995 810; x_wconf 90' lang='lat' dir='ltr'><strong>ait</strong></span> <span class='ocrx_word' id='word_1_33' title='bbox 2035 751 2104 810; x_wconf 90' lang='lat' dir='ltr'><strong>in</strong></span> 
     </span>
     <span class='ocr_line' id='line_1_6' title="bbox 542 842 2102 923; baseline -0.004 -16"><span class='ocrx_word' id='word_1_34' title='bbox 542 847 777 908; x_wconf 88' lang='lat' dir='ltr'><strong>actibus</strong></span> <span class='ocrx_word' id='word_1_35' title='bbox 815 845 1025 905; x_wconf 89' lang='lat' dir='ltr'><strong>liberis</strong></span> <span class='ocrx_word' id='word_1_36' title='bbox 1073 849 1390 923; x_wconf 90' lang='lat' dir='ltr'><strong>peccatum</strong></span> <span class='ocrx_word' id='word_1_37' title='bbox 1433 848 1495 903; x_wconf 91' lang='lat' dir='ltr'><strong>et</strong></span> <span class='ocrx_word' id='word_1_38' title='bbox 1531 843 1775 921; x_wconf 88' lang='lat' dir='ltr'><strong>culpam</strong></span> <span class='ocrx_word' id='word_1_39' title='bbox 1803 842 2102 918; x_wconf 83' lang='lat' dir='ltr'><strong>converti,</strong></span> 
     </span>
     <span class='ocr_line' id='line_1_7' title="bbox 541 936 2101 1018; baseline -0.004 -18"><span class='ocrx_word' id='word_1_40' title='bbox 541 940 862 1018; x_wconf 88' lang='lat' dir='ltr'><strong>solumque</strong></span> <span class='ocrx_word' id='word_1_41' title='bbox 885 937 1133 998; x_wconf 86' lang='lat' dir='ltr'><strong>differre</strong></span> <span class='ocrx_word' id='word_1_42' title='bbox 1170 942 1452 1016; x_wconf 89' lang='lat' dir='ltr'><strong>respectu</strong></span> <span class='ocrx_word' id='word_1_43' title='bbox 1488 941 1549 996; x_wconf 92' lang='lat' dir='ltr'><strong>et</strong></span> <span class='ocrx_word' id='word_1_44' title='bbox 1575 936 2101 1010; x_wconf 82' lang='lat' dir='ltr'><strong>denominatione,</strong></span> 
     </span>
     <span class='ocr_line' id='line_1_8' title="bbox 542 1027 2107 1110; baseline -0.003 -18"><span class='ocrx_word' id='word_1_45' title='bbox 542 1031 691 1110; x_wconf 87' lang='lat' dir='ltr'><strong>quia</strong></span> <span class='ocrx_word' id='word_1_46' title='bbox 722 1036 892 1091; x_wconf 90' lang='lat' dir='ltr'><strong>actus</strong></span> <span class='ocrx_word' id='word_1_47' title='bbox 927 1030 1151 1090; x_wconf 91' lang='lat' dir='ltr'><strong>dicitur</strong></span> <span class='ocrx_word' id='word_1_48' title='bbox 1177 1034 1499 1108; x_wconf 88' lang='lat' dir='ltr'><strong>peccatum</strong></span> <span class='ocrx_word' id='word_1_49' title='bbox 1534 1046 1645 1107; x_wconf 90' lang='lat' dir='ltr'><strong>per</strong></span> <span class='ocrx_word' id='word_1_50' title='bbox 1678 1027 2107 1106; x_wconf 82' lang='lat' dir='ltr'><strong>obliquitatem</strong></span> 
     </span>
     <span class='ocr_line' id='line_1_9' title="bbox 542 1121 2108 1201; baseline -0.003 -17"><span class='ocrx_word' id='word_1_51' title='bbox 542 1142 581 1184; x_wconf 92' lang='lat' dir='ltr'><strong>a</strong></span> <span class='ocrx_word' id='word_1_52' title='bbox 609 1123 770 1185; x_wconf 88' lang='lat' dir='ltr'><strong>fine:</strong></span> <span class='ocrx_word' id='word_1_53' title='bbox 822 1123 1002 1201; x_wconf 90' lang='lat' dir='ltr'><strong>culpa</strong></span> <span class='ocrx_word' id='word_1_54' title='bbox 1038 1140 1186 1183; x_wconf 85' lang='lat' dir='ltr'><strong>vero</strong></span> <span class='ocrx_word' id='word_1_55' title='bbox 1233 1121 1461 1182; x_wconf 86' lang='lat' dir='ltr'><strong>dicitur</strong></span> <span class='ocrx_word' id='word_1_56' title='bbox 1491 1139 1602 1200; x_wconf 90' lang='lat' dir='ltr'><strong>per</strong></span> <span class='ocrx_word' id='word_1_57' title='bbox 1641 1126 1985 1200; x_wconf 87' lang='lat' dir='ltr'><strong>respectum</strong></span> <span class='ocrx_word' id='word_1_58' title='bbox 2031 1121 2108 1180; x_wconf 91' lang='lat' dir='ltr'><strong>ad</strong></span> 
     </span>
     <span class='ocr_line' id='line_1_10' title="bbox 542 1213 2108 1294; baseline -0.002 -18"><span class='ocrx_word' id='word_1_59' title='bbox 542 1234 732 1294; x_wconf 90' lang='lat' dir='ltr'><strong>agens</strong></span> <span class='ocrx_word' id='word_1_60' title='bbox 751 1216 850 1276; x_wconf 91' lang='lat' dir='ltr'><strong>cui</strong></span> <span class='ocrx_word' id='word_1_61' title='bbox 869 1216 1245 1294; x_wconf 84' lang='lat' dir='ltr'><strong>imputatur:</strong></span> <span class='ocrx_word' id='word_1_62' title='bbox 1269 1219 1440 1274; x_wconf 89' lang='lat' dir='ltr'><strong>actus</strong></span> <span class='ocrx_word' id='word_1_63' title='bbox 1459 1219 1666 1274; x_wconf 91' lang='lat' dir='ltr'><strong>autem</strong></span> <span class='ocrx_word' id='word_1_64' title='bbox 1687 1213 1845 1274; x_wconf 87' lang='lat' dir='ltr'><strong>liber</strong></span> <span class='ocrx_word' id='word_1_65' title='bbox 1873 1231 1945 1273; x_wconf 86' lang='lat' dir='ltr'><strong>eo</strong></span> <span class='ocrx_word' id='word_1_66' title='bbox 1973 1213 2108 1292; x_wconf 92' lang='lat' dir='ltr'><strong>ipso</strong></span> 
     </span>
     <span class='ocr_line' id='line_1_11' title="bbox 544 1305 2111 1385; baseline -0.001 -20"><span class='ocrx_word' id='word_1_67' title='bbox 544 1307 710 1385; x_wconf 91' lang='lat' dir='ltr'><strong>quod</strong></span> <span class='ocrx_word' id='word_1_68' title='bbox 744 1307 900 1367; x_wconf 91' lang='lat' dir='ltr'><strong>liber</strong></span> <span class='ocrx_word' id='word_1_69' title='bbox 941 1311 1053 1381; x_wconf 90' lang='lat' dir='ltr'><strong>est,</strong></span> <span class='ocrx_word' id='word_1_70' title='bbox 1099 1307 1444 1385; x_wconf 80' lang='lat' dir='ltr'><strong>imputatur</strong></span> <span class='ocrx_word' id='word_1_71' title='bbox 1476 1306 1720 1383; x_wconf 89' lang='lat' dir='ltr'><strong>agenti:</strong></span> <span class='ocrx_word' id='word_1_72' title='bbox 1759 1323 1908 1383; x_wconf 90' lang='lat' dir='ltr'><strong>ergo</strong></span> <span class='ocrx_word' id='word_1_73' title='bbox 1938 1305 1991 1365; x_wconf 93' lang='lat' dir='ltr'><strong>si</strong></span> <span class='ocrx_word' id='word_1_74' title='bbox 2018 1309 2111 1365; x_wconf 88' lang='lat' dir='ltr'><strong>est</strong></span> 
     </span>
     <span class='ocr_line' id='line_1_12' title="bbox 544 1396 2109 1476; baseline -0.001 -17"><span class='ocrx_word' id='word_1_75' title='bbox 544 1405 717 1459; x_wconf 89' lang='lat' dir='ltr'><strong>actus</strong></span> <span class='ocrx_word' id='word_1_76' title='bbox 743 1399 899 1459; x_wconf 87' lang='lat' dir='ltr'><strong>liber</strong></span> <span class='ocrx_word' id='word_1_77' title='bbox 932 1404 994 1458; x_wconf 90' lang='lat' dir='ltr'><strong>et</strong></span> <span class='ocrx_word' id='word_1_78' title='bbox 1025 1396 1246 1471; x_wconf 74' lang='lat' dir='ltr'><strong>maluS,</strong></span> <span class='ocrx_word' id='word_1_79' title='bbox 1288 1402 1734 1476; x_wconf 89' lang='lat' dir='ltr'><strong>consequenter</strong></span> <span class='ocrx_word' id='word_1_80' title='bbox 1764 1403 1856 1458; x_wconf 89' lang='lat' dir='ltr'><strong>est</strong></span> <span class='ocrx_word' id='word_1_81' title='bbox 1898 1415 2109 1476; x_wconf 89' lang='lat' dir='ltr'><strong>pecca-</strong></span> 
     </span>
     <span class='ocr_line' id='line_1_13' title="bbox 543 1488 2111 1569; baseline -0.001 -17"><span class='ocrx_word' id='word_1_82' title='bbox 543 1496 680 1552; x_wconf 88' lang='lat' dir='ltr'><strong>tum</strong></span> <span class='ocrx_word' id='word_1_83' title='bbox 709 1497 770 1551; x_wconf 88' lang='lat' dir='ltr'><strong>et</strong></span> <span class='ocrx_word' id='word_1_84' title='bbox 797 1492 1015 1569; x_wconf 89' lang='lat' dir='ltr'><strong>culpa:</strong></span> <span class='ocrx_word' id='word_1_85' title='bbox 1060 1508 1210 1569; x_wconf 90' lang='lat' dir='ltr'><strong>ergo</strong></span> <span class='ocrx_word' id='word_1_86' title='bbox 1237 1491 1426 1551; x_wconf 90' lang='lat' dir='ltr'><strong>etiam</strong></span> <span class='ocrx_word' id='word_1_87' title='bbox 1465 1491 1533 1549; x_wconf 92' lang='lat' dir='ltr'><strong>in</strong></span> <span class='ocrx_word' id='word_1_88' title='bbox 1562 1507 1634 1551; x_wconf 88' lang='lat' dir='ltr'><strong>eo</strong></span> <span class='ocrx_word' id='word_1_89' title='bbox 1673 1509 1839 1565; x_wconf 91' lang='lat' dir='ltr'><strong>casu,</strong></span> <span class='ocrx_word' id='word_1_90' title='bbox 1873 1488 2111 1550; x_wconf 88' lang='lat' dir='ltr'><strong>seclusa</strong></span> 
     </span>
     <span class='ocr_line' id='line_1_14' title="bbox 543 1582 2113 1661; baseline -0.001 -18"><span class='ocrx_word' id='word_1_91' title='bbox 543 1583 677 1661; x_wconf 84' lang='lat' dir='ltr'><strong>lege</strong></span> <span class='ocrx_word' id='word_1_92' title='bbox 705 1584 836 1658; x_wconf 90' lang='lat' dir='ltr'><strong>Dei,</strong></span> <span class='ocrx_word' id='word_1_93' title='bbox 867 1588 1024 1643; x_wconf 90' lang='lat' dir='ltr'><strong>esset</strong></span> <span class='ocrx_word' id='word_1_94' title='bbox 1052 1588 1223 1642; x_wconf 89' lang='lat' dir='ltr'><strong>actus</strong></span> <span class='ocrx_word' id='word_1_95' title='bbox 1247 1582 1593 1661; x_wconf 75' lang='lat' dir='ltr'><strong>culpabiliS,</strong></span> <span class='ocrx_word' id='word_1_96' title='bbox 1620 1589 1681 1643; x_wconf 91' lang='lat' dir='ltr'><strong>et</strong></span> <span class='ocrx_word' id='word_1_97' title='bbox 1703 1583 1792 1642; x_wconf 86' lang='lat' dir='ltr'><strong>ita</strong></span> <span class='ocrx_word' id='word_1_98' title='bbox 1814 1599 2113 1643; x_wconf 80' lang='lat' dir='ltr'><strong>enervan-</strong></span> 
     </span>
     <span class='ocr_line' id='line_1_15' title="bbox 544 1674 1450 1736; baseline -0.002 -2"><span class='ocrx_word' id='word_1_99' title='bbox 544 1680 647 1736; x_wconf 86' lang='lat' dir='ltr'><strong>tur</strong></span> <span class='ocrx_word' id='word_1_100' title='bbox 669 1693 883 1736; x_wconf 91' lang='lat' dir='ltr'><strong>omnes</strong></span> <span class='ocrx_word' id='word_1_101' title='bbox 908 1675 1181 1735; x_wconf 89' lang='lat' dir='ltr'><strong>rationes</strong></span> <span class='ocrx_word' id='word_1_102' title='bbox 1203 1674 1402 1734; x_wconf 81' lang='lat' dir='ltr'><strong>factae.</strong></span> <span class='ocrx_word' id='word_1_103' title='bbox 1437 1697 1450 1712; x_wconf 89' lang='lat'><strong>··</strong></span> 
     </span>
    </p>

    <p class='ocr_par' dir='ltr' id='par_1_3' title="bbox 541 1766 2122 4512">
     <span class='ocr_line' id='line_1_16' title="bbox 623 1766 2112 1844; baseline 0.001 -18"><span class='ocrx_word' id='word_1_104' title='bbox 623 1770 721 1827; x_wconf 84' lang='lat'><strong>17.</strong></span> <span class='ocrx_word' id='word_1_105' title='bbox 780 1767 931 1832; x_wconf 80' lang='lat' dir='ltr'><strong>Vera</strong></span> <span class='ocrx_word' id='word_1_106' title='bbox 958 1768 1261 1844; x_wconf 74' lang='lat' dir='ltr'><strong>responsio</strong></span> <span class='ocrx_word' id='word_1_107' title='bbox 1289 1767 1371 1828; x_wconf 86' lang='lat' dir='ltr'><strong>ad</strong></span> <span class='ocrx_word' id='word_1_108' title='bbox 1387 1766 1840 1842; x_wconf 73' lang='lat' dir='ltr'><strong>difficultatem.</strong></span> <span class='ocrx_word' id='word_1_109' title='bbox 1865 1798 1947 1812; x_wconf 90' lang='lat'>—</span> <span class='ocrx_word' id='word_1_110' title='bbox 1964 1767 2112 1827; x_wconf 86' lang='lat' dir='ltr'><strong>Res-</strong></span> 
     </span>
     <span class='ocr_line' id='line_1_17' title="bbox 541 1857 2111 1938; baseline -0.001 -19"><span class='ocrx_word' id='word_1_111' title='bbox 541 1859 784 1938; x_wconf 90' lang='lat' dir='ltr'><strong>pondeo</strong></span> <span class='ocrx_word' id='word_1_112' title='bbox 814 1859 1008 1936; x_wconf 89' lang='lat' dir='ltr'><strong>igitur</strong></span> <span class='ocrx_word' id='word_1_113' title='bbox 1048 1859 1115 1919; x_wconf 91' lang='lat' dir='ltr'><strong>in</strong></span> <span class='ocrx_word' id='word_1_114' title='bbox 1165 1864 1305 1919; x_wconf 89' lang='lat' dir='ltr'><strong>actu</strong></span> <span class='ocrx_word' id='word_1_115' title='bbox 1337 1857 1614 1918; x_wconf 91' lang='lat' dir='ltr'><strong>humano</strong></span> <span class='ocrx_word' id='word_1_116' title='bbox 1660 1875 1788 1918; x_wconf 90' lang='lat' dir='ltr'><strong>esse</strong></span> <span class='ocrx_word' id='word_1_117' title='bbox 1837 1858 2111 1937; x_wconf 90' lang='lat' dir='ltr'><strong>aliquam</strong></span> 
     </span>
     <span class='ocr_line' id='line_1_18' title="bbox 542 1950 2113 2028; baseline -0.001 -17"><span class='ocrx_word' id='word_1_118' title='bbox 542 1952 884 2012; x_wconf 88' lang='lat' dir='ltr'><strong>bonitatem</strong></span> <span class='ocrx_word' id='word_1_119' title='bbox 911 1951 1011 2012; x_wconf 81' lang='lat' dir='ltr'><strong>vel</strong></span> <span class='ocrx_word' id='word_1_120' title='bbox 1051 1950 1356 2011; x_wconf 85' lang='lat' dir='ltr'><strong>malitiam</strong></span> <span class='ocrx_word' id='word_1_121' title='bbox 1397 1968 1473 2011; x_wconf 88' lang='lat' dir='ltr'><strong>ex</strong></span> <span class='ocrx_word' id='word_1_122' title='bbox 1504 1950 1568 2010; x_wconf 86' lang='lat' dir='ltr'><strong>vi</strong></span> <span class='ocrx_word' id='word_1_123' title='bbox 1610 1950 1834 2028; x_wconf 90' lang='lat' dir='ltr'><strong>objecti</strong></span> <span class='ocrx_word' id='word_1_124' title='bbox 1863 1951 2113 2028; x_wconf 84' lang='lat' dir='ltr'><strong>praecise</strong></span> 
     </span>
     <span class='ocr_line' id='line_1_19' title="bbox 545 2042 2113 2123; baseline -0.001 -19"><span class='ocrx_word' id='word_1_125' title='bbox 545 2044 825 2123; x_wconf 88' lang='lat' dir='ltr'><strong>spectati,</strong></span> <span class='ocrx_word' id='word_1_126' title='bbox 858 2049 927 2103; x_wconf 89' lang='lat' dir='ltr'><strong>ut</strong></span> <span class='ocrx_word' id='word_1_127' title='bbox 951 2048 1044 2103; x_wconf 89' lang='lat' dir='ltr'><strong>est</strong></span> <span class='ocrx_word' id='word_1_128' title='bbox 1071 2060 1410 2103; x_wconf 89' lang='lat' dir='ltr'><strong>consonum</strong></span> <span class='ocrx_word' id='word_1_129' title='bbox 1435 2042 1534 2102; x_wconf 88' lang='lat' dir='ltr'><strong>vel</strong></span> <span class='ocrx_word' id='word_1_130' title='bbox 1555 2042 1870 2102; x_wconf 90' lang='lat' dir='ltr'><strong>dissonum</strong></span> <span class='ocrx_word' id='word_1_131' title='bbox 1884 2043 2113 2103; x_wconf 89' lang='lat' dir='ltr'><strong>rationi</strong></span> 
     </span>
     <span class='ocr_line' id='line_1_20' title="bbox 543 2133 2115 2213; baseline -0.001 -16"><span class='ocrx_word' id='word_1_132' title='bbox 543 2141 754 2210; x_wconf 83' lang='lat' dir='ltr'><strong>rectae,</strong></span> <span class='ocrx_word' id='word_1_133' title='bbox 780 2141 841 2195; x_wconf 90' lang='lat' dir='ltr'><strong>et</strong></span> <span class='ocrx_word' id='word_1_134' title='bbox 868 2135 1204 2196; x_wconf 88' lang='lat' dir='ltr'><strong>secundum</strong></span> <span class='ocrx_word' id='word_1_135' title='bbox 1234 2153 1372 2196; x_wconf 87' lang='lat' dir='ltr'><strong>eam</strong></span> <span class='ocrx_word' id='word_1_136' title='bbox 1400 2152 1576 2213; x_wconf 89' lang='lat' dir='ltr'><strong>posse</strong></span> <span class='ocrx_word' id='word_1_137' title='bbox 1605 2133 2018 2210; x_wconf 89' lang='lat' dir='ltr'><strong>denominari,</strong></span> <span class='ocrx_word' id='word_1_138' title='bbox 2052 2140 2115 2196; x_wconf 90' lang='lat' dir='ltr'><strong>et</strong></span> 
     </span>
     <span class='ocr_line' id='line_1_21' title="bbox 545 2225 2114 2305; baseline 0.001 -18"><span class='ocrx_word' id='word_1_139' title='bbox 545 2228 806 2301; x_wconf 82' lang='lat' dir='ltr'><strong>malum,</strong></span> <span class='ocrx_word' id='word_1_140' title='bbox 841 2232 902 2287; x_wconf 90' lang='lat' dir='ltr'><strong>et</strong></span> <span class='ocrx_word' id='word_1_141' title='bbox 923 2232 1264 2305; x_wconf 84' lang='lat' dir='ltr'><strong>peccatum,</strong></span> <span class='ocrx_word' id='word_1_142' title='bbox 1296 2232 1358 2287; x_wconf 92' lang='lat' dir='ltr'><strong>et</strong></span> <span class='ocrx_word' id='word_1_143' title='bbox 1376 2225 1746 2304; x_wconf 84' lang='lat' dir='ltr'><strong>culpabilem</strong></span> <span class='ocrx_word' id='word_1_144' title='bbox 1773 2228 2114 2288; x_wconf 90' lang='lat' dir='ltr'><strong>secundum</strong></span> 
     </span>
     <span class='ocr_line' id='line_1_22' title="bbox 543 2318 2117 2399; baseline -0.001 -18"><span class='ocrx_word' id='word_1_145' title='bbox 543 2320 681 2381; x_wconf 89' lang='lat' dir='ltr'><strong>illos</strong></span> <span class='ocrx_word' id='word_1_146' title='bbox 706 2325 1044 2399; x_wconf 90' lang='lat' dir='ltr'><strong>respectus,</strong></span> <span class='ocrx_word' id='word_1_147' title='bbox 1069 2320 1304 2380; x_wconf 87' lang='lat' dir='ltr'><strong>seclusa</strong></span> <span class='ocrx_word' id='word_1_148' title='bbox 1319 2318 1683 2379; x_wconf 87' lang='lat' dir='ltr'><strong>habitudine</strong></span> <span class='ocrx_word' id='word_1_149' title='bbox 1702 2319 1777 2379; x_wconf 92' lang='lat' dir='ltr'><strong>ad</strong></span> <span class='ocrx_word' id='word_1_150' title='bbox 1800 2320 2117 2399; x_wconf 86' lang='lat' dir='ltr'><strong>propriam</strong></span> 
     </span>
     <span class='ocr_line' id='line_1_23' title="bbox 543 2410 2116 2491; baseline -0.001 -17"><span class='ocrx_word' id='word_1_151' title='bbox 543 2414 771 2491; x_wconf 91' lang='lat' dir='ltr'><strong>legem.</strong></span> <span class='ocrx_word' id='word_1_152' title='bbox 797 2414 1022 2473; x_wconf 79' lang='lat' dir='ltr'><strong>Praeter</strong></span> <span class='ocrx_word' id='word_1_153' title='bbox 1047 2412 1209 2472; x_wconf 89' lang='lat' dir='ltr'><strong>hanc</strong></span> <span class='ocrx_word' id='word_1_154' title='bbox 1231 2429 1377 2473; x_wconf 86' lang='lat' dir='ltr'><strong>vero</strong></span> <span class='ocrx_word' id='word_1_155' title='bbox 1393 2410 1581 2471; x_wconf 90' lang='lat' dir='ltr'><strong>habet</strong></span> <span class='ocrx_word' id='word_1_156' title='bbox 1610 2417 1781 2472; x_wconf 90' lang='lat' dir='ltr'><strong>actus</strong></span> <span class='ocrx_word' id='word_1_157' title='bbox 1802 2412 2116 2472; x_wconf 91' lang='lat' dir='ltr'><strong>humanus</strong></span> 
     </span>
     <span class='ocr_line' id='line_1_24' title="bbox 544 2503 2117 2586; baseline -0.003 -19"><span class='ocrx_word' id='word_1_158' title='bbox 544 2507 872 2586; x_wconf 84' lang='lat' dir='ltr'><strong>specialem</strong></span> <span class='ocrx_word' id='word_1_159' title='bbox 898 2506 1204 2567; x_wconf 88' lang='lat' dir='ltr'><strong>rationem</strong></span> <span class='ocrx_word' id='word_1_160' title='bbox 1239 2504 1388 2563; x_wconf 91' lang='lat' dir='ltr'><strong>boni</strong></span> <span class='ocrx_word' id='word_1_161' title='bbox 1424 2509 1486 2564; x_wconf 90' lang='lat' dir='ltr'><strong>et</strong></span> <span class='ocrx_word' id='word_1_162' title='bbox 1518 2504 1670 2563; x_wconf 88' lang='lat' dir='ltr'><strong>mali</strong></span> <span class='ocrx_word' id='word_1_163' title='bbox 1697 2505 1764 2563; x_wconf 89' lang='lat' dir='ltr'><strong>in</strong></span> <span class='ocrx_word' id='word_1_164' title='bbox 1793 2503 2011 2564; x_wconf 89' lang='lat' dir='ltr'><strong>ordine</strong></span> <span class='ocrx_word' id='word_1_165' title='bbox 2036 2503 2117 2564; x_wconf 87' lang='lat' dir='ltr'><strong>ad</strong></span> 
     </span>
     <span class='ocr_line' id='line_1_25' title="bbox 547 2596 2119 2675; baseline -0.003 -15"><span class='ocrx_word' id='word_1_166' title='bbox 547 2602 767 2673; x_wconf 89' lang='lat' dir='ltr'><strong>Deum,</strong></span> <span class='ocrx_word' id='word_1_167' title='bbox 799 2598 1010 2659; x_wconf 87' lang='lat' dir='ltr'><strong>addita</strong></span> <span class='ocrx_word' id='word_1_168' title='bbox 1041 2597 1255 2657; x_wconf 90' lang='lat' dir='ltr'><strong>divina</strong></span> <span class='ocrx_word' id='word_1_169' title='bbox 1280 2596 1417 2673; x_wconf 90' lang='lat' dir='ltr'><strong>lege</strong></span> <span class='ocrx_word' id='word_1_170' title='bbox 1439 2596 1804 2675; x_wconf 82' lang='lat' dir='ltr'><strong>probibente</strong></span> <span class='ocrx_word' id='word_1_171' title='bbox 1826 2597 1927 2657; x_wconf 86' lang='lat' dir='ltr'><strong>vel</strong></span> <span class='ocrx_word' id='word_1_172' title='bbox 1961 2614 2119 2675; x_wconf 83' lang='lat' dir='ltr'><strong>prae·</strong></span> 
     </span>
     <span class='ocr_line' id='line_1_26' title="bbox 551 2689 2118 2770; baseline -0.002 -19"><span class='ocrx_word' id='word_1_173' title='bbox 551 2693 839 2770; x_wconf 91' lang='lat' dir='ltr'><strong>cipiente‚</strong></span> <span class='ocrx_word' id='word_1_174' title='bbox 866 2695 929 2751; x_wconf 90' lang='lat' dir='ltr'><strong>et</strong></span> <span class='ocrx_word' id='word_1_175' title='bbox 956 2689 1300 2750; x_wconf 90' lang='lat' dir='ltr'><strong>secundum</strong></span> <span class='ocrx_word' id='word_1_176' title='bbox 1327 2706 1465 2749; x_wconf 86' lang='lat' dir='ltr'><strong>eam</strong></span> <span class='ocrx_word' id='word_1_177' title='bbox 1491 2689 1928 2750; x_wconf 82' lang='lat' dir='ltr'><strong>denominatur</strong></span> <span class='ocrx_word' id='word_1_178' title='bbox 1946 2694 2118 2748; x_wconf 87' lang='lat' dir='ltr'><strong>actus</strong></span> 
     </span>
     <span class='ocr_line' id='line_1_27' title="bbox 549 2777 2119 2860; baseline -0.003 -16"><span class='ocrx_word' id='word_1_179' title='bbox 549 2784 863 2844; x_wconf 89' lang='lat' dir='ltr'><strong>humanus</strong></span> <span class='ocrx_word' id='word_1_180' title='bbox 907 2777 1164 2860; x_wconf 80' lang='lat' dir='ltr'><strong>speciali&#39;</strong></span> <span class='ocrx_word' id='word_1_181' title='bbox 1204 2779 1389 2840; x_wconf 92' lang='lat' dir='ltr'><strong>modo</strong></span> <span class='ocrx_word' id='word_1_182' title='bbox 1420 2787 1740 2859; x_wconf 87' lang='lat' dir='ltr'><strong>peccatum</strong></span> <span class='ocrx_word' id='word_1_183' title='bbox 1755 2826 1775 2856; x_wconf 90' lang='lat'><strong>,</strong></span> <span class='ocrx_word' id='word_1_184' title='bbox 1810 2781 1908 2841; x_wconf 86' lang='lat' dir='ltr'><strong>vel</strong></span> <span class='ocrx_word' id='word_1_185' title='bbox 1940 2781 2119 2859; x_wconf 89' lang='lat' dir='ltr'><strong>culpa</strong></span> 
     </span>
     <span class='ocr_line' id='line_1_28' title="bbox 549 2873 2118 2952; baseline -0.003 -15"><span class='ocrx_word' id='word_1_186' title='bbox 549 2877 629 2937; x_wconf 92' lang='lat' dir='ltr'><strong>ad</strong></span> <span class='ocrx_word' id='word_1_187' title='bbox 651 2878 867 2949; x_wconf 90' lang='lat' dir='ltr'><strong>Deum,</strong></span> <span class='ocrx_word' id='word_1_188' title='bbox 896 2873 1138 2935; x_wconf 88' lang='lat' dir='ltr'><strong>ratione</strong></span> <span class='ocrx_word' id='word_1_189' title='bbox 1161 2873 1661 2950; x_wconf 83' lang='lat' dir='ltr'><strong>transgressionis</strong></span> <span class='ocrx_word' id='word_1_190' title='bbox 1682 2873 1837 2950; x_wconf 90' lang='lat' dir='ltr'><strong>legis</strong></span> <span class='ocrx_word' id='word_1_191' title='bbox 1854 2874 2118 2952; x_wconf 81' lang='lat' dir='ltr'><strong>propriae</strong></span> 
     </span>
     <span class='ocr_line' id='line_1_29' title="bbox 549 2964 2119 3048; baseline -0.003 -19"><span class='ocrx_word' id='word_1_192' title='bbox 549 2970 740 3048; x_wconf 89' lang='lat' dir='ltr'><strong>ipsius</strong></span> <span class='ocrx_word' id='word_1_193' title='bbox 786 2968 917 3042; x_wconf 91' lang='lat' dir='ltr'><strong>Dei,</strong></span> <span class='ocrx_word' id='word_1_194' title='bbox 963 2983 1151 3045; x_wconf 90' lang='lat' dir='ltr'><strong>quam</strong></span> <span class='ocrx_word' id='word_1_195' title='bbox 1179 2964 1503 3044; x_wconf 86' lang='lat' dir='ltr'><strong>specialem</strong></span> <span class='ocrx_word' id='word_1_196' title='bbox 1545 2966 1845 3026; x_wconf 90' lang='lat' dir='ltr'><strong>malitiam</strong></span> <span class='ocrx_word' id='word_1_197' title='bbox 1872 2965 2119 3025; x_wconf 84' lang='lat' dir='ltr'><strong>videtur</strong></span> 
     </span>
     <span class='ocr_line' id='line_1_30' title="bbox 551 3058 2113 3137; baseline 0.001 -17"><span class='ocrx_word' id='word_1_198' title='bbox 551 3061 772 3121; x_wconf 88' lang='lat' dir='ltr'><strong>Paulus</strong></span> <span class='ocrx_word' id='word_1_199' title='bbox 823 3058 1200 3137; x_wconf 88' lang='lat' dir='ltr'><strong>significasse</strong></span> <span class='ocrx_word' id='word_1_200' title='bbox 1256 3058 1509 3120; x_wconf 90' lang='lat' dir='ltr'><strong>nomine</strong></span> <span class='ocrx_word' id='word_1_201' title='bbox 1557 3058 2113 3137; x_wconf 74' lang='lat' dir='ltr'><strong>proevaricationis,</strong></span> 
     </span>
     <span class='ocr_line' id='line_1_31' title="bbox 549 3152 2111 3230; baseline 0 -17"><span class='ocrx_word' id='word_1_202' title='bbox 549 3171 691 3213; x_wconf 92' lang='lat' dir='ltr'><strong>cum</strong></span> <span class='ocrx_word' id='word_1_203' title='bbox 720 3153 898 3228; x_wconf 78' lang='lat' dir='ltr'><strong>dixit,</strong></span> <span class='ocrx_word' id='word_1_204' title='bbox 945 3153 1050 3214; x_wconf 76' lang='lat' dir='ltr'><strong>ubi</strong></span> <span class='ocrx_word' id='word_1_205' title='bbox 1095 3170 1213 3214; x_wconf 77' lang='lat' dir='ltr'><strong>non</strong></span> <span class='ocrx_word' id='word_1_206' title='bbox 1250 3157 1338 3215; x_wconf 76' lang='lat' dir='ltr'><strong>est</strong></span> <span class='ocrx_word' id='word_1_207' title='bbox 1381 3152 1499 3227; x_wconf 71' lang='lat' dir='ltr'><strong>lex,</strong></span> <span class='ocrx_word' id='word_1_208' title='bbox 1529 3170 1631 3214; x_wconf 78' lang='lat' dir='ltr'><strong>nec</strong></span> <span class='ocrx_word' id='word_1_209' title='bbox 1660 3153 2111 3230; x_wconf 70' lang='lat' dir='ltr'><strong>praevaricatio.</strong></span> 
     </span>
     <span class='ocr_line' id='line_1_32' title="bbox 549 3245 2115 3324; baseline -0.002 -16"><span class='ocrx_word' id='word_1_210' title='bbox 549 3248 719 3308; x_wconf 88' lang='lat' dir='ltr'><strong>Hanc</strong></span> <span class='ocrx_word' id='word_1_211' title='bbox 738 3264 887 3324; x_wconf 85' lang='lat' dir='ltr'><strong>ergo</strong></span> <span class='ocrx_word' id='word_1_212' title='bbox 908 3245 1364 3306; x_wconf 86' lang='lat' dir='ltr'><strong>deformitatem</strong></span> <span class='ocrx_word' id='word_1_213' title='bbox 1379 3264 1505 3306; x_wconf 90' lang='lat' dir='ltr'><strong>non</strong></span> <span class='ocrx_word' id='word_1_214' title='bbox 1532 3245 1787 3306; x_wconf 88' lang='lat' dir='ltr'><strong>haberet</strong></span> <span class='ocrx_word' id='word_1_215' title='bbox 1806 3250 1977 3306; x_wconf 89' lang='lat' dir='ltr'><strong>actus</strong></span> <span class='ocrx_word' id='word_1_216' title='bbox 1998 3245 2115 3305; x_wconf 92' lang='lat' dir='ltr'><strong>hu-</strong></span> 
     </span>
     <span class='ocr_line' id='line_1_33' title="bbox 548 3338 2119 3416; baseline -0.001 -17"><span class='ocrx_word' id='word_1_217' title='bbox 548 3357 773 3400; x_wconf 88' lang='lat' dir='ltr'><strong>manus</strong></span> <span class='ocrx_word' id='word_1_218' title='bbox 800 3338 1090 3399; x_wconf 84' lang='lat' dir='ltr'><strong>rationali</strong></span> <span class='ocrx_word' id='word_1_219' title='bbox 1117 3345 1356 3399; x_wconf 83' lang='lat' dir='ltr'><strong>naturae</strong></span> <span class='ocrx_word' id='word_1_220' title='bbox 1389 3340 1758 3412; x_wconf 72' lang='lat' dir='ltr'><strong>contrariuS,</strong></span> <span class='ocrx_word' id='word_1_221' title='bbox 1787 3338 1984 3416; x_wconf 89' lang='lat' dir='ltr'><strong>posita</strong></span> <span class='ocrx_word' id='word_1_222' title='bbox 2011 3338 2119 3398; x_wconf 80' lang='lat' dir='ltr'><strong>illa</strong></span> 
     </span>
     <span class='ocr_line' id='line_1_34' title="bbox 547 3429 2113 3509; baseline -0.001 -19"><span class='ocrx_word' id='word_1_223' title='bbox 547 3430 903 3509; x_wconf 78' lang='lat' dir='ltr'><strong>hypothesi,</strong></span> <span class='ocrx_word' id='word_1_224' title='bbox 959 3430 1125 3508; x_wconf 92' lang='lat' dir='ltr'><strong>quod</strong></span> <span class='ocrx_word' id='word_1_225' title='bbox 1168 3431 1324 3489; x_wconf 87' lang='lat' dir='ltr'><strong>Deus</strong></span> <span class='ocrx_word' id='word_1_226' title='bbox 1365 3429 1545 3489; x_wconf 85' lang='lat' dir='ltr'><strong>illum</strong></span> <span class='ocrx_word' id='word_1_227' title='bbox 1575 3447 1703 3489; x_wconf 92' lang='lat' dir='ltr'><strong>non</strong></span> <span class='ocrx_word' id='word_1_228' title='bbox 1737 3429 2113 3507; x_wconf 84' lang='lat' dir='ltr'><strong>prohiberet,</strong></span> 
     </span>
     <span class='ocr_line' id='line_1_35' title="bbox 550 3523 2119 3602; baseline -0.001 -18"><span class='ocrx_word' id='word_1_229' title='bbox 550 3525 698 3602; x_wconf 91' lang='lat' dir='ltr'><strong>quia</strong></span> <span class='ocrx_word' id='word_1_230' title='bbox 736 3530 884 3584; x_wconf 89' lang='lat' dir='ltr'><strong>tunc</strong></span> <span class='ocrx_word' id='word_1_231' title='bbox 919 3541 1047 3583; x_wconf 92' lang='lat' dir='ltr'><strong>non</strong></span> <span class='ocrx_word' id='word_1_232' title='bbox 1079 3523 1333 3583; x_wconf 88' lang='lat' dir='ltr'><strong>haberet</strong></span> <span class='ocrx_word' id='word_1_233' title='bbox 1377 3524 1556 3583; x_wconf 91' lang='lat' dir='ltr'><strong>illum</strong></span> <span class='ocrx_word' id='word_1_234' title='bbox 1596 3523 1922 3583; x_wconf 86' lang='lat' dir='ltr'><strong>virtualem</strong></span> <span class='ocrx_word' id='word_1_235' title='bbox 1972 3541 2119 3583; x_wconf 92' lang='lat' dir='ltr'><strong>con-</strong></span> 
     </span>
     <span class='ocr_line' id='line_1_36' title="bbox 549 3614 2117 3694; baseline 0 -19"><span class='ocrx_word' id='word_1_236' title='bbox 549 3620 855 3694; x_wconf 88' lang='lat' dir='ltr'><strong>temptum</strong></span> <span class='ocrx_word' id='word_1_237' title='bbox 887 3616 1016 3689; x_wconf 90' lang='lat' dir='ltr'><strong>Dei,</strong></span> <span class='ocrx_word' id='word_1_238' title='bbox 1049 3633 1235 3693; x_wconf 91' lang='lat' dir='ltr'><strong>quem</strong></span> <span class='ocrx_word' id='word_1_239' title='bbox 1269 3616 1543 3676; x_wconf 88' lang='lat' dir='ltr'><strong>continet</strong></span> <span class='ocrx_word' id='word_1_240' title='bbox 1581 3614 1982 3693; x_wconf 82' lang='lat' dir='ltr'><strong>transgressio</strong></span> <span class='ocrx_word' id='word_1_241' title='bbox 2030 3614 2117 3675; x_wconf 90' lang='lat' dir='ltr'><strong>le-</strong></span> 
     </span>
     <span class='ocr_line' id='line_1_37' title="bbox 549 3707 2118 3786; baseline 0 -19"><span class='ocrx_word' id='word_1_242' title='bbox 549 3709 648 3785; x_wconf 91' lang='lat' dir='ltr'><strong>gis</strong></span> <span class='ocrx_word' id='word_1_243' title='bbox 674 3712 953 3786; x_wconf 88' lang='lat' dir='ltr'><strong>respectu</strong></span> <span class='ocrx_word' id='word_1_244' title='bbox 995 3707 1361 3785; x_wconf 82' lang='lat' dir='ltr'><strong>legislatoris</strong></span> <span class='ocrx_word' id='word_1_245' title='bbox 1390 3752 1411 3783; x_wconf 90' lang='lat'>‚</span> <span class='ocrx_word' id='word_1_246' title='bbox 1476 3714 1629 3768; x_wconf 88' lang='lat' dir='ltr'><strong>teste</strong></span> <span class='ocrx_word' id='word_1_247' title='bbox 1674 3707 1898 3767; x_wconf 87' lang='lat' dir='ltr'><strong>Basilio</strong></span> <span class='ocrx_word' id='word_1_248' title='bbox 1945 3707 2012 3767; x_wconf 89' lang='lat' dir='ltr'><strong>in</strong></span> <span class='ocrx_word' id='word_1_249' title='bbox 2052 3708 2118 3767; x_wconf 95' lang='lat' dir='ltr'><strong>id</strong></span> 
     </span>
     <span class='ocr_line' id='line_1_38' title="bbox 550 3798 2113 3879; baseline 0.001 -21"><span class='ocrx_word' id='word_1_250' title='bbox 550 3798 710 3859; x_wconf 88' lang='lat' dir='ltr'><strong>Psal.</strong></span> <span class='ocrx_word' id='word_1_251' title='bbox 737 3799 847 3859; x_wconf 75' lang='lat'><strong>28:</strong></span> <span class='ocrx_word' id='word_1_252' title='bbox 877 3798 931 3860; x_wconf 83' lang='lat' dir='ltr'><strong><em>A</em></strong></span> <span class='ocrx_word' id='word_1_253' title='bbox 939 3801 1119 3879; x_wconf 77' lang='lat' dir='ltr'><strong>fferte</strong></span> <span class='ocrx_word' id='word_1_254' title='bbox 1141 3800 1397 3860; x_wconf 76' lang='lat' dir='ltr'><strong>Domino</strong></span> <span class='ocrx_word' id='word_1_255' title='bbox 1429 3798 1691 3878; x_wconf 72' lang='lat' dir='ltr'><strong>yloriam</strong></span> <span class='ocrx_word' id='word_1_256' title='bbox 1734 3804 1787 3860; x_wconf 79' lang='lat' dir='ltr'><strong>et</strong></span> <span class='ocrx_word' id='word_1_257' title='bbox 1816 3800 2113 3861; x_wconf 70' lang='lat' dir='ltr'><strong>honorem.</strong></span> 
     </span>
     <span class='ocr_line' id='line_1_39' title="bbox 550 3891 2117 3969; baseline 0.001 -17"><span class='ocrx_word' id='word_1_258' title='bbox 550 3893 628 3952; x_wconf 91' lang='lat' dir='ltr'><strong>Et</strong></span> <span class='ocrx_word' id='word_1_259' title='bbox 653 3896 949 3952; x_wconf 87' lang='lat' dir='ltr'><strong>consonat</strong></span> <span class='ocrx_word' id='word_1_260' title='bbox 994 3891 1146 3951; x_wconf 92' lang='lat' dir='ltr'><strong>illud</strong></span> <span class='ocrx_word' id='word_1_261' title='bbox 1176 3891 1349 3952; x_wconf 92' lang='lat' dir='ltr'><strong>Pauli</strong></span> <span class='ocrx_word' id='word_1_262' title='bbox 1375 3892 1453 3951; x_wconf 91' lang='lat' dir='ltr'><strong>ad</strong></span> <span class='ocrx_word' id='word_1_263' title='bbox 1486 3891 1662 3952; x_wconf 85' lang='lat' dir='ltr'><strong>Rom.</strong></span> <span class='ocrx_word' id='word_1_264' title='bbox 1695 3892 1775 3951; x_wconf 71' lang='lat'><strong>2:</strong></span> <span class='ocrx_word' id='word_1_265' title='bbox 1805 3892 1929 3953; x_wconf 78' lang='lat' dir='ltr'><strong>Per</strong></span> <span class='ocrx_word' id='word_1_266' title='bbox 1948 3908 2117 3969; x_wconf 82' lang='lat' dir='ltr'><strong>proe-</strong></span> 
     </span>
     <span class='ocr_line' id='line_1_40' title="bbox 550 3984 2119 4063; baseline -0.001 -16"><span class='ocrx_word' id='word_1_267' title='bbox 550 3984 981 4047; x_wconf 76' lang='lat' dir='ltr'><strong>varicationem</strong></span> <span class='ocrx_word' id='word_1_268' title='bbox 1008 3985 1160 4063; x_wconf 73' lang='lat' dir='ltr'><strong>leyis</strong></span> <span class='ocrx_word' id='word_1_269' title='bbox 1182 3985 1374 4046; x_wconf 77' lang='lat' dir='ltr'><strong>Deum</strong></span> <span class='ocrx_word' id='word_1_270' title='bbox 1393 3985 1739 4046; x_wconf 70' lang='lat' dir='ltr'><strong>inhonoras.</strong></span> <span class='ocrx_word' id='word_1_271' title='bbox 1766 3984 1940 4045; x_wconf 88' lang='lat' dir='ltr'><strong>Unde</strong></span> <span class='ocrx_word' id='word_1_272' title='bbox 1962 3984 2119 4045; x_wconf 84' lang='lat' dir='ltr'><strong>dixit</strong></span> 
     </span>
     <span class='ocr_line' id='line_1_41' title="bbox 551 4076 2118 4155; baseline 0 -17"><span class='ocrx_word' id='word_1_273' title='bbox 551 4077 931 4155; x_wconf 86' lang='lat' dir='ltr'><strong>Augustinus</strong></span> <span class='ocrx_word' id='word_1_274' title='bbox 957 4077 1034 4137; x_wconf 89' lang='lat' dir='ltr'><strong>de</strong></span> <span class='ocrx_word' id='word_1_275' title='bbox 1067 4094 1214 4137; x_wconf 87' lang='lat' dir='ltr'><strong>vera</strong></span> <span class='ocrx_word' id='word_1_276' title='bbox 1241 4076 1468 4154; x_wconf 85' lang='lat' dir='ltr'><strong>Relig.‚</strong></span> <span class='ocrx_word' id='word_1_277' title='bbox 1503 4094 1557 4137; x_wconf 86' lang='lat' dir='ltr'><strong>c.</strong></span> <span class='ocrx_word' id='word_1_278' title='bbox 1590 4076 1698 4135; x_wconf 78' lang='lat'><strong>26:</strong></span> <span class='ocrx_word' id='word_1_279' title='bbox 1745 4076 1957 4154; x_wconf 71' lang='lat' dir='ltr'><strong>Leyem</strong></span> <span class='ocrx_word' id='word_1_280' title='bbox 1975 4093 2118 4154; x_wconf 83' lang='lat' dir='ltr'><strong>pro-</strong></span> 
     </span>
     <span class='ocr_line' id='line_1_42' title="bbox 551 4169 2118 4249; baseline -0.001 -16"><span class='ocrx_word' id='word_1_281' title='bbox 551 4172 845 4234; x_wconf 69' lang='lat' dir='ltr'><strong>hibentem</strong></span> <span class='ocrx_word' id='word_1_282' title='bbox 888 4170 1089 4232; x_wconf 74' lang='lat' dir='ltr'><strong>omnia</strong></span> <span class='ocrx_word' id='word_1_283' title='bbox 1124 4170 1438 4234; x_wconf 74' lang='lat' dir='ltr'><strong>commissa</strong></span> <span class='ocrx_word' id='word_1_284' title='bbox 1466 4169 1897 4249; x_wconf 60' lang='lat' dir='ltr'><strong>congeminum.</strong></span> <span class='ocrx_word' id='word_1_285' title='bbox 1943 4170 2118 4244; x_wconf 88' lang='lat' dir='ltr'><strong>Quod</strong></span> 
     </span>
     <span class='ocr_line' id='line_1_43' title="bbox 553 4261 2121 4340; baseline 0.001 -16"><span class='ocrx_word' id='word_1_286' title='bbox 553 4263 874 4326; x_wconf 85' lang='lat' dir='ltr'><strong>declarans</strong></span> <span class='ocrx_word' id='word_1_287' title='bbox 909 4263 1119 4324; x_wconf 87' lang='lat' dir='ltr'><strong>addit:</strong></span> <span class='ocrx_word' id='word_1_288' title='bbox 1149 4263 1298 4328; x_wconf 72' lang='lat' dir='ltr'><strong>Non</strong></span> <span class='ocrx_word' id='word_1_289' title='bbox 1344 4263 1501 4325; x_wconf 78' lang='lat' dir='ltr'><strong>enim</strong></span> <span class='ocrx_word' id='word_1_290' title='bbox 1542 4261 1799 4340; x_wconf 68' lang='lat' dir='ltr'><strong>simple-‘0</strong></span> <span class='ocrx_word' id='word_1_291' title='bbox 1811 4268 2121 4340; x_wconf 73' lang='lat' dir='ltr'><strong>peccatum</strong></span> 
     </span>
     <span class='ocr_line' id='line_1_44' title="bbox 553 4355 2122 4433; baseline -0.001 -13"><span class='ocrx_word' id='word_1_292' title='bbox 553 4364 664 4433; x_wconf 73' lang='lat' dir='ltr'><strong>est,</strong></span> <span class='ocrx_word' id='word_1_293' title='bbox 695 4376 813 4419; x_wconf 74' lang='lat' dir='ltr'><strong>non</strong></span> <span class='ocrx_word' id='word_1_294' title='bbox 848 4357 1039 4420; x_wconf 79' lang='lat' dir='ltr'><strong>solwm</strong></span> <span class='ocrx_word' id='word_1_295' title='bbox 1077 4355 1328 4432; x_wconf 79' lang='lat' dir='ltr'><strong>malum,</strong></span> <span class='ocrx_word' id='word_1_296' title='bbox 1377 4356 1480 4419; x_wconf 74' lang='lat' dir='ltr'><strong>sed</strong></span> <span class='ocrx_word' id='word_1_297' title='bbox 1523 4355 1705 4418; x_wconf 74' lang='lat' dir='ltr'><strong>etiam</strong></span> <span class='ocrx_word' id='word_1_298' title='bbox 1736 4355 1988 4418; x_wconf 75' lang='lat' dir='ltr'><strong>vetitum</strong></span> <span class='ocrx_word' id='word_1_299' title='bbox 2017 4357 2122 4419; x_wconf 82' lang='lat' dir='ltr'><strong>ad—</strong></span> 
     </span>
     <span class='ocr_line' id='line_1_45' title="bbox 554 4451 809 4512; baseline -0.004 -1"><span class='ocrx_word' id='word_1_300' title='bbox 554 4451 809 4512; x_wconf 74' lang='lat' dir='ltr'><strong>mittere.</strong></span> 
     </span>
    </p>

    <p class='ocr_par' dir='ltr' id='par_1_4' title="bbox 508 4538 2126 5544">
     <span class='ocr_line' id='line_1_46' title="bbox 637 4538 2115 4621; baseline -0.002 -17"><span class='ocrx_word' id='word_1_301' title='bbox 637 4545 734 4604; x_wconf 88' lang='grc'><strong>18.</strong></span> <span class='ocrx_word' id='word_1_302' title='bbox 767 4542 968 4621; x_wconf 82' lang='lat' dir='ltr'><strong>Atque</strong></span> <span class='ocrx_word' id='word_1_303' title='bbox 998 4540 1118 4601; x_wconf 92' lang='lat' dir='ltr'><strong>hoc</strong></span> <span class='ocrx_word' id='word_1_304' title='bbox 1152 4538 1338 4600; x_wconf 92' lang='lat' dir='ltr'><strong>modo</strong></span> <span class='ocrx_word' id='word_1_305' title='bbox 1354 4538 1602 4601; x_wconf 84' lang='lat' dir='ltr'><strong>videtur</strong></span> <span class='ocrx_word' id='word_1_306' title='bbox 1623 4540 1691 4599; x_wconf 91' lang='lat' dir='ltr'><strong>D.</strong></span> <span class='ocrx_word' id='word_1_307' title='bbox 1724 4539 2015 4616; x_wconf 87' lang='lat' dir='ltr'><strong>Thomas,</strong></span> <span class='ocrx_word' id='word_1_308' title='bbox 2053 4543 2115 4601; x_wconf 88' lang='grc'><strong>1.</strong></span> 
     </span>
     <span class='ocr_line' id='line_1_47' title="bbox 554 4631 2115 4715; baseline -0.004 -18"><span class='ocrx_word' id='word_1_309' title='bbox 554 4639 618 4713; x_wconf 76' lang='lat'><strong>2,</strong></span> <span class='ocrx_word' id='word_1_310' title='bbox 647 4655 708 4715; x_wconf 91' lang='lat' dir='ltr'><strong>q.</strong></span> <span class='ocrx_word' id='word_1_311' title='bbox 744 4638 845 4709; x_wconf 82' lang='lat'><strong>71,</strong></span> <span class='ocrx_word' id='word_1_312' title='bbox 874 4639 994 4694; x_wconf 89' lang='lat' dir='ltr'><strong>art.</strong></span> <span class='ocrx_word' id='word_1_313' title='bbox 1043 4634 1106 4706; x_wconf 78' lang='lat'><strong>6,</strong></span> <span class='ocrx_word' id='word_1_314' title='bbox 1145 4632 1222 4691; x_wconf 88' lang='lat' dir='ltr'><strong>ad</strong></span> <span class='ocrx_word' id='word_1_315' title='bbox 1264 4633 1328 4706; x_wconf 81' lang='lat'><strong>5,</strong></span> <span class='ocrx_word' id='word_1_316' title='bbox 1368 4631 1747 4710; x_wconf 83' lang='lat' dir='ltr'><strong>distinguere</strong></span> <span class='ocrx_word' id='word_1_317' title='bbox 1772 4640 2115 4710; x_wconf 86' lang='lat' dir='ltr'><strong>peccatum,</strong></span> 
     </span>
     <span class='ocr_line' id='line_1_48' title="bbox 508 4724 2121 4814; baseline -0.004 -23"><span class='ocrx_word' id='word_1_318' title='bbox 508 4805 522 4814; x_wconf 30' lang='grc' dir='ltr'><em>ι</em></span> <span class='ocrx_word' id='word_1_319' title='bbox 555 4736 626 4791; x_wconf 90' lang='lat' dir='ltr'><strong>ut</strong></span> <span class='ocrx_word' id='word_1_320' title='bbox 654 4736 745 4792; x_wconf 89' lang='lat' dir='ltr'><strong>est</strong></span> <span class='ocrx_word' id='word_1_321' title='bbox 773 4733 989 4789; x_wconf 89' lang='lat' dir='ltr'><strong>contra</strong></span> <span class='ocrx_word' id='word_1_322' title='bbox 1017 4725 1322 4786; x_wconf 90' lang='lat' dir='ltr'><strong>rationem</strong></span> <span class='ocrx_word' id='word_1_323' title='bbox 1343 4768 1364 4799; x_wconf 93' lang='lat'><strong>,</strong></span> <span class='ocrx_word' id='word_1_324' title='bbox 1401 4730 1462 4785; x_wconf 92' lang='lat' dir='ltr'><strong>et</strong></span> <span class='ocrx_word' id='word_1_325' title='bbox 1502 4730 1574 4784; x_wconf 85' lang='lat' dir='ltr'><strong>ut</strong></span> <span class='ocrx_word' id='word_1_326' title='bbox 1625 4736 1718 4785; x_wconf 90' lang='lat' dir='ltr'><strong>est</strong></span> <span class='ocrx_word' id='word_1_327' title='bbox 1753 4724 2121 4786; x_wconf 83' lang='lat' dir='ltr'><strong>offensivum</strong></span> 
     </span>
     <span class='ocr_line' id='line_1_49' title="bbox 555 4817 2121 4900; baseline -0.003 -16"><span class='ocrx_word' id='word_1_328' title='bbox 555 4824 665 4885; x_wconf 90' lang='lat' dir='ltr'><strong>Dei</strong></span> <span class='ocrx_word' id='word_1_329' title='bbox 689 4839 710 4898; x_wconf 84' lang='lat'>3</span> <span class='ocrx_word' id='word_1_330' title='bbox 754 4827 817 4883; x_wconf 90' lang='lat' dir='ltr'><strong>et</strong></span> <span class='ocrx_word' id='word_1_331' title='bbox 843 4819 1036 4900; x_wconf 90' lang='lat' dir='ltr'><strong>priori</strong></span> <span class='ocrx_word' id='word_1_332' title='bbox 1067 4818 1251 4879; x_wconf 94' lang='lat' dir='ltr'><strong>modo</strong></span> <span class='ocrx_word' id='word_1_333' title='bbox 1281 4817 1654 4878; x_wconf 87' lang='lat' dir='ltr'><strong>considerari</strong></span> <span class='ocrx_word' id='word_1_334' title='bbox 1687 4836 1725 4878; x_wconf 88' lang='lat' dir='ltr'><strong>a</strong></span> <span class='ocrx_word' id='word_1_335' title='bbox 1756 4818 2121 4898; x_wconf 90' lang='lat' dir='ltr'><strong>philosopho</strong></span> 
     </span>
     <span class='ocr_line' id='line_1_50' title="bbox 555 4910 2116 4992; baseline -0.003 -15"><span class='ocrx_word' id='word_1_336' title='bbox 555 4915 820 4991; x_wconf 90' lang='lat' dir='ltr'><strong>morali,</strong></span> <span class='ocrx_word' id='word_1_337' title='bbox 871 4910 1193 4992; x_wconf 86' lang='lat' dir='ltr'><strong>posteriori</strong></span> <span class='ocrx_word' id='word_1_338' title='bbox 1249 4917 1458 4971; x_wconf 87' lang='lat' dir='ltr'><strong>autem</strong></span> <span class='ocrx_word' id='word_1_339' title='bbox 1503 4911 1688 4971; x_wconf 92' lang='lat' dir='ltr'><strong>modo</strong></span> <span class='ocrx_word' id='word_1_340' title='bbox 1741 4928 1779 4970; x_wconf 91' lang='lat' dir='ltr'><strong>a</strong></span> <span class='ocrx_word' id='word_1_341' title='bbox 1805 4911 2116 4989; x_wconf 76' lang='lat' dir='ltr'><strong>theologo,</strong></span> 
     </span>
     <span class='ocr_line' id='line_1_51' title="bbox 557 5003 2123 5084; baseline -0.003 -16"><span class='ocrx_word' id='word_1_342' title='bbox 557 5009 627 5068; x_wconf 89' lang='lat' dir='ltr'><strong>In</strong></span> <span class='ocrx_word' id='word_1_343' title='bbox 652 5006 760 5067; x_wconf 93' lang='lat' dir='ltr'><strong>illo</strong></span> <span class='ocrx_word' id='word_1_344' title='bbox 787 5023 935 5084; x_wconf 89' lang='lat' dir='ltr'><strong>ergo</strong></span> <span class='ocrx_word' id='word_1_345' title='bbox 964 5022 1111 5065; x_wconf 82' lang='lat' dir='ltr'><strong>casu</strong></span> <span class='ocrx_word' id='word_1_346' title='bbox 1154 5008 1313 5064; x_wconf 91' lang='lat' dir='ltr'><strong>esset</strong></span> <span class='ocrx_word' id='word_1_347' title='bbox 1342 5009 1517 5063; x_wconf 88' lang='lat' dir='ltr'><strong>actus</strong></span> <span class='ocrx_word' id='word_1_348' title='bbox 1554 5003 1754 5063; x_wconf 89' lang='lat' dir='ltr'><strong>malus</strong></span> <span class='ocrx_word' id='word_1_349' title='bbox 1804 5004 2123 5065; x_wconf 87' lang='lat' dir='ltr'><strong>moraliter</strong></span> 
     </span>
     <span class='ocr_line' id='line_1_52' title="bbox 555 5094 2122 5177; baseline -0.002 -18"><span class='ocrx_word' id='word_1_350' title='bbox 555 5104 873 5177; x_wconf 89' lang='lat' dir='ltr'><strong>peccatum</strong></span> <span class='ocrx_word' id='word_1_351' title='bbox 901 5102 964 5158; x_wconf 92' lang='lat' dir='ltr'><strong>et</strong></span> <span class='ocrx_word' id='word_1_352' title='bbox 990 5096 1189 5174; x_wconf 92' lang='lat' dir='ltr'><strong>culpa,</strong></span> <span class='ocrx_word' id='word_1_353' title='bbox 1220 5112 1349 5155; x_wconf 93' lang='lat' dir='ltr'><strong>non</strong></span> <span class='ocrx_word' id='word_1_354' title='bbox 1380 5100 1592 5155; x_wconf 87' lang='lat' dir='ltr'><strong>tamen</strong></span> <span class='ocrx_word' id='word_1_355' title='bbox 1616 5094 1979 5173; x_wconf 89' lang='lat' dir='ltr'><strong>theologice,</strong></span> <span class='ocrx_word' id='word_1_356' title='bbox 2012 5114 2122 5156; x_wconf 91' lang='lat' dir='ltr'><strong>seu</strong></span> 
     </span>
     <span class='ocr_line' id='line_1_53' title="bbox 556 5186 2124 5262; baseline -0.001 -13"><span class='ocrx_word' id='word_1_357' title='bbox 556 5191 625 5250; x_wconf 89' lang='lat' dir='ltr'><strong>in</strong></span> <span class='ocrx_word' id='word_1_358' title='bbox 674 5189 889 5249; x_wconf 89' lang='lat' dir='ltr'><strong>ordine</strong></span> <span class='ocrx_word' id='word_1_359' title='bbox 929 5189 1007 5248; x_wconf 94' lang='lat' dir='ltr'><strong>ad</strong></span> <span class='ocrx_word' id='word_1_360' title='bbox 1057 5189 1276 5262; x_wconf 90' lang='lat' dir='ltr'><strong>Deum,</strong></span> <span class='ocrx_word' id='word_1_361' title='bbox 1313 5193 1375 5248; x_wconf 90' lang='lat' dir='ltr'><strong>et</strong></span> <span class='ocrx_word' id='word_1_362' title='bbox 1407 5187 1625 5248; x_wconf 90' lang='lat' dir='ltr'><strong>eodem</strong></span> <span class='ocrx_word' id='word_1_363' title='bbox 1667 5186 1851 5247; x_wconf 92' lang='lat' dir='ltr'><strong>modo</strong></span> <span class='ocrx_word' id='word_1_364' title='bbox 1879 5188 2124 5248; x_wconf 86' lang='lat' dir='ltr'><strong>videtur</strong></span> 
     </span>
     <span class='ocr_line' id='line_1_54' title="bbox 557 5279 2123 5359; baseline -0.001 -17"><span class='ocrx_word' id='word_1_365' title='bbox 557 5281 1029 5358; x_wconf 87' lang='lat' dir='ltr'><strong>intelligendum</strong></span> <span class='ocrx_word' id='word_1_366' title='bbox 1068 5281 1231 5359; x_wconf 89' lang='lat' dir='ltr'><strong>quod</strong></span> <span class='ocrx_word' id='word_1_367' title='bbox 1274 5280 1505 5340; x_wconf 91' lang='lat' dir='ltr'><strong>ibidem</strong></span> <span class='ocrx_word' id='word_1_368' title='bbox 1534 5281 1681 5339; x_wconf 88' lang='lat' dir='ltr'><strong>dicit</strong></span> <span class='ocrx_word' id='word_1_369' title='bbox 1715 5281 1782 5338; x_wconf 91' lang='lat' dir='ltr'><strong>in</strong></span> <span class='ocrx_word' id='word_1_370' title='bbox 1819 5279 2123 5340; x_wconf 86' lang='lat' dir='ltr'><strong>solutione</strong></span> 
     </span>
     <span class='ocr_line' id='line_1_55' title="bbox 557 5372 2123 5451; baseline -0.003 -16"><span class='ocrx_word' id='word_1_371' title='bbox 557 5376 635 5435; x_wconf 89' lang='lat' dir='ltr'><strong>ad</strong></span> <span class='ocrx_word' id='word_1_372' title='bbox 654 5376 717 5448; x_wconf 75' lang='lat'><strong>4,</strong></span> <span class='ocrx_word' id='word_1_373' title='bbox 736 5373 884 5432; x_wconf 87' lang='lat' dir='ltr'><strong>talia</strong></span> <span class='ocrx_word' id='word_1_374' title='bbox 905 5376 1149 5451; x_wconf 86' lang='lat' dir='ltr'><strong>peccata</strong></span> <span class='ocrx_word' id='word_1_375' title='bbox 1162 5373 1230 5431; x_wconf 92' lang='lat' dir='ltr'><strong>in</strong></span> <span class='ocrx_word' id='word_1_376' title='bbox 1259 5373 1473 5434; x_wconf 90' lang='lat' dir='ltr'><strong>ordine</strong></span> <span class='ocrx_word' id='word_1_377' title='bbox 1494 5374 1570 5432; x_wconf 89' lang='lat' dir='ltr'><strong>ad</strong></span> <span class='ocrx_word' id='word_1_378' title='bbox 1599 5372 1801 5450; x_wconf 89' lang='lat' dir='ltr'><strong>legem</strong></span> <span class='ocrx_word' id='word_1_379' title='bbox 1825 5379 2123 5433; x_wconf 85' lang='lat' dir='ltr'><strong>aeternam</strong></span> 
     </span>
     <span class='ocr_line' id='line_1_56' title="bbox 559 5463 2126 5544; baseline -0.003 -15"><span class='ocrx_word' id='word_1_380' title='bbox 559 5484 687 5529; x_wconf 87' lang='lat' dir='ltr'><strong>esse</strong></span> <span class='ocrx_word' id='word_1_381' title='bbox 716 5464 904 5541; x_wconf 84' lang='lat' dir='ltr'><strong>mala,</strong></span> <span class='ocrx_word' id='word_1_382' title='bbox 934 5463 1081 5543; x_wconf 88' lang='lat' dir='ltr'><strong>quia</strong></span> <span class='ocrx_word' id='word_1_383' title='bbox 1106 5464 1438 5543; x_wconf 86' lang='lat' dir='ltr'><strong>prohibita,</strong></span> <span class='ocrx_word' id='word_1_384' title='bbox 1470 5466 1685 5544; x_wconf 91' lang='lat' dir='ltr'><strong>utique</strong></span> <span class='ocrx_word' id='word_1_385' title='bbox 1734 5464 1843 5526; x_wconf 88' lang='lat' dir='ltr'><strong>illa</strong></span> <span class='ocrx_word' id='word_1_386' title='bbox 1885 5465 2126 5526; x_wconf 88' lang='lat' dir='ltr'><strong>malitia</strong></span> 
     </span>
    </p>
   </div>
   <div class='ocr_carea' id='block_1_3' title="bbox 1177 373 3124 439">
    <p class='ocr_par' dir='ltr' id='par_1_5' title="bbox 1177 373 3124 439">
     <span class='ocr_line' id='line_1_57' title="bbox 1177 373 3124 439; baseline -0.004 -9"><span class='ocrx_word' id='word_1_387' title='bbox 1177 379 1291 430; x_wconf 85' lang='lat' dir='ltr'><strong>LlB.</strong></span> <span class='ocrx_word' id='word_1_388' title='bbox 1329 380 1390 431; x_wconf 81' lang='lat'><strong>11.</strong></span> <span class='ocrx_word' id='word_1_389' title='bbox 1426 378 1507 430; x_wconf 77' lang='grc' dir='ltr'><strong>ΒΕ</strong></span> <span class='ocrx_word' id='word_1_390' title='bbox 1539 378 1700 430; x_wconf 83' lang='lat' dir='ltr'><strong>LEGE</strong></span> <span class='ocrx_word' id='word_1_391' title='bbox 1732 377 2017 438; x_wconf 78' lang='lat' dir='ltr'><strong>AETERNA,</strong></span> <span class='ocrx_word' id='word_1_392' title='bbox 2053 377 2133 427; x_wconf 88' lang='grc' dir='ltr'><strong>ΕΤ</strong></span> <span class='ocrx_word' id='word_1_393' title='bbox 2166 376 2498 439; x_wconf 74' lang='lat' dir='ltr'><strong>NATURALI,</strong></span> <span class='ocrx_word' id='word_1_394' title='bbox 2535 376 2613 426; x_wconf 77' lang='lat' dir='ltr'><strong>Ac</strong></span> <span class='ocrx_word' id='word_1_395' title='bbox 2645 375 2797 426; x_wconf 83' lang='lat' dir='ltr'>JURE</span> <span class='ocrx_word' id='word_1_396' title='bbox 2833 373 3124 427; x_wconf 78' lang='lat' dir='ltr'><strong>GENTltm.</strong></span> 
     </span>
    </p>
   </div>
   <div class='ocr_carea' id='block_1_4' title="bbox 2182 471 3781 5544">
    <p class='ocr_par' dir='ltr' id='par_1_6' title="bbox 2182 471 3758 2383">
     <span class='ocr_line' id='line_1_58' title="bbox 2186 471 3752 555; baseline -0.001 -18"><span class='ocrx_word' id='word_1_397' title='bbox 2186 476 2531 555; x_wconf 88' lang='lat' dir='ltr'><strong>theologica</strong></span> <span class='ocrx_word' id='word_1_398' title='bbox 2555 474 2642 555; x_wconf 90' lang='lat' dir='ltr'><strong>(ut</strong></span> <span class='ocrx_word' id='word_1_399' title='bbox 2673 474 2758 534; x_wconf 90' lang='lat' dir='ltr'><strong>sic</strong></span> <span class='ocrx_word' id='word_1_400' title='bbox 2804 475 3028 550; x_wconf 91' lang='lat' dir='ltr'><strong>dicam)</strong></span> <span class='ocrx_word' id='word_1_401' title='bbox 3064 490 3255 551; x_wconf 89' lang='lat' dir='ltr'><strong>quam</strong></span> <span class='ocrx_word' id='word_1_402' title='bbox 3308 489 3436 532; x_wconf 92' lang='lat' dir='ltr'><strong>non</strong></span> <span class='ocrx_word' id='word_1_403' title='bbox 3493 471 3752 535; x_wconf 85' lang='lat' dir='ltr'><strong>haberet</strong></span> 
     </span>
     <span class='ocr_line' id='line_1_59' title="bbox 2184 565 3751 645; baseline -0.002 -16"><span class='ocrx_word' id='word_1_404' title='bbox 2184 575 2378 644; x_wconf 75' lang='lat' dir='ltr'><strong>actuS,</strong></span> <span class='ocrx_word' id='word_1_405' title='bbox 2408 569 2529 628; x_wconf 90' lang='lat' dir='ltr'><strong>nisi</strong></span> <span class='ocrx_word' id='word_1_406' title='bbox 2570 573 2724 629; x_wconf 86' lang='lat' dir='ltr'><strong>esset</strong></span> <span class='ocrx_word' id='word_1_407' title='bbox 2768 566 3130 645; x_wconf 89' lang='lat' dir='ltr'><strong>prohibitus.</strong></span> <span class='ocrx_word' id='word_1_408' title='bbox 3168 567 3245 625; x_wconf 92' lang='lat' dir='ltr'><strong>Et</strong></span> <span class='ocrx_word' id='word_1_409' title='bbox 3278 565 3366 625; x_wconf 91' lang='lat' dir='ltr'><strong>ita</strong></span> <span class='ocrx_word' id='word_1_410' title='bbox 3391 566 3638 626; x_wconf 88' lang='lat' dir='ltr'><strong>videtur</strong></span> <span class='ocrx_word' id='word_1_411' title='bbox 3659 567 3751 626; x_wconf 88' lang='lat' dir='ltr'><strong>iu·</strong></span> 
     </span>
     <span class='ocr_line' id='line_1_60' title="bbox 2182 657 3752 739; baseline -0.001 -18"><span class='ocrx_word' id='word_1_412' title='bbox 2182 661 2518 739; x_wconf 82' lang='lat' dir='ltr'><strong>telligenda</strong></span> <span class='ocrx_word' id='word_1_413' title='bbox 2547 661 2705 720; x_wconf 88' lang='lat' dir='ltr'><strong>ratio</strong></span> <span class='ocrx_word' id='word_1_414' title='bbox 2740 677 2926 737; x_wconf 90' lang='lat' dir='ltr'><strong>quam</strong></span> <span class='ocrx_word' id='word_1_415' title='bbox 2955 658 3182 733; x_wconf 88' lang='lat' dir='ltr'><strong>subdit,</strong></span> <span class='ocrx_word' id='word_1_416' title='bbox 3214 676 3350 736; x_wconf 87' lang='lat' dir='ltr'><strong>quae</strong></span> <span class='ocrx_word' id='word_1_417' title='bbox 3378 657 3530 717; x_wconf 84' lang='lat' dir='ltr'><strong>alias</strong></span> <span class='ocrx_word' id='word_1_418' title='bbox 3556 659 3752 719; x_wconf 88' lang='lat' dir='ltr'><strong>videri</strong></span> 
     </span>
     <span class='ocr_line' id='line_1_61' title="bbox 2183 750 3751 833; baseline -0.002 -19"><span class='ocrx_word' id='word_1_419' title='bbox 2183 760 2382 833; x_wconf 89' lang='lat' dir='ltr'><strong>potest</strong></span> <span class='ocrx_word' id='word_1_420' title='bbox 2404 753 2680 813; x_wconf 89' lang='lat' dir='ltr'><strong>obscura.</strong></span> <span class='ocrx_word' id='word_1_421' title='bbox 2715 754 2869 812; x_wconf 93' lang='lat' dir='ltr'><strong>Nam</strong></span> <span class='ocrx_word' id='word_1_422' title='bbox 2893 769 3036 810; x_wconf 92' lang='lat' dir='ltr'><strong>cum</strong></span> <span class='ocrx_word' id='word_1_423' title='bbox 3060 750 3311 810; x_wconf 83' lang='lat' dir='ltr'><strong>dixisset</strong></span> <span class='ocrx_word' id='word_1_424' title='bbox 3338 767 3522 810; x_wconf 92' lang='lat' dir='ltr'><strong>omne</strong></span> <span class='ocrx_word' id='word_1_425' title='bbox 3540 768 3751 829; x_wconf 87' lang='lat' dir='ltr'><strong>pecca-</strong></span> 
     </span>
     <span class='ocr_line' id='line_1_62' title="bbox 2183 841 3753 923; baseline -0.002 -17"><span class='ocrx_word' id='word_1_426' title='bbox 2183 852 2320 906; x_wconf 92' lang='lat' dir='ltr'><strong>tum</strong></span> <span class='ocrx_word' id='word_1_427' title='bbox 2365 864 2495 906; x_wconf 89' lang='lat' dir='ltr'><strong>esse</strong></span> <span class='ocrx_word' id='word_1_428' title='bbox 2529 845 2788 919; x_wconf 90' lang='lat' dir='ltr'><strong>malum,</strong></span> <span class='ocrx_word' id='word_1_429' title='bbox 2828 844 2977 923; x_wconf 92' lang='lat' dir='ltr'><strong>quia</strong></span> <span class='ocrx_word' id='word_1_430' title='bbox 3005 841 3389 921; x_wconf 88' lang='lat' dir='ltr'><strong>prohibitum</strong></span> <span class='ocrx_word' id='word_1_431' title='bbox 3420 842 3488 902; x_wconf 90' lang='lat' dir='ltr'><strong>in</strong></span> <span class='ocrx_word' id='word_1_432' title='bbox 3537 843 3753 903; x_wconf 85' lang='lat' dir='ltr'><strong>ordine</strong></span> 
     </span>
     <span class='ocr_line' id='line_1_63' title="bbox 2186 935 3751 1017; baseline 0 -19"><span class='ocrx_word' id='word_1_433' title='bbox 2186 938 2263 998; x_wconf 89' lang='lat' dir='ltr'><strong>ad</strong></span> <span class='ocrx_word' id='word_1_434' title='bbox 2287 938 2490 1017; x_wconf 90' lang='lat' dir='ltr'><strong>legem</strong></span> <span class='ocrx_word' id='word_1_435' title='bbox 2518 943 2840 1011; x_wconf 78' lang='lat' dir='ltr'><strong>aeternam,</strong></span> <span class='ocrx_word' id='word_1_436' title='bbox 2879 935 3086 996; x_wconf 88' lang='lat' dir='ltr'><strong>subdit</strong></span> <span class='ocrx_word' id='word_1_437' title='bbox 3118 951 3134 993; x_wconf 75' lang='lat' dir='ltr'><strong>t</strong></span> <span class='ocrx_word' id='word_1_438' title='bbox 3166 936 3276 996; x_wconf 79' lang='lat' dir='ltr'><strong>Ecc</strong></span> <span class='ocrx_word' id='word_1_439' title='bbox 3302 935 3409 997; x_wconf 78' lang='grc' dir='ltr'><em>Ιιοο</em></span> <span class='ocrx_word' id='word_1_440' title='bbox 3435 935 3593 996; x_wconf 75' lang='lat' dir='ltr'><strong>enim</strong></span> <span class='ocrx_word' id='word_1_441' title='bbox 3621 937 3751 1014; x_wconf 77' lang='lat' dir='ltr'><strong>ipso</strong></span> 
     </span>
     <span class='ocr_line' id='line_1_64' title="bbox 2187 1027 3747 1109; baseline -0.001 -19"><span class='ocrx_word' id='word_1_442' title='bbox 2187 1031 2343 1109; x_wconf 84' lang='lat' dir='ltr'><strong>quod</strong></span> <span class='ocrx_word' id='word_1_443' title='bbox 2359 1035 2444 1091; x_wconf 79' lang='lat' dir='ltr'><strong>est</strong></span> <span class='ocrx_word' id='word_1_444' title='bbox 2473 1030 2910 1103; x_wconf 77' lang='lat' dir='ltr'><strong>inordinatum,</strong></span> <span class='ocrx_word' id='word_1_445' title='bbox 2939 1028 3084 1105; x_wconf 80' lang='lat' dir='ltr'><strong>juri</strong></span> <span class='ocrx_word' id='word_1_446' title='bbox 3112 1027 3388 1088; x_wconf 76' lang='lat' dir='ltr'><strong>natm-ali</strong></span> <span class='ocrx_word' id='word_1_447' title='bbox 3428 1033 3747 1105; x_wconf 72' lang='lat' dir='ltr'><strong>repuynat.</strong></span> 
     </span>
     <span class='ocr_line' id='line_1_65' title="bbox 2189 1111 3752 1199; baseline -0.002 -18"><span class='ocrx_word' id='word_1_448' title='bbox 2189 1122 2334 1194; x_wconf 81' lang='lat' dir='ltr'><strong>Quae</strong></span> <span class='ocrx_word' id='word_1_449' title='bbox 2367 1122 2525 1181; x_wconf 90' lang='lat' dir='ltr'><strong>ratio</strong></span> <span class='ocrx_word' id='word_1_450' title='bbox 2553 1121 2756 1199; x_wconf 87' lang='lat' dir='ltr'><strong>potius</strong></span> <span class='ocrx_word' id='word_1_451' title='bbox 2772 1121 3018 1181; x_wconf 83' lang='lat' dir='ltr'><strong>videtur</strong></span> <span class='ocrx_word' id='word_1_452' title='bbox 3035 1111 3295 1198; x_wconf 88' lang='lat' dir='ltr'><strong>probare</strong></span> <span class='ocrx_word' id='word_1_453' title='bbox 3322 1136 3451 1179; x_wconf 90' lang='lat' dir='ltr'><strong>esse</strong></span> <span class='ocrx_word' id='word_1_454' title='bbox 3479 1119 3752 1197; x_wconf 90' lang='lat' dir='ltr'><strong>prohibi-</strong></span> 
     </span>
     <span class='ocr_line' id='line_1_66' title="bbox 2188 1211 3753 1292; baseline -0.001 -19"><span class='ocrx_word' id='word_1_455' title='bbox 2188 1218 2323 1273; x_wconf 88' lang='lat' dir='ltr'><strong>tum</strong></span> <span class='ocrx_word' id='word_1_456' title='bbox 2341 1213 2490 1292; x_wconf 89' lang='lat' dir='ltr'><strong>quia</strong></span> <span class='ocrx_word' id='word_1_457' title='bbox 2515 1213 2747 1273; x_wconf 90' lang='lat' dir='ltr'><strong>malum</strong></span> <span class='ocrx_word' id='word_1_458' title='bbox 2768 1257 2787 1288; x_wconf 92' lang='lat'><strong>,</strong></span> <span class='ocrx_word' id='word_1_459' title='bbox 2831 1230 3021 1291; x_wconf 89' lang='lat' dir='ltr'><strong>quam</strong></span> <span class='ocrx_word' id='word_1_460' title='bbox 3050 1230 3084 1272; x_wconf 92' lang='lat' dir='ltr'><strong>e</strong></span> <span class='ocrx_word' id='word_1_461' title='bbox 3112 1229 3430 1272; x_wconf 82' lang='lat' dir='ltr'><strong>conversO.</strong></span> <span class='ocrx_word' id='word_1_462' title='bbox 3460 1211 3630 1285; x_wconf 90' lang='lat' dir='ltr'><strong>Quod</strong></span> <span class='ocrx_word' id='word_1_463' title='bbox 3652 1230 3753 1272; x_wconf 86' lang='lat' dir='ltr'><strong>ve·</strong></span> 
     </span>
     <span class='ocr_line' id='line_1_67' title="bbox 2188 1303 3755 1383; baseline 0 -19"><span class='ocrx_word' id='word_1_464' title='bbox 2188 1322 2329 1364; x_wconf 91' lang='lat' dir='ltr'><strong>rum</strong></span> <span class='ocrx_word' id='word_1_465' title='bbox 2356 1310 2446 1365; x_wconf 92' lang='lat' dir='ltr'><strong>est</strong></span> <span class='ocrx_word' id='word_1_466' title='bbox 2469 1304 2775 1383; x_wconf 91' lang='lat' dir='ltr'><strong>loquendo</strong></span> <span class='ocrx_word' id='word_1_467' title='bbox 2798 1304 2874 1365; x_wconf 92' lang='lat' dir='ltr'><strong>de</strong></span> <span class='ocrx_word' id='word_1_468' title='bbox 2897 1303 3136 1364; x_wconf 90' lang='lat' dir='ltr'><strong>malitia</strong></span> <span class='ocrx_word' id='word_1_469' title='bbox 3160 1304 3409 1364; x_wconf 89' lang='lat' dir='ltr'><strong>moralis</strong></span> <span class='ocrx_word' id='word_1_470' title='bbox 3441 1304 3755 1364; x_wconf 89' lang='lat' dir='ltr'><strong>inordina-</strong></span> 
     </span>
     <span class='ocr_line' id='line_1_68' title="bbox 2188 1397 3753 1473; baseline 0 -15"><span class='ocrx_word' id='word_1_471' title='bbox 2188 1398 2397 1473; x_wconf 82' lang='lat' dir='ltr'><strong>tionis,</strong></span> <span class='ocrx_word' id='word_1_472' title='bbox 2427 1402 2638 1458; x_wconf 84' lang='lat' dir='ltr'><strong>tamen</strong></span> <span class='ocrx_word' id='word_1_473' title='bbox 2664 1397 2903 1458; x_wconf 89' lang='lat' dir='ltr'><strong>ratione</strong></span> <span class='ocrx_word' id='word_1_474' title='bbox 2924 1397 3089 1457; x_wconf 90' lang='lat' dir='ltr'><strong>illius</strong></span> <span class='ocrx_word' id='word_1_475' title='bbox 3116 1397 3324 1457; x_wconf 88' lang='lat' dir='ltr'><strong>addita</strong></span> <span class='ocrx_word' id='word_1_476' title='bbox 3347 1403 3439 1458; x_wconf 81' lang='lat' dir='ltr'><strong>est</strong></span> <span class='ocrx_word' id='word_1_477' title='bbox 3455 1398 3555 1457; x_wconf 84' lang='lat' dir='ltr'><strong>lex</strong></span> <span class='ocrx_word' id='word_1_478' title='bbox 3579 1402 3753 1458; x_wconf 85' lang='lat' dir='ltr'><strong>aeter-</strong></span> 
     </span>
     <span class='ocr_line' id='line_1_69' title="bbox 2189 1488 3754 1569; baseline -0.001 -18"><span class='ocrx_word' id='word_1_479' title='bbox 2189 1509 2291 1561; x_wconf 92' lang='lat' dir='ltr'><strong>na,</strong></span> <span class='ocrx_word' id='word_1_480' title='bbox 2330 1496 2392 1551; x_wconf 90' lang='lat' dir='ltr'><strong>et</strong></span> <span class='ocrx_word' id='word_1_481' title='bbox 2435 1490 2645 1551; x_wconf 87' lang='lat' dir='ltr'><strong>divina</strong></span> <span class='ocrx_word' id='word_1_482' title='bbox 2688 1489 3023 1569; x_wconf 89' lang='lat' dir='ltr'><strong>prohibitio</strong></span> <span class='ocrx_word' id='word_1_483' title='bbox 3093 1488 3170 1548; x_wconf 85' lang='lat' dir='ltr'><strong>ad</strong></span> <span class='ocrx_word' id='word_1_484' title='bbox 3200 1506 3388 1567; x_wconf 87' lang='lat' dir='ltr'><strong>quam</strong></span> <span class='ocrx_word' id='word_1_485' title='bbox 3422 1489 3609 1549; x_wconf 88' lang='lat' dir='ltr'><strong>habet</strong></span> <span class='ocrx_word' id='word_1_486' title='bbox 3632 1490 3754 1550; x_wconf 88' lang='lat' dir='ltr'><strong>tale</strong></span> 
     </span>
     <span class='ocr_line' id='line_1_70' title="bbox 2191 1583 3757 1663; baseline -0.002 -18"><span class='ocrx_word' id='word_1_487' title='bbox 2191 1590 2512 1663; x_wconf 88' lang='lat' dir='ltr'><strong>peccatum</strong></span> <span class='ocrx_word' id='word_1_488' title='bbox 2549 1583 2874 1662; x_wconf 88' lang='lat' dir='ltr'><strong>specialem</strong></span> <span class='ocrx_word' id='word_1_489' title='bbox 2918 1583 3418 1661; x_wconf 86' lang='lat' dir='ltr'><strong>repugnantiam,</strong></span> <span class='ocrx_word' id='word_1_490' title='bbox 3455 1589 3518 1643; x_wconf 88' lang='lat' dir='ltr'><strong>et</strong></span> <span class='ocrx_word' id='word_1_491' title='bbox 3544 1600 3757 1643; x_wconf 83' lang='lat' dir='ltr'><strong>conse-</strong></span> 
     </span>
     <span class='ocr_line' id='line_1_71' title="bbox 2193 1674 3756 1755; baseline -0.001 -18"><span class='ocrx_word' id='word_1_492' title='bbox 2193 1682 2456 1755; x_wconf 90' lang='lat' dir='ltr'><strong>quenter</strong></span> <span class='ocrx_word' id='word_1_493' title='bbox 2488 1675 2631 1736; x_wconf 90' lang='lat' dir='ltr'><strong>inde</strong></span> <span class='ocrx_word' id='word_1_494' title='bbox 2659 1675 2846 1735; x_wconf 88' lang='lat' dir='ltr'><strong>habet</strong></span> <span class='ocrx_word' id='word_1_495' title='bbox 2874 1674 3200 1754; x_wconf 91' lang='lat' dir='ltr'><strong>specialem</strong></span> <span class='ocrx_word' id='word_1_496' title='bbox 3229 1674 3756 1736; x_wconf 86' lang='lat' dir='ltr'><strong>deordinationem</strong></span> 
     </span>
     <span class='ocr_line' id='line_1_72' title="bbox 2190 1766 3757 1848; baseline -0.003 -19"><span class='ocrx_word' id='word_1_497' title='bbox 2190 1787 2378 1848; x_wconf 91' lang='lat' dir='ltr'><strong>quam</strong></span> <span class='ocrx_word' id='word_1_498' title='bbox 2406 1787 2533 1829; x_wconf 91' lang='lat' dir='ltr'><strong>non</strong></span> <span class='ocrx_word' id='word_1_499' title='bbox 2554 1767 2810 1829; x_wconf 89' lang='lat' dir='ltr'><strong>haberet</strong></span> <span class='ocrx_word' id='word_1_500' title='bbox 2831 1769 2883 1828; x_wconf 89' lang='lat' dir='ltr'><strong>si</strong></span> <span class='ocrx_word' id='word_1_501' title='bbox 2913 1766 3246 1847; x_wconf 89' lang='lat' dir='ltr'><strong>prohibitio</strong></span> <span class='ocrx_word' id='word_1_502' title='bbox 3265 1767 3478 1827; x_wconf 84' lang='lat' dir='ltr'><strong>divina</strong></span> <span class='ocrx_word' id='word_1_503' title='bbox 3504 1784 3632 1826; x_wconf 91' lang='lat' dir='ltr'><strong>non</strong></span> <span class='ocrx_word' id='word_1_504' title='bbox 3660 1768 3757 1825; x_wconf 93' lang='lat' dir='ltr'><strong>in-</strong></span> 
     </span>
     <span class='ocr_line' id='line_1_73' title="bbox 2192 1858 3757 1941; baseline -0.003 -18"><span class='ocrx_word' id='word_1_505' title='bbox 2192 1861 2574 1935; x_wconf 83' lang='lat' dir='ltr'><strong>tervenisset,</strong></span> <span class='ocrx_word' id='word_1_506' title='bbox 2600 1880 2709 1941; x_wconf 89' lang='lat' dir='ltr'><strong>per</strong></span> <span class='ocrx_word' id='word_1_507' title='bbox 2728 1878 2916 1940; x_wconf 88' lang='lat' dir='ltr'><strong>quam</strong></span> <span class='ocrx_word' id='word_1_508' title='bbox 2940 1859 3471 1921; x_wconf 83' lang='lat' dir='ltr'><strong>deordinationcm</strong></span> <span class='ocrx_word' id='word_1_509' title='bbox 3490 1858 3757 1937; x_wconf 93' lang='lat' dir='ltr'><strong>comple-</strong></span> 
     </span>
     <span class='ocr_line' id='line_1_74' title="bbox 2190 1951 3756 2031; baseline -0.001 -19"><span class='ocrx_word' id='word_1_510' title='bbox 2190 1958 2298 2013; x_wconf 88' lang='lat' dir='ltr'><strong>tur</strong></span> <span class='ocrx_word' id='word_1_511' title='bbox 2346 1953 2502 2013; x_wconf 88' lang='lat' dir='ltr'><strong>ratio</strong></span> <span class='ocrx_word' id='word_1_512' title='bbox 2538 1954 2770 2031; x_wconf 87' lang='lat' dir='ltr'><strong>peccati</strong></span> <span class='ocrx_word' id='word_1_513' title='bbox 2821 1951 3166 2029; x_wconf 85' lang='lat' dir='ltr'><strong>theologice</strong></span> <span class='ocrx_word' id='word_1_514' title='bbox 3212 1952 3463 2030; x_wconf 89' lang='lat' dir='ltr'><strong>sumpti,</strong></span> <span class='ocrx_word' id='word_1_515' title='bbox 3505 1956 3566 2011; x_wconf 92' lang='lat' dir='ltr'><strong>et</strong></span> <span class='ocrx_word' id='word_1_516' title='bbox 3598 1952 3756 2011; x_wconf 90' lang='lat' dir='ltr'><strong>ratio</strong></span> 
     </span>
     <span class='ocr_line' id='line_1_75' title="bbox 2194 2043 3757 2124; baseline -0.002 -18"><span class='ocrx_word' id='word_1_517' title='bbox 2194 2044 2389 2124; x_wconf 83' lang='lat' dir='ltr'><strong>culpae</strong></span> <span class='ocrx_word' id='word_1_518' title='bbox 2417 2045 2774 2124; x_wconf 87' lang='lat' dir='ltr'><strong>simpliciter</strong></span> <span class='ocrx_word' id='word_1_519' title='bbox 2792 2045 2959 2123; x_wconf 87' lang='lat' dir='ltr'><strong>apud</strong></span> <span class='ocrx_word' id='word_1_520' title='bbox 2982 2045 3177 2104; x_wconf 91' lang='lat' dir='ltr'><strong>Deum</strong></span> <span class='ocrx_word' id='word_1_521' title='bbox 3204 2065 3218 2103; x_wconf 92' lang='lat'>:</span> <span class='ocrx_word' id='word_1_522' title='bbox 3254 2049 3316 2104; x_wconf 89' lang='lat' dir='ltr'><strong>et</strong></span> <span class='ocrx_word' id='word_1_523' title='bbox 3342 2044 3411 2104; x_wconf 90' lang='lat' dir='ltr'><strong>in</strong></span> <span class='ocrx_word' id='word_1_524' title='bbox 3438 2043 3554 2103; x_wconf 92' lang='lat' dir='ltr'><strong>hoc</strong></span> <span class='ocrx_word' id='word_1_525' title='bbox 3576 2061 3757 2103; x_wconf 88' lang='lat' dir='ltr'><strong>seusu</strong></span> 
     </span>
     <span class='ocr_line' id='line_1_76' title="bbox 2193 2134 3758 2216; baseline -0.003 -17"><span class='ocrx_word' id='word_1_526' title='bbox 2193 2138 2482 2199; x_wconf 80' lang='lat' dir='ltr'><strong>videntur</strong></span> <span class='ocrx_word' id='word_1_527' title='bbox 2506 2138 2677 2216; x_wconf 92' lang='lat' dir='ltr'><strong>loqui</strong></span> <span class='ocrx_word' id='word_1_528' title='bbox 2702 2137 2935 2197; x_wconf 84' lang='lat' dir='ltr'><strong>Victor.</strong></span> <span class='ocrx_word' id='word_1_529' title='bbox 2975 2142 3038 2196; x_wconf 88' lang='lat' dir='ltr'><strong>et</strong></span> <span class='ocrx_word' id='word_1_530' title='bbox 3075 2135 3364 2197; x_wconf 89' lang='lat' dir='ltr'><strong>nonnulli</strong></span> <span class='ocrx_word' id='word_1_531' title='bbox 3390 2136 3497 2195; x_wconf 92' lang='lat' dir='ltr'><strong>alii</strong></span> <span class='ocrx_word' id='word_1_532' title='bbox 3527 2134 3758 2195; x_wconf 92' lang='lat' dir='ltr'><strong>theolo-</strong></span> 
     </span>
     <span class='ocr_line' id='line_1_77' title="bbox 2196 2227 3755 2309; baseline -0.002 -19"><span class='ocrx_word' id='word_1_533' title='bbox 2196 2231 2282 2309; x_wconf 89' lang='lat' dir='ltr'><strong>gi,</strong></span> <span class='ocrx_word' id='word_1_534' title='bbox 2328 2236 2389 2290; x_wconf 91' lang='lat' dir='ltr'><strong>et</strong></span> <span class='ocrx_word' id='word_1_535' title='bbox 2424 2230 2512 2289; x_wconf 91' lang='lat' dir='ltr'><strong>ita</strong></span> <span class='ocrx_word' id='word_1_536' title='bbox 2544 2247 2672 2290; x_wconf 92' lang='lat' dir='ltr'><strong>non</strong></span> <span class='ocrx_word' id='word_1_537' title='bbox 2713 2229 3054 2308; x_wconf 90' lang='lat' dir='ltr'><strong>procedunt</strong></span> <span class='ocrx_word' id='word_1_538' title='bbox 3096 2227 3343 2307; x_wconf 77' lang='lat' dir='ltr'><strong>replicae</strong></span> <span class='ocrx_word' id='word_1_539' title='bbox 3383 2227 3586 2302; x_wconf 81' lang='lat' dir='ltr'><strong>factae,</strong></span> <span class='ocrx_word' id='word_1_540' title='bbox 3637 2227 3755 2287; x_wconf 88' lang='lat' dir='ltr'><strong>nisi</strong></span> 
     </span>
     <span class='ocr_line' id='line_1_78' title="bbox 2194 2321 2937 2383; baseline -0.003 -1"><span class='ocrx_word' id='word_1_541' title='bbox 2194 2321 2305 2382; x_wconf 88' lang='lat' dir='ltr'><strong>fiat</strong></span> <span class='ocrx_word' id='word_1_542' title='bbox 2329 2322 2421 2383; x_wconf 83' lang='lat' dir='ltr'><strong>vis</strong></span> <span class='ocrx_word' id='word_1_543' title='bbox 2448 2323 2515 2382; x_wconf 92' lang='lat' dir='ltr'><strong>in</strong></span> <span class='ocrx_word' id='word_1_544' title='bbox 2543 2322 2686 2383; x_wconf 86' lang='lat' dir='ltr'><strong>solis</strong></span> <span class='ocrx_word' id='word_1_545' title='bbox 2714 2321 2937 2382; x_wconf 79' lang='lat' dir='ltr'><strong>verbis,</strong></span> 
     </span>
    </p>

    <p class='ocr_par' dir='ltr' id='par_1_7' title="bbox 2195 2412 3761 3509">
     <span class='ocr_line' id='line_1_79' title="bbox 2279 2412 3758 2494; baseline -0.003 -19"><span class='ocrx_word' id='word_1_546' title='bbox 2279 2417 2376 2475; x_wconf 81' lang='lat'><strong>19.</strong></span> <span class='ocrx_word' id='word_1_547' title='bbox 2410 2416 2499 2474; x_wconf 85' lang='lat' dir='ltr'><strong>Ex</strong></span> <span class='ocrx_word' id='word_1_548' title='bbox 2522 2414 2646 2494; x_wconf 57' lang='lat' dir='ltr'><strong>{illa</strong></span> <span class='ocrx_word' id='word_1_549' title='bbox 2676 2432 2824 2493; x_wconf 89' lang='lat' dir='ltr'><strong>ergo</strong></span> <span class='ocrx_word' id='word_1_550' title='bbox 2855 2414 3180 2493; x_wconf 83' lang='lat' dir='ltr'><strong>hypothesi</strong></span> <span class='ocrx_word' id='word_1_551' title='bbox 3210 2413 3326 2474; x_wconf 90' lang='lat' dir='ltr'><strong>hoc</strong></span> <span class='ocrx_word' id='word_1_552' title='bbox 3345 2412 3529 2473; x_wconf 93' lang='lat' dir='ltr'><strong>modo</strong></span> <span class='ocrx_word' id='word_1_553' title='bbox 3564 2412 3758 2490; x_wconf 85' lang='lat' dir='ltr'><strong>expli-</strong></span> 
     </span>
     <span class='ocr_line' id='line_1_80' title="bbox 2195 2505 3760 2586; baseline -0.003 -19"><span class='ocrx_word' id='word_1_554' title='bbox 2195 2513 2331 2567; x_wconf 88' lang='lat' dir='ltr'><strong>cata</strong></span> <span class='ocrx_word' id='word_1_555' title='bbox 2371 2512 2433 2567; x_wconf 90' lang='lat' dir='ltr'><strong>et</strong></span> <span class='ocrx_word' id='word_1_556' title='bbox 2480 2524 2766 2567; x_wconf 90' lang='lat' dir='ltr'><strong>concessa</strong></span> <span class='ocrx_word' id='word_1_557' title='bbox 2785 2551 2806 2581; x_wconf 95' lang='lat'><strong>,</strong></span> <span class='ocrx_word' id='word_1_558' title='bbox 2843 2507 3001 2567; x_wconf 91' lang='lat' dir='ltr'><strong>nihil</strong></span> <span class='ocrx_word' id='word_1_559' title='bbox 3040 2511 3241 2586; x_wconf 91' lang='lat' dir='ltr'><strong>potest</strong></span> <span class='ocrx_word' id='word_1_560' title='bbox 3290 2505 3505 2565; x_wconf 86' lang='lat' dir='ltr'><strong>inferri</strong></span> <span class='ocrx_word' id='word_1_561' title='bbox 3544 2511 3760 2564; x_wconf 86' lang='lat' dir='ltr'><strong>contra</strong></span> 
     </span>
     <span class='ocr_line' id='line_1_81' title="bbox 2198 2597 3755 2674; baseline -0.003 -14"><span class='ocrx_word' id='word_1_562' title='bbox 2198 2605 2471 2660; x_wconf 87' lang='lat' dir='ltr'><strong>nostram</strong></span> <span class='ocrx_word' id='word_1_563' title='bbox 2501 2599 2894 2674; x_wconf 86' lang='lat' dir='ltr'><strong>sententiam,</strong></span> <span class='ocrx_word' id='word_1_564' title='bbox 2921 2617 3035 2660; x_wconf 88' lang='lat' dir='ltr'><strong>nec</strong></span> <span class='ocrx_word' id='word_1_565' title='bbox 3062 2604 3277 2659; x_wconf 89' lang='lat' dir='ltr'><strong>contra</strong></span> <span class='ocrx_word' id='word_1_566' title='bbox 3304 2599 3574 2658; x_wconf 89' lang='lat' dir='ltr'><strong>rationes</strong></span> <span class='ocrx_word' id='word_1_567' title='bbox 3621 2597 3755 2674; x_wconf 90' lang='lat' dir='ltr'><strong>qui-</strong></span> 
     </span>
     <span class='ocr_line' id='line_1_82' title="bbox 2195 2690 3758 2770; baseline -0.003 -18"><span class='ocrx_word' id='word_1_568' title='bbox 2195 2693 2309 2752; x_wconf 90' lang='lat' dir='ltr'><strong>bus</strong></span> <span class='ocrx_word' id='word_1_569' title='bbox 2332 2692 2503 2752; x_wconf 89' lang='lat' dir='ltr'><strong>illam</strong></span> <span class='ocrx_word' id='word_1_570' title='bbox 2530 2691 2949 2770; x_wconf 87' lang='lat' dir='ltr'><strong>probavimus.</strong></span> <span class='ocrx_word' id='word_1_571' title='bbox 2979 2694 3161 2767; x_wconf 89' lang='lat' dir='ltr'><strong>Nam,</strong></span> <span class='ocrx_word' id='word_1_572' title='bbox 3190 2691 3453 2751; x_wconf 85' lang='lat' dir='ltr'><strong>admissa</strong></span> <span class='ocrx_word' id='word_1_573' title='bbox 3479 2690 3587 2750; x_wconf 89' lang='lat' dir='ltr'><strong>illa</strong></span> <span class='ocrx_word' id='word_1_574' title='bbox 3612 2707 3758 2749; x_wconf 88' lang='lat' dir='ltr'><strong>con-</strong></span> 
     </span>
     <span class='ocr_line' id='line_1_83' title="bbox 2196 2781 3755 2859; baseline -0.003 -14"><span class='ocrx_word' id='word_1_575' title='bbox 2196 2785 2479 2845; x_wconf 89' lang='lat' dir='ltr'><strong>ditionali</strong></span> <span class='ocrx_word' id='word_1_576' title='bbox 2502 2785 2569 2844; x_wconf 90' lang='lat' dir='ltr'><strong>in</strong></span> <span class='ocrx_word' id='word_1_577' title='bbox 2596 2784 2758 2845; x_wconf 91' lang='lat' dir='ltr'><strong>dicto</strong></span> <span class='ocrx_word' id='word_1_578' title='bbox 2781 2802 2988 2859; x_wconf 89' lang='lat' dir='ltr'><strong>sensu,</strong></span> <span class='ocrx_word' id='word_1_579' title='bbox 3032 2784 3438 2844; x_wconf 87' lang='lat' dir='ltr'><strong>nihilominus</strong></span> <span class='ocrx_word' id='word_1_580' title='bbox 3467 2800 3631 2842; x_wconf 91' lang='lat' dir='ltr'><strong>nunc</strong></span> <span class='ocrx_word' id='word_1_581' title='bbox 3657 2781 3755 2841; x_wconf 86' lang='lat' dir='ltr'><strong>lex</strong></span> 
     </span>
     <span class='ocr_line' id='line_1_84' title="bbox 2197 2874 3757 2956; baseline -0.003 -20"><span class='ocrx_word' id='word_1_582' title='bbox 2197 2876 2496 2937; x_wconf 87' lang='lat' dir='ltr'><strong>naturalis</strong></span> <span class='ocrx_word' id='word_1_583' title='bbox 2539 2895 2681 2938; x_wconf 83' lang='lat' dir='ltr'><strong>vere</strong></span> <span class='ocrx_word' id='word_1_584' title='bbox 2727 2882 2790 2937; x_wconf 90' lang='lat' dir='ltr'><strong>et</strong></span> <span class='ocrx_word' id='word_1_585' title='bbox 2834 2877 3080 2956; x_wconf 88' lang='lat' dir='ltr'><strong>proprie</strong></span> <span class='ocrx_word' id='word_1_586' title='bbox 3124 2876 3408 2955; x_wconf 84' lang='lat' dir='ltr'><strong>prohibet</strong></span> <span class='ocrx_word' id='word_1_587' title='bbox 3456 2874 3757 2953; x_wconf 82' lang='lat' dir='ltr'><strong>quidquid</strong></span> 
     </span>
     <span class='ocr_line' id='line_1_85' title="bbox 2196 2967 3757 3030; baseline -0.002 -1"><span class='ocrx_word' id='word_1_588' title='bbox 2196 2970 2535 3030; x_wconf 85' lang='lat' dir='ltr'><strong>secundum</strong></span> <span class='ocrx_word' id='word_1_589' title='bbox 2584 2986 2648 3029; x_wconf 87' lang='lat' dir='ltr'><strong>se</strong></span> <span class='ocrx_word' id='word_1_590' title='bbox 2684 2968 2924 3030; x_wconf 91' lang='lat' dir='ltr'><strong>malum</strong></span> <span class='ocrx_word' id='word_1_591' title='bbox 2965 2987 3073 3030; x_wconf 90' lang='lat' dir='ltr'><strong>seu</strong></span> <span class='ocrx_word' id='word_1_592' title='bbox 3121 2968 3544 3028; x_wconf 87' lang='lat' dir='ltr'><strong>inordinatum</strong></span> <span class='ocrx_word' id='word_1_593' title='bbox 3575 2967 3757 3027; x_wconf 88' lang='lat' dir='ltr'><strong>estin</strong></span> 
     </span>
     <span class='ocr_line' id='line_1_86' title="bbox 2196 3059 3761 3140; baseline -0.003 -17"><span class='ocrx_word' id='word_1_594' title='bbox 2196 3062 2435 3124; x_wconf 90' lang='lat' dir='ltr'><strong>actibus</strong></span> <span class='ocrx_word' id='word_1_595' title='bbox 2462 3063 2775 3138; x_wconf 76' lang='lat' dir='ltr'><strong>humaniS,</strong></span> <span class='ocrx_word' id='word_1_596' title='bbox 2806 3066 2866 3123; x_wconf 89' lang='lat' dir='ltr'><strong>et</strong></span> <span class='ocrx_word' id='word_1_597' title='bbox 2912 3061 3045 3123; x_wconf 91' lang='lat' dir='ltr'><strong>sine</strong></span> <span class='ocrx_word' id='word_1_598' title='bbox 3077 3060 3188 3122; x_wconf 88' lang='lat' dir='ltr'><strong>tali</strong></span> <span class='ocrx_word' id='word_1_599' title='bbox 3215 3059 3631 3140; x_wconf 85' lang='lat' dir='ltr'><strong>prohibitione</strong></span> <span class='ocrx_word' id='word_1_600' title='bbox 3659 3076 3761 3119; x_wconf 90' lang='lat' dir='ltr'><strong>ac·-</strong></span> 
     </span>
     <span class='ocr_line' id='line_1_87' title="bbox 2196 3154 3760 3231; baseline -0.001 -17"><span class='ocrx_word' id='word_1_601' title='bbox 2196 3162 2296 3215; x_wconf 88' lang='lat' dir='ltr'><strong>tus</strong></span> <span class='ocrx_word' id='word_1_602' title='bbox 2323 3174 2450 3216; x_wconf 91' lang='lat' dir='ltr'><strong>non</strong></span> <span class='ocrx_word' id='word_1_603' title='bbox 2484 3154 2738 3215; x_wconf 88' lang='lat' dir='ltr'><strong>haberet</strong></span> <span class='ocrx_word' id='word_1_604' title='bbox 2768 3156 2859 3230; x_wconf 90' lang='lat' dir='ltr'><strong>(ut</strong></span> <span class='ocrx_word' id='word_1_605' title='bbox 2884 3154 2971 3215; x_wconf 91' lang='lat' dir='ltr'><strong>sic</strong></span> <span class='ocrx_word' id='word_1_606' title='bbox 3008 3154 3231 3231; x_wconf 90' lang='lat' dir='ltr'><strong>dicam)</strong></span> <span class='ocrx_word' id='word_1_607' title='bbox 3264 3157 3760 3214; x_wconf 86' lang='lat' dir='ltr'><strong>consummatam</strong></span> 
     </span>
     <span class='ocr_line' id='line_1_88' title="bbox 2196 3244 3761 3327; baseline -0.003 -19"><span class='ocrx_word' id='word_1_608' title='bbox 2196 3247 2295 3308; x_wconf 86' lang='lat' dir='ltr'><strong>vel</strong></span> <span class='ocrx_word' id='word_1_609' title='bbox 2313 3248 2645 3327; x_wconf 88' lang='lat' dir='ltr'><strong>perfectam</strong></span> <span class='ocrx_word' id='word_1_610' title='bbox 2668 3247 2975 3307; x_wconf 88' lang='lat' dir='ltr'><strong>rationem</strong></span> <span class='ocrx_word' id='word_1_611' title='bbox 2999 3247 3194 3325; x_wconf 81' lang='lat' dir='ltr'><strong>culpae</strong></span> <span class='ocrx_word' id='word_1_612' title='bbox 3230 3250 3292 3307; x_wconf 90' lang='lat' dir='ltr'><strong>et</strong></span> <span class='ocrx_word' id='word_1_613' title='bbox 3331 3245 3577 3306; x_wconf 80' lang='lat' dir='ltr'><strong>offensoe</strong></span> <span class='ocrx_word' id='word_1_614' title='bbox 3603 3244 3761 3304; x_wconf 87' lang='lat' dir='ltr'><strong>divi-</strong></span> 
     </span>
     <span class='ocr_line' id='line_1_89' title="bbox 2197 3338 3761 3419; baseline -0.001 -19"><span class='ocrx_word' id='word_1_615' title='bbox 2197 3359 2316 3416; x_wconf 78' lang='lat' dir='ltr'><strong>nae,</strong></span> <span class='ocrx_word' id='word_1_616' title='bbox 2348 3359 2487 3419; x_wconf 79' lang='lat' dir='ltr'><strong>quse</strong></span> <span class='ocrx_word' id='word_1_617' title='bbox 2518 3340 2735 3417; x_wconf 90' lang='lat' dir='ltr'><strong>negari</strong></span> <span class='ocrx_word' id='word_1_618' title='bbox 2754 3357 2881 3399; x_wconf 90' lang='lat' dir='ltr'><strong>non</strong></span> <span class='ocrx_word' id='word_1_619' title='bbox 2894 3345 3092 3418; x_wconf 87' lang='lat' dir='ltr'><strong>potest</strong></span> <span class='ocrx_word' id='word_1_620' title='bbox 3117 3340 3185 3399; x_wconf 90' lang='lat' dir='ltr'><strong>in</strong></span> <span class='ocrx_word' id='word_1_621' title='bbox 3211 3338 3448 3399; x_wconf 88' lang='lat' dir='ltr'><strong>actibus</strong></span> <span class='ocrx_word' id='word_1_622' title='bbox 3471 3338 3580 3418; x_wconf 91' lang='lat' dir='ltr'><strong>qui</strong></span> <span class='ocrx_word' id='word_1_623' title='bbox 3605 3355 3761 3417; x_wconf 81' lang='lat' dir='ltr'><strong>prae-</strong></span> 
     </span>
     <span class='ocr_line' id='line_1_90' title="bbox 2197 3431 3252 3509; baseline -0.003 -16"><span class='ocrx_word' id='word_1_624' title='bbox 2197 3433 2318 3493; x_wconf 89' lang='lat' dir='ltr'><strong>cise</strong></span> <span class='ocrx_word' id='word_1_625' title='bbox 2348 3438 2492 3492; x_wconf 90' lang='lat' dir='ltr'><strong>sunt</strong></span> <span class='ocrx_word' id='word_1_626' title='bbox 2518 3436 2737 3492; x_wconf 85' lang='lat' dir='ltr'><strong>contra</strong></span> <span class='ocrx_word' id='word_1_627' title='bbox 2760 3431 2963 3509; x_wconf 89' lang='lat' dir='ltr'><strong>legem</strong></span> <span class='ocrx_word' id='word_1_628' title='bbox 2990 3439 3252 3491; x_wconf 67' lang='lat' dir='ltr'><strong>naturae.</strong></span> 
     </span>
    </p>

    <p class='ocr_par' dir='ltr' id='par_1_8' title="bbox 2191 3522 3781 5544">
     <span class='ocr_line' id='line_1_91' title="bbox 2276 3522 3761 3602; baseline -0.001 -18"><span class='ocrx_word' id='word_1_629' title='bbox 2276 3526 2376 3585; x_wconf 65' lang='grc' dir='ltr'><strong>ΞΟ.</strong></span> <span class='ocrx_word' id='word_1_630' title='bbox 2421 3528 2524 3586; x_wconf 76' lang='lat' dir='ltr'><strong>An</strong></span> <span class='ocrx_word' id='word_1_631' title='bbox 2548 3526 2713 3586; x_wconf 76' lang='lat' dir='ltr'><strong>Deus</strong></span> <span class='ocrx_word' id='word_1_632' title='bbox 2727 3525 2994 3601; x_wconf 79' lang='lat' dir='ltr'><strong>potuerit</strong></span> <span class='ocrx_word' id='word_1_633' title='bbox 3020 3541 3137 3584; x_wconf 76' lang='lat' dir='ltr'><strong>non</strong></span> <span class='ocrx_word' id='word_1_634' title='bbox 3161 3522 3475 3602; x_wconf 76' lang='lat' dir='ltr'><strong>prohibere</strong></span> <span class='ocrx_word' id='word_1_635' title='bbox 3490 3540 3601 3600; x_wconf 78' lang='lat' dir='ltr'><strong>per</strong></span> <span class='ocrx_word' id='word_1_636' title='bbox 3622 3538 3761 3600; x_wconf 79' lang='lat' dir='ltr'><strong>pro-</strong></span> 
     </span>
     <span class='ocr_line' id='line_1_92' title="bbox 2191 3616 3762 3696; baseline -0.001 -19"><span class='ocrx_word' id='word_1_637' title='bbox 2191 3619 2400 3695; x_wconf 81' lang='lat' dir='ltr'><strong>priam</strong></span> <span class='ocrx_word' id='word_1_638' title='bbox 2424 3617 2606 3696; x_wconf 73' lang='lat' dir='ltr'><strong>leqem</strong></span> <span class='ocrx_word' id='word_1_639' title='bbox 2626 3634 2693 3678; x_wconf 80' lang='lat' dir='ltr'><strong>ea</strong></span> <span class='ocrx_word' id='word_1_640' title='bbox 2723 3634 2855 3695; x_wconf 82' lang='lat' dir='ltr'><strong>quoe</strong></span> <span class='ocrx_word' id='word_1_641' title='bbox 2871 3620 3013 3678; x_wconf 75' lang='lat' dir='ltr'><strong>sunt</strong></span> <span class='ocrx_word' id='word_1_642' title='bbox 3032 3620 3239 3677; x_wconf 77' lang='lat' dir='ltr'><strong>contra</strong></span> <span class='ocrx_word' id='word_1_643' title='bbox 3268 3616 3564 3676; x_wconf 77' lang='lat' dir='ltr'><strong>rationem</strong></span> <span class='ocrx_word' id='word_1_644' title='bbox 3585 3619 3762 3675; x_wconf 76' lang='lat' dir='ltr'><strong>natu-</strong></span> 
     </span>
     <span class='ocr_line' id='line_1_93' title="bbox 2196 3707 3762 3787; baseline -0.003 -17"><span class='ocrx_word' id='word_1_645' title='bbox 2196 3710 2715 3772; x_wconf 65' lang='lat' dir='ltr'><strong>ralem—Prima</strong></span> <span class='ocrx_word' id='word_1_646' title='bbox 2743 3709 2943 3787; x_wconf 76' lang='lat' dir='ltr'><strong>opinio</strong></span> <span class='ocrx_word' id='word_1_647' title='bbox 2978 3707 3425 3785; x_wconf 72' lang='lat' dir='ltr'><strong>affirmam.—</strong></span> <span class='ocrx_word' id='word_1_648' title='bbox 3445 3707 3525 3767; x_wconf 90' lang='lat' dir='ltr'><strong>Ut</strong></span> <span class='ocrx_word' id='word_1_649' title='bbox 3550 3711 3762 3766; x_wconf 88' lang='lat' dir='ltr'><strong>autem</strong></span> 
     </span>
     <span class='ocr_line' id='line_1_94' title="bbox 2197 3798 3762 3879; baseline -0.002 -18"><span class='ocrx_word' id='word_1_650' title='bbox 2197 3802 2454 3861; x_wconf 89' lang='lat' dir='ltr'><strong>omnino</strong></span> <span class='ocrx_word' id='word_1_651' title='bbox 2485 3806 2717 3861; x_wconf 87' lang='lat' dir='ltr'><strong>constet</strong></span> <span class='ocrx_word' id='word_1_652' title='bbox 2744 3800 3052 3879; x_wconf 91' lang='lat' dir='ltr'><strong>quomodo</strong></span> <span class='ocrx_word' id='word_1_653' title='bbox 3070 3799 3260 3879; x_wconf 89' lang='lat' dir='ltr'><strong>possit</strong></span> <span class='ocrx_word' id='word_1_654' title='bbox 3276 3800 3408 3861; x_wconf 81' lang='lat' dir='ltr'><strong>haec</strong></span> <span class='ocrx_word' id='word_1_655' title='bbox 3424 3798 3762 3877; x_wconf 88' lang='lat' dir='ltr'><strong>prohibitio</strong></span> 
     </span>
     <span class='ocr_line' id='line_1_95' title="bbox 2198 3890 3763 3972; baseline -0.003 -18"><span class='ocrx_word' id='word_1_656' title='bbox 2198 3894 2410 3954; x_wconf 83' lang='lat' dir='ltr'><strong>divina</strong></span> <span class='ocrx_word' id='word_1_657' title='bbox 2437 3894 2764 3955; x_wconf 87' lang='lat' dir='ltr'><strong>intrinsece</strong></span> <span class='ocrx_word' id='word_1_658' title='bbox 2792 3911 2865 3954; x_wconf 90' lang='lat' dir='ltr'><strong>ac</strong></span> <span class='ocrx_word' id='word_1_659' title='bbox 2887 3910 2997 3972; x_wconf 90' lang='lat' dir='ltr'><strong>per</strong></span> <span class='ocrx_word' id='word_1_660' title='bbox 3023 3910 3088 3953; x_wconf 87' lang='lat' dir='ltr'><strong>se</strong></span> <span class='ocrx_word' id='word_1_661' title='bbox 3115 3893 3425 3971; x_wconf 86' lang='lat' dir='ltr'><strong>pertinere</strong></span> <span class='ocrx_word' id='word_1_662' title='bbox 3451 3892 3531 3951; x_wconf 90' lang='lat' dir='ltr'><strong>ad</strong></span> <span class='ocrx_word' id='word_1_663' title='bbox 3556 3890 3763 3969; x_wconf 88' lang='lat' dir='ltr'><strong>legem</strong></span> 
     </span>
     <span class='ocr_line' id='line_1_96' title="bbox 2197 3985 3759 4065; baseline -0.002 -19"><span class='ocrx_word' id='word_1_664' title='bbox 2197 3992 2463 4063; x_wconf 79' lang='lat' dir='ltr'><strong>naturae3</strong></span> <span class='ocrx_word' id='word_1_665' title='bbox 2483 3991 2725 4065; x_wconf 89' lang='lat' dir='ltr'><strong>oportet</strong></span> <span class='ocrx_word' id='word_1_666' title='bbox 2747 3985 3084 4047; x_wconf 86' lang='lat' dir='ltr'><strong>secundum</strong></span> <span class='ocrx_word' id='word_1_667' title='bbox 3106 3990 3409 4063; x_wconf 82' lang='lat' dir='ltr'><strong>punctum</strong></span> <span class='ocrx_word' id='word_1_668' title='bbox 3429 4000 3759 4062; x_wconf 85' lang='lat' dir='ltr'><strong>exponere,</strong></span> 
     </span>
     <span class='ocr_line' id='line_1_97' title="bbox 2197 4075 3763 4157; baseline -0.001 -20"><span class='ocrx_word' id='word_1_669' title='bbox 2197 4076 2485 4138; x_wconf 80' lang='lat' dir='ltr'><strong>videlicet</strong></span> <span class='ocrx_word' id='word_1_670' title='bbox 2504 4123 2524 4154; x_wconf 99' lang='lat'><strong>,</strong></span> <span class='ocrx_word' id='word_1_671' title='bbox 2555 4096 2637 4138; x_wconf 90' lang='lat' dir='ltr'><strong>an</strong></span> <span class='ocrx_word' id='word_1_672' title='bbox 2681 4076 3039 4157; x_wconf 81' lang='lat' dir='ltr'><strong>hypothesis</strong></span> <span class='ocrx_word' id='word_1_673' title='bbox 3079 4076 3186 4137; x_wconf 89' lang='lat' dir='ltr'><strong>illa</strong></span> <span class='ocrx_word' id='word_1_674' title='bbox 3213 4076 3517 4155; x_wconf 82' lang='lat' dir='ltr'><strong>possibilis</strong></span> <span class='ocrx_word' id='word_1_675' title='bbox 3554 4076 3655 4152; x_wconf 90' lang='lat' dir='ltr'><strong>sit,</strong></span> <span class='ocrx_word' id='word_1_676' title='bbox 3695 4075 3763 4136; x_wconf 87' lang='lat' dir='ltr'><strong>id</strong></span> 
     </span>
     <span class='ocr_line' id='line_1_98' title="bbox 2199 4171 3765 4251; baseline -0.001 -19"><span class='ocrx_word' id='word_1_677' title='bbox 2199 4176 2313 4246; x_wconf 87' lang='lat' dir='ltr'><strong>cst,</strong></span> <span class='ocrx_word' id='word_1_678' title='bbox 2345 4173 2509 4251; x_wconf 91' lang='lat' dir='ltr'><strong>quod</strong></span> <span class='ocrx_word' id='word_1_679' title='bbox 2538 4173 2698 4232; x_wconf 91' lang='lat' dir='ltr'><strong>Deus</strong></span> <span class='ocrx_word' id='word_1_680' title='bbox 2723 4189 2834 4250; x_wconf 89' lang='lat' dir='ltr'><strong>per</strong></span> <span class='ocrx_word' id='word_1_681' title='bbox 2876 4171 3199 4250; x_wconf 88' lang='lat' dir='ltr'><strong>proprium</strong></span> <span class='ocrx_word' id='word_1_682' title='bbox 3246 4176 3454 4231; x_wconf 82' lang='lat' dir='ltr'><strong>actum</strong></span> <span class='ocrx_word' id='word_1_683' title='bbox 3501 4187 3626 4230; x_wconf 80' lang='lat' dir='ltr'><strong>suoe</strong></span> <span class='ocrx_word' id='word_1_684' title='bbox 3655 4187 3765 4230; x_wconf 83' lang='lat' dir='ltr'><strong>vo-</strong></span> 
     </span>
     <span class='ocr_line' id='line_1_99' title="bbox 2199 4262 3765 4343; baseline -0.002 -18"><span class='ocrx_word' id='word_1_685' title='bbox 2199 4263 2456 4326; x_wconf 86' lang='lat' dir='ltr'><strong>luntatis</strong></span> <span class='ocrx_word' id='word_1_686' title='bbox 2505 4282 2634 4325; x_wconf 93' lang='lat' dir='ltr'><strong>non</strong></span> <span class='ocrx_word' id='word_1_687' title='bbox 2678 4264 3034 4343; x_wconf 83' lang='lat' dir='ltr'><strong>adjunxerit</strong></span> <span class='ocrx_word' id='word_1_688' title='bbox 3065 4264 3267 4343; x_wconf 87' lang='lat' dir='ltr'><strong>legem</strong></span> <span class='ocrx_word' id='word_1_689' title='bbox 3306 4262 3621 4341; x_wconf 88' lang='lat' dir='ltr'><strong>propriam</strong></span> <span class='ocrx_word' id='word_1_690' title='bbox 3655 4279 3765 4322; x_wconf 83' lang='lat' dir='ltr'><strong>ve-</strong></span> 
     </span>
     <span class='ocr_line' id='line_1_100' title="bbox 2199 4352 3769 4436; baseline -0.003 -20"><span class='ocrx_word' id='word_1_691' title='bbox 2199 4361 2462 4433; x_wconf 90' lang='lat' dir='ltr'><strong>tantem,</strong></span> <span class='ocrx_word' id='word_1_692' title='bbox 2492 4357 2592 4417; x_wconf 85' lang='lat' dir='ltr'><strong>vel</strong></span> <span class='ocrx_word' id='word_1_693' title='bbox 2618 4356 3076 4436; x_wconf 83' lang='lat' dir='ltr'><strong>praecipientem</strong></span> <span class='ocrx_word' id='word_1_694' title='bbox 3108 4373 3182 4416; x_wconf 89' lang='lat' dir='ltr'><strong>ea</strong></span> <span class='ocrx_word' id='word_1_695' title='bbox 3203 4372 3339 4434; x_wconf 84' lang='lat' dir='ltr'><strong>quae</strong></span> <span class='ocrx_word' id='word_1_696' title='bbox 3363 4358 3508 4413; x_wconf 91' lang='lat' dir='ltr'><strong>sunt</strong></span> <span class='ocrx_word' id='word_1_697' title='bbox 3529 4353 3606 4413; x_wconf 92' lang='lat' dir='ltr'><strong>de</strong></span> <span class='ocrx_word' id='word_1_698' title='bbox 3638 4352 3769 4413; x_wconf 85' lang='lat' dir='ltr'><strong>dic-</strong></span> 
     </span>
     <span class='ocr_line' id='line_1_101' title="bbox 2199 4446 3767 4527; baseline -0.002 -18"><span class='ocrx_word' id='word_1_699' title='bbox 2199 4449 2434 4511; x_wconf 89' lang='lat' dir='ltr'><strong>tamine</strong></span> <span class='ocrx_word' id='word_1_700' title='bbox 2471 4449 2726 4510; x_wconf 89' lang='lat' dir='ltr'><strong>rationis</strong></span> <span class='ocrx_word' id='word_1_701' title='bbox 2749 4448 3067 4510; x_wconf 60' lang='lat' dir='ltr'><strong>naturalis</strong></span> <span class='ocrx_word' id='word_1_702' title='bbox 3102 4450 3173 4509; x_wconf 91' lang='lat' dir='ltr'><strong>In</strong></span> <span class='ocrx_word' id='word_1_703' title='bbox 3199 4465 3324 4527; x_wconf 92' lang='lat' dir='ltr'><strong>quo</strong></span> <span class='ocrx_word' id='word_1_704' title='bbox 3356 4446 3480 4506; x_wconf 92' lang='lat' dir='ltr'><strong>duo</strong></span> <span class='ocrx_word' id='word_1_705' title='bbox 3506 4451 3767 4524; x_wconf 87' lang='lat' dir='ltr'><strong>possunt</strong></span> 
     </span>
     <span class='ocr_line' id='line_1_102' title="bbox 2198 4539 3768 4621; baseline -0.003 -18"><span class='ocrx_word' id='word_1_706' title='bbox 2198 4542 2456 4621; x_wconf 87' lang='lat' dir='ltr'><strong>cogitari</strong></span> <span class='ocrx_word' id='word_1_707' title='bbox 2484 4543 2653 4603; x_wconf 91' lang='lat' dir='ltr'><strong>modi</strong></span> <span class='ocrx_word' id='word_1_708' title='bbox 2680 4542 2948 4603; x_wconf 90' lang='lat' dir='ltr'><strong>dicendi.</strong></span> <span class='ocrx_word' id='word_1_709' title='bbox 2999 4542 3241 4601; x_wconf 89' lang='lat' dir='ltr'><strong>Primus</strong></span> <span class='ocrx_word' id='word_1_710' title='bbox 3267 4545 3381 4614; x_wconf 87' lang='lat' dir='ltr'><strong>est,</strong></span> <span class='ocrx_word' id='word_1_711' title='bbox 3406 4540 3601 4599; x_wconf 90' lang='lat' dir='ltr'><strong>Deum</strong></span> <span class='ocrx_word' id='word_1_712' title='bbox 3627 4539 3768 4618; x_wconf 90' lang='lat' dir='ltr'><strong>qui-</strong></span> 
     </span>
     <span class='ocr_line' id='line_1_103' title="bbox 2199 4631 3768 4713; baseline -0.001 -20"><span class='ocrx_word' id='word_1_713' title='bbox 2199 4634 2342 4694; x_wconf 91' lang='lat' dir='ltr'><strong>dem</strong></span> <span class='ocrx_word' id='word_1_714' title='bbox 2370 4650 2544 4713; x_wconf 90' lang='lat' dir='ltr'><strong>posse</strong></span> <span class='ocrx_word' id='word_1_715' title='bbox 2571 4634 2647 4695; x_wconf 91' lang='lat' dir='ltr'><strong>de</strong></span> <span class='ocrx_word' id='word_1_716' title='bbox 2669 4634 2947 4713; x_wconf 89' lang='lat' dir='ltr'><strong>potentia</strong></span> <span class='ocrx_word' id='word_1_717' title='bbox 2980 4632 3261 4693; x_wconf 87' lang='lat' dir='ltr'><strong>absoluta</strong></span> <span class='ocrx_word' id='word_1_718' title='bbox 3286 4649 3415 4691; x_wconf 92' lang='lat' dir='ltr'><strong>non</strong></span> <span class='ocrx_word' id='word_1_719' title='bbox 3433 4631 3636 4691; x_wconf 82' lang='lat' dir='ltr'><strong>facere</strong></span> <span class='ocrx_word' id='word_1_720' title='bbox 3670 4637 3768 4691; x_wconf 84' lang='lat' dir='ltr'><strong>ta-</strong></span> 
     </span>
     <span class='ocr_line' id='line_1_104' title="bbox 2199 4724 3769 4805; baseline -0.001 -20"><span class='ocrx_word' id='word_1_721' title='bbox 2199 4726 2324 4785; x_wconf 92' lang='lat' dir='ltr'><strong>lem</strong></span> <span class='ocrx_word' id='word_1_722' title='bbox 2356 4725 2859 4805; x_wconf 84' lang='lat' dir='ltr'><strong>prohibitionem,</strong></span> <span class='ocrx_word' id='word_1_723' title='bbox 2890 4725 3039 4804; x_wconf 85' lang='lat' dir='ltr'><strong>quia</strong></span> <span class='ocrx_word' id='word_1_724' title='bbox 3056 4742 3183 4784; x_wconf 92' lang='lat' dir='ltr'><strong>non</strong></span> <span class='ocrx_word' id='word_1_725' title='bbox 3212 4728 3467 4803; x_wconf 87' lang='lat' dir='ltr'><strong>apparet</strong></span> <span class='ocrx_word' id='word_1_726' title='bbox 3486 4724 3769 4802; x_wconf 89' lang='lat' dir='ltr'><strong>implica-</strong></span> 
     </span>
     <span class='ocr_line' id='line_1_105' title="bbox 2200 4815 3769 4896; baseline -0.002 -17"><span class='ocrx_word' id='word_1_727' title='bbox 2200 4818 2288 4879; x_wconf 87' lang='lat' dir='ltr'><strong>tio</strong></span> <span class='ocrx_word' id='word_1_728' title='bbox 2316 4818 2832 4894; x_wconf 89' lang='lat' dir='ltr'><strong>contradictionis,</strong></span> <span class='ocrx_word' id='word_1_729' title='bbox 2857 4823 2928 4878; x_wconf 91' lang='lat' dir='ltr'><strong>ut</strong></span> <span class='ocrx_word' id='word_1_730' title='bbox 2953 4817 3245 4878; x_wconf 83' lang='lat' dir='ltr'><strong>videntur</strong></span> <span class='ocrx_word' id='word_1_731' title='bbox 3264 4815 3524 4896; x_wconf 88' lang='lat' dir='ltr'><strong>probare</strong></span> <span class='ocrx_word' id='word_1_732' title='bbox 3553 4818 3769 4877; x_wconf 91' lang='lat' dir='ltr'><strong>omnia</strong></span> 
     </span>
     <span class='ocr_line' id='line_1_106' title="bbox 2198 4909 3771 4989; baseline 0 -20"><span class='ocrx_word' id='word_1_733' title='bbox 2198 4928 2340 4989; x_wconf 79' lang='lat' dir='ltr'><strong>quae</strong></span> <span class='ocrx_word' id='word_1_734' title='bbox 2362 4910 2615 4985; x_wconf 89' lang='lat' dir='ltr'><strong>Ocham,</strong></span> <span class='ocrx_word' id='word_1_735' title='bbox 2644 4911 2876 4971; x_wconf 87' lang='lat' dir='ltr'><strong>Gerson</strong></span> <span class='ocrx_word' id='word_1_736' title='bbox 2914 4914 2977 4970; x_wconf 89' lang='lat' dir='ltr'><strong>et</strong></span> <span class='ocrx_word' id='word_1_737' title='bbox 3012 4909 3119 4970; x_wconf 92' lang='lat' dir='ltr'><strong>alii</strong></span> <span class='ocrx_word' id='word_1_738' title='bbox 3150 4926 3263 4988; x_wconf 90' lang='lat' dir='ltr'><strong>pro</strong></span> <span class='ocrx_word' id='word_1_739' title='bbox 3299 4926 3410 4968; x_wconf 91' lang='lat' dir='ltr'><strong>sua</strong></span> <span class='ocrx_word' id='word_1_740' title='bbox 3460 4909 3771 4970; x_wconf 86' lang='lat' dir='ltr'><strong>sententia</strong></span> 
     </span>
     <span class='ocr_line' id='line_1_107' title="bbox 2203 5000 3768 5080; baseline -0.003 -17"><span class='ocrx_word' id='word_1_741' title='bbox 2203 5009 2548 5080; x_wconf 88' lang='lat' dir='ltr'><strong>congerunt</strong></span> <span class='ocrx_word' id='word_1_742' title='bbox 2577 5024 2592 5062; x_wconf 90' lang='lat'><strong>:</strong></span> <span class='ocrx_word' id='word_1_743' title='bbox 2647 5003 3053 5065; x_wconf 89' lang='lat' dir='ltr'><strong>nihilominus</strong></span> <span class='ocrx_word' id='word_1_744' title='bbox 3088 5006 3300 5062; x_wconf 86' lang='lat' dir='ltr'><strong>tamen</strong></span> <span class='ocrx_word' id='word_1_745' title='bbox 3342 5001 3408 5060; x_wconf 92' lang='lat' dir='ltr'><strong>id</strong></span> <span class='ocrx_word' id='word_1_746' title='bbox 3460 5000 3596 5062; x_wconf 91' lang='lat' dir='ltr'><strong>fieri</strong></span> <span class='ocrx_word' id='word_1_747' title='bbox 3637 5018 3768 5060; x_wconf 89' lang='lat' dir='ltr'><strong>non</strong></span> 
     </span>
     <span class='ocr_line' id='line_1_108' title="bbox 2201 5092 3774 5174; baseline -0.003 -18"><span class='ocrx_word' id='word_1_748' title='bbox 2201 5112 2373 5174; x_wconf 89' lang='lat' dir='ltr'><strong>posse</strong></span> <span class='ocrx_word' id='word_1_749' title='bbox 2402 5095 2740 5156; x_wconf 88' lang='lat' dir='ltr'><strong>secundum</strong></span> <span class='ocrx_word' id='word_1_750' title='bbox 2764 5095 2966 5173; x_wconf 89' lang='lat' dir='ltr'><strong>legem</strong></span> <span class='ocrx_word' id='word_1_751' title='bbox 2984 5093 3361 5155; x_wconf 86' lang='lat' dir='ltr'><strong>ordinariam</strong></span> <span class='ocrx_word' id='word_1_752' title='bbox 3381 5092 3605 5153; x_wconf 73' lang='lat' dir='ltr'><strong>divinae</strong></span> <span class='ocrx_word' id='word_1_753' title='bbox 3628 5109 3774 5170; x_wconf 92' lang='lat' dir='ltr'><strong>pro-</strong></span> 
     </span>
     <span class='ocr_line' id='line_1_109' title="bbox 2201 5187 3775 5249; baseline 0 -4"><span class='ocrx_word' id='word_1_754' title='bbox 2201 5187 2491 5249; x_wconf 83' lang='lat' dir='ltr'><strong>videntiae</strong></span> <span class='ocrx_word' id='word_1_755' title='bbox 2537 5206 2748 5248; x_wconf 90' lang='lat' dir='ltr'><strong>rerum</strong></span> <span class='ocrx_word' id='word_1_756' title='bbox 2789 5187 3030 5248; x_wconf 89' lang='lat' dir='ltr'><strong>naturis</strong></span> <span class='ocrx_word' id='word_1_757' title='bbox 3073 5191 3579 5246; x_wconf 85' lang='lat' dir='ltr'><strong>consentaneam:</strong></span> <span class='ocrx_word' id='word_1_758' title='bbox 3618 5202 3775 5245; x_wconf 85' lang='lat' dir='ltr'><strong>nam</strong></span> 
     </span>
     <span class='ocr_line' id='line_1_110' title="bbox 2202 5278 3775 5359; baseline 0 -22"><span class='ocrx_word' id='word_1_759' title='bbox 2202 5278 2320 5339; x_wconf 88' lang='lat' dir='ltr'><strong>hoc</strong></span> <span class='ocrx_word' id='word_1_760' title='bbox 2344 5281 2421 5339; x_wconf 89' lang='lat' dir='ltr'><strong>ad</strong></span> <span class='ocrx_word' id='word_1_761' title='bbox 2450 5282 2658 5340; x_wconf 92' lang='lat' dir='ltr'><strong>minus</strong></span> <span class='ocrx_word' id='word_1_762' title='bbox 2685 5280 2948 5359; x_wconf 87' lang='lat' dir='ltr'><strong>probant</strong></span> <span class='ocrx_word' id='word_1_763' title='bbox 2976 5279 3242 5338; x_wconf 89' lang='lat' dir='ltr'><strong>rationes</strong></span> <span class='ocrx_word' id='word_1_764' title='bbox 3272 5278 3338 5337; x_wconf 93' lang='lat' dir='ltr'><strong>in</strong></span> <span class='ocrx_word' id='word_1_765' title='bbox 3388 5279 3775 5337; x_wconf 85' lang='lat' dir='ltr'><strong>contrarium</strong></span> 
     </span>
     <span class='ocr_line' id='line_1_111' title="bbox 2203 5369 3780 5451; baseline -0.002 -21"><span class='ocrx_word' id='word_1_766' title='bbox 2203 5370 2378 5431; x_wconf 79' lang='lat' dir='ltr'><strong>factae</strong></span> <span class='ocrx_word' id='word_1_767' title='bbox 2405 5390 2518 5451; x_wconf 90' lang='lat' dir='ltr'><strong>pro</strong></span> <span class='ocrx_word' id='word_1_768' title='bbox 2563 5379 2774 5432; x_wconf 87' lang='lat' dir='ltr'><strong>nostra</strong></span> <span class='ocrx_word' id='word_1_769' title='bbox 2815 5372 3138 5444; x_wconf 89' lang='lat' dir='ltr'><strong>sententia,</strong></span> <span class='ocrx_word' id='word_1_770' title='bbox 3176 5376 3238 5430; x_wconf 90' lang='lat' dir='ltr'><strong>et</strong></span> <span class='ocrx_word' id='word_1_771' title='bbox 3263 5370 3529 5429; x_wconf 89' lang='lat' dir='ltr'><strong>multum</strong></span> <span class='ocrx_word' id='word_1_772' title='bbox 3559 5369 3780 5428; x_wconf 82' lang='lat' dir='ltr'><strong>favent</strong></span> 
     </span>
     <span class='ocr_line' id='line_1_112' title="bbox 2203 5460 3781 5544; baseline -0.003 -20"><span class='ocrx_word' id='word_1_773' title='bbox 2203 5464 2558 5525; x_wconf 89' lang='lat' dir='ltr'><strong>testimonia</strong></span> <span class='ocrx_word' id='word_1_774' title='bbox 2592 5466 2922 5544; x_wconf 84' lang='lat' dir='ltr'><strong>Scripturae</strong></span> <span class='ocrx_word' id='word_1_775' title='bbox 2960 5470 3022 5525; x_wconf 89' lang='lat' dir='ltr'><strong>et</strong></span> <span class='ocrx_word' id='word_1_776' title='bbox 3048 5464 3302 5523; x_wconf 90' lang='lat' dir='ltr'><strong>Patrum</strong></span> <span class='ocrx_word' id='word_1_777' title='bbox 3313 5477 3335 5539; x_wconf 81' lang='lat'>3</span> <span class='ocrx_word' id='word_1_778' title='bbox 3360 5467 3422 5522; x_wconf 92' lang='lat' dir='ltr'><strong>et</strong></span> <span class='ocrx_word' id='word_1_779' title='bbox 3438 5462 3555 5522; x_wconf 89' lang='lat' dir='ltr'><strong>hoc</strong></span> <span class='ocrx_word' id='word_1_780' title='bbox 3576 5460 3781 5521; x_wconf 80' lang='lat' dir='ltr'><strong>videri</strong></span> 
     </span>
    </p>
   </div>
  </div>
 </body>
</html>
