3976 6219
819 393 953 446 CAP.
986 392 1111 446 vm.
1149 393 1230 445 DE
1261 393 1469 449 POENAE
1498 399 1853 454 PRIVATIVAE
1883 398 2276 455 EXECUTsONE
2308 404 2473 457 ANTE
2507 405 2913 458 SENTENTIAM.

241 495 446 558 nulla
463 492 783 558 monitione
802 497 1146 575 pret-missa.
1166 499 1286 558 Nec
1306 499 1474 561 enim
1494 501 1614 561 dici
1643 505 1840 580 potest

246 588 422 649 talia
452 587 639 648 verba
662 588 807 649 addi
843 590 922 649 ad
942 594 1484 669 exaggerationem
1519 595 1618 655 vel
1645 597 1841 673 majo-

241 700 402 741 rem
430 680 905 742 declarationem
929 683 1327 761 praecedentis
1349 688 1514 747 vocis
1548 688 1679 767 ipso
1716 689 1843 749 fac-

241 779 321 833 to
327 790 351 849 3
379 780 515 833 tum
529 773 676 852 quia
690 778 780 834 est
790 781 1002 836 contra
1018 778 1411 840 manifestam
1429 781 1840 843 intentionem

243 865 718 943 legislatorum,
746 868 854 946 qui
878 870 1108 947 optime
1136 878 1445 933 noverunt
1472 873 1840 951 particulam

241 963 399 1041 ipso
427 966 593 1040 sacto
615 964 798 1042 juxta
830 983 1229 1029 communem
1265 968 1840 1048 interpretationem

246 1073 384 1115 usu
409 1061 746 1136 receptam,
772 1076 899 1119 non
935 1060 1262 1123 excludere
1285 1061 1353 1122 in
1381 1061 1478 1123 his
1502 1063 1700 1141 poenis
1721 1081 1837 1123 ne-

249 1148 618 1209 cessitatem
645 1153 965 1213 sententiae
994 1148 1434 1230 declaratoriae,
1469 1160 1531 1216 et
1562 1155 1725 1231 ideo,
1759 1156 1838 1217 ad

251 1241 722 1303 excludendam
768 1244 941 1306 illam
988 1247 1226 1309 addunt
1272 1248 1639 1327 particulam
1682 1267 1838 1328 prae-

249 1334 522 1411 dictam,
547 1342 610 1396 et
640 1344 804 1400 recte
829 1339 1196 1419 intelligitur
1226 1360 1305 1404 ex
1331 1341 1495 1402 dicto
1522 1341 1655 1403 loco
1683 1343 1838 1403 Con·

249 1428 393 1488 cilii
420 1429 790 1509 Tridentini,
816 1452 961 1495 sess,
998 1439 1102 1511 23,
1146 1454 1281 1515 cap.
1317 1441 1345 1497 1
1391 1435 1468 1497 de
1495 1435 1829 1499 Reformat.

246 1520 348 1580 ibi
368 1565 390 1596 ,
431 1540 535 1585 nec
570 1528 705 1586 tuta
746 1528 1133 1604 conscientia,
1178 1528 1309 1590 alia
1348 1530 1529 1591 etiam
1571 1530 1834 1591 declara-

248 1614 426 1677 tione
453 1632 569 1676 non
596 1624 795 1681 secuta
827 1620 968 1682 illos
1007 1622 1128 1683 sibi
1156 1622 1412 1683 detinere
1432 1639 1603 1701 poseo
1621 1648 1644 1681 .·
1674 1622 1835 1683 nihil

247 1707 432 1768 enim
473 1707 644 1769 aliud
690 1728 800 1789 per
827 1711 936 1772 illa
976 1713 1341 1793 interposita
1369 1714 1558 1775 verba
1593 1713 1833 1774 efficere

249 1798 482 1874 voluit,
517 1800 640 1860 nisi
683 1804 1007 1865 excludere
1049 1806 1474 1868 necessitatem
1513 1806 1835 1867 sententiae

249 1891 708 1971 declaratorioe3
740 1901 877 1957 tum
914 1898 1104 1959 etiam
1137 1898 1307 1977 quia,
1339 1903 1410 1958 ut
1452 1917 1639 1977 supra
1677 1899 1829 1975 dixi,

247 1984 364 2044 illa
395 1984 819 2064 interpretatio
850 1990 1064 2069 legum
1097 1991 1286 2052 habet
1325 1991 1552 2067 locum,
1581 1992 1833 2071 quando

246 2077 449 2137 verba
491 2096 709 2140 revera
744 2087 889 2142 sunt
916 2101 1285 2162 synonyma,
1319 2089 1382 2145 et
1423 2083 1549 2144 alia
1590 2085 1829 2145 ratione

247 2168 661 2248 multiplicari
702 2192 831 2235 non
857 2180 1110 2254 possunt
1149 2176 1218 2236 in
1245 2176 1462 2237 eadem
1502 2175 1682 2255 lege:
1726 2177 1829 2238 hic

247 2279 403 2322 vero
451 2280 629 2324 voces
674 2284 802 2326 non
845 2272 992 2327 sunt
1035 2286 1422 2347 synonymae,
1454 2274 1515 2330 et
1547 2270 1614 2329 in
1655 2271 1829 2330 omni

249 2355 628 2433 proprietate
650 2357 1086 2436 intelliguntur
1105 2361 1249 2421 addi
1271 2369 1520 2441 propter
1547 2363 1828 2443 proprios

258 2446 517 2508 effectus
557 2454 618 2509 et
650 2450 1164 2530 significationes,
1195 2472 1343 2532 ergo
1370 2473 1500 2515 non
1527 2461 1672 2515 sunt
1699 2455 1828 2517 elu-

258 2539 466 2601 denda
509 2546 570 2601 et
612 2543 1107 2624 interpretanda,
1155 2552 1227 2607 ut
1263 2565 1427 2609 vana
1476 2552 1539 2609 et
1580 2548 1829 2611 inutilia

256 2634 624 2696 reddantur.

333 2729 434 2788 23.
480 2727 982 2791 Fundamentum
1004 2737 1214 2794 autem
1238 2732 1451 2794 Covar.
1477 2731 1704 2793 falsum
1722 2752 1825 2794 su-

250 2820 370 2879 mit
398 2842 412 2879 :
440 2838 616 2895 nam,
639 2826 711 2881 ut
736 2823 1057 2884 ostendam
1085 2826 1281 2904 capite
1310 2825 1613 2903 sequenti,
1634 2825 1702 2885 in
1727 2825 1824 2887 his

252 2912 444 2974 etiam
488 2912 686 2991 poenis
700 2958 721 2989 ,
770 2931 909 2992 quae
955 2933 1065 2993 per
1105 2916 1382 2994 judicem
1431 2916 1821 2995 imponendas

252 3011 397 3066 sunt
432 3023 509 3066 ex
540 3006 769 3067 virtute
795 3006 1029 3085 legum,
1060 3014 1198 3088 post
1226 3008 1418 3068 latam
1451 3009 1821 3069 sententiam

253 3103 500 3159 tenetur
526 3116 667 3159 reus
706 3116 955 3179 poenam
983 3101 1206 3181 exequi
1247 3101 1426 3180 juxta
1471 3102 1823 3181 praescripta

253 3191 441 3252 verba
467 3192 812 3268 sententias,
837 3198 900 3254 et
923 3195 1153 3272 justam
1176 3194 1399 3273 judicis
1428 3200 1727 3270 mentem,
1760 3200 1822 3255 et

253 3285 370 3345 hoc
392 3285 598 3364 ipsum
621 3285 698 3345 de
719 3283 855 3363 lege
881 3286 1162 3361 dicimus,
1186 3286 1435 3366 quando
1461 3305 1589 3347 non
1617 3287 1820 3348 solum

254 3378 373 3438 fert
410 3377 806 3454 sententiam,
851 3379 958 3439 sed
987 3380 1175 3439 etiam
1214 3378 1490 3458 praecipit
1518 3380 1822 3440 executio·

256 3488 398 3531 nem
423 3486 439 3530 :
469 3470 589 3530 hoc
625 3474 837 3531 autem
863 3471 1012 3532 facit
1036 3490 1147 3551 per
1173 3471 1362 3533 verba
1405 3472 1722 3551 praedicta,
1752 3477 1822 3532 ut

256 3562 632 3623 declaratum
664 3567 775 3623 est.
811 3562 1024 3626 Dices:
1061 3563 1347 3643 quamvis
1373 3563 1590 3625 demus
1616 3563 1820 3642 legem

257 3675 361 3735 per
387 3656 494 3716 illa
523 3655 736 3732 verba,
766 3657 852 3719 sit
871 3657 1157 3736 privatus
1176 3658 1473 3735 beneficiO,
1494 3661 1604 3717 aut
1626 3658 1816 3733 bonis,

260 3748 387 3827 ipso
406 3752 594 3827 sacto,
618 3753 676 3810 et
703 3753 841 3810 anto
856 3767 1078 3813 omnem
1104 3750 1584 3825 declarationem,
1604 3749 1819 3811 tollere

260 3840 601 3901 dominium
643 3841 736 3901 rei
777 3846 886 3901 aut
918 3840 1226 3917 beneficii,
1258 3860 1386 3902 non
1420 3847 1633 3902 tamen
1672 3842 1819 3905 inde

260 3935 426 4013 sequi
453 3933 729 4013 obligare
758 3932 1223 4013 delinquentem
1254 3934 1322 3994 in
1345 3933 1716 3994 conscientia
1738 3934 1819 3997 ad

258 4026 641 4105 spoliandum
682 4043 747 4088 se
787 4043 855 4087 re
887 4043 1019 4101 sua,
1050 4026 1150 4086 vel
1174 4024 1500 4100 beneficio,
1529 4026 1676 4104 quia
1700 4027 1819 4088 hoc

260 4126 346 4181 est
389 4120 792 4181 durissimum
837 4124 1236 4198 praeceptum,
1276 4123 1338 4179 et
1379 4119 1448 4179 in
1485 4119 1575 4180 eis
1616 4120 1818 4181 verbis

260 4230 367 4273 nec
395 4211 738 4273 formaliter
767 4210 1137 4286 continetur,
1167 4215 1239 4270 ut
1265 4215 1524 4286 constat,
1553 4229 1669 4272 nec
1694 4213 1818 4273 vir-

260 4311 405 4381 tute,
437 4305 585 4384 quia
616 4303 914 4383 possessio
948 4309 1009 4365 et
1035 4322 1182 4364 usus
1209 4304 1303 4365 rei
1330 4303 1501 4365 aliud
1529 4309 1619 4365 est
1644 4321 1683 4365 a
1708 4305 1817 4366 do·

263 4397 468 4472 mini0,
494 4396 673 4457 etita
698 4401 899 4477 potest
914 4396 1052 4476 quis
1078 4396 1345 4457 retinere
1372 4397 1815 4477 possessionem

264 4490 349 4551 rei
376 4495 436 4551 et
462 4507 670 4565 usum,
701 4489 986 4569 quamvis
1008 4488 1284 4549 dominio
1311 4488 1613 4569 privetur.
1638 4488 1814 4550 Multi

263 4583 418 4644 enim
459 4582 547 4643 ita
573 4583 851 4644 sentiunt
889 4581 1024 4643 fieri
1056 4581 1122 4642 in
1152 4581 1583 4643 confiscatione
1618 4581 1812 4643 bono-

261 4694 411 4748 rum,
435 4693 573 4755 quae
590 4692 704 4755 per
723 4674 926 4753 legem
945 4674 1078 4753 ipso
1099 4673 1263 4734 facto
1283 4674 1372 4735 fit.
1397 4676 1473 4735 Et
1490 4675 1605 4734 hoc
1626 4674 1811 4736 modo

261 4769 432 4830 habet
455 4769 863 4830 sufficientem
886 4768 1173 4829 effectum
1205 4767 1314 4829 illa
1340 4767 1641 4847 particula
1676 4773 1812 4831 ante

264 4882 469 4926 munem
501 4863 954 4925 declarationem
959 4906 978 4937 ,
1008 4862 1154 4941 quia
1195 4881 1273 4923 ex
1308 4863 1373 4922 vi
1408 4861 1576 4923 illius
1602 4863 1810 4923 statim

260 4955 486 5016 vacabit
525 4954 895 5017 beneficium
928 4955 1132 5034 quoad
1159 4955 1412 5016 titulum
1439 4960 1502 5016 et
1537 4958 1810 5035 proprie-

263 5055 461 5125 tatem,
487 5048 633 5111 licet
659 5048 865 5129 quoad
891 5049 1336 5128 possessionem
1363 5054 1426 5110 et
1451 5066 1634 5110 usum
1666 5050 1811 5111 reti-

265 5141 384 5202 neri
408 5141 619 5221 possit.

333 5230 425 5294 24.
471 5231 894 5313 Respondetur
928 5231 1259 5312 imprimis,
1290 5231 1591 5312 quidquid
1627 5233 1706 5293 sit
1732 5233 1809 5294 de

266 5325 385 5387 aliis
424 5325 605 5387 bonis
644 5324 1112 5404 temporalibus,
1155 5326 1223 5386 in
1261 5324 1574 5386 beneficiis
1614 5325 1811 5387 eccle-

271 5418 504 5480 siasticis
536 5419 652 5480 hoc
690 5436 817 5505 non
856 5417 1086 5480 habere
1126 5417 1356 5494 locum,
1386 5424 1449 5479 et
1486 5418 1653 5479 idem
1681 5436 1811 5481 esse

263 5512 531 5576 existimo
570 5517 813 5576 servata
852 5512 1251 5593 proportione
1276 5513 1345 5575 in
1372 5512 1586 5575 officiis
1610 5511 1810 5592 publi-

3361 405 3483 464 453

1920 500 2025 562 cis·
2068 503 2247 564 Ratio
2279 510 2486 567 autem
2530 512 2644 581 est,
2689 506 2835 584 quia
2876 505 3245 567 beneficium
3291 508 3487 569 eccle-

1919 593 2235 656 siasticum
2283 617 2409 659 non
2454 603 2651 678 potest
2695 598 2762 658 in
2808 598 3183 668 conscientia
3228 600 3487 662 retineri

1921 688 2054 749 sine
2076 707 2224 752 vero
2250 692 2461 766 titulo;
2488 693 2597 771 qui
2623 698 2832 753 autem
2855 692 3134 772 privatur
3156 691 3481 771 beneficio,

1922 798 1995 842 eo
2041 783 2173 861 ipso
2217 785 2496 863 privatur
2525 803 2673 846 vero
2719 785 2852 863 ejus
2891 784 3108 861 titulo;
3143 784 3293 846 item
3335 787 3485 866 quia

1918 871 2294 936 beneficium
2319 877 2502 937 datur
2530 883 2779 958 propter
2799 878 3107 939 officium:
3137 879 3244 956 qui
3271 886 3483 940 autem

1919 970 2011 1025 est
2026 967 2301 1045 privatus
2315 968 2611 1032 beneficio
2626 972 2905 1047 omnino,
2923 971 3010 1031 ita
3024 976 3096 1030 ut
3110 970 3485 1032 beneficium

1918 1064 2117 1135 vacet,
2147 1060 2277 1138 jam
2304 1080 2432 1122 non
2467 1069 2665 1142 potest
2690 1064 2856 1125 licite
2898 1081 3182 1125 exercere
3212 1064 3484 1125 officium

1916 1151 2238 1229 proprium
2269 1154 2409 1214 talis
2438 1155 2744 1232 beneficii,
2776 1162 2838 1216 et
2864 1156 3002 1217 ideo
3032 1174 3157 1217 non
3184 1164 3384 1236 potest
3409 1156 3486 1218 li-

1918 1244 2040 1304 cite
2067 1243 2223 1306 illud
2262 1248 2552 1324 retinere,
2585 1254 2694 1309 aut
2722 1248 2828 1309 illo
2858 1249 3002 1310 frui.
3035 1251 3189 1325 Imo,
3218 1250 3370 1310 tales
3396 1249 3485 1311 ef-

1914 1335 2113 1398 fectus
2152 1338 2238 1398 sic
2266 1339 2435 1416 facti,
2467 1342 2715 1419 quando
2755 1342 3079 1419 requirunt
3117 1341 3485 1420 jurisdictio-

1916 1447 2085 1507 nem,
2126 1437 2311 1492 erunt
2350 1434 2608 1495 invalidi
2634 1453 2746 1515 per
2788 1452 2852 1494 se
2877 1434 3210 1513 loquendo,
3251 1440 3313 1495 et
3339 1433 3483 1494 licet

1915 1524 2292 1586 sustineatur
2309 1534 2561 1606 propter
2574 1528 2823 1588 titulum
2842 1527 3206 1603 coloratum,
3224 1533 3481 1606 possunt

1914 1622 2125 1695 postea
2163 1618 2415 1695 irritari,
2465 1621 2517 1680 si
2549 1620 2702 1681 alias
2739 1620 3077 1697 ⁹irritabiles
3121 1626 3288 1696 sunt,
3334 1620 3479 1700 quia

1914 1710 2218 1771 sententia
2245 1713 2680 1773 retrotrahitur
2707 1714 2786 1773 ad
2827 1712 3035 1773 omnia
3062 1730 3078 1774 ε
3107 1713 3240 1773 haec
3269 1718 3480 1774 autem

1914 1808 2059 1863 sunt
2096 1804 2277 1865 valde
2322 1805 2613 1866 absurda.
2658 1808 2811 1868 Item
2860 1813 2951 1867 est
2988 1805 3147 1867 ratio
3179 1824 3218 1865 a
3261 1804 3475 1884 priori,

1913 1895 2062 1975 quia
2100 1895 2233 1957 haec
2279 1896 2575 1959 beneficia
2618 1917 2746 1960 non
2792 1899 3018 1960 dantur
3057 1896 3479 1977 principaliter
3551 1888 3562 1898 ’

1911 1993 2163 2068 propter
2194 1983 2580 2069 recipienteS,
2617 1992 2722 2053 scd
2752 1997 3000 2072 propter
3034 1989 3472 2060 ministerium,

1910 2086 1972 2140 et
2004 2086 2252 2160 propter
2279 2081 2510 2159 fideleS,
2541 2083 2765 2162 quihus
2799 2082 3139 2145 ministrari
3172 2081 3383 2158 debet3
3415 2072 3477 2142 et

1907 2171 2047 2233 ideo
2077 2173 2185 2252 qui
2211 2175 2492 2253 privatur
2518 2175 2816 2238 beneficio
2858 2179 3210 2238 removetur
3247 2173 3326 2234 ab
3365 2172 3475 2235 illo

1907 2267 2277 2344 ministerio,
2320 2288 2390 2330 ac
2429 2270 2690 2333 subinde
2718 2271 2869 2333 illud
2899 2269 3164 2350 amplius
3206 2269 3474 2331 retinere

1907 2378 2036 2420 non
2062 2366 2279 2439 potest.
2309 2363 2456 2435 Quae
2474 2365 2634 2425 ratio
2655 2368 2725 2425 in
2744 2364 3231 2443 quibuscumque
3258 2362 3473 2423 officiis

1905 2452 2168 2530 publicis
2213 2454 2421 2515 locum
2446 2456 2652 2519 habet.
2697 2459 2997 2517 Praeterea
3034 2461 3325 2536 sequetur
3364 2453 3473 2515 ab·

1907 2547 2163 2607 surdum
2198 2548 2274 2609 dc
2318 2549 2619 2609 fructibus
2661 2549 2978 2626 beneficii3
3009 2566 3158 2609 nam
3206 2548 3308 2610 vel
3331 2548 3471 2609 illos

1905 2637 2087 2699 faciet
2103 2658 2267 2713 suos,
2291 2642 2399 2720 qui
2420 2642 2508 2703 sic
2526 2643 2754 2704 retinet
2774 2642 3173 2717 beneficium,
3188 2641 3288 2704 vel
3308 2659 3469 2716 non3

1904 2731 2179 2808 primum
2199 2726 2322 2793 dici
2340 2753 2469 2795 non
2488 2741 2707 2814 potest,
2728 2735 2876 2815 quia
2894 2753 3079 2796 nemo
3097 2740 3297 2814 potest
3310 2736 3473 2813 juste

1905 2825 2184 2903 accipere
2216 2825 2451 2886 fructus
2475 2829 2568 2888 rei
2595 2846 2724 2888 non
2754 2846 2903 2903 suae,
2934 2845 3135 2906 neque
3162 2828 3295 2889 sine
3321 2846 3469 2889 vero

1903 2915 2087 2977 titulo
2108 2924 2310 2998 potest
2336 2920 2473 2998 quis
2493 2920 2694 2981 facere
2721 2921 2957 2980 fructus
2979 2938 3118 2980 suos
3142 2939 3154 2981 :
3184 2920 3236 2979 si
3258 2927 3469 2981 autem

1902 3007 2142 3069 dicatur
2188 3012 2562 3088 secundum,
2609 3014 2718 3092 qui
2761 3013 2897 3074 fieri
2948 3019 3169 3092 potest,
3213 3017 3283 3072 ut
3329 3013 3469 3093 quis

1901 3101 2089 3179 possit
2119 3102 2284 3181 juste
2323 3104 2589 3166 retinere
2628 3105 2866 3166 fructus
2899 3125 3024 3166 non
3066 3109 3247 3167 suos?
3272 3106 3385 3168 Vel
3415 3107 3470 3168 si

1900 3212 2028 3254 non
2068 3200 2267 3274 potest
2291 3198 2590 3274 retinere,
2619 3200 2927 3278 quomodo
2954 3205 3153 3278 potest
3172 3202 3339 3279 juste
3367 3219 3465 3262 ac-

1901 3285 2144 3364 cipere?
2163 3288 2274 3348 Vel
2292 3289 2343 3348 si
2371 3308 2573 3368 neque
2596 3292 2875 3369 accipere
2898 3292 3034 3352 illos
3056 3293 3220 3370 juste
3242 3298 3463 3371 potest,

1901 3382 2212 3458 quomodo
2238 3388 2439 3461 potest
2460 3385 2626 3461 juste
2662 3384 2929 3445 retinere
2954 3385 3328 3446 beneficium
3364 3389 3463 3448 cui

1902 3471 2207 3533 debentur
2233 3474 2387 3535 tales
2409 3475 2685 3537 fructus?
2708 3477 2925 3555 Igitur,
2949 3478 2998 3537 si
3025 3477 3191 3555 leges
3213 3477 3334 3539 illae
3358 3498 3468 3558 per

1900 3564 2091 3624 verba
2125 3566 2418 3644 praedicta
2456 3568 2702 3646 privent
2732 3570 2914 3629 titulo
2953 3576 3015 3630 et
3040 3570 3318 3631 dominio
3363 3571 3468 3633 be-

1901 3655 2132 3733 neficii,
2171 3659 2442 3737 profecto
2471 3662 2659 3721 etiam
2688 3661 2968 3740 obligant
2999 3663 3067 3722 in
3096 3665 3469 3725 conscientia

1899 3749 1977 3809 ad
2006 3749 2443 3813 dimittendum
2475 3752 2653 3830 illud,
2685 3759 2745 3814 et
2772 3754 2935 3816 hanc
2966 3757 3466 3835 consequentiam

1899 3841 1966 3902 in
2000 3841 2313 3904 beneficiis
2340 3864 2555 3906 omnes
2584 3846 2941 3908 admittunt.

1980 3936 2081 3997 25.
2129 3937 2213 3997 De
2244 3935 2379 3996 aliis
2402 3943 2613 3998 autem
2639 3939 2815 3999 bonis
2835 3940 3098 3999 fortunae
3124 3945 3215 4000 est
3236 3958 3466 4019 magna

1899 4029 2178 4107 quaestio,
2213 4047 2403 4107 quam
2435 4030 2503 4088 in
2531 4032 2857 4091 materiam
2898 4032 2974 4091 de
3004 4031 3150 4091 Fide
3195 4050 3467 4095 reserva-

1897 4139 2059 4196 muS,
2085 4125 2156 4179 ut
2182 4140 2368 4200 supra
2389 4121 2537 4182 dixi.
2572 4124 2746 4182 Nunc
2776 4141 2924 4200 ergo
2953 4122 3153 4182 solum
3176 4123 3311 4183 dico
3336 4142 3464 4185 non

1898 4230 2026 4273 esse
2050 4211 2126 4272 de
2149 4212 2270 4273 illis
2294 4214 2576 4274 eamdem
2598 4214 2905 4274 rationem
2918 4229 2939 4291 3
2965 4219 3102 4274 tum
3133 4215 3280 4293 quia
3297 4216 3465 4294 leges

1897 4305 2109 4366 civiles
2152 4310 2214 4366 et
2254 4306 2562 4366 canonicae
2608 4306 2898 4366 videntur
2946 4307 3035 4366 ita
3072 4307 3466 4386 interpretari

1894 4415 2146 4477 poenam
2179 4397 2374 4474 illam,
2406 4404 2469 4460 et
2500 4399 2834 4460 concedere
2867 4399 3254 4478 delinquenti
3286 4406 3466 4460 natu-

1892 4492 2089 4553 ralem
2125 4492 2536 4553 retentionem
2565 4492 2785 4553 talium
2818 4492 3124 4552 bonorum
3139 4537 3160 4568 ,
3191 4497 3253 4553 et
3281 4511 3463 4554 usum

1892 4585 1959 4645 in
1980 4603 2165 4646 suum
2189 4586 2584 4646 commodum
2610 4590 2672 4646 et
2695 4587 3228 4661 sustentationem,
3247 4605 3461 4665 quam-

1890 4676 2002 4737 diu
2030 4696 2157 4738 non
2186 4678 2499 4757 judicatur
2537 4678 2614 4738 de
2640 4677 2899 4739 crimine
2916 4723 2937 4753 ,
2988 4683 3060 4738 ut
3090 4679 3358 4739 sumitur
3385 4697 3462 4739 ex

1891 4770 2090 4848 capite
2119 4768 2270 4832 Cum
2302 4772 2638 4847 secundum,
2670 4770 2747 4830 de
2782 4771 3033 4844 Haeret„
3072 4770 3139 4830 in
3184 4773 3245 4846 6,
3276 4774 3339 4830 et
3381 4789 3455 4832 ex

1889 4860 1935 4922 1.
1962 4861 2105 4937 ult„
2136 4881 2190 4922 c.
2224 4861 2305 4922 ad
2331 4864 2476 4940 Leg.
2506 4862 2630 4922 Jul.
2665 4863 2994 4940 Majestat.,
3022 4869 3083 4922 et
3111 4863 3456 4942 expressius

1890 4953 1959 5014 in
1985 4953 2031 5014 l.
2059 4954 2391 5034 Hispaniae,
2416 4960 2574 5034 part.
2603 4956 2665 5030 6,
2686 4955 2868 5015 titulo
2900 4955 2962 5030 2,
2989 4953 3034 5014 l.
3067 4957 3126 5016 4.
3155 4956 3366 5033 Neque
3389 4954 3458 5015 in

1889 5047 2007 5109 hoc
2058 5054 2150 5109 est
2194 5049 2604 5127 repugnantia
2630 5094 2644 5120 ,
2696 5049 2811 5109 etsi
2854 5049 3068 5109 demus
3109 5048 3457 5109 dominium

1889 5139 2209 5202 transferri
2248 5141 2316 5200 in
2352 5140 2605 5218 fiscum;
2630 5141 2996 5202 transfertur
3035 5141 3203 5201 enim
3234 5141 3347 5201 suh
3377 5160 3453 5201 ea

1889 5233 2242 5294 conditione
2261 5239 2322 5294 et
2347 5233 2744 5309 limitatione,
2767 5239 2837 5293 ut
2859 5234 3135 5309 interim,
3157 5234 3308 5293 dum
3333 5251 3467 5294 non

1891 5325 2202 5405 profertur
2229 5327 2534 5387 sententia
2561 5326 2984 5403 declaratoria,
3016 5328 3309 5406 antiquus
3342 5327 3457 5387 do-

1890 5418 2100 5480 minus
2149 5419 2412 5481 retineat
2456 5420 2904 5501 possessionem
2957 5421 3345 5495 naturalem,
3396 5425 3458 5481 et

1889 5512 2513 5590 administrationem,
2539 5530 2609 5573 ac
2634 5519 2871 5575 certum
2904 5513 3238 5593 quemdam
3269 5530 3452 5577 usum
