3976 6219
797 391 930 441 CAP.
967 391 1069 443 Vn.
1108 392 1188 441 DE
1218 389 1495 441 MATERIA
1527 390 1704 443 LEGIS
1735 390 2100 454 NATURALIS,
2138 391 2217 441 Ac
2252 393 2330 443 DE
2362 393 2506 443 EJUS
2536 393 2905 446 PRAECEPTIS.

257 497 324 551 ut
341 491 668 570 depositum
686 507 807 551 esse
824 490 1198 564 reddendum,
1211 507 1460 550 usn-ram
1479 510 1510 549 c
1521 490 1640 549 itan
1651 490 1809 551 dam.

256 583 422 644 Solet
449 582 627 642 citari
658 599 770 660 pro
802 581 917 641 hac
958 582 1262 642 sententia
1301 581 1478 641 divus
1519 574 1808 657 ThomaS,

255 694 314 755 q.
348 678 451 751 94,
482 676 656 735 artic.
688 677 750 749 2,
783 678 845 734 et
879 673 1223 749 DuranduS,
1252 678 1433 733 tract.
1466 675 1540 734 de
1571 674 1808 751 Legib.,

258 786 443 847 quem
470 766 699 828 habere
727 784 853 825 non
880 766 1077 843 potui,
1111 766 1216 826 sed
1245 765 1420 826 illum
1447 767 1633 827 refert
1658 768 1813 827 Tur-

254 879 379 922 rec.
423 859 489 919 in
518 860 716 938 capite
753 860 880 920 ‚Ins
914 859 1214 933 naturale,
1249 858 1518 918 distinct.
1555 861 1614 934 1,
1648 877 1713 918 n.
1749 858 1807 933 3,

257 957 317 1012 et
335 951 525 1029 aliqui
538 951 776 1028 juristae
794 950 881 1010 ita
894 950 1230 1010 defendunt
1249 950 1410 1010 hanc
1428 951 1808 1029 opinionem,

255 1049 326 1103 ut
358 1044 711 1104 existiment
727 1049 1031 1122 praecepta
1048 1043 1334 1120 Decalogi
1350 1061 1476 1102 non
1500 1043 1814 1103 continere

250 1138 352 1215 jus
399 1138 701 1212 naturale,
747 1138 854 1198 sed
890 1138 996 1215 jus
1037 1137 1338 1214 gentium,
1382 1135 1551 1215 quod
1595 1143 1815 1215 putant

258 1248 384 1291 csse
430 1230 759 1290 diversum.
802 1232 873 1289 In
919 1247 1106 1308 quam
1155 1229 1526 1288 sententiam
1571 1230 1816 1288 videtur

261 1322 553 1384 inclinare
595 1324 762 1397 Soto,
805 1321 964 1382 libro
1008 1325 1037 1381 1
1091 1322 1167 1381 de
1208 1321 1477 1396 Justitia,
1505 1327 1716 1400 quaest.
1750 1324 1810 1396 5,

258 1419 374 1475 art.
405 1417 468 1488 4,
498 1421 569 1474 ut
596 1416 794 1494 capite
822 1415 1101 1492 sequenti
1126 1414 1309 1474 latius
1337 1414 1559 1474 dicam.
1592 1415 1814 1476 Viden-

257 1512 486 1586 turque
513 1506 763 1567 fundari
790 1507 855 1566 in
884 1507 1064 1566 modo
1093 1506 1388 1585 loquendi
1421 1506 1814 1568 Jureconsul-

258 1605 487 1675 torum,
520 1600 626 1678 qui
655 1618 758 1660 eos
796 1606 988 1676 actus,
1018 1618 1173 1678 quos
1199 1601 1389 1661 dictat
1412 1602 1569 1661 ratio
1610 1602 1812 1662 solum

259 1708 371 1770 per
397 1692 762 1767 discursum,
793 1711 917 1752 non
960 1693 1242 1753 tribuunt
1260 1693 1393 1771 juri
1422 1694 1713 1768 naturali,
1744 1700 1814 1753 ut

263 1784 474 1845 videre
497 1784 637 1846 licet
665 1786 731 1845 in
760 1785 867 1845 lib.
901 1789 959 1861 1,
997 1788 1036 1846 Ξ
1061 1792 1121 1845 et
1146 1787 1208 1863 3,
1233 1795 1295 1848 et
1321 1787 1366 1846 1.
1403 1787 1635 1861 Omnes,
1670 1806 1814 1847 cum

260 1875 423 1951 aliis,
454 1877 518 1938 ff.
547 1877 623 1937 de
650 1877 896 1938 ‚Iustitia
920 1882 981 1939 et
1010 1878 1171 1955 jure,
1202 1879 1357 1939 etin
1387 1878 1430 1938 l.
1467 1880 1642 1940 Bona
1671 1881 1810 1956 fide,

260 1965 325 2025 ff.
358 1969 646 2045 Depositi.

339 2061 396 2118 3.
444 2061 624 2120 Ratio
646 2080 774 2122 csse
797 2068 997 2141 potest
1014 2061 1240 2140 prim0,
1258 2062 1405 2139 quia
1416 2063 1520 2139 jus
1539 2063 1818 2124 naturale

258 2157 349 2212 est
372 2151 435 2211 id
454 2153 533 2210 ad
554 2154 716 2232 quod
746 2155 878 2232 ipsa
896 2161 1120 2214 natura
1140 2155 1494 2215 immediate
1521 2154 1813 2215 inclinat:

256 2244 608 2322 hujusmodi
633 2251 842 2306 autem
864 2247 1064 2306 solum
1088 2251 1234 2305 sunt
1257 2246 1459 2324 prima
1481 2247 1812 2324 principia:

258 2354 404 2395 nam
432 2355 568 2414 quae
609 2357 719 2416 per
747 2338 1093 2398 discursum
1137 2343 1573 2415 comparantur
1612 2339 1816 2416 potius

260 2428 337 2487 ab
365 2428 497 2506 ipso
523 2429 776 2491 homine
803 2429 1035 2491 habent
1061 2430 1404 2507 originem:
1434 2429 1598 2489 unde
1626 2431 1814 2490 etiam

258 2522 326 2580 in
355 2522 503 2600 ipsis
529 2523 840 2582 habitibus
877 2522 1189 2583 distinctio
1218 2528 1309 2582 est
1335 2522 1498 2582 inter
1530 2521 1815 2583 habitum

258 2615 705 2694 principiorum
733 2622 795 2676 et
823 2615 1304 2675 conclusionum.
1332 2615 1635 2689 SecundO,
1669 2617 1817 2694 quia

257 2707 357 2784 jus
393 2707 544 2768 illud
584 2708 747 2786 quod
784 2713 1064 2767 versatur
1102 2708 1258 2766 circa
1289 2707 1486 2785 prima
1516 2708 1816 2786 principia

261 2805 354 2860 est
401 2819 649 2880 prorsus
694 2800 1107 2875 immutabile,
1160 2806 1288 2860 tam
1336 2818 1412 2860 ex
1461 2808 1632 2878 parte
1679 2819 1813 2876 sua,

263 2912 449 2972 quam
493 2914 567 2955 ex
599 2901 773 2973 parte
814 2894 1165 2968 hominum,
1199 2894 1344 2971 quia
1375 2894 1647 2971 ignorari
1691 2914 1816 2954 non

262 2992 501 3064 potest:
531 2987 686 3047 illud
721 2993 929 3047 autem
962 2985 1128 3064 quod
1161 2991 1440 3045 versatur
1482 2985 1642 3045 circa
1675 3005 1818 3045 con-

213 3154 219 3159 *
262 3079 585 3155 clusiones,
630 3081 857 3140 mutari
901 3083 1100 3158 potest
1142 3083 1203 3138 et
1247 3077 1542 3156 ignorari.
1586 3079 1816 3154 Terti0,

262 3173 410 3251 quia
436 3174 585 3232 alias
622 3174 810 3234 etiam
851 3177 1022 3231 actus
1068 3171 1394 3245 virtutum,
1432 3188 1583 3248 quos
1610 3172 1820 3249 praeci-

261 3265 445 3343 piunt
473 3265 778 3339 homines,
807 3264 1186 3342 pertinerent
1212 3262 1288 3321 ad
1327 3262 1527 3339 legem
1556 3268 1816 3339 naturae,

261 3357 410 3436 quia
437 3376 546 3435 per
573 3357 915 3417 discursum
944 3374 1021 3416 ex
1048 3355 1156 3414 illa
1183 3354 1533 3415 eliciuntur.
1566 3355 1817 3430 Quart0,

266 3450 415 3528 quia
446 3450 594 3509 alias
634 3467 759 3509 non
806 3449 1289 3525 distingueretur
1323 3446 1425 3523 jus
1470 3449 1748 3524 gentium
1783 3465 1820 3507 a

259 3542 404 3619 jure
433 3542 723 3617 naturali,
751 3542 854 3601 sed
882 3540 1047 3599 illius
1075 3558 1215 3619 pars
1242 3544 1420 3614 esset,
1446 3538 1545 3599 vel
1573 3540 1684 3598 sub
1713 3539 1819 3600 illo

261 3634 701 3695 contineretur.

345 3729 407 3787 4.
451 3727 795 3789 Resolvit-nr
821 3726 1089 3806 quaestio,
1127 3729 1182 3787 et
1213 3723 1542 3786 ostenditur
1565 3725 1680 3802 jus
1710 3741 1819 3785 na-

262 3819 463 3882 turale
491 3819 790 3897 complecti
819 3820 1017 3879 omnia
1039 3822 1335 3896 praecepta
1373 3817 1656 3891 moralia,
1690 3835 1821 3896 quoe

264 3912 479 3973 habent
533 3912 847 3972 evidentem
901 3910 1257 3971 honestatem
1305 3910 1699 3971 neeessariam
1744 3910 1826 3971 ad

261 4022 494 4065 morum
524 4004 1043 4071 rectitudinem.—
1056 4001 1466 4061 Nihilominus
1490 4001 1823 4061 dicendum

263 4102 358 4157 est
400 4096 501 4173 jus
549 4095 832 4155 naturale
874 4092 1199 4171 complecti
1246 4093 1457 4152 omnia
1497 4098 1820 4171 praecepta,

262 4206 373 4249 seu
405 4188 708 4266 principia
736 4186 1018 4260 moralia,
1048 4203 1185 4263 quae
1217 4183 1566 4243 evidentem
1593 4182 1825 4269 habent

261 4281 649 4343 honestatem
676 4278 1079 4339 necessariam
1113 4277 1191 4336 ad
1231 4273 1663 4337 rectitudinem
1696 4291 1825 4332 mo-

260 4392 429 4449 rum,
461 4374 548 4433 ita
574 4378 645 4432 ut
670 4372 945 4451 opposita
976 4368 1274 4429 moralem
1305 4366 1823 4428 inordinationem

265 4484 380 4527 seu
420 4465 722 4525 malitiam
763 4464 1080 4524 evidenter
1123 4462 1499 4522 contineant.
1546 4460 1688 4519 Hoec
1733 4464 1824 4520 est

267 4576 447 4618 mens
471 4559 541 4617 D.
575 4557 848 4631 Thomae,
879 4574 941 4634 q.
973 4558 1077 4631 91,
1107 4560 1221 4616 art.
1253 4556 1315 4629 2,
1346 4572 1408 4632 q.
1440 4554 1542 4627 94,
1573 4551 1748 4612 artic.
1785 4554 1824 4611 2

267 4656 333 4711 et
360 4652 422 4725 4,
450 4667 511 4727 q.
539 4651 640 4724 95,
668 4648 841 4708 artic.
868 4650 931 4722 2,
958 4652 1019 4708 et
1046 4666 1108 4726 q.
1142 4648 1280 4722 100,
1307 4645 1480 4705 artic.
1510 4647 1569 4719 1,
1601 4646 1640 4704 Ξ
1667 4649 1729 4703 et
1762 4646 1821 4718 3,

265 4742 377 4803 ubi
424 4742 781 4819 Cajetanus,
830 4730 1139 4801 Conradus
1184 4743 1246 4798 et
1294 4737 1402 4797 alii
1451 4736 1827 4815 expositores

265 4834 435 4894 idem
463 4835 769 4909 sentiunt3
801 4832 969 4906 Soto‚
1001 4831 1160 4891 libro
1190 4834 1219 4889 1
1261 4829 1337 4890 de
1368 4829 1633 4903 Justitia,
1666 4846 1727 4906 q.
1760 4829 1822 4903 4,

264 4927 442 4987 artic.
476 4928 538 4999 2,
565 4931 628 4986 et
654 4944 715 5003 q.
749 4928 809 5000 5,
840 4924 1015 4984 artic.
1045 4928 1074 4983 1
1109 4928 1170 4983 et
1196 4924 1257 4998 Ξ,
1290 4931 1351 4981 et
1390 4920 1547 4980 libro
1575 4921 1634 4994 3,
1667 4937 1727 4997 q.
1763 4922 1822 4993 1,

265 5020 441 5081 artic.
475 5021 513 5078 2
547 5023 609 5079 et
642 5019 710 5092 33
742 5023 804 5077 et
836 5018 1001 5077 idem
1035 5016 1299 5075 sumitur
1329 5031 1405 5074 ex
1433 5011 1731 5089 theologis
1759 5011 1826 5069 in

270 5111 648 5193 praecedenti
680 5111 878 5188 capite
910 5108 1210 5187 allegatiS,
1242 5112 1303 5168 et
1341 5125 1418 5167 ex
1444 5108 1725 5165 Turrecr.
1760 5104 1828 5163 in

266 5206 470 5283 capite
496 5204 549 5265 J
548 5222 623 5265 us
649 5208 869 5276 autem,
897 5201 1166 5262 distinct.
1205 5201 1263 5274 1,
1289 5217 1399 5278 per
1435 5198 1639 5276 plures
1674 5197 1828 5256 arti-

270 5296 466 5370 culos,
491 5295 828 5374 praesertim
849 5293 914 5352 in
936 5293 1137 5372 primo
1157 5298 1218 5352 et
1234 5291 1486 5365 ultimo;
1504 5290 1826 5367 Covarrus,

265 5392 335 5451 in
369 5388 585 5467 regula
612 5389 953 5459 Peccatum,
989 5388 1028 5445 2
1063 5390 1251 5464 part„
1281 5383 1317 5462 ξ
1353 5386 1419 5442 11
1432 5427 1452 5457 ,
1484 5400 1548 5440 n.
1581 5384 1641 5441 4.
1675 5383 1829 5441 Item

266 5483 541 5545 sumitur
577 5498 655 5542 ex
688 5478 1035 5554 Aristotele,
1067 5480 1105 5540 5
1141 5477 1338 5540 Ethic.
1353 5521 1375 5553 ,
1405 5475 1602 5555 capite
1631 5477 1692 5550 7,
1721 5474 1829 5535 ubi

671 5600 738 5645 V.

3334 391 3448 448 113

1891 506 2074 550 omne
2098 491 2201 568 jus
2228 491 2292 549 in
2322 491 2603 553 naturale
2631 499 2691 552 et
2725 493 3073 570 legitimum
3098 493 3444 570 distinguit,

1892 582 2007 641 sub
2036 582 2305 642 naturali
2339 584 2863 662 comprehendens
2890 602 3072 645 omne
3105 585 3256 645 illud
3284 587 3450 664 quod

1893 676 2299 735 necessariam
2322 682 2384 737 et
2406 677 2861 737 immutabilem
2887 677 3074 738 habet
3101 678 3443 740 veritatem.

1894 768 2249 848 Eademque
2291 773 2381 829 est
2407 771 2713 830 sententia
2754 770 3079 845 CiceroniS,
3122 769 3281 830 libro
3308 773 3346 829 2
3374 772 3450 831 de

1900 862 2167 936 Invent.,
2215 863 2321 922 ubi
2365 862 2610 938 definit,
2658 864 2763 941 jus
2809 869 3046 924 naturae
3087 881 3274 937 esse„
3301 865 3456 943 quod

1896 954 2066 1015 nobis
2093 972 2208 1015 non
2226 955 2448 1033 opinio,
2479 956 2581 1017 sed
2603 956 2874 1035 qnoedam
2891 957 3105 1016 innata
3127 956 3221 1016 vis
3239 959 3448 1034 affert,

1896 1051 1967 1107 ut
1993 1047 2359 1124 reliqionem,
2384 1048 2689 1125 pietatem,
2717 1053 2830 1108 etc.
2864 1047 3032 1107 Idem
3054 1048 3240 1107 sentit
3267 1049 3452 1108 Isido-

1897 1158 2027 1214 rus»,
2060 1141 2097 1199 5
2131 1140 2425 1217 Etymol.,
2461 1159 2594 1218 cap.
2630 1143 2690 1216 3,
2724 1141 2833 1200 ubi
2861 1141 2996 1201 aliis
3024 1141 3319 1219 exemplis
3348 1143 3451 1219 jus

1896 1231 2177 1291 naturale
2206 1232 2494 1292 declarat.
2529 1234 2680 1294 Item
2717 1233 3120 1311 AugustinuS,
3151 1233 3262 1293 lib.
3298 1238 3326 1294 1
3374 1235 3451 1295 de

1893 1322 2088 1383 libero
2114 1324 2407 1394 Arbitrio,
2431 1325 2628 1403 capite
2656 1328 2715 1400 3,
2748 1330 3050 1403 quatenus
3077 1326 3450 1387 adulterium

1894 1416 2071 1495 ponit
2097 1434 2225 1477 esse
2254 1422 2464 1476 contra
2488 1419 2589 1495 jus
2625 1422 2900 1478 naturae:
2935 1436 3084 1478 nam
3112 1419 3328 1479 eadem
3354 1438 3455 1479 ra-

1894 1508 1982 1567 tio
2029 1514 2120 1568 est
2162 1509 2238 1568 de
2284 1509 2573 1568 omnibus
2613 1509 2935 1569 similibus.
2974 1510 3248 1589 Denique
3290 1512 3451 1572 sumi

1892 1599 2009 1659 hoc
2035 1606 2235 1679 potest
2264 1620 2340 1661 ex
2367 1601 2473 1661 illo
2508 1602 2750 1662 Psalmo
2778 1604 2817 1662 4
2843 1623 2857 1661 :
2895 1602 3046 1675 Quis
3074 1606 3324 1666 ostendit
3350 1623 3455 1666 no-

1896 1691 1988 1753 bis
2016 1693 2221 1754 bonnm
2240 1695 2268 1753 ‚²
2296 1696 2604 1771 signatum
2632 1700 2718 1756 est
2745 1712 2924 1772 snper
2947 1712 3056 1756 nos
3091 1695 3286 1757 lumen
3323 1697 3453 1758 vul-

1894 1789 1994 1846 tus
2029 1785 2145 1858 tui,
2197 1787 2447 1848 Domine
2467 1813 2489 1846 .·
2533 1806 2678 1847 nam
2719 1788 2870 1848 inde
2903 1796 3065 1849 recte
3106 1789 3453 1867 colligimus

1895 1877 2107 1937 omnia
2141 1897 2279 1955 quae
2322 1879 2534 1939 lumen
2581 1881 2859 1941 naturale
2906 1882 3221 1942 evidenter
3252 1883 3450 1942 mani-

1895 1968 2097 2044 festat,
2130 1970 2432 2048 pertinere
2475 1972 2552 2030 ad
2592 1971 2792 2048 legem
2835 1979 3108 2034 naturae:
3140 1979 3201 2034 et
3231 1975 3451 2034 confir-

1896 2060 2057 2118 mari
2088 2067 2288 2139 potest
2316 2080 2391 2121 ex
2418 2062 2524 2120 illo
2551 2063 2724 2123 Pauli
2752 2064 2827 2122 ad
2857 2065 3163 2125 Romanos
3189 2068 3227 2124 2
3257 2082 3272 2125 z
3303 2066 3452 2130 G'en-

1898 2157 1985 2214 tes
2010 2170 2143 2231 quoe
2184 2154 2365 2232 leqem
2400 2172 2518 2214 non
2549 2156 2781 2230 habent,
2817 2158 3180 2218 naturaliter
3208 2176 3296 2231 ea,
3324 2176 3454 2236 quoe

1897 2244 2051 2322 Zeyz’s
2078 2250 2241 2319 sunt,
2272 2247 2513 2323 faciunt
2533 2272 2556 2305 .·
2594 2247 2759 2306 unde
2801 2247 2986 2306 infert
3022 2265 3125 2307 eos
3155 2248 3269 2307 sibi
3309 2249 3454 2327 ipsis

1896 2354 2025 2395 esse
2055 2337 2294 2413 legem:
2335 2337 2443 2396 illa
2476 2344 2683 2396 autem
2716 2357 2852 2416 quae
2890 2339 3207 2399 evidenter
3232 2357 3453 2417 cogno-

1894 2433 2150 2487 scuntur
2197 2428 2434 2489 lumine
2478 2435 2747 2504 naturae,
2793 2432 2919 2492 sive
2969 2450 3111 2491 cum
3154 2432 3451 2508 discursu,

1892 2519 2021 2581 sive
2054 2520 2283 2599 absque
2324 2521 2432 2582 illo
2462 2530 2930 2599 cognoscantur,
2959 2530 3124 2585 recte
3165 2525 3457 2586 dicuntur

1891 2613 2260 2674 naturaliter
2285 2611 2419 2674 fieri
2433 2636 2450 2688 ;
2484 2633 2652 2693 erg0.

1974 2708 2034 2766 5.
2085 2705 2497 2782 Confirmatur
2528 2708 2779 2770 assertio
2816 2709 3069 2771 ratione.
3092 2743 3173 2756 —
3196 2710 3452 2772 Ratione

1896 2799 2084 2860 etiam
2115 2798 2458 2859 declaratur
2492 2800 2783 2860 assertio:
2824 2818 2971 2861 nam
3003 2820 3075 2862 ca
3098 2821 3234 2881 quae
3264 2810 3453 2864 natu-

1896 2892 2014 2952 rali
2056 2891 2293 2952 ratione
2331 2899 2814 2969 cognoscuntur,
2855 2894 2922 2952 in
2960 2894 3191 2974 triplici
3231 2914 3455 2974 genere

1900 2984 2196 3061 distingui
2227 2989 2479 3061 possunt
2511 3005 2525 3042 :
2561 2985 2843 3061 quaedam
2874 2992 3017 3044 sunt
3050 2987 3251 3064 prima
3277 2990 3455 3067 prin-

1901 3077 2061 3155 cipia
2091 3075 2404 3154 generalia
2427 3093 2693 3152 morum,
2723 3081 2795 3136 ut
2824 3082 2969 3136 sunt
2988 3077 3118 3154 illa,
3152 3080 3457 3142 honestum

1899 3175 1984 3232 est
2024 3170 2363 3246 faciendum
2394 3213 2415 3244 ,
2468 3186 2724 3247 pravum
2755 3170 3066 3231 citandum
3085 3194 3112 3240 ,·
3151 3174 3306 3250 quod
3345 3175 3458 3235 tibi

1898 3262 2042 3340 fieri
2074 3279 2193 3322 non
2231 3262 2347 3335 vis,
2380 3261 2560 3321 alteri
2595 3279 2665 3322 ne
2698 3261 2937 3336 feceris,
2979 3267 3042 3321 et
3080 3263 3305 3323 similia
3325 3280 3345 3341 3
3380 3265 3458 3325 de

1898 3353 1997 3414 his
2025 3352 2268 3413 nullum
2288 3363 2377 3412 est
2400 3351 2659 3410 dubium
2685 3353 2992 3431 pertinere
3015 3353 3092 3412 ad
3123 3354 3326 3431 legem
3346 3374 3455 3416 na-

1896 3446 2161 3506 turalem
2195 3461 2210 3504 z
2252 3444 2373 3503 alia
2414 3449 2558 3504 sunt
2592 3444 2897 3523 principia
2924 3446 3138 3523 {magis
3167 3446 3457 3505 determi-

1897 3544 2042 3598 nata
2071 3543 2133 3597 et
2164 3536 2584 3616 particularia,
2621 3542 2831 3596 tamen
2861 3538 3044 3597 etiam
3074 3556 3186 3616 per
3211 3556 3275 3598 se
3308 3545 3457 3599 nota

1897 3650 1973 3693 ex
2004 3631 2306 3705 terminiS,
2332 3635 2424 3704 ut,
2436 3631 2698 3709 justitia
2724 3635 2810 3692 est
2831 3633 3146 3707 servanda,
3181 3634 3348 3696 Dens
3371 3637 3458 3695 est

1897 3725 2189 3795 colendus,
2218 3727 2531 3800 temperate
2553 3724 2865 3784 vivendum
2885 3729 2992 3799 est,
3018 3729 3080 3784 et
3102 3724 3350 3800 similia,
3378 3725 3456 3785 de

1898 3816 2123 3894 quibus
2151 3815 2340 3875 etiam
2366 3814 2541 3873 nulla
2569 3819 2659 3873 est
2690 3814 3016 3889 dubitatio,
3054 3822 3115 3876 et
3150 3835 3188 3876 a
3213 3816 3457 3876 fortiori

1898 3908 2133 3986 patebit
2160 3925 2236 3966 ex
2268 3896 2559 3965 dicendis.
2604 3907 2670 3964 In
2696 3907 2878 3966 tertio
2921 3907 3133 3968 ordine
3168 3909 3456 3986 ponimus

1901 3997 2320 4058 conclusiones
2341 4014 2476 4074 quae
2497 4014 2609 4074 per
2637 3996 2982 4056 evidentem
3007 3998 3351 4060 illationem
3380 4018 3458 4060 ex

1903 4089 2219 4168 principiis
2256 4087 2641 4147 naturalibus
2674 4087 3046 4163 inferuntur,
3090 4098 3152 4149 et
3183 4109 3310 4151 non
3339 4091 3459 4151 nisi

1905 4200 2016 4260 per
2046 4180 2386 4240 discursum
2428 4177 2714 4253 cognosci
2755 4184 3010 4255 possunt
3055 4197 3070 4239 z
3110 4181 3273 4241 inter
3309 4202 3460 4262 quas

1904 4271 2190 4352 quaedam
2222 4269 2461 4330 facilius
2492 4275 2552 4329 et
2593 4287 2630 4329 a
2661 4268 2940 4348 pluribus
2981 4280 3455 4350 cognoscuntur,

1904 4371 1975 4425 ut
2009 4363 2404 4438 adulterium,
2430 4362 2692 4437 furtum,
2720 4367 2782 4422 et
2803 4360 3052 4438 similia,
3083 4382 3271 4443 prava
3294 4384 3451 4427 esse:

1904 4458 2042 4519 aliae
2085 4457 2309 4536 majori
2349 4456 2636 4533 indigent
2671 4455 2969 4531 discursu,
3010 4462 3072 4517 et
3112 4476 3239 4517 non
3279 4459 3458 4521 facile

1905 4552 2192 4613 omnibus
2231 4556 2414 4625 notae,
2456 4555 2526 4609 ut
2557 4549 3027 4611 fornicationem
3068 4570 3195 4613 esse
3235 4553 3457 4613 intrin-

1906 4663 2038 4705 sece
2084 4642 2336 4718 malam,
2382 4660 2639 4702 usuram
2670 4661 2800 4703 esse
2836 4643 3157 4722 injustam,
3206 4646 3460 4707 menda-

1909 4739 2075 4798 cium
2099 4753 2421 4815 nunquam
2443 4753 2617 4815 posse
2641 4734 2978 4812 honestari,
3011 4744 3071 4798 et
3099 4739 3345 4800 similia.
3373 4741 3459 4801 De

1908 4829 2006 4890 his
2030 4846 2177 4906 ergo
2210 4827 2497 4887 omnibus
2533 4827 2901 4905 intelligitur
2933 4831 3185 4889 assertio
3216 4831 3453 4909 posita:

1905 4940 2055 4982 nam
2076 4921 2283 4980 omnia
2302 4921 2431 4981 heec
2445 4919 2521 4979 ad
2535 4919 2739 4996 legem
2757 4922 3101 4982 naturalem
3120 4924 3455 5001 pertinent;

1906 5013 2070 5093 quod
2094 5014 2146 5073 si
2163 5015 2226 5074 id
2245 5013 2574 5092 probatum
2594 5011 2801 5085 fuerit,
2820 5013 3007 5072 etiam
3026 5014 3101 5072 de
3125 5014 3461 5076 conclusio-

1908 5108 2116 5181 nibuS,
2171 5106 2611 5183 cujuscumque
2660 5104 2909 5181 graduS,
2954 5105 3288 5166 dummodo
3338 5109 3463 5168 evi-

1908 5199 2133 5260 dentiae
2179 5197 2442 5275 gradum
2479 5201 2716 5255 certum
2762 5196 3096 5274 attingant,
3139 5217 3177 5260 a
3222 5199 3464 5259 fortiori

1912 5291 2032 5351 erit
2059 5288 2389 5367 probatum
2417 5285 2493 5346 de
2521 5286 2792 5364 reliquis,

1994 5383 2055 5441 6.
2101 5380 2402 5440 Probatur
2442 5396 2589 5457 ergo
2623 5379 2826 5456 primo
2866 5379 3222 5443 inductione
3263 5404 3277 5442 :
3319 5401 3468 5443 nam

1914 5478 2222 5554 praecepta
2247 5472 2532 5551 Decalogi
2560 5476 2707 5534 sunt
2738 5472 2814 5534 de
2838 5473 2975 5552 jure
2997 5482 3257 5551 naturae,
3282 5480 3353 5535 ut
3379 5489 3471 5537 est

3029 5579 3067 5636 8
3158 5587 3178 5605 .
