3976 6219
427 414 550 477 332

423 540 556 585 non
586 518 792 581 solum
823 514 1114 580 habuisse
1161 515 1372 579 locum
1417 517 1488 580 in
1529 517 1630 579 his
1675 516 1991 597 gentibus,

425 632 566 697 quae
617 612 804 673 falsos
833 610 982 672 deos
1011 610 1321 689 colebant,
1373 612 1452 674 de
1491 611 1718 693 quibus
1761 612 1995 672 mirum

423 726 554 770 non
585 710 681 767 est
699 704 866 785 quod
903 704 1142 765 cultum
1179 706 1289 767 Dei
1328 704 1690 767 ordinarent
1719 705 1798 766 ad
1825 721 1994 765 com-

425 801 682 863 modum
727 798 1101 875 humanum,
1138 798 1246 861 sed
1297 800 1490 861 etiam
1537 798 1604 859 in
1651 797 1996 859 colentibus

425 914 646 960 verum
671 896 868 957 Deum
896 893 1028 955 solo
1053 892 1296 956 lumine
1325 894 1630 956 naturali:
1649 894 1812 968 Quia
1837 892 2001 953 illud

429 988 675 1070 (inquit)
689 1006 807 1049 non
828 992 918 1050 est
933 988 1254 1051 intrinsece
1271 988 1522 1064 malum,
1534 989 1682 1069 quia
1693 1004 1812 1049 non
1829 986 1997 1047 Deus

425 1084 578 1164 ipse,
598 1082 704 1146 sed
720 1082 920 1144 cultus
935 1082 1054 1145 Dei
1075 1082 1398 1144 ordinatior
1416 1082 1502 1144 ad
1512 1098 1722 1161 pacem
1743 1085 1800 1143 et
1823 1078 1997 1141 unio-

424 1197 558 1243 nem
594 1178 902 1240 hominum
945 1175 1108 1238 inter
1144 1193 1229 1250 se,
1262 1176 1422 1255 quod
1455 1193 1574 1237 non
1611 1178 1700 1237 est
1732 1173 1991 1248 malum,

428 1272 672 1336 etiamsi
710 1288 828 1332 non
859 1268 946 1331 sit
979 1270 1334 1347 perfectum.
1369 1266 1571 1344 Unde,
1614 1266 1764 1347 quia
1803 1266 1996 1327 homo

428 1365 496 1426 in
519 1381 678 1445 pura
711 1368 960 1436 natura,
994 1360 1095 1422 vel
1133 1360 1411 1422 absolute
1463 1378 1594 1422 non
1617 1364 1843 1440 potest,
1892 1356 1997 1420 vel

427 1456 678 1519 difficile
725 1459 932 1536 potest
969 1453 1228 1531 diligere
1276 1458 1340 1514 et
1376 1452 1578 1514 colere
1623 1453 1820 1513 Deum
1848 1470 1995 1531 per-

425 1551 584 1613 fecte
609 1553 864 1629 propter
910 1546 1205 1624 seipsum,
1253 1544 1395 1606 ideo
1440 1550 1710 1626 potestas
1753 1544 1885 1605 haec
1925 1546 1995 1605 in

424 1662 585 1724 pura
609 1648 835 1703 natura
857 1637 1242 1700 considerata
1263 1656 1508 1717 semper
1538 1638 1797 1699 haberet
1819 1636 1995 1697 illam

427 1735 958 1817 imperfectionem
986 1730 1386 1813 adjunctam3
1413 1736 1735 1812 propterea
1781 1732 1850 1792 in
1894 1750 1995 1791 su-

425 1848 644 1912 premo
671 1828 1038 1907 magistratu
1067 1844 1194 1886 non
1223 1830 1384 1887 esset
1407 1832 1690 1905 separata
1714 1842 1755 1885 a
1798 1824 1993 1901 civili,

428 1922 770 1996 moraliter,
802 1938 912 1981 seu
946 1919 1316 1998 regulariter
1336 1917 1670 1998 loquendo.

510 2019 572 2077 5.
594 2012 926 2095 Loquendo
947 2018 1157 2074 autem
1176 2013 1254 2074 de
1267 2012 1405 2091 lege
1423 2017 1664 2073 naturae
1685 2010 1755 2072 in
1776 2010 1997 2074 ordine

426 2111 664 2192 gratiae,
703 2112 1152 2187 consequenter
1181 2104 1518 2167 dicendum
1553 2105 1798 2166 videtur
1837 2123 1999 2167 sem·

426 2223 539 2286 per
568 2201 855 2263 habuisse
895 2200 1288 2279 conjunctam
1322 2203 1691 2279 potestatem
1719 2197 1997 2278 aliquam

425 2293 892 2368 sacerdotalem,
913 2292 982 2352 in
1005 2310 1068 2353 se
1089 2292 1342 2372 quidem
1368 2292 1903 2372 supernaturalem
1932 2297 1997 2354 et

425 2388 832 2469 spiritualem,
863 2385 1325 2447 connaturalem
1357 2391 1564 2447 autem
1593 2384 1710 2465 ipsi
1751 2386 1986 2464 gratiae.

425 2484 520 2545 Ita
545 2480 734 2543 sentit
753 2479 982 2539 Victor.
1013 2495 1223 2556 supra,
1245 2482 1308 2537 et
1333 2476 1634 2556 probatur
1663 2476 1995 2541 efficaciter

425 2576 667 2639 ratione
703 2572 1030 2634 dubitandi
1055 2571 1124 2631 in
1151 2571 1454 2650 principio
1486 2572 1708 2650 posita.
1739 2572 1892 2633 Item
1916 2590 1993 2634 ex

427 2667 824 2751 proportione
860 2666 1028 2726 inter
1054 2668 1345 2725 naturam
1383 2664 1549 2725 nude
1577 2671 1886 2745 sumptam
1913 2665 1995 2725 ad

425 2760 773 2823 naturalem
791 2758 984 2818 finem
1007 2761 1452 2835 comparatam,
1463 2762 1526 2817 et
1552 2763 1842 2818 naturam
1869 2758 1991 2821 ele-

426 2861 632 2916 vatam
653 2870 765 2930 per
781 2850 1045 2929 gratiam
1062 2847 1348 2909 collatam
1367 2867 1509 2910 cum
1538 2852 1993 2928 supernaturali

425 2944 827 3009 beatitudine.
847 2942 1121 3021 Denique
1148 2942 1298 3020 quia
1321 2942 1390 3001 in
1417 2942 1525 3002 illo
1553 2947 1718 3003 statu
1745 2950 1903 3004 esset
1924 2945 1993 3005 in

425 3036 869 3102 communitate
895 3034 1174 3095 humana
1213 3037 1481 3095 exterior
1520 3033 1666 3096 fidei
1693 3035 1993 3118 professio

425 3139 489 3195 et
511 3131 710 3194 cultus
728 3130 861 3205 Dei,
895 3134 963 3189 ut
991 3127 1477 3209 supernaturalis
1499 3127 1665 3206 finis,
1695 3148 1835 3209 quoe
1863 3150 1993 3194 non

426 3230 632 3288 essent
657 3222 1067 3285 determinata
1093 3239 1171 3284 ex
1203 3219 1333 3282 solo
1356 3221 1570 3282 divino
1591 3222 1757 3300 jure,
1793 3242 1993 3304 qima-

426 3325 564 3381 tum
594 3316 672 3378 ad
702 3317 984 3391 modum,
1013 3320 1279 3394 tempus,
1312 3321 1376 3376 et
1409 3313 1563 3375 alias
1589 3314 1994 3380 circumstan-

425 3412 583 3474 tias:
615 3407 1087 3472 determinanda
1118 3425 1268 3486 ergo
1291 3412 1469 3468 erant
1501 3407 1647 3486 jure
1673 3407 1987 3488 human03

425 3522 574 3583 ergo
605 3503 946 3564 necessaria
989 3505 1123 3561 erat
1158 3500 1228 3560 in
1266 3498 1535 3560 Ecclesia
1582 3505 1877 3578 potestas,
1930 3511 1995 3564 et

425 3596 826 3674 magistratus
869 3591 1310 3654 ecclesiasticus
1346 3590 1426 3652 ad
1463 3608 1652 3671 quem
1689 3593 1798 3655 illa
1845 3614 1995 3660 cura

426 3689 785 3769 pertineret.

509 3783 570 3842 6.
615 3778 773 3841 Hinc
801 3781 1010 3838 autem
1037 3775 1134 3852 fit,
1163 3775 1366 3857 quoad
1398 3775 1742 3857 subJectum
1768 3785 1832 3841 et
1861 3799 1996 3842 mo-

425 3874 576 3935 dum
603 3869 923 3952 potestatis
943 3869 1034 3929 ita
1059 3887 1186 3930 esse
1206 3869 1618 3948 judicandum
1651 3871 1727 3933 de
1755 3871 1864 3934 illa
1885 3892 1996 3954 po-

426 3971 668 4041 testate,
694 3963 855 4024 sicut
875 3961 952 4023 de
971 3961 1094 4023 alia
1113 3961 1384 4023 naturali
1411 3980 1552 4023 cum
1569 3967 1988 4044 proportione.

427 4059 656 4122 Habuit
697 4057 866 4120 enim
895 4056 1200 4134 originem
1241 4074 1280 4118 a
1310 4057 1434 4118 Deo
1459 4063 1710 4119 auctore
1747 4061 1988 4140 gratiae,

425 4171 553 4215 non
587 4158 800 4215 tamen
839 4167 952 4231 per
979 4149 1327 4211 distinctam
1356 4149 1753 4214 donationem
1787 4156 1879 4232 (ut
1905 4156 1993 4217 sic

424 4245 650 4324 dicam)
681 4243 781 4306 vel
807 4241 1273 4320 revelationem,
1313 4244 1423 4305 sed
1446 4245 1654 4306 media
1681 4245 1993 4310 infusione

423 4338 617 4418 ipsius
640 4335 898 4398 luminis
923 4337 1429 4415 supernaturalia,
1475 4342 1538 4398 et
1563 4344 1868 4417 quatenus
1913 4359 1994 4402 ex

424 4431 534 4493 illo
565 4428 1114 4510 supernaturaliter
1153 4429 1456 4508 sequitur,
1499 4429 1632 4490 sine
1670 4429 1794 4492 alia
1831 4435 1995 4512 posi·

423 4523 552 4584 tiva
577 4519 1114 4584 determinatione.
1141 4520 1407 4601 Ideoque
1434 4539 1546 4601 per
1573 4539 1638 4583 se
1666 4522 1872 4604 primo
1898 4533 1992 4589 ta.

421 4614 500 4678 lis
532 4619 798 4696 potestas
833 4619 992 4676 esset
1028 4612 1098 4675 in
1123 4616 1571 4676 communitate
1601 4616 1898 4696 perfecta,
1925 4628 1990 4683 et

355 4785 364 4792 .
422 4726 535 4789 per
551 4707 723 4770 illam
747 4708 927 4788 juxta
953 4706 1304 4784 arbitrium,
1324 4707 1426 4770 vel
1451 4707 1848 4772 traditionem
1869 4713 1987 4774 hu-

423 4818 678 4862 manam
727 4799 1130 4862 collocaretur
1171 4798 1240 4859 in
1283 4799 1494 4881 aliqua
1549 4821 1834 4883 persona,
1887 4807 1988 4869 vel

423 4893 900 4973 congregatione
921 4890 1219 4972 plurium,
1246 4911 1358 4973 per
1378 4910 1568 4974 quam
1594 4895 1990 4962 administra·

423 4991 617 5047 retur.
668 4985 882 5048 Solum
923 4990 1201 5065 superest
1239 4984 1310 5046 in
1349 4985 1468 5048 hoc
1509 4986 1987 5070 advertendum,

423 5078 754 5140 Ecclesiam
788 5077 859 5140 in
893 5075 1003 5139 illo
1025 5081 1191 5138 statu
1221 5095 1349 5139 non
1375 5078 1664 5142 habuisse
1687 5087 1824 5143 tum
1852 5101 1992 5164 per-

421 5169 649 5232 fectam
695 5171 1026 5247 unitatem,
1071 5187 1263 5251 quam
1306 5189 1474 5233 nunc
1517 5190 1630 5253 per
1679 5173 1988 5238 Christum

423 5262 642 5339 habet3
673 5263 874 5325 solum
905 5265 1075 5326 enim
1100 5264 1371 5326 habebat
1395 5266 1700 5330 unitatem
1726 5267 1893 5347 fidei,
1924 5274 1990 5332 et

421 5355 804 5418 habitudinis
817 5355 896 5418 ad
917 5356 1206 5419 eumdem
1232 5357 1424 5420 finem
1453 5363 1987 5442 supernaturalem

424 5454 489 5512 et
519 5449 810 5512 eumdem
833 5449 1238 5513 mediatorem
1262 5451 1596 5531 Christum,
1626 5471 1754 5517 non
1777 5461 1988 5518 tamen

421 5541 693 5608 habebat
733 5541 1040 5606 unitatem
1082 5544 1482 5625 subjectionis
1521 5552 1585 5610 et
1623 5549 1990 5614 obedienfiae

1429 416 1548 473 Lm.
1582 416 1667 471 tv.
1701 416 1786 470 nt
1815 416 1978 470 maz
2008 414 2298 469 Posmva
2328 412 2653 469 canemus.

2072 516 2153 578 ad
2180 534 2379 578 unum
2416 520 2605 595 caput
2634 515 2702 576 in
2740 513 2942 589 terris,
2989 532 3105 576 nec
3144 514 3483 576 necessario
3526 514 3640 575 ha-

2072 610 2259 672 bebat
2286 609 2783 671 conformitatem
2812 609 2879 670 in
2906 608 3180 671 externis
3212 608 3404 685 signis
3426 626 3643 669 sacra-

2072 703 2295 780 menti,
2323 708 2435 763 aut
2474 702 2779 779 sacrificii,
2810 706 2921 763 aut
2952 702 3217 763 aliarum
3244 701 3643 761 caeremonia-

2072 814 2255 859 rum:
2292 794 2461 857 unde
2490 796 2563 857 fit
2584 800 2657 856 ut
2682 794 2815 857 haec
2840 800 3109 875 potestas
3124 813 3255 856 non
3280 794 3466 855 fuerit
3484 800 3645 855 tunc

2072 908 2223 966 una,
2270 894 2335 951 et
2363 890 2580 952 eadem
2614 906 2904 964 numero,
2934 906 3007 949 ac
3046 906 3335 973 suprema
3360 906 3473 968 pro
3504 893 3645 949 tota

2074 982 2363 1059 Ecclesia,
2397 982 2506 1045 sed
2528 982 2596 1044 in
2635 998 3007 1061 unaquaque
3028 980 3343 1063 republica
3367 980 3643 1060 perfecta

2074 1080 2139 1137 et
2164 1076 2341 1137 totali
2370 1081 2613 1156 poterat
2640 1092 2773 1137 esse
2800 1092 3087 1154 suprema
3112 1079 3380 1155 potestas
3413 1072 3484 1134 in
3516 1072 3643 1134 hoc

2074 1169 2315 1245 ordine,
2359 1170 2517 1231 sicut
2554 1174 2689 1232 erat
2728 1186 3017 1248 suprema
3060 1166 3280 1244 civilis,
3327 1166 3475 1247 quia
3516 1166 3643 1227 hoc

2072 1269 2279 1325 totum
2304 1264 2614 1343 pendebat
2640 1282 2715 1325 ex
2742 1262 3256 1323 determinatione
3280 1260 3639 1338 hominum,

2076 1363 2140 1419 et
2165 1356 2305 1419 ideo
2334 1376 2723 1439 unaquaeque
2756 1357 3167 1418 communitas
3200 1354 3280 1416 ab
3312 1354 3436 1415 alia
3464 1354 3641 1415 inde-

2072 1450 2351 1531 pendens
2390 1451 2461 1512 in
2500 1451 2877 1531 subjectione
2922 1448 3113 1525 civili,
3164 1449 3355 1509 etiam
3406 1448 3477 1508 in
3518 1445 3643 1507 hac

2072 1544 2451 1623 subjectione
2494 1551 2649 1606 esset
2687 1542 3129 1624 independens,
3178 1559 3537 1621 quanquam
3584 1541 3643 1601 si

2072 1637 2357 1698 homines
2383 1637 2637 1713 vellent,
2680 1641 2929 1717 possent
2972 1636 3094 1698 alio
3127 1636 3311 1696 modo
3356 1634 3641 1695 conferre

2074 1730 2239 1791 hanc
2265 1736 2657 1810 potestatem,
2694 1749 2802 1792 seu
2836 1729 3271 1806 determinare,
3300 1729 3377 1789 de
3411 1746 3538 1807 qua
3570 1746 3639 1790 re

2074 1822 2379 1885 nonnulla
2400 1825 2580 1904 attigi
2606 1824 2673 1883 in
2698 1826 2727 1883 1
2756 1828 2907 1884 tom.
2944 1825 2981 1884 3
3010 1822 3225 1903 partis,
3255 1820 3412 1900 disp.
3449 1823 3551 1881 47.

2154 1918 2216 1977 7.
2240 1918 2529 1996 Superest
2547 1915 2879 1977 dicendum
2904 1915 2980 1976 de
3008 1930 3285 1994 tempore
3303 1914 3459 1993 legis
3481 1913 3639 1973 scri-

2075 2014 2220 2089 ptae,
2252 2009 2329 2071 de
2351 2026 2474 2089 quo
2488 2016 2722 2069 certum
2742 2014 2837 2069 est
2862 2008 3049 2069 fuisse
3075 2025 3114 2067 a
3132 2008 3254 2068 Deo
3281 2007 3637 2068 institutum

2073 2101 2385 2183 peculiare
2426 2102 2839 2164 sacerdotium
2866 2101 3231 2162 distinctum
3258 2119 3297 2162 a
3330 2099 3637 2177 dignitate

2074 2194 2297 2275 regali,
2322 2202 2386 2257 et
2410 2195 2491 2258 ab
2528 2195 2637 2256 illo
2664 2194 3003 2256 sacerdotio
3032 2194 3195 2275 quod
3232 2198 3368 2255 erat
3403 2193 3470 2253 in
3497 2192 3637 2273 lege

2074 2294 2337 2365 naturae,
2384 2295 2455 2350 ut
2480 2295 2720 2351 constat
2746 2280 2821 2351 ex
2848 2288 2956 2350 lib.
2997 2287 3275 2364 Levitici,
3315 2291 3377 2346 et
3403 2304 3480 2347 ex
3504 2292 3640 2347 tota

2074 2382 2327 2461 Epistol.
2360 2383 2537 2444 Pauli
2581 2383 2658 2445 ad
2706 2383 3014 2445 Hebraeos.
3062 2382 3427 2460 Quanquam
3476 2380 3637 2440 illud

2074 2474 2488 2536 sacerdotium
2528 2494 2656 2537 non
2692 2481 2826 2537 erat
2852 2473 3197 2536 universale
3225 2492 3337 2555 pro
3362 2479 3494 2534 tota
3520 2474 3637 2533 Ec-

2073 2568 2281 2644 clesia,
2306 2588 2447 2650 quae
2472 2580 2622 2631 tunc
2654 2588 2783 2630 esse
2822 2574 3063 2649 poterat
3101 2568 3168 2629 in
3202 2568 3237 2629 J
3241 2567 3429 2628 udoeis
3468 2572 3532 2627 et
3566 2568 3637 2627 in

2074 2662 2386 2741 gentihus,
2408 2664 2512 2724 sed
2560 2663 2760 2724 solum
2791 2680 2903 2743 pro
2942 2680 3280 2741 synagoga.
3326 2659 3633 2735 Secundo,

2072 2762 2167 2818 est
2206 2764 2445 2819 certum
2489 2756 2856 2837 pertinuisse
2901 2756 2978 2818 ad
3022 2757 3175 2817 illud
3220 2755 3635 2817 sacerdotium

2072 2856 2437 2929 potestatem
2478 2849 2889 2929 gubernandi,
2930 2855 2992 2911 et
3032 2848 3338 2928 dirigendi
3383 2867 3456 2910 ea
3496 2868 3637 2929 quse

2073 2944 2466 3025 pertinebant
2492 2943 2571 3004 ad
2597 2962 2697 3004 res
2718 2961 2942 3018 sacras,
2966 2942 3127 3004 etad
3155 2941 3636 3003 declarationem

2073 3035 2405 3098 dubiorum
2438 3036 2899 3097 occurrentium
2937 3036 3101 3097 circa
3127 3035 3353 3115 legem,
3384 3041 3447 3096 et
3473 3035 3638 3097 circa

2068 3131 2301 3210 judicia
2323 3148 2689 3192 causarum:
2726 3131 2813 3191 sic
2851 3129 3018 3191 enim
3053 3129 3225 3190 Deut.
3262 3131 3335 3189 17
3368 3129 3633 3192 dicitur:

2078 3225 2196 3299 Qui
2221 3225 2581 3304 superbierit
2602 3223 2807 3287 nolens
2832 3224 3060 3286 obedire
3086 3224 3409 3285 sacerdotis
3439 3224 3636 3302 impe-

2072 3317 2192 3392 rio,
2224 3319 2543 3380 moriatwr.
2586 3315 2862 3377 Habebat
2882 3334 3029 3395 ergo
3053 3315 3339 3376 Pontifex
3366 3321 3636 3395 potesta-

2071 3416 2202 3472 tem
2228 3409 2543 3488 obligandi
2562 3410 2824 3490 imperio
2846 3427 2979 3486 suo,
3009 3409 3163 3469 alias
3190 3426 3317 3468 non
3344 3411 3627 3488 impone-

2071 3509 2244 3564 retur
2282 3508 2411 3563 tam
2456 3504 2664 3582 gravis
2706 3521 2889 3582 poena
2928 3501 3472 3581 transgressoribus
3498 3521 3629 3562 non

2072 3593 2502 3656 obedientibus
2518 3611 2533 3654 ε
2549 3601 2611 3656 et
2630 3595 2770 3655 ideo
2788 3593 3031 3655 dicebat
3048 3594 3319 3655 Christus
3332 3596 3503 3655 Matt.
3524 3597 3630 3656 23:

2076 3687 2135 3752 S
2134 3706 2282 3767 uper
2292 3689 2632 3751 cathedram
2641 3690 2717 3750 M
2716 3690 2849 3768 oysi
2859 3689 3132 3750 sedarunt
3143 3687 3198 3750 S
3200 3688 3383 3749 oriboe
3399 3693 3455 3750 et
3466 3687 3637 3750 Plea-

2072 3781 2271 3853 dsoei,
2326 3799 2702 3862 quercumque
2745 3781 3014 3843 dixerint
3062 3779 3251 3855 vobis,
3298 3785 3530 3842 servate
3580 3785 3639 3842 ot

2072 3875 2282 3951 facite.

2155 3966 2216 4027 8.
2260 3965 2674 4028 Nihilominus
2704 3965 2973 4027 dubitari
3000 3970 3202 4046 potest
3232 3982 3314 4025 an
3346 3964 3636 4026 Pontifex

2070 4065 2221 4120 tunc
2256 4059 2545 4120 hahuerit
2583 4065 2946 4141 potestatem
2995 4058 3438 4137 legislativam5
3484 4077 3633 4120 nam

2071 4157 2237 4215 recte
2264 4171 2393 4215 esse
2417 4159 2657 4232 poterat
2677 4153 3025 4232 jurisdictio
3052 4152 3127 4213 ad
3158 4151 3634 4230 gubernandum

2070 4245 2396 4326 templum,
2439 4251 2503 4306 et
2538 4244 2948 4325 judicandum
2983 4245 3059 4307 de
3090 4245 3188 4305 his
3227 4262 3366 4324 quae
3400 4253 3634 4326 specta-

2072 4338 2226 4400 bant
2242 4338 2317 4399 ad
2337 4337 2827 4400 observationem
2847 4339 3002 4419 legis
3022 4338 3154 4413 Dei,
3175 4338 3308 4399 sine
3333 4344 3633 4418 potestate

2074 4431 2436 4511 imponendi
2460 4448 2651 4492 novas
2680 4430 2871 4510 leges,
2903 4436 3041 4512 quse
3067 4429 3176 4492 illo
3205 4437 3480 4512 tempore
3504 4450 3634 4494 non

2072 4524 2363 4586 videntur
2402 4524 2557 4586 adeo
2585 4524 2941 4586 necessariae
2976 4523 3207 4602 fuisse3
3250 4524 3396 4604 quia
3423 4526 3635 4587 omnia

2070 4617 2445 4698 pertinentia
2482 4617 2562 4679 ad
2597 4623 3004 4693 sacramenta,
3032 4615 3327 4679 sacrificia
3352 4623 3416 4678 et
3440 4635 3634 4681 caere-

2068 4709 2310 4770 monias
2339 4708 2486 4770 satis
2509 4709 2579 4769 in
2614 4709 2975 4790 particulari
3002 4715 3179 4770 erant
3219 4709 3633 4772 determinata

2068 4820 2180 4882 per
2210 4808 2517 4882 praecepta
2548 4802 2788 4879 divina,
2835 4819 2973 4882 quae
3022 4807 3148 4863 tam
3184 4801 3389 4862 multa
3425 4807 3626 4878 erant,

2068 4900 2140 4956 ut
2164 4895 2580 4956 necessarium
2602 4912 2729 4956 non
2756 4900 2917 4956 esset
2940 4893 3063 4956 alia
3089 4894 3390 4974 adjicere3
3411 4899 3475 4955 et
3492 4893 3632 4956 ideo

2068 4986 2318 5050 videtur
2342 4986 2461 5048 hoc
2504 4987 2689 5049 fuisse
2723 4987 3104 5068 prohibitum
3132 4988 3306 5049 Deut.
3352 4988 3395 5048 4
3424 4992 3487 5048 et
3526 4989 3627 5064 12,

2068 5080 2177 5142 ubi
2234 5081 2512 5160 rigorose
2556 5079 2941 5162 prohibitum
2989 5086 3084 5142 est
3126 5079 3362 5161 aliquid
3404 5079 3631 5144 addere

2069 5172 2169 5235 vel
2196 5174 2478 5235 minuere
2500 5173 2579 5235 de
2605 5174 2701 5235 his
2726 5191 2863 5254 quae
2894 5179 3197 5254 praecepta
3230 5179 3431 5236 erant.
3454 5173 3631 5235 Unde

2067 5267 2288 5330 Matth.
2314 5269 2393 5330 15
2411 5267 2657 5330 videtur
2682 5267 2957 5330 Christus
2978 5268 3275 5330 Dominus
3298 5267 3634 5349 reprehen-

2068 5360 2215 5423 dere
2245 5359 2609 5423 traditiones
2641 5361 2981 5439 seniorum,
3018 5380 3170 5444 quas
3204 5361 3488 5424 videlicet
3512 5359 3633 5441 ipsi

2068 5453 2434 5516 addiderant
2454 5459 2753 5536 tanquam
2780 5473 2976 5517 novas
2996 5455 3184 5535 leges.
3222 5453 3397 5530 Quod
3423 5454 3513 5514 ita
3539 5453 3633 5513 vi-

2068 5548 2250 5612 detur
2292 5566 2601 5631 exponere
2628 5549 2847 5633 Chrys.
2876 5549 2966 5614 ibi
3004 5551 3174 5614 hom.
3212 5551 3314 5627 52,
3358 5548 3631 5612 sentiens
