3976 6219
841 388 977 440 CAP.
1012 389 1140 441 XIV.
1176 388 1257 441 DE
1288 387 1649 441 POTESTATE
1679 387 2064 440 NECESSARIA
2102 387 2185 440 11¹1·
2218 388 2711 454 LEXTRIBOEOE,
2746 390 2882 443 ETC.

243 494 498 571 spectat,
515 491 752 549 certum
766 491 857 546 est
873 486 1282 546 necessariam
1300 502 1428 546 esse
1441 489 1805 564 potestatem

243 584 322 644 ad
341 578 790 662 imponendum
812 576 1114 638 tributum
1135 578 1205 638 in
1222 594 1295 637 eo
1317 576 1424 656 qui
1446 575 1804 656 hujusmodi

244 674 449 753 legem
485 671 723 745 statuit,
752 668 982 748 alioqui
1022 687 1151 731 non
1185 670 1303 730 erit
1332 670 1526 748 justa,
1566 670 1673 730 sed
1707 675 1804 747 ty-

243 766 522 828 rannica.
561 761 879 824 Conclusio
924 767 1015 822 est
1058 762 1244 833 clara,
1291 762 1440 842 quia
1485 761 1594 822 ubi
1638 762 1809 823 deest

245 863 535 939 potestas,
562 860 734 917 actus
760 871 889 914 non
914 859 1115 934 potest
1136 872 1263 915 esse
1290 855 1552 930 validus,
1576 855 1807 916 nedum

236 953 466 1030 justus.
511 949 667 1009 Item
703 946 850 1025 quia
885 946 1166 1025 superior
1191 965 1319 1008 non
1359 952 1559 1027 potest
1597 947 1810 1026 praeci-

245 1061 414 1123 pere,
453 1058 567 1102 nec
593 1038 848 1100 inferior
876 1043 1124 1100 tenetur
1161 1039 1450 1103 obedire:
1480 1038 1613 1100 haec
1641 1039 1811 1100 enim

245 1133 611 1196 correlative
638 1136 813 1208 sunt3
835 1129 1126 1210 denique,
1147 1132 1296 1210 quia
1317 1131 1521 1211 prima
1543 1130 1812 1192 conditio

245 1226 591 1289 necessaria
633 1224 712 1284 ad
738 1223 1048 1302 justitiam
1087 1222 1241 1303 legis
1286 1230 1379 1285 est
1418 1228 1684 1304 potestas
1721 1223 1813 1285 fe-

245 1319 426 1381 rendi
463 1317 658 1393 illam,
690 1321 760 1376 ut
796 1332 980 1396 supra
1012 1314 1217 1377 visum
1243 1322 1376 1378 est:
1416 1333 1563 1394 ergo
1596 1315 1811 1377 eadem

247 1410 583 1491 requiritur
611 1426 756 1470 cum
777 1408 1174 1488 proportione
1204 1409 1273 1469 in
1291 1409 1426 1488 lege
1453 1408 1812 1488 imponente

249 1504 574 1566 tributum.
596 1502 727 1562 Imo
748 1501 850 1562 hic
877 1500 1395 1563 considerandum
1417 1506 1510 1562 est
1532 1518 1661 1562 non
1680 1518 1812 1561 om-

250 1613 398 1656 nem
442 1598 808 1674 potestatem
853 1610 993 1672 quae
1036 1592 1264 1656 sufficit
1301 1594 1382 1655 ad
1427 1591 1814 1653 condendam

248 1688 452 1766 legem
473 1687 540 1747 in
560 1686 700 1747 aliis
719 1686 1017 1761 materiiS,
1037 1685 1312 1749 sufficere
1334 1686 1412 1746 ad
1438 1685 1815 1765 imponenda

250 1780 519 1856 tributa3
555 1796 705 1840 nam
745 1777 911 1856 leges
951 1784 1153 1857 potest
1194 1778 1511 1841 interdum
1550 1778 1815 1841 condere

250 1871 532 1950 princeps
558 1888 686 1931 non
711 1887 1059 1949 supremus,
1084 1875 1195 1931 aut
1214 1872 1447 1947 civitas,
1471 1876 1580 1932 aut
1606 1872 1813 1949 magi-

252 1968 476 2023 stratus
507 1963 691 2041 juxta
731 1962 831 2023 sui
872 1963 1146 2024 muneris
1182 1964 1633 2026 institutionem
1644 1981 1666 2042 3
1701 1964 1805 2025 tri·

250 2056 474 2116 butum
495 2061 707 2117 autem
728 2054 1048 2134 imponere
1065 2072 1194 2117 non
1215 2062 1435 2137 potest,
1462 2056 1581 2117 nisi
1603 2073 1813 2135 supre-

252 2164 390 2206 mus
414 2145 698 2226 princeps
722 2164 850 2206 non
874 2165 1312 2228 recognoscens
1342 2149 1723 2229 superiorem
1744 2148 1814 2209 in

251 2256 359 2300 suo
400 2237 649 2315 ordine,
680 2244 751 2299 ut
786 2257 863 2300 ex
903 2240 1177 2314 dicendis
1215 2241 1517 2304 constabit
1526 2257 1549 2319 3
1580 2246 1643 2303 et
1671 2241 1814 2311 ideo

251 2330 596 2412 specialiter
634 2331 975 2411 requiritur
1002 2333 1133 2394 baec
1172 2335 1438 2396 conditio
1477 2334 1546 2394 in
1564 2333 1814 2413 ‚legibus

253 2426 649 2502 tributorum,
687 2430 910 2505 praeter
947 2426 1367 2491 conditionem
1400 2427 1687 2489 omuibus
1726 2428 1813 2490 le-

253 2518 434 2597 gibus
461 2517 835 2598 generalem.

331 2612 393 2670 2.
441 2610 764 2673 Tributum
794 2627 913 2673 mm
933 2614 1125 2690 potest
1158 2609 1458 2691 imponere
1479 2611 1609 2675 nisi
1633 2612 1814 2693 prin-

253 2721 384 2784 ceps
413 2720 724 2783 supremae
761 2719 881 2766 non
911 2720 1324 2784 rwoqnoeeem
1352 2706 1720 2785 cupae-iorem
1745 2705 1815 2768 in

254 2814 359 2860 suo
381 2796 917 2859 ordina—Statim
933 2813 1080 2856 vero
1098 2796 1361 2857 occurrit
1372 2797 1815 2876 inquirendum

256 2889 513 2969 quinam
534 2887 805 2949 habeant
820 2889 889 2949 in
910 2887 1225 2968 republica
1241 2888 1405 2950 hanc
1426 2895 1811 2968 potestatem.

257 2981 638 3061 Respondeo,
680 2980 842 3061 quod
870 2981 1094 3042 attinet
1119 2981 1199 3041 ad
1230 2980 1397 3060 leges
1431 2981 1658 3058 civiles,
1690 2983 1818 3062 pri-

257 3091 434 3135 mum
460 3074 742 3135 omnium
776 3090 908 3136 esse
932 3072 1095 3135 hanc
1127 3078 1490 3153 potestatem
1525 3073 1595 3135 in
1621 3072 1818 3154 impe-

257 3172 482 3243 ratore,
528 3168 572 3229 l.
617 3170 650 3228 1
698 3176 762 3229 et
805 3170 868 3244 2,
899 3168 966 3230 C.
1010 3167 1182 3228 Nova
1215 3166 1542 3246 vectigalia
1576 3166 1820 3229 institui

258 3281 385 3323 non
416 3280 621 3344 posse,
653 3262 762 3324 ubi
792 3263 863 3323 in
894 3261 1032 3341 lege
1062 3261 1330 3323 secunda
1359 3261 1631 3338 additur,
1671 3262 1819 3323 civi·

259 3362 413 3417 tates
460 3373 587 3416 non
633 3354 862 3417 babere
905 3355 1069 3416 banc
1117 3358 1505 3434 potestatem,
1551 3359 1615 3416 et
1653 3354 1820 3416 idem

259 3448 523 3510 habetur
547 3449 615 3509 in
633 3448 678 3508 l.
699 3447 1045 3528 veetiyalia,
1076 3445 1147 3508 ff.
1164 3446 1241 3508 de
1258 3445 1568 3526 publicati.
1600 3450 1665 3508 et
1682 3463 1820 3508 vec—

258 3541 430 3620 tigal.
475 3539 957 3619 Intelligendum
1000 3544 1210 3600 autem
1255 3544 1347 3600 est
1390 3557 1558 3600 nunc
1595 3538 1821 3601 durare

261 3633 422 3694 hanc
441 3639 805 3713 potestatem
821 3633 890 3693 in
907 3634 1278 3713 imperatore
1290 3633 1360 3693 in
1376 3632 1555 3694 terris
1570 3631 1819 3713 imperii

262 3727 330 3787 in
365 3726 590 3807 quibus
630 3742 983 3806 supremam
1008 3731 1374 3806 potestatem
1408 3725 1661 3802 retinet,
1690 3742 1820 3786 non

262 3826 472 3881 tamen
492 3819 561 3880 in
587 3819 725 3881 aliis
751 3819 981 3898 regnis,
1008 3836 1119 3881 seu
1146 3818 1475 3900 provinciis
1499 3819 1569 3878 in
1599 3818 1821 3898 quibus

255 3914 390 3992 jam
419 3913 592 3975 illam
615 3913 858 3989 amisit,
881 3912 1063 3993 juxta
1094 3912 1259 3974 dicta
1298 3912 1366 3971 in
1402 3910 1564 3971 libro
1592 3903 1822 3990 praece-

262 4008 453 4070 denti.
493 4007 669 4069 Unde
712 4012 1154 4087 consequenter
1199 4005 1553 4068 addendum
1592 4011 1686 4066 est
1729 4023 1822 4067 se-

262 4101 462 4161 cundo
487 4100 651 4163 hanc
670 4105 1035 4181 potestatem
1058 4115 1190 4160 esse
1220 4098 1289 4158 in
1314 4098 1589 4176 regibus,
1617 4098 1727 4178 qui
1753 4098 1823 4159 in

262 4212 551 4274 suprema
596 4200 896 4275 potestate
935 4196 1394 4272 aequiparantur
1435 4191 1822 4270 imperatori-

262 4287 399 4362 bus,
425 4293 495 4347 ut
520 4304 707 4366 supra
730 4285 968 4346 dictum
995 4289 1110 4359 est,
1139 4290 1201 4345 et
1226 4284 1317 4345 ita
1347 4283 1611 4344 habetur
1633 4283 1823 4344 etiam

263 4380 331 4439 in
358 4378 597 4458 legibus
623 4378 849 4439 borum
880 4393 1242 4456 regnorum,
1273 4383 1337 4438 et
1362 4382 1696 4455 utrumque
1731 4375 1825 4436 di-

263 4474 421 4534 citur
444 4473 514 4533 in
536 4489 669 4552 cap.
690 4473 896 4551 Super
921 4472 1298 4552 quibusdam,
1321 4469 1398 4532 de
1424 4470 1609 4534 Verb.
1637 4471 1827 4549 signi-

265 4566 455 4641 ficat„
479 4565 622 4628 licet
646 4566 949 4626 Hostiens.
975 4563 1065 4625 ibi
1090 4564 1155 4626 id
1181 4570 1392 4644 neget,
1420 4569 1485 4627 et
1516 4582 1628 4645 per
1647 4581 1825 4644 reges

264 4663 531 4741 exponat
554 4676 767 4739 regem
805 4659 1248 4734 Romanorum,
1279 4668 1493 4719 contra
1528 4658 1662 4720 vim
1687 4676 1825 4720 ver-

263 4753 508 4828 borum,
538 4758 602 4814 et
627 4758 841 4814 contra
865 4751 1165 4828 Glossam,
1191 4756 1254 4813 et
1282 4752 1419 4812 sine
1447 4750 1575 4812 ullo
1605 4750 1827 4812 funda-

266 4852 507 4922 ment03
531 4845 659 4906 imo
677 4845 933 4907 ulterius
952 4845 1198 4907 extendi
1216 4844 1336 4906 hoc
1357 4844 1542 4906 debet
1558 4844 1638 4905 ad
1653 4845 1826 4924 prin-

264 4939 449 5019 cipes,
473 4945 546 5000 ut
582 4939 844 5001 habetur
876 4938 946 4999 in
988 4955 1123 5019 cap.
1149 4938 1544 5014 Imovamue,
1570 4937 1649 4999 de
1674 4938 1826 4999 Cen-

266 5032 407 5107 sib.;
444 5037 506 5093 et
538 5032 725 5094 sentit
754 5031 913 5093 Glos.
944 5031 1057 5107 ibi,
1088 5032 1156 5091 in
1182 5032 1245 5093 d.
1286 5031 1331 5092 l.
1380 5031 1734 5110 Veetiyalia,
1766 5037 1829 5091 et

265 5125 333 5185 in
362 5143 498 5206 cap.
536 5126 620 5191 Si
647 5126 786 5206 quie
810 5125 1180 5205 Empetas,
1210 5126 1313 5201 24,
1359 5142 1423 5204 q.
1468 5125 1527 5185 3.
1561 5123 1828 5202 Intelligi

267 5224 476 5280 autem
493 5219 675 5281 debet
700 5218 778 5279 de
798 5218 898 5279 his
921 5217 1305 5299 principibus
1331 5217 1463 5297 qui,
1485 5216 1627 5279 licet
1651 5232 1829 5295 reges

265 5330 394 5373 non
422 5312 833 5393 appellantur,
856 5315 1070 5373 tamen
1094 5311 1329 5372 habent
1351 5325 1707 5390 supremam
1725 5310 1830 5387 ju-

264 5407 687 5468 risdictionem
711 5406 780 5467 in
803 5405 1265 5485 temporalibus.
1292 5405 1370 5466 Et
1393 5408 1480 5465 sie
1511 5409 1606 5466 est
1628 5402 1828 5464 facilis

264 5502 446 5579 ratio,
477 5501 627 5582 quia
659 5501 740 5562 ad
773 5500 1130 5581 ponendum
1160 5498 1465 5562 tributum
1500 5497 1704 5581 magis
1732 5501 1829 5560 at-

1881 482 2159 545 tenditur
2180 484 2525 564 jurisdictio
2553 505 2739 566 quam
2779 503 3035 563 nomen,
3068 487 3169 550 vel
3195 488 3320 550 alia
3361 491 3454 551 di-

1884 575 2139 653 gnitatis
2165 576 2436 637 conditio
2448 593 2468 654 3
2500 578 2675 654 item,
2706 580 2852 658 quia
2879 579 2947 640 hi
2976 579 3285 661 principes
3313 600 3453 662 pos-

1884 672 2031 728 sunt
2041 668 2309 730 indicere
2322 669 2580 747 bellum,
2598 676 2659 732 et
2667 671 3101 734 administrare
3113 675 3455 754 rempubli-

1887 778 2026 822 cam
2044 761 2529 841 independenter
2545 763 2625 825 ab
2643 764 2763 825 alio
2780 765 3082 845 superiori
3100 768 3426 847 temporali
3430 791 3448 843 ;

1887 851 1994 914 sed
2034 853 2114 914 ad
2153 853 2274 916 hoc
2319 861 2466 916 sunt
2512 858 2853 918 necessaria
2896 858 3149 919 tributa.
3199 859 3449 935 Quarto,

1887 962 2036 1006 vero
2054 945 2341 1008 addimus
2357 948 2624 1028 reliquos
2643 967 2857 1011 omnes
2875 951 2982 1030 qui
3004 953 3471 1030 recognoscunt

1891 1038 2268 1117 superiorem
2293 1040 2361 1100 in
2388 1041 2831 1121 temporalibus
2856 1060 2983 1104 non
3010 1060 3186 1124 posse
3221 1044 3455 1105 tributa

1890 1130 2232 1210 imponere,
2272 1138 2345 1193 ut
2370 1148 2449 1195 ex
2488 1133 2719 1195 eisdem
2750 1134 2990 1213 legibus
3030 1135 3361 1215 colligitur,
3393 1142 3456 1198 et

1891 1222 2116 1284 docent
2143 1224 2336 1301 Deci„
2366 1243 2536 1288 cons.
2576 1229 2718 1303 534,
2749 1232 2812 1289 et
2840 1228 3136 1290 Rebuffus
3164 1230 3232 1291 in
3269 1247 3454 1309 expo-

1892 1315 2114 1377 sitione
2142 1316 2336 1377 Bullae
2380 1318 2604 1394 Coenae,
2635 1325 2754 1381 art.
2794 1321 2832 1380 3
2843 1337 2864 1399 3
2895 1334 2958 1382 et
2996 1322 3156 1383 ratio
3195 1339 3327 1385 esse
3363 1323 3455 1383 vi-

1890 1405 2098 1483 detur,
2138 1407 2288 1488 quia
2330 1416 2597 1490 potestas
2638 1413 2877 1491 agentis
2919 1412 3102 1475 debet
3140 1430 3272 1476 esse
3314 1432 3454 1494 pro-

1890 1500 2240 1580 portionata
2288 1498 2435 1580 fini3
2491 1501 2635 1564 finis
2682 1510 2892 1566 autem
2934 1506 3311 1567 tributorum
3363 1511 3458 1567 est

1891 1609 2223 1654 commune
2253 1594 2488 1657 bonum
2528 1597 2904 1678 reipublicae,
2924 1605 2989 1660 et
3012 1600 3151 1661 ideo
3188 1605 3457 1680 potestas

1892 1685 2244 1765 imperandi
2269 1685 2376 1748 illa
2402 1689 2461 1750 ei
2488 1696 2733 1750 tantum
2762 1691 2906 1752 data
2934 1696 3049 1767 est,
3091 1692 3198 1771 qui
3237 1708 3457 1771 supre-

1891 1795 2062 1839 mam
2090 1795 2304 1839 curam
2325 1779 2514 1842 habet
2540 1782 2726 1843 totius
2743 1783 3119 1862 reipublicae.
3147 1785 3300 1844 Item
3326 1783 3457 1843 haec

1892 1875 2158 1950 potestas
2183 1887 2295 1950 per
2321 1890 2387 1934 se
2425 1874 2628 1954 primo
2668 1880 2730 1936 et
2762 1893 2837 1936 ex
2864 1881 3089 1936 natura
3112 1875 3204 1935 rei
3230 1880 3363 1935 erat
3389 1874 3456 1934 in

1891 1962 2239 2043 republica,
2285 1966 2453 2028 unde
2498 1967 2621 2029 illae
2665 1968 3023 2048 respublicas
3042 2013 3064 2043 ,
3112 1986 3249 2048 quae
3289 1986 3458 2029 nunc

1890 2061 2040 2116 sunt
2062 2073 2388 2136 supremae,
2407 2059 2580 2120 illam
2600 2065 2964 2140 potestatem
2985 2061 3053 2120 in
3072 2077 3137 2121 se
3158 2060 3450 2133 retinent,

1892 2148 2040 2228 quia
2066 2148 2231 2211 inter
2252 2166 2429 2229 reges
2466 2157 2528 2213 et
2552 2152 2858 2231 principes
2886 2157 3452 2214 connumerantur:

1892 2257 2044 2319 ergo
2064 2240 2173 2301 ubi
2191 2242 2536 2323 respublica
2554 2244 2869 2305 transtulit
2885 2262 3062 2304 suam
3087 2249 3455 2325 potestatem

1893 2333 1963 2394 in
1987 2335 2352 2417 principem,
2377 2336 2576 2399 solum
2597 2337 2915 2399 invenitur
2939 2339 3073 2400 haec
3097 2343 3366 2418 potestas
3387 2338 3456 2397 in

1892 2426 2003 2488 illo
2033 2428 2337 2511 principe,
2362 2432 2472 2512 qui
2493 2449 2848 2511 supremam
2872 2430 3227 2512 reipublicae
3256 2435 3458 2510 potes—

1896 2524 2092 2582 tatem
2119 2521 2330 2585 habet.

1973 2616 2033 2676 3.
2069 2616 2228 2684 Nisi
2266 2617 2354 2680 sit
2401 2633 2551 2697 opus
2579 2617 2661 2679 ad
2688 2616 3071 2696 spiritualem
3105 2617 3309 2696 finem,
3341 2630 3459 2679 non

1886 2724 2062 2788 poree
2085 2709 2325 2789 Papam
2352 2709 2651 2788 imponere
2677 2709 2910 2771 tributa
2943 2710 3130 2773 tem-ie
3168 2726 3285 2772 non
3326 2708 3460 2771 suis

1896 2802 2325 2881 temporaliter,
2351 2801 2509 2865 siout
2535 2817 2639 2864 nee
2670 2800 2983 2864 concilium
3009 2801 3228 2864 ullum.
3242 2833 3323 2847 —
3339 2800 3459 2861 Sed

1898 2898 2133 2973 quaeret
2156 2892 2377 2972 aliquis
2404 2911 2487 2954 an
2517 2891 2821 2969 Pontifex,
2845 2892 2945 2954 vel
2973 2893 3335 2968 concilium,
3360 2892 3461 2954 vel

1898 2984 2024 3046 alia
2050 2990 2321 3064 potestas
2348 2984 2753 3046 ecclesiastica
2782 2984 3008 3046 habeat
3034 2985 3151 3046 hoc
3170 2987 3297 3064 jus.
3332 2984 3461 3046 Ali-

1897 3077 2009 3159 qui
2059 3076 2231 3138 enim
2273 3076 2489 3138 dicunt
2521 3075 2849 3138 concilium
2901 3076 3190 3156 generale
3232 3076 3461 3138 habere

1896 3170 2061 3232 hanc
2081 3175 2446 3250 potestatem
2473 3170 2621 3250 quia
2651 3174 2851 3250 potest
2876 3187 3016 3230 eam
3038 3169 3145 3231 alii
3173 3169 3462 3232 concede-

1896 3279 1988 3339 re,
2029 3269 2101 3323 ut
2140 3261 2524 3341 significatur
2559 3262 2629 3321 in
2670 3278 2726 3321 c.
2763 3260 2970 3341 Super
3010 3263 3386 3342 quibusdam,
3425 3261 3463 3341 ξ

1898 3356 2229 3430 Proeceroe,
2247 3353 2673 3416 deVerborum
2692 3352 3019 3431 significat.
3037 3354 3464 3435 Respondetur

1899 3454 2111 3509 tamen
2140 3445 2520 3522 Pontificem,
2546 3450 2853 3525 quatenus
2899 3445 3256 3525 temporalis
3297 3447 3465 3526 prin·

1900 3557 2041 3619 ceps
2072 3544 2183 3615 est,
2202 3548 2377 3620 posse
2399 3538 2467 3599 in
2494 3538 2619 3598 suis
2655 3537 2836 3599 terris
2862 3538 3183 3618 imponere
3204 3539 3461 3614 tributa,

1900 3633 2050 3713 quia
2073 3648 2290 3694 revera
2324 3630 2413 3691 ibi
2442 3636 2539 3692 est
2575 3647 2898 3710 supremus
2924 3631 2993 3690 in
3021 3630 3463 3711 temporalibus

1899 3743 2013 3807 per
2028 3725 2335 3788 directum
2357 3724 2705 3785 dominium
2731 3728 2794 3785 et
2813 3728 3205 3804 potestatem.
3228 3727 3298 3786 ln
3324 3723 3462 3786 aliis

1899 3837 2048 3882 vero
2089 3819 2324 3897 regnis,
2365 3818 2526 3879 sicut
2573 3834 2702 3878 non
2747 3816 2937 3878 habet
2969 3817 3321 3879 dominium
3366 3817 3464 3878 vel

1901 3911 2306 3992 temporalem
2322 3910 2815 3989 jurisdictionem
2838 3910 3094 3986 directe,
3108 3912 3199 3971 ita
3222 3929 3337 3972 nec
3357 3927 3463 3990 po-

1899 4009 2019 4066 test
2039 4019 2152 4083 per
2169 4020 2235 4064 se
2261 4008 2325 4063 et
2350 4001 2581 4063 dii-ecte
2613 4002 2934 4080 imponere
2962 4002 3328 4082 temporalia
3355 4002 3464 4063 tri-

1899 4096 2070 4171 buta,
2102 4096 2253 4175 quia
2280 4094 2385 4155 hic
2408 4099 2503 4155 est
2527 4098 2700 4154 actus
2724 4093 2888 4153 illius
2915 4094 3250 4172 potestatis.
3290 4092 3464 4167 Quod

1899 4208 1941 4251 a
1971 4188 2213 4249 fortiori
2236 4201 2460 4249 verum
2494 4191 2588 4248 est
2627 4186 2706 4246 de
2749 4199 3141 4266 quocumque
3185 4186 3466 4247 inferiori

1903 4281 2166 4344 Praelato
2192 4279 2618 4355 ecclesiastico,
2647 4277 2748 4337 vel
2768 4277 3026 4339 concilio
3062 4278 3251 4339 etiam
3278 4295 3464 4356 gene-

1902 4374 2042 4450 rali,
2072 4375 2247 4453 cujus
2269 4377 2535 4453 potestas
2580 4387 2659 4432 ex
2698 4370 2993 4431 Pontifice
3019 4371 3290 4432 maxime
3316 4388 3466 4450 pen-

1903 4470 2026 4531 det.
2061 4467 2476 4530 Nihilominus
2510 4470 2749 4540 tamen,
2773 4463 2824 4524 si
2851 4463 2932 4524 ad
2965 4464 3351 4544 spiritualem
3393 4464 3465 4524 fi-

1903 4580 2050 4626 nem
2075 4562 2156 4623 sit
2196 4559 2631 4634 necessarium,
2664 4563 2737 4618 ut
2763 4556 2843 4617 ad
2869 4556 3320 4619 defendendam
3354 4557 3466 4617 Ec-

1902 4657 2152 4718 clesiam
2191 4654 2271 4715 ab
2318 4650 2673 4714 infidelibus
2721 4649 2822 4711 vel
2872 4649 3175 4710 haereticis
3200 4694 3223 4726 ,
3270 4655 3467 4728 potest

1901 4766 2181 4812 summus
2198 4746 2481 4812 Pontifex
2488 4745 2809 4825 imponere
2825 4743 3189 4823 temporalia
3207 4742 3464 4818 tributa,

1903 4843 2054 4925 quia
2078 4842 2195 4903 sub
2222 4859 2296 4902 ea
2317 4841 2557 4901 ratione
2583 4838 2772 4899 habet
2814 4854 3169 4919 supremam
3199 4840 3467 4916 potesta·

1904 4943 2035 4998 tem
2049 4936 2242 4998 etiam
2261 4934 2328 4994 in
2349 4930 2811 5012 temporalibus.
2831 4931 3033 4991 Potest
3040 4935 3249 4991 autem
3269 4929 3466 4990 direc-

1905 5035 1967 5090 te
2007 5045 2284 5090 summus
2311 5025 2595 5088 Pontifex
2620 5029 2872 5104 propter
2910 5022 3200 5084 eumdem
3244 5021 3465 5098 finem,

1905 5121 2007 5183 vel
2039 5122 2109 5182 in
2134 5118 2473 5180 subsidium
2500 5117 2620 5177 sibi
2648 5115 3061 5178 necessarium
3090 5113 3324 5176 tributa
3350 5114 3468 5174 im-

1907 5230 2135 5294 ponere
2149 5229 2333 5292 super
2350 5210 2631 5273 Ecclesiae
2652 5208 2838 5283 bona,
2870 5209 3027 5269 sicut
3044 5207 3364 5268 tractando
3388 5201 3481 5266 de'

1906 5306 2171 5368 Decimis
2196 5305 2467 5366 diximus
2493 5319 2666 5384 posse
2687 5306 2928 5382 partem
2950 5301 3329 5362 decimarum
3350 5298 3469 5359 sibi

1905 5416 2242 5474 reservare,
2272 5398 2422 5479 quia
2442 5397 2511 5457 in
2540 5395 2647 5458 illo
2678 5395 2896 5456 ordine
2924 5412 3036 5475 per
3062 5409 3126 5455 se
3148 5399 3210 5455 et
3241 5393 3468 5454 directe

1905 5499 2000 5558 est
2019 5491 2640 5576 mpremus,prinoeps
2655 5489 2843 5550 totius
2864 5487 3165 5565 Ecclesiae,
3182 5492 3245 5551 et
3255 5502 3469 5568 supre-
