3976 6219
496 497 669 544 nem.
702 478 856 538 Nam
877 473 929 535 si
945 472 1168 554 aliquis
1186 473 1449 535 inludia
1478 474 1743 536 existens
1761 473 2064 534 industria

498 571 796 636 daemonis
822 567 1078 629 haberet
1100 567 1385 627 notitiam
1415 585 1631 628 eorum
1668 585 1802 646 quae
1828 566 1895 626 in
1929 566 2065 627 His·-

496 666 684 749 pania
712 667 1011 741 geruntur
1037 667 1180 722 ante
1221 666 1464 739 tempus
1485 662 1550 720 in
1576 679 1698 739 quo
1727 666 1928 739 posset
1947 659 2065 719 hu-

496 776 686 822 mano
718 753 901 816 modo
947 754 1086 814 talis
1135 754 1356 814 notitia
1399 753 1546 813 illuc
1585 752 1930 832 pervenire,
1963 751 2065 811 ille

496 852 695 913 sciens
722 848 926 926 1030111
960 848 1026 907 111
1062 846 1359 925 Hispania
1385 845 1864 925 promulgatam,
1900 844 2068 904 infra

497 944 652 1006 illud
678 960 804 1002 non
832 940 1209 1018 obligaretur
1244 938 1373 999 illa.
1408 939 1563 1011 Quia
1592 944 1872 1018 respectu
1900 939 2066 998 illius

495 1055 565 1098 re
596 1054 744 1095 vera
767 1052 895 1094 non
917 1038 1010 1093 est
1037 1031 1409 1092 sufficienter
1423 1032 1836 1110 promulgata,
1867 1038 1929 1092 et
1958 1030 2067 1091 illa

497 1129 721 1190 notitia
760 1146 873 1207 per
913 1126 1221 1204 Angelum
1265 1124 1486 1186 collata
1517 1143 1641 1185 non
1676 1126 1946 1205 pertinet
1986 1125 2067 1187 ad

497 1221 1064 1302 promulgationem
1104 1237 1218 1279 1100
1253 1219 1331 1279 ad
1366 1219 1707 1279 humanam
1751 1220 2062 1280 notitiam.

499 1315 675 1388 Quod
702 1321 914 1374 tamen
943 1331 1116 1373 secus
1148 1318 1301 1372 esset
1348 1312 1400 1372 si
1440 1318 1576 1391 post
1618 1318 1862 1391 tempus
1899 1313 2067 1373 suffi-

499 1408 689 1482 010113,
737 1412 801 1467 et
826 1412 963 1486 post
991 1405 1549 1484 promulgationem
1586 1405 1661 1467 de
1689 1424 1753 1466 se
1781 1424 2066 1467 consum-

500 1514 735 1561 matam
789 1498 1013 1577 aliquis
1068 1499 1369 1577 reciperet
1423 1498 1528 1557 illo
1579 1499 2066 1560 extraordinario

502 1593 686 1653 modo
714 1593 925 1653 divino
951 1590 1051 1651 vel
1068 1591 1345 1669 angelico
1367 1591 1652 1652 notitiam
1680 1591 1833 1669 legis
1859 1614 1877 1666 3
1918 1610 2066 1651 nam

502 1686 636 1748 sine
681 1678 872 1745 dubio
924 1684 1300 1762 obligaretur
1335 1685 1492 1762 lege,
1543 1685 1690 1763 quia
1740 1684 1839 1746 lex
1892 1684 1967 1744 de
2003 1702 2067 1745 se

496 1781 633 1859 jam
667 1778 1039 1838 sufficienter
1071 1776 1402 1855 obligabat,
1452 1783 1512 1838 et
1552 1778 2067 1856 impedimentum

504 1877 637 1933 erat
664 1869 1061 1945 accidentale,
1096 1871 1259 1948 quod
1302 1869 1615 1930 sublatum
1660 1877 1770 1944 est,
1807 1877 1870 1931 et
1915 1871 2072 1931 1111111

502 1963 691 2035 refert
740 1962 904 2041 quod
945 1980 1054 2041 per
1093 1961 1262 2022 hunc
1299 1962 1397 2023 vel
1446 1963 1649 2038 illum,
1692 1963 1810 2024 1100
1838 1964 1935 2024 vel
1963 1964 2069 2025 illo

502 2043 689 2118 modo
718 2056 1057 2116 auferatur.
1089 2056 1165 2115 Et
1191 2055 1279 2116 ita
1305 2056 1678 2116 sufficienter
1704 2075 2069 2135 responsum

502 2154 595 2209 est
623 2148 701 2208 ad
725 2148 1163 2227 obJectionem,
1201 2154 1266 2210 et
1286 2148 1496 2209 omnia
1538 2147 1797 2211 clariora
1825 2149 1978 2210 fient
1997 2150 2067 2209 in

497 2248 730 2323 puncto
755 2241 1056 2321 sequenti.

1508 375 1625 427 LIB.
1663 375 1747 426 111.
1783 374 1863 425 DE
1894 374 2055 426 LEGE
2087 374 2347 428 HUMANA
2378 374 2459 427 ΕΤ
2492 373 2696 428 clvlLl.

2143 474 2599 547 Authenticam,
2632 470 2780 551 quia
2819 469 3051 549 injure
3093 468 3259 530 civili
3286 487 3414 530 non
3464 477 3560 531 est
3590 469 3728 531 alia

2143 568 2268 643 lex,
2289 588 2425 647 quae
2436 569 2541 647 jus
2565 583 2892 627 commune
2920 564 3082 624 circa
3108 562 3225 624 hoc
3251 568 3501 624 statuat.

2226 664 2284 722 Ξ.
2336 663 2613 725 Secunda
2658 677 2812 738 par-5
2865 658 3257 720 conc-lusionis
3293 658 3612 735 probatur.
3635 690 3728 702 —

2149 755 2431 817 Secunda
2461 773 2607 815 vero
2630 771 2769 833 pars
2788 755 3048 825 constat,
3064 749 3211 827 quia
3230 750 3549 810 transactis
3564 750 3726 809 duo-

2149 849 2263 909 bus
2309 848 2624 909 mensibus
2651 847 2752 907 lex
2794 863 2920 906 non
2960 843 3321 923 impeditur,
3366 843 3470 903 sed
3508 845 3725 922 potius

2140 943 2395 1020 juvatur
2412 943 2549 1021 jure
2577 938 2928 1000 communi:
2973 937 3105 1015 ipsa
3144 941 3350 996 autem
3379 937 3455 997 de
3491 956 3556 998 se
3597 937 3725 996 110-

2147 1036 2250 1096 bet
2289 1036 2419 1097 vim
2444 1032 2764 1111 obligandi
2790 1048 2810 1108 3
2841 1048 2988 1108 ergo
3016 1030 3225 1090 statim
3253 1029 3507 1108 obligat.
3540 1031 3725 1091 Dices

2148 1129 2354 1189 statim
2400 1128 2651 1206 quidem
2691 1125 2966 1203 incipere
3005 1123 3305 1200 obligare,
3339 1141 3467 1182 non
3500 1128 3724 1184 tamen

2149 1222 2356 1282 statim
2384 1220 2657 1298 obligare
2689 1225 2881 1280 totam
2913 1216 3316 1297 provinciam.
3349 1217 3724 1296 Respondeo

2151 1316 2436 1393 negando
2496 1312 2998 1393 consequentiam
3022 1356 3043 1385 ,
3101 1309 3248 1388 quia
3295 1309 3514 1387 incipit
3564 1316 3724 1371 tunc

2149 1415 2446 1488 tanquam
2488 1406 2862 1468 sufficienter
2888 1402 3278 1482 promulgata
3314 1408 3377 1461 et
3406 1402 3726 1480 publicata

2148 1521 2260 1583 per
2282 1509 2525 1581 tempus
2548 1500 2699 1560 illud
2721 1499 2985 1559 duorum
3006 1496 3337 1569 mensium,
3356 1501 3419 1554 et
3435 1495 3576 1555 ideo
3586 1497 3726 1573 jam

2149 1600 2348 1674 potest
2375 1593 2577 1654 subito
2604 1598 2666 1652 et
2688 1591 2753 1652 in
2782 1595 3119 1664 momento,
3163 1596 3233 1647 ut
3261 1587 3346 1648 sic
3367 1587 3595 1664 dicam,
3625 1595 3726 1649 to-

2148 1693 2279 1748 tam
2310 1686 2694 1766 provinciam
2731 1684 3026 1762 obligare,
3075 1689 3137 1743 et
3179 1683 3302 1742 hoc
3345 1681 3724 1758 significavit

2148 1780 2255 1841 illa
2285 1779 2656 1840 Authentica
2684 1778 2892 1838 dicens
2925 1781 3061 1855 post
3085 1776 3552 1838 insinuationem
3581 1779 3724 1853 ευρ

2148 1874 2379 1951 ficienti
2407 1874 2512 1934 hoo
2539 1877 2794 1950 temporo
2839 1871 3109 1933 omnibus·
3155 1870 3544 1945 manifestam
3588 1886 3723 1930 eam

2150 1967 2527 2030 constituere.
2556 1966 2664 2025 Est
2690 1964 2856 2024 enim
2877 1961 3388 2023 considerandum
3410 1961 3614 2039 legem
3641 1962 3723 2021 il-

2150 2059 2276 2120 lam
2326 2059 2567 2119 civilem
2606 2074 2953 2136 supponere
2995 2054 3479 2114 insinuationem
3517 2054 3725 2133 publi-

2151 2169 2286 2212 cam
2309 2152 2377 2210 in
2404 2150 2663 2227 singulis
2699 2148 3033 2228 provinciis
3070 2146 3438 2207 faciendam.
3471 2148 3545 2206 Et
3573 2149 3723 2225 quia

2150 2242 2323 2303 nulla
2364 2243 2681 2322 provincia
2718 2242 2914 2302 civilis
2958 2245 3049 2300 est
3097 2246 3228 2299 tam
3256 2238 3405 2312 lata,
3448 2240 3600 2318 quin
3628 2239 3723 2299 bi-

2045 2338 2048 2341 ’
2152 2342 2373 2397 mestre
2398 2342 2641 2415 tempus
2668 2334 2931 2395 sufficiat
2960 2332 3039 2393 ad
3067 2332 3463 2392 deferendam
3494 2351 3601 2411 per
3627 2339 3725 2393 to-

1033 2424 1557 2505 CAPUT-xvn1.3
1828 2498 1831 2502 Α
1913 2430 2069 2495 ”1³33

1912 2442 1921 2458 ἱ

1910 2462 2067 2508 §.a-Lag.

502 2632 580 2679 ΒΕ
606 2632 879 2679 TEMPORE
922 2631 985 2678 m
1011 2629 1121 2683 Quo
1160 2628 1277 2674 mx
1301 2627 1510 2673 INCIPIT
1542 2627 1826 2676 onnam
1856 2630 2069 2678 SECUN-

1024 2722 1148 2769 mm
1194 2722 1259 2767 ΣΠ
1262 2723 1291 2767 S
1326 2721 1543 2768 CIVIIAE'.

588 2897 647 2954 1.
696 2892 940 2967 Quando
985 2891 1243 2970 incipiat
1296 2891 1392 2954 lav
1443 2889 1710 2970 obliquo-0
1757 2893 2072 2956 secundum

490 2986 608 3068 jus
634 2986 1206 3064 civita—Superest
1241 3002 1389 3062 ergo
1431 2989 1502 3043 ut
1530 2983 1802 3045 dicamus
1824 2986 2071 3064 quando

505 3079 762 3159 incipiat
791 3078 1061 3158 obligare
1083 3077 1184 3140 lex
1210 3078 1408 3139 civilis
1439 3078 1779 3141 secundum
1807 3080 1904 3158 jus
1923 3080 2072 3141 civi-

503 3174 585 3236 le.
614 3174 875 3247 Quidam
903 3174 1073 3234 enim
1120 3172 1402 3233 moderni
1431 3172 1645 3233 dicunt
1674 3173 1881 3233 statim
1900 3192 1939 3233 0
1956 3192 2072 3252 pu-

502 3267 829 3329 blicatione
862 3266 1161 3345 obligare,
1200 3266 1526 3347 solumque
1562 3267 1879 3345 excipiunt
1903 3267 2072 3344 leges

501 3361 880 3440 pertinentes
906 3360 982 3420 ad
1007 3365 1373 3421 testamenta
1398 3381 1412 3418 :
1443 3360 1604 3419 ratio
1628 3364 1742 3433 est,
1773 3360 1921 3438 quia
1947 3360 2068 3420 inoe

501 3453 646 3514 soloe
675 3459 940 3532 exceptae
961 3459 1107 3512 sunt
1137 3454 1204 3512 in
1232 3453 1600 3514 Anthentica
1639 3454 1720 3515 Ut
1746 3471 1912 3516 nova·
1938 3471 2067 3516 oon·

503 3547 866 3618 stitutione-5,
895 3544 1218 3606 collatione
1247 3546 1344 3606 15.
1377 3546 1461 3605 De
1489 3546 1722 3606 caeteris
1740 3552 1950 3608 autem
1969 3547 2066 3607 ni-

503 3640 598 3702 1111
619 3638 888 3719 disponit
903 3639 1006 3715 jus
1034 3638 1235 3713 civile,
1284 3644 1348 3699 et
1376 3639 1514 3699 ideo
1536 3639 1806 3701 succedit
1827 3640 1927 3701 lex
1956 3660 2068 3702 na-

502 3737 680 3793 turae.
708 3730 1120 3791 Nihilominus
1139 3730 1469 3791 dicendum
1488 3737 1579 3792 est
1611 3732 1844 3811 primo:
1880 3735 2072 3812 Leges

504 3827 948 3903 imperatorum
969 3842 1095 3883 non
1113 3824 1422 3903 incipiunt
1439 3824 1713 3904 obligare
1736 3826 1900 3889 intra
1919 3828 2071 3890 duos

504 3936 747 3982 menses
773 3916 1236 3997 apublicatione
1261 3917 1425 3978 facta
1446 3917 1512 3978 in
1532 3937 1905 3998 unaquaque
1930 3940 2072 4000 pro-

502 4011 732 4086 vincia,
780 4015 843 4072 et
881 4015 1018 4090 post
1066 4009 1222 4071 duos
1262 4028 1505 4071 menses
1547 4012 1758 4072 statim
1788 4013 2069 4093 obligant

503 4111 698 4166 totam
730 4103 1136 4184 provinciam,
1170 4103 1290 4164 nisi
1327 4103 1500 4165 aliud
1536 4104 1604 4165 in
1637 4106 1769 4185 ipsa
1796 4106 1932 4185 lege
1963 4126 2068 4168 ex-

502 4215 784 4278 pressum
827 4196 926 4256 sit.
962 4197 1103 4257 Haec
1142 4197 1396 4258 assertio
1422 4204 1514 4259 est
1540 4200 1887 4261 communis
1927 4200 2069 4261 doc-

502 4294 710 4350 torum
732 4289 1053 4368 utriusque
1091 4290 1273 4368 juris„
1317 4296 1501 4369 atque
1533 4293 1719 4353 etiam
1750 4293 2068 4371 theologo-

501 4400 643 4443 rum
666 4400 818 4460 quos
841 4383 908 4443 in
931 4383 1048 4443 hoc
1070 4389 1132 4443 et
1160 4385 1226 4443 in
1244 4384 1611 4461 praecedenti
1630 4385 1831 4465 capite
1853 4387 2063 4448 retuli.

503 4477 581 4536 Et
625 4475 1102 4537 fundamentum
1152 4476 1367 4555 primae
1406 4477 1598 4555 partis
1643 4484 1756 4552 est,
1811 4480 1957 4557 quia
1979 4480 2068 4540 ita

501 4570 791 4631 statuitur
840 4570 905 4628 111
939 4569 1047 4628 1110
1087 4569 1454 4629 Anthentica
1473 4614 1494 4644 ‚
1533 4571 1709 4648 cujus
1751 4571 2067 4650 dispositio

502 4663 808 4743 generalis
843 4669 935 4724 est
953 4663 1158 4742 quoad
1181 4681 1394 4724 omnes
1424 4662 1593 4741 leges
1628 4664 1837 4725 civiles
1870 4666 2064 4745 impe-

500 4763 803 4832 ratorum,
845 4760 915 4817 ut
963 4756 1032 4817 in
1086 4757 1285 4835 capite
1326 4754 1694 4835 praecedenti
1734 4757 2064 4820 fundatum

502 4856 627 4911 est:
663 4849 769 4910 ille
817 4849 986 4910 enim
1032 4848 1340 4911 discursus
1381 4848 1483 4910 hic
1518 4857 1610 4910 est
1637 4851 2062 4930 applicanduS.

500 4945 576 5004 Et
607 4942 773 5022 apud
800 4960 902 5003 me
938 4942 1207 5003 multum
1242 4942 1616 5003 confirmant
1641 4942 1799 5005 hanc
1823 4950 2064 5023 partem

500 5036 691 5098 verba
717 5037 810 5097 Pii
837 5037 916 5096 IV
942 5036 1010 5096 in
1032 5035 1210 5097 Bulla
1245 5055 1356 5115 pro
1384 5036 1566 5097 Cone.
1594 5036 1759 5098 Trid.
1792 5039 2066 5117 promul-

501 5131 781 5207 gatione,
831 5130 941 5191 ubi
989 5129 1153 5192 inter
1208 5131 1358 5194 alias
1382 5131 1653 5192 rationes
1694 5131 2063 5210 designandi

504 5228 741 5284 certum
769 5229 1011 5305 tempus
1046 5245 1158 5305 pro
1192 5225 1443 5289 Concilii
1483 5225 1861 5305 obligatione
1902 5228 2066 5289 hanc

502 5316 721 5395 ponit:
765 5319 858 5379 Et
883 5320 1031 5397 jure
1062 5322 1244 5382 etiam
1285 5322 1580 5384 communi
1620 5323 1919 5383 sancitum
1950 5326 2062 5397 est,

501 5415 572 5472 nt
591 5411 1039 5474 constitutiones
1056 5432 1219 5476 novoe
1244 5415 1366 5476 vim
1396 5433 1512 5477 non
1547 5416 1673 5477 nisi
1689 5421 1826 5493 post
1844 5421 2066 5477 certum

500 5509 730 5584 tempus
758 5505 1075 5570 obtineant.
1109 5506 1227 5570 Ubi
1245 5507 1407 5572 clare
1433 5510 1699 5572 attendit
1727 5508 1806 5572 ad
1833 5508 2064 5571 dictam

2151 2436 2282 2489 tam
2306 2428 2477 2489 illam
2500 2427 3060 2508 promulgationem
3070 2426 3302 2485 factam
3332 2424 3398 2483 in
3415 2430 3724 2503 metropo-

2151 2520 2221 2595 li,
2247 2519 2386 2580 ideo
2408 2526 2608 2599 potest
2636 2521 2867 2598 optime
2898 2518 3000 2579 lex
3024 2517 3226 2578 civilis
3253 2517 3463 2577 statim
3484 2516 3724 2596 obliga-

2149 2632 2217 2675 re
2243 2620 2437 2675 totam
2465 2614 2848 2693 provinciam
2878 2612 3098 2693 elapsis
3117 2611 3358 2672 duobus
3382 2612 3717 2673 mensibus.

2153 2709 2227 2767 Et
2279 2707 2395 2767 hoc
2448 2713 2542 2768 est
2587 2708 2751 2786 quod
2787 2710 3006 2770 Navar.
3063 2706 3245 2781 dixit,
3290 2705 3442 2765 illud
3475 2710 3723 2784 tempus

2151 2798 2544 2876 designatum
2563 2818 2693 2860 esse
2720 2818 2849 2860 non
2876 2800 3075 2860 solum
3105 2804 3348 2878 propter
3373 2797 3720 2859 tollendam

2152 2891 2593 2969 ignorantiam,
2640 2895 2745 2954 sed
2775 2894 2965 2954 etiam
2994 2898 3064 2953 ut
3104 2892 3207 2953 lex
3247 2890 3423 2951 simul
3450 2891 3716 2968 incipiat

2152 3001 2366 3046 omnes
2404 2985 2697 3065 obligare.
2743 2986 3158 3049 Nihilominus
3187 2991 3394 3045 tamen
3433 2983 3542 3043 ubi
3576 3002 3720 3045 non

2151 3085 2310 3141 esset
2336 3081 2678 3142 necessaria
2712 3080 2961 3161 propria
2997 3084 3061 3140 et
3091 3077 3342 3159 publica
3380 3076 3719 3139 insinuatio
3784 3108 3792 3119 ·

2150 3173 2218 3232 in
2240 3173 2501 3250 singulis
2528 3175 2882 3254 provinciis,
2910 3180 2972 3235 et
2988 3174 3196 3252 aliqua
3210 3190 3350 3251 pars
3372 3171 3552 3249 regni
3565 3179 3722 3232 esset

2151 3270 2278 3325 tam
2306 3265 2558 3343 distans,
2591 3273 2663 3327 ut
2688 3273 2932 3346 tempus
2964 3267 3230 3326 duorum
3256 3265 3564 3325 mensium
3591 3283 3720 3325 non

2152 3359 2455 3419 sufficeret
2482 3360 2560 3420 ad
2599 3360 2885 3420 notitiam
2923 3359 3077 3438 10313
3103 3358 3249 3418 111110
3293 3356 3715 3432 deferendam,

2152 3451 2312 3512 sicut
2337 3457 2428 3512 est
2457 3471 2625 3513 nunc
2669 3453 2988 3513 Mexicana
3025 3451 3237 3513 civitas
3267 3454 3546 3529 respectu
3581 3449 3719 3511 Ma-

2150 3542 2305 3619 triti,
2328 3548 2478 3604 tunc
2505 3546 2694 3606 etiam
2722 3551 2858 3625 post
2883 3545 3120 3626 elapsos
3143 3544 3299 3604 duos
3320 3561 3560 3604 menses
3589 3560 3718 3603 non

2152 3635 2453 3716 obligaret
2499 3638 2601 3700 lex
2630 3638 2912 3700 homines
2947 3636 3216 3717 regionis
3243 3635 3432 3706 1111113,
3463 3636 3568 3697 sed
3594 3653 3721 3696 ser-

2149 3730 2352 3790 vanda
2384 3736 2541 3791 esset
2569 3731 2787 3808 regula
2827 3731 2982 3810 legis
3021 3736 3258 3792 naturae
3285 3747 3471 3808 supra
3520 3728 3719 3789 decla-

2150 3827 2309 3898 rata,
2341 3823 2488 3902 quia
2514 3824 2668 3884 alius
2708 3823 2927 3885 modus
2950 3824 3187 3886 excedit
3211 3828 3575 3904 potestatem
3601 3823 3721 3885 hu·

2147 3933 2426 3992 1110110111,
2456 3924 2528 3977 ut
2552 3918 2788 3979 dictum
2810 3925 2924 3980 est.

2231 4012 2290 4073 3.
2341 4012 2553 4074 Tertia
2576 4030 2727 4091 pars
2754 4011 3146 4075 conclusionis
3172 4009 3720 4090 probatur.—Ter-

2148 4104 2238 4166 tia
2259 4123 2400 4185 pars
2413 4105 2789 4181 033οη101113,
2808 4124 2947 4185 quoe
2970 4105 3394 4185 exceptionem
3416 4104 3715 4180 continet,

2149 4199 2479 4260 manifesta
2505 4206 2619 4276 est,
2646 4200 2981 4260 dummodo
3015 4198 3093 4259 de
3120 4199 3338 4259 eodem
3366 4197 3466 4259 vel
3491 4198 3719 4276 aequali

2147 4292 2497 4371 legislatore
2524 4294 2928 4373 intelligatur.
2965 4295 3120 4356 Nam
3149 4293 3201 4352 si
3223 4293 3301 4354 sit
3314 4293 3590 4365 inferior,
3608 4292 3714 4353 ille

2147 4405 2275 4446 non
2317 4387 2542 4466 poterit
2582 4388 2911 4448 immutare
2958 4404 3288 4447 commune
3309 4386 3439 4464 juS‚
3472 4385 3718 4446 etiamsi

2148 4498 2224 4540 ex
2244 4484 2538 4557 potestate
2569 4479 2685 4540 31111
2714 4480 3039 4541 commissa
3064 4480 3267 4558 1030111
3291 4480 3452 4539 ferre
3475 4484 3714 4557 posset:

2145 4590 2294 4633 narn
2325 4573 2693 4651 intelligitur
2716 4573 2858 4633 data
2877 4573 3216 4633 secundum
3240 4573 3340 4652 jus
3360 4590 3719 4649 commune,

2146 4667 2269 4726 nisi
2310 4665 2480 4726 aliud
2527 4666 2927 4745 exprimatur.
2966 4669 3100 4746 Ipse
3126 4684 3272 4727 vero
3295 4666 3577 4744 princeps
3605 4685 3724 4726 su-

2148 4777 2397 4839 premus
2423 4765 2623 4839 potest
2654 4760 2949 4839 derogare
2990 4760 3305 4821 communi
3343 4760 3472 4838 juri
3502 4760 3724 4837 positi·

2146 4869 2248 4927 v0,
2296 4855 2358 4912 et
2401 4852 2540 4912 ideo
2585 4852 2637 4912 si
2669 4851 2821 4912 velit
2867 4852 3143 4931 obligare
3171 4870 3281 4932 per
3317 4851 3519 4929 legem
3565 4858 3721 4913 ante

2149 4944 2302 5005 duos
2327 4961 2569 5006 menses
2590 4949 2811 5023 potest,
2850 4945 3009 5005 sicut
3053 4945 3240 5006 etiam
3265 4949 3465 5024 potest
3492 4945 3723 5023 maj0ri

2145 5043 2418 5117 tempore
2436 5037 2881 5115 obligationem
2912 5037 3200 5099 differre:
3232 5042 3473 5116 oportet
3500 5044 3723 5098 autem

2147 5139 2217 5192 ut
2260 5133 2326 5193 in
2371 5150 2481 5192 sua
2521 5130 2658 5208 lege
2702 5130 2765 5191 id
2807 5132 2952 5192 satis
2977 5132 3263 5193 declaret.
3312 5130 3483 5191 Unde
3512 5130 3721 5192 obiter

2144 5225 2513 5303 intelligitur
2562 5242 2752 5303 quam
2803 5225 2932 5284 vim
2985 5225 3176 5304 possit
3209 5224 3437 5285 habere
3475 5224 3540 5284 111
3572 5223 3717 5300 1030

2144 5319 2532 5398 imperatoris
2557 5318 2857 5398 particula
2886 5337 2956 5380 σω
2984 5305 3136 5380 ιαπὸ
3152 5318 3253 5377 vel
3274 5319 3508 5391 statim,
3539 5317 3591 5376 si
3614 5316 3716 5375 di-

2143 5418 2242 5472 cat
2272 5413 2336 5472 in
2373 5412 2533 5490 lege,
2578 5416 2649 5471 ut
2683 5411 2844 5471 facta
2871 5410 3283 5490 publicatione
3326 5428 3404 5470 ex
3436 5415 3582 5471 tunc
3609 5408 3713 5469 vel

2142 5505 2351 5568 statim
2378 5504 2629 5584 obliget.
2666 5505 2870 5566 Posset
2891 5504 3060 5567 enim
3093 5504 3231 5584 quis
3269 5503 3498 5567 similia
3518 5503 3717 5566 verba
