3976 6219
998 389 1130 441 CAP.
1168 391 1296 442 xw.
1331 392 1414 442 AN
1447 392 1550 442 JUS
1581 392 1913 443 NATURALE
1944 391 2179 444 MUTAm
2213 393 2334 444 VEL
2367 394 2747 457 DISPENSARI,
2785 395 2918 449 E'rc.

361 506 546 549 sensu
580 488 978 549 manifestum
1017 495 1109 550 est
1136 490 1498 552 divisionem
1541 510 1749 553 rerum
1791 512 1919 554 non

362 599 492 644 esse
518 586 731 641 contra
754 583 857 659 jus
883 582 1189 658 naturale,
1212 583 1375 662 quod
1399 584 1569 645 illam
1595 585 1920 665 prohibeat

361 673 639 734 absolute
665 679 727 734 et
764 674 1121 754 simpliciter
1151 692 1167 736 :
1200 685 1260 736 et
1287 676 1453 737 idem
1483 684 1575 739 est
1611 678 1686 738 de
1729 679 1920 738 servi-

362 771 517 840 tute,
552 771 613 826 et
649 766 786 826 aliis
835 767 1161 829 similibuS.
1195 770 1276 829 At
1318 787 1466 830 vero
1511 772 1561 830 si
1592 771 1921 850 loquamur

362 858 437 918 de
460 860 601 937 jure
643 859 908 919 naturali
929 861 1331 937 dominativo,
1363 863 1448 923 sic
1468 881 1684 923 verum
1716 869 1809 923 est
1840 862 1922 922 li-

362 951 662 1013 bertatem
687 971 816 1013 esse
845 954 918 1013 de
937 955 1078 1033 jure
1107 955 1374 1016 naturali
1401 957 1683 1035 positive,
1710 962 1772 1017 et
1793 975 1922 1017 non

361 1048 606 1105 tantum
632 1046 943 1123 negative,
978 1047 1124 1126 quia
1148 1050 1279 1127 ipsa
1315 1055 1540 1109 natura
1566 1068 1784 1109 verum
1815 1048 1923 1108 do-

361 1138 627 1199 minium
663 1140 926 1199 contulit
955 1141 1196 1201 homini
1233 1160 1358 1202 suae
1398 1143 1716 1203 libertatis,
1747 1143 1920 1202 Com-

361 1232 632 1291 munitas
659 1233 850 1292 etiam
895 1251 1104 1293 rerum
1132 1233 1340 1312 aliquo
1371 1235 1553 1295 modo
1582 1235 1919 1314 pertineret

360 1324 437 1384 ad
478 1323 829 1384 dominium
874 1325 1201 1386 hominum
1248 1346 1322 1386 ex
1360 1327 1422 1386 vi
1456 1327 1614 1404 juris
1652 1333 1912 1402 naturae,

360 1415 411 1474 si
455 1416 627 1477 nulla
654 1422 812 1477 esset
841 1417 1006 1479 facta
1043 1437 1253 1479 rerum
1275 1420 1515 1495 divisio,
1543 1420 1688 1498 quia
1716 1420 1915 1481 homi-

358 1526 468 1569 nes
505 1509 807 1570 haberent
846 1511 1176 1589 positivum
1224 1512 1325 1591 jus
1375 1518 1436 1573 et
1484 1513 1789 1574 actionem
1834 1513 1914 1573 ad

359 1620 545 1662 usum
578 1622 785 1664 rerum
831 1606 1277 1681 communium,
1321 1613 1391 1666 ut
1418 1612 1507 1667 est
1549 1626 1659 1685 per
1692 1626 1755 1667 se
1784 1608 1912 1668 evi-

361 1694 536 1770 dens,
593 1703 655 1756 et
703 1703 867 1758 recte
911 1696 1127 1777 probat
1174 1699 1376 1777 prima
1419 1700 1681 1777 obJectio
1725 1700 1907 1761 facta.

360 1789 516 1848 Nam
546 1789 661 1849 hac
700 1790 937 1851 ratione
972 1789 1224 1851 libertas
1252 1797 1344 1851 est
1371 1792 1446 1852 de
1476 1793 1616 1869 jure
1649 1799 1910 1868 naturae,

357 1882 563 1959 potius
589 1899 778 1960 quam
806 1882 1090 1954 servitus,
1119 1883 1267 1962 quia
1292 1891 1515 1944 natura
1536 1884 1683 1943 fecit
1714 1884 1915 1945 homi-

356 1991 466 2033 nes
503 1974 761 2052 positive
794 1977 887 2051 (ut
915 1976 1000 2036 sic
1028 1976 1249 2052 dicam)
1282 1976 1506 2037 liberos
1535 1995 1677 2037 cum
1699 1977 1916 2037 intrin-

354 2083 492 2125 seco
508 2066 651 2142 jure
669 2067 993 2143 libertatiS,
1013 2088 1139 2129 non
1160 2076 1367 2130 tamen
1393 2071 1480 2130 ita
1498 2070 1638 2130 fecit
1658 2071 1913 2148 positive

353 2174 581 2232 servos,
614 2159 860 2236 proprie
914 2160 1243 2238 loquend0.
1301 2162 1597 2222 Similiter
1654 2162 1915 2222 contulit

352 2250 765 2310 communiter
813 2252 1163 2313 dominium
1211 2271 1423 2313 rerum
1473 2254 1789 2328 omnium,
1854 2261 1914 2315 et

352 2349 792 2420 consequenter
808 2344 1152 2423 uniquique
1168 2345 1338 2405 dedit
1355 2350 1718 2424 potestatem
1739 2352 1914 2405 uten-

352 2434 455 2494 di:
488 2435 924 2513 proprietatem
961 2441 1169 2496 autem
1211 2436 1628 2496 dominiorum
1657 2455 1785 2497 non
1825 2439 1911 2497 ita

349 2526 631 2602 contulit,
664 2533 734 2588 ut
761 2530 1007 2607 egregie
1046 2529 1320 2590 declarat
1342 2531 1724 2608 Augustinus
1756 2536 1911 2590 trac-

352 2627 486 2682 tatu
514 2624 553 2682 6
594 2623 659 2683 in
700 2625 908 2701 Joan.,
931 2625 996 2684 in
1024 2624 1168 2700 fine,
1201 2631 1263 2684 et
1290 2643 1423 2704 cap.
1455 2628 1513 2700 1,
1550 2624 1689 2684 dist.
1725 2626 1793 2700 83
1849 2631 1908 2685 et

354 2714 429 2774 de
478 2715 594 2775 hoc
621 2717 938 2776 communi
979 2717 1253 2777 dominio
1283 2717 1480 2777 videri
1523 2723 1724 2795 potest
1763 2718 1906 2777 Soto

351 2806 461 2867 lib.
493 2809 532 2867 4
560 2808 635 2869 de
675 2809 907 2885 Justit„
953 2828 1015 2888 q.
1048 2813 1110 2887 4,
1146 2815 1261 2870 art.
1294 2812 1351 2886 ·t;
1383 2810 1592 2870 Molin.
1637 2815 1717 2871 tr.
1751 2812 1790 2869 2
1830 2810 1906 2872 de

347 2899 494 2976 just.
526 2900 682 2979 disp.
723 2905 778 2963 3.

435 2995 531 3052 17.
577 2996 692 3054 Per
718 2995 881 3073 quod
910 2996 1099 3056 etiam
1123 2999 1292 3073 patet
1312 2994 1626 3073 responsio
1655 2995 1736 3055 ad
1758 2996 1907 3057 alias

350 3084 656 3148 illationes
667 3104 687 3164 3
734 3087 889 3148 nihil
921 3089 1087 3149 enim
1121 3087 1372 3148 illorum
1415 3088 1711 3168 sequitur,
1765 3091 1908 3169 quia

351 3178 460 3237 illa
489 3187 840 3259 repugnant
869 3182 1015 3241 huic
1040 3182 1167 3260 juri
1199 3182 1462 3259 positivo
1492 3186 1554 3241 et
1580 3182 1909 3243 dominati-

351 3290 429 3332 vo
466 3274 632 3352 quod
659 3281 880 3335 natura
906 3275 1006 3335 vel
1030 3274 1320 3335 omnibus
1355 3275 1454 3335 vel
1482 3274 1741 3352 singulis
1763 3293 1910 3336 con-

350 3366 492 3425 tulit
520 3368 722 3429 :unde
742 3369 1026 3447 quamvis
1054 3375 1277 3428 natura
1301 3387 1427 3429 non
1456 3369 1813 3448 praeeeperit
1840 3376 1909 3430 ut

348 3476 446 3529 res
464 3478 704 3540 semper
722 3467 925 3523 essent
948 3479 1304 3521 communes
1322 3480 1443 3540 quo
1474 3480 1657 3522 sensu
1684 3462 1908 3523 dicitur

348 3554 758 3613 communitas
785 3572 993 3614 rerum
1024 3555 1099 3614 de
1117 3556 1255 3631 jure
1283 3560 1521 3614 naturae
1551 3555 1900 3633 (negative),

347 3650 558 3706 tamen
589 3645 851 3707 durante
905 3647 1014 3706 illo
1063 3652 1249 3721 statu,
1303 3647 1633 3725 positivum
1681 3665 1903 3725 praece-

348 3746 524 3815 ptum
554 3738 715 3816 juris
736 3744 973 3799 naturae
997 3744 1127 3799 erat
1165 3743 1235 3797 ut
1262 3757 1442 3799 nemo
1474 3739 1903 3818 prohiberetur

348 3849 460 3891 nec
473 3831 878 3911 impediretur
892 3831 970 3893 ab
989 3851 1104 3892 usu
1124 3833 1461 3893 necessario
1476 3836 1900 3895 communium

346 3941 579 3983 rerum.
608 3924 778 3997 Quod
802 3930 1173 4004 praeceptum
1193 3944 1305 3985 suo
1325 3925 1509 3985 modo
1532 3944 1699 3986 nunc
1720 3926 1902 3986 durat

347 4015 414 4074 in
443 4015 539 4076 his
575 4017 938 4096 rebusquae
980 4035 1339 4077 communes
1387 4022 1554 4091 sunt,
1607 4018 1901 4095 quamdiu

346 4126 474 4168 non
511 4115 653 4169 sunt
686 4110 941 4170 diversae
968 4108 1178 4187 aliquo
1206 4109 1390 4168 modo
1436 4128 1450 4166 :
1501 4125 1686 4167 nemo
1736 4108 1905 4167 enim

343 4207 543 4280 potest
574 4202 887 4281 prohiberi
914 4221 952 4262 a
997 4200 1316 4262 communi
1363 4218 1482 4259 usu
1512 4198 1761 4259 illarum
1797 4218 1909 4277 per

345 4312 409 4353 se
437 4293 766 4372 loquendo,
788 4295 851 4355 id
882 4300 995 4369 est,
1013 4294 1244 4355 seclusa
1272 4291 1521 4372 speciali
1549 4292 1905 4379 necessitate

344 4385 444 4446 vel
467 4404 649 4447 causa
671 4387 857 4465 justa.
880 4387 1050 4447 Sicut
1069 4387 1254 4447 etiam
1281 4404 1315 4446 e
1335 4385 1666 4458 contrari0‚
1689 4401 1905 4463 quam-

343 4479 439 4538 vis
467 4479 685 4540 divisio
725 4498 936 4541 rerum
965 4499 1090 4540 non
1121 4480 1198 4539 sit
1232 4488 1535 4558 praecepta
1557 4480 1698 4557 jure
1726 4483 1905 4538 natu-

345 4590 429 4631 rae
442 4588 461 4648 ;
483 4578 690 4632 tamen
714 4579 1041 4652 postquam
1063 4573 1224 4633 facta
1246 4578 1338 4632 est
1361 4578 1421 4633 et
1444 4572 1744 4651 applicata
1760 4577 1903 4631 sunt

345 4663 644 4739 dominia,
671 4665 772 4741 jus
810 4670 1047 4725 naturae
1076 4663 1360 4743 prohibet
1386 4665 1645 4737 furtum,
1673 4681 1780 4724 seu
1808 4664 1902 4722 in-

345 4756 615 4815 debitam
643 4758 1060 4836 acceptionem
1089 4759 1178 4817 rei
1215 4756 1431 4817 alienae
1462 4776 1477 4817 :
1511 4763 1572 4816 et
1621 4757 1700 4816 ob
1745 4756 1905 4817 hanc

345 4866 593 4908 causam
619 4868 745 4909 non
774 4850 963 4910 licent
991 4868 1064 4910 ea
1098 4849 1309 4910 omnia
1344 4867 1478 4928 quae
1506 4848 1574 4908 in
1602 4866 1675 4908 ea
1703 4847 1906 4926 objec-

345 4940 513 5001 tione
541 4941 918 5017 inferuntur,
950 4948 1023 5002 ut
1049 4947 1322 5018 constat3
1354 4947 1416 5002 et
1456 4942 1531 5001 de
1553 4940 1677 5000 illis
1708 4940 1906 5000 videri

343 5040 599 5110 possunt
642 5034 958 5106 Covarrus‚
1006 5034 1113 5094 lib.
1165 5035 1223 5109 3,
1265 5034 1530 5109 variar„
1549 5051 1695 5122 cap.
1741 5037 1801 5107 6,
1845 5039 1907 5092 et

349 5125 542 5185 Pinel.
592 5126 659 5186 in
708 5127 922 5186 Rubri.
955 5128 1019 5187 C.
1063 5126 1138 5187 de
1166 5127 1339 5186 Resc.
1372 5126 1606 5201 vendi.,
1633 5130 1795 5203 part.
1828 5128 1857 5184 1
1881 5140 1902 5201 3

346 5234 482 5296 cap.
518 5221 578 5293 1,
609 5237 674 5278 n.
710 5221 785 5278 14
819 5225 880 5279 et
904 5219 1324 5298 sequentibus,

431 5311 529 5369 18.
579 5309 704 5373 Cur
716 5312 832 5391 jus
855 5318 1093 5373 παίωνα»
1121 5311 1551 5372 dominativum
1576 5310 1905 5388 possicper

349 5402 612 5465 homines
645 5406 898 5480 mutari,
926 5423 1042 5466 non
1070 5404 1162 5465 ita
1189 5421 1322 5465 vero
1346 5404 1793 5481 proeceplivum.
1823 5436 1907 5447 —

350 5494 472 5556 Sed
498 5496 700 5559 adhuc
740 5497 941 5561 obstat
976 5497 1314 5560 secundum
1350 5495 1728 5577 exemplum,
1759 5496 1906 5576 quia

3442 399 3551 457 141

2000 494 2216 554 divisio
2231 495 2651 556 dominiorum
2670 496 2874 574 quoad
2895 494 3243 557 libertatem
3266 516 3304 558 a
3333 506 3552 562 natura

1998 586 2160 646 facta
2188 593 2311 663 est3
2338 588 2647 666 quomodo
2689 607 2833 668 ergo
2861 593 3058 667 potest
3084 588 3251 650 licite
3277 592 3558 656 auferri?

2001 681 2075 739 Et
2113 680 2178 739 in
2224 681 2582 740 universum
2631 681 2827 741 oritur
2876 681 2997 741 alia
3044 680 3391 759 difficultaS,
3450 704 3560 746 cur

2000 773 2192 850 possit
2215 772 2316 850 jus
2350 779 2585 833 naturae
2613 773 3089 850 dominativum,
3129 774 3369 834 etiamsi
3398 778 3558 855 posi·-

2004 863 2126 924 tive
2168 864 2245 923 ab
2287 866 2419 944 ipsa
2460 869 2684 926 natura
2720 866 2934 924 datum
2977 865 3078 939 sit,
3109 866 3449 943 immutari,
3497 876 3558 930 et

2003 975 2112 1035 per
2130 957 2414 1016 homines
2441 957 2772 1035 aliquando
2796 956 2961 1017 licite
2982 962 3044 1017 et
3066 957 3268 1018 valide
3292 959 3552 1022 auferri:

2003 1067 2129 1109 non
2153 1056 2359 1127 autem
2382 1049 2468 1109 ita
2489 1049 2676 1128 possit
2704 1050 2930 1109 mutari
2946 1050 3048 1126 jus
3069 1055 3308 1110 naturas
3336 1069 3559 1130 praece·

1999 1143 2259 1221 ptivum.
2293 1143 2651 1222 Respondeo
2676 1143 2848 1221 prius
2873 1144 2951 1203 ad
2983 1144 3324 1204 seeundum
3351 1163 3557 1206 exem-

1997 1235 2192 1313 plum,
2235 1236 2516 1314 quamvis
2561 1242 2783 1296 natura
2821 1235 3056 1295 dederit
3101 1234 3451 1297 libertatem
3496 1244 3558 1299 et

1997 1326 2344 1388 dominium
2390 1329 2544 1406 ejus,
2601 1346 2728 1388 non
2778 1334 2987 1388 tamen
3025 1327 3303 1388 absolute
3331 1328 3556 1407 2prohi-

1994 1419 2219 1497 buisse,
2272 1440 2351 1481 ne
2396 1420 2624 1481 auferri
2668 1420 2878 1499 possit.
2928 1421 3083 1480 Nam
3129 1420 3436 1500 imprimis
3482 1439 3554 1482 eo

1993 1512 2126 1592 ipso
2157 1514 2323 1592 quod
2368 1513 2555 1573 homo
2596 1519 2690 1574 est
2731 1512 3019 1572 dominus
3055 1531 3180 1572 suae
3227 1510 3550 1589 libertatis,

1992 1611 2189 1684 potest
2229 1624 2365 1665 eam
2403 1605 2671 1665 vendere
2707 1623 2813 1664 seu
2858 1604 3151 1665 alienare.
3186 1606 3553 1684 Respublica

1994 1699 2181 1758 etiam
2225 1717 2336 1777 per
2381 1704 2748 1777 potestatem
2796 1697 3080 1757 altiorem
3125 1716 3314 1777 quam
3368 1699 3555 1760 habet

1994 1791 2073 1851 ad
2090 1793 2392 1870 regendos
2409 1792 2714 1866 homines,
2733 1796 2929 1870 potest
2957 1808 3035 1850 ex
3051 1790 3222 1867 justa
3250 1810 3430 1851 causa
3460 1795 3552 1870 (ut

1994 1884 2062 1944 in
2103 1886 2374 1964 poenam)
2425 1885 2744 1944 hominem
2787 1884 3029 1962 privare
3074 1901 3185 1943 sua
3217 1883 3498 1946 libertate
3533 1904 3548 1946 ε

1994 1996 2144 2037 nam
2171 1979 2358 2039 etiam
2386 1984 2609 2038 natura
2649 1976 2814 2037 dedit
2850 1976 3088 2035 homini
3119 1976 3313 2035 vitam
3349 1979 3552 2055 quoad

1994 2089 2177 2131 usum
2205 2073 2336 2149 ejus
2364 2089 2434 2132 ac
2456 2070 2893 2149 possessionem
2901 2113 2920 2143 ,
2946 2075 3009 2129 et
3046 2069 3359 2129 interdum
3389 2071 3553 2131 nihi-

1992 2162 2265 2223 lominus
2287 2168 2488 2242 potest
2502 2163 2669 2241 juste
2687 2162 2792 2221 illa
2814 2160 3045 2239 privari
3061 2179 3170 2240 per
3187 2167 3551 2239 potestatem

1993 2255 2356 2317 humanam.

2077 2351 2173 2409 19.
2222 2348 2467 2411 Salutio
2511 2352 2566 2408 et
2610 2347 2772 2408 ratio
2814 2345 3199 2424 differentiae.
3247 2378 3327 2391 —
3378 2348 3553 2408 Ratio

1992 2446 2198 2500 autem
2234 2439 2539 2517 generalis
2586 2437 2949 2498 differentiae
2992 2439 3155 2497 inter
3182 2439 3286 2515 jus
3330 2458 3552 2518 praeee-

1988 2532 2229 2610 ptivum
2259 2537 2320 2592 et
2350 2531 2827 2601 dominativum,
2860 2533 2970 2600 est,
3004 2528 3153 2607 quia
3191 2530 3347 2590 illud
3377 2533 3546 2610 prius

1988 2623 2262 2684 continet
2302 2622 2550 2700 regulas
2585 2639 2655 2681 ae
2699 2619 3008 2699 principia
3055 2620 3212 2681 bene
3254 2626 3550 2702 operandi

1986 2735 2124 2795 quae
2147 2717 2464 2777 continent
2490 2714 2898 2775 necessariam
2928 2714 3287 2776 veritatem:
3315 2722 3378 2777 et
3410 2717 3549 2779 ideo

1985 2811 2399 2871 immutabilia
2427 2815 2607 2885 sunt,
2637 2809 2978 2868 fundantur
3014 2806 3182 2868 enim
3223 2810 3290 2869 in
3324 2811 3549 2871 intrin-

1986 2923 2122 2965 seca
2151 2904 2532 2983 objectorum
2560 2901 2952 2974 rectitudine,
2972 2900 3071 2960 vel
3095 2902 3416 2979 pravitate.
3440 2906 3475 2964 J
3479 2924 3550 2964 us

1987 3004 2194 3057 autem
2213 2997 2665 3056 dominativum
2682 2993 2884 3054 solum
2903 2998 2993 3052 est
3012 2995 3271 3054 materia
3293 2996 3547 3057 alterius

1985 3091 2140 3168 juris
2162 3089 2538 3170 praeeeptivi,
2568 3092 2630 3147 et
2658 3084 2934 3145 consistit
2977 3086 3068 3161 (ut
3094 3084 3179 3145 sic
3215 3086 3439 3165 dicam)
3481 3089 3548 3150 in

1988 3183 2149 3242 facto
2176 3182 2470 3261 quodam,
2497 3197 2604 3239 seu
2635 3178 2702 3237 in
2729 3176 2839 3236 tali
2868 3176 3221 3238 conditione
3248 3179 3347 3239 vel
3373 3181 3548 3241 habi-

1990 3275 2206 3334 tudine
2229 3291 2461 3335 rerum.
2499 3272 2745 3332 Constat
2775 3274 2984 3329 autem
3013 3287 3110 3329 res
3138 3287 3353 3331 omnes
3380 3292 3547 3334 crea-

1988 3372 2103 3441 tas,
2117 3366 2457 3446 praesertim
2476 3361 2992 3441 incorruptibiles,
3010 3361 3239 3423 habere
3262 3381 3299 3422 a
3326 3370 3548 3427 natura

1987 3462 2211 3522 multas
2253 3460 2634 3521 conditiones
2657 3503 2678 3533 ,
2720 3475 2858 3537 quae
2905 3457 3232 3517 mutabiles
3280 3464 3449 3530 sunt,
3486 3467 3547 3520 et

1983 3574 2096 3635 per
2128 3555 2278 3616 alias
2306 3572 2520 3615 causas
2557 3551 2788 3614 auferri
2837 3558 3111 3630 possunt.
3147 3552 3244 3612 Sic
3280 3570 3427 3630 ergo
3455 3553 3548 3613 di-

1984 3648 2180 3708 cimus
2214 3648 2290 3708 de
2323 3647 2628 3722 libertate,
2661 3652 2722 3707 et
2755 3646 2832 3706 de
2860 3662 3250 3723 quocumque
3280 3646 3418 3723 jure
3463 3646 3546 3705 ci-

1981 3741 2114 3815 vili,
2146 3742 2386 3801 etiamsi
2412 3740 2669 3818 positive
2693 3739 2773 3798 sit
2800 3756 2839 3797 a
2867 3746 3091 3797 natura
3117 3736 3328 3796 datum
3334 3755 3542 3815 ,posse

1980 3851 2092 3912 per
2119 3832 2400 3893 homines
2426 3832 2679 3906 mutari,
2714 3830 2863 3909 quia
2889 3830 2955 3889 in
2984 3829 3245 3907 singulis
3267 3831 3543 3907 personis

1982 3932 2076 3985 est
2098 3926 2536 4003 dependenter,
2565 3922 2664 3982 vel
2691 3939 2730 3981 a
2752 3938 2864 3979 sua
2891 3920 3231 3994 voluntate,
3263 3920 3360 3981 vel
3383 3940 3421 3983 a
3449 3941 3544 3983 re·

1984 4015 2251 4093 publica,
2274 4022 2577 4093 quatenus
2600 4011 2789 4071 habet
2810 4011 3153 4086 legitimam
3177 4017 3542 4089 potestatem

1985 4107 2055 4165 in
2095 4123 2309 4165 omnes
2354 4105 2623 4182 privatas
2659 4117 2947 4178 personas
2991 4108 3053 4159 et
3096 4100 3260 4162 bona
3299 4121 3539 4183 earum,

1987 4201 2291 4274 quantum
2316 4195 2393 4254 ad
2433 4192 2700 4253 debitam
2730 4189 3243 4267 gubernationem
3271 4212 3544 4258 necessa-

1986 4289 2150 4348 rium
2185 4293 2296 4348 est.

2066 4384 2166 4443 19.
2203 4380 2404 4460 Atque
2461 4396 2536 4439 ex
2586 4376 2684 4437 his
2739 4374 2975 4454 reliqua
3028 4375 3312 4454 exempla
3366 4380 3542 4443 facile

1984 4475 2269 4554 expedita
2306 4479 2468 4534 sunt.
2518 4473 2672 4533 Nam
2703 4470 2953 4531 tertium
2984 4468 3060 4529 de
3087 4473 3543 4552 praescriptione

1984 4570 2182 4630 solum
2210 4568 2430 4648 probat
2450 4567 2616 4646 leges
2644 4565 2852 4625 civiles
2881 4580 3053 4641 posse
3073 4580 3150 4621 ex
3167 4562 3336 4639 justa
3363 4583 3544 4628 causa

1984 4668 2248 4737 mutare,
2293 4660 2393 4721 vel
2439 4657 2770 4719 transferre
2806 4656 2948 4733 jura
2993 4654 3375 4729 dominandi,
3423 4675 3545 4735 qua

1984 4754 2329 4815 mutatione
2358 4753 2540 4828 facta,
2567 4751 2909 4812 extrinseca
2935 4749 3174 4808 ratione
3199 4747 3318 4808 dici
3342 4755 3545 4827 potest

1986 4848 2216 4908 mutari
2241 4848 2342 4925 jus
2364 4845 2668 4919 naturale,
2695 4844 2840 4922 quia
2865 4845 3104 4901 mutata
3130 4842 3391 4901 materia
3418 4862 3545 4904 ces-

1987 4946 2081 4999 sat
2111 4940 2277 5019 prius
2299 4940 2424 5017 juS,
2452 4944 2512 5000 et
2534 4935 2704 4998 aliud
2734 4934 3002 5011 obligat3
3030 4932 3193 5010 quod
3212 4951 3339 4992 non
3360 4952 3543 5015 repu-

1985 5037 2137 5110 gnat
2155 5032 2356 5108 dictis,
2396 5032 2524 5091 imo
2558 5029 2663 5088 illa
2690 5025 3036 5086 confirmat.
3066 5024 3365 5095 Quartum
3396 5046 3543 5089 vero

1984 5125 2338 5204 exemplum
2359 5125 2435 5183 de
2463 5118 2845 5182 testamentis
2872 5114 2971 5175 vel
3002 5116 3417 5178 contractibus
3446 5138 3542 5180 so-

1984 5215 2118 5275 lum
2139 5216 2356 5294 probat
2377 5216 2477 5291 jus
2497 5213 2847 5271 humanum
2865 5225 3039 5286 posse
3061 5206 3297 5285 aliquid
3320 5210 3543 5272 addere

1981 5310 2111 5387 juri
2152 5307 2443 5380 naturali,
2475 5304 2640 5383 quod
2685 5303 2874 5362 etiam
2911 5318 3128 5360 verum
3174 5306 3286 5360 est.
3333 5304 3543 5381 Neque

1986 5402 2132 5462 inde
2182 5400 2456 5479 sequitur
2494 5396 2729 5475 aliquid
2764 5399 2977 5454 contra
3019 5393 3354 5471 positivum
3387 5414 3543 5474 prae-

1985 5500 2230 5575 ceptum
2272 5491 2431 5570 juris
2470 5495 2728 5565 naturoe,
2777 5487 2922 5567 quia
2950 5486 3053 5563 jus
3091 5485 3387 5548 naturale
3413 5506 3542 5549 non
