3976 6219
502 483 606 538 tur
633 473 725 535 illi
745 489 963 553 parere
986 492 1004 545 3
1024 474 1158 529 tum
1183 466 1354 547 8818,
1373 466 1515 526 11881
1533 466 1820 546 princeps
1837 465 2067 527 11811881

501 571 663 632 11888
681 564 1110 626 certitudinem
1133 566 1196 621 et
1218 558 1614 635 evidentiam,
1637 565 1729 620 est
1747 558 2068 619 moraliter

501 657 876 741 impossibile
902 661 972 716 ut
1008 671 1223 716 omnes
1257 651 1487 714 subditi
1522 652 1694 712 illam
1733 669 2066 729 assequan-

500 762 643 830 tur;
681 755 896 811 contra
918 748 1221 809 rationem
1252 750 1463 807 autem
1487 750 1642 805 esset
1665 742 1897 823 aliquid
1930 761 2065 803 mo-

499 846 710 908 raliter
734 840 1108 921 impossibile
1140 837 1471 919 postulare,
1496 841 1570 896 ut
1597 836 1694 897 181
1713 837 1881 914 justa
1907 833 2065 894 obli-

500 948 641 1019 get3
666 943 801 998 tum
831 935 1017 996 etiam
1046 935 1191 1012 quia
1223 931 1275 992 si
1312 929 1430 991 hoc
1463 946 1683 991 verum
1718 933 1898 1003 esset,
1932 927 2063 988 fere

501 1052 717 1095 omnes
729 1036 974 1111 possent
989 1026 1266 1089 excusari
1279 1042 1316 1085 a
1333 1024 1639 1086 solutione
1655 1023 2057 1084 tributorum.

499 1128 638 1188 Non
672 1130 762 1186 851
789 1140 937 1201 8138
973 1121 1120 1183 satis
1155 1125 1226 1179 ut
1250 1136 1377 1181 non
1408 1123 1643 1191 constet
1668 1134 1780 1196 per
1811 1115 2062 1177 eviden-

498 1221 675 1280 tiam.
703 1219 906 1278 Potest
931 1231 1077 1276 vero
1108 1212 1291 1272 latius
1313 1209 1420 1271 illa
1447 1209 1749 1290 particula
1781 1208 1967 1283 sumi,
2000 1212 2063 1268 et

499 1330 642 1374 cum
678 1311 796 1371 hac
824 1308 1154 1386 negatione
1183 1304 1305 1364 alia
1341 1304 1661 1381 conjungi,
1704 1301 1954 1375 58111881,
1992 1305 2064 1359 81

495 1422 694 1483 neque
740 1420 851 1481 per
903 1399 1208 1460 rationem
1252 1395 1635 1476 probabilem
1694 1398 1928 1454 constet
1983 1392 2060 1452 de

495 1496 738 1577 justitia
764 1493 1002 1567 tributi,
1037 1497 1099 1552 et
1125 1490 1365 1550 dicatur
1401 1505 1530 1548 non
1565 1492 1864 1561 constare,
1893 1485 2059 1564 quod

496 1607 612 1649 nec
640 1593 808 1648 certo
836 1604 950 1646 nec
977 1582 1377 1663 probabiliter
1404 1581 1813 1659 cognoscitur,
1834 1596 1913 1638 81
1933 1592 2059 1656 888

495 1680 825 1759 negatione
851 1678 1052 1738 oritur
1074 1675 1333 1736 dubium
1357 1674 1738 1751 negativum.
1757 1672 1832 1730 Et
1849 1672 1916 1730 in
1938 1666 2058 1730 1188

496 1791 678 1835 58858
715 1771 853 1831 11188
884 1769 1053 1829 811811
1080 1785 1207 1829 8558
1233 1767 1408 1845 18881
1448 1766 1523 1826 de
1551 1764 1852 1843 principe,
1893 1761 2062 1823 aliud

498 1866 575 1927 de
622 1865 870 1926 subdito
899 1867 964 1923 et
996 1862 1071 1922 de
1123 1861 1428 1921 solutione
1475 1856 1713 1918 tributi.
1768 1856 2062 1934 Princeps

495 1976 644 2037 ergo
689 1957 741 2018 si
790 1973 932 2017 cum
984 1953 1173 2014 simili
1212 1952 1401 2013 dubio
1433 1949 1739 2011 tributum
1775 1949 2058 2027 imperet,

497 2052 627 2130 agit
662 2050 911 2129 injuste,
944 2054 1015 2108 ut
1054 2063 1240 2126 supra
1267 2044 1419 2119 dixi,
1451 2043 1596 2122 8818
1635 2042 1765 2120 8311
1801 2046 2058 2116 temere,

497 2151 560 2206 et
585 2148 803 2204 onerat
830 2140 1105 2202 subditos
1147 2139 1278 2199 sine
1318 2139 1485 2216 justa
1511 2152 1714 2196 causa.
1759 2136 1836 2194 Et
1864 2135 1950 2193 ita
1993 2135 2062 2194 in

494 2237 602 2297 illo
626 2236 896 2297 maxime
923 2233 1110 2294 1181181
1136 2232 1361 2305 1888111,
1388 2230 1554 2308 quod
1578 2228 1802 2289 dicitur
1826 2228 1894 2287 in
1923 2245 2055 2305 cap.

499 2330 805 2402 Pervenit,
827 2326 903 2386 de
926 2322 1240 2399 censibus,
1265 2321 1432 2401 quod
1450 2338 1664 2381 census
1687 2319 2059 2397 ignorantiae

496 2420 666 2480 nullo
712 2420 853 2497 jure
904 2416 1200 2497 probatur
1214 2433 1234 2492 ;
1283 2432 1566 2493 princeps
1611 2412 1822 2491 itaque
1872 2411 2058 2472 debet

495 2530 671 2573 nosse
701 2511 935 2589 justam
963 2526 1209 2569 causam
1240 2506 1481 2581 tributi,
1508 2511 1571 2566 81
1597 2503 1773 2564 111818
1800 2504 2055 2564 reddere

495 2604 743 2684 quando
784 2603 1147 2683 oportuerit.
1195 2600 1369 2661 Unde
1416 2600 1468 2659 si
1514 2597 1771 2658 subditis
1821 2603 2055 2657 constet

495 2696 839 2776 principem
863 2712 1006 2755 cum
1030 2694 1137 2753 illo
1161 2693 1349 2752 dubio
1372 2692 1703 2768 imperasse
1729 2687 2057 2764 tributum,

492 2807 620 2848 non
661 2788 1041 2849 tenebuntur
1076 2785 1332 2858 solvere,
1378 2781 1621 2843 etiamsi
1662 2780 1941 2840 nesciant
1976 2799 2059 2840 an

492 2900 560 2942 re
611 2882 746 2959 ipsa
792 2877 1201 2938 intercesserit
1242 2875 1547 2935 sufficiens
1598 2889 1780 2932 causa
1823 2890 2018 2933 necne
2034 2916 2056 2947 ,

493 2973 641 3052 8818
669 2972 815 3031 58115
839 2975 930 3031 851
953 2968 1113 3048 quod
1143 2969 1338 3028 sciant
1368 2965 1674 3026 tributum
1707 2981 1836 3024 esse
1864 2964 2058 3041 injus-

493 3070 650 3127 tum.
674 3062 850 3124 Unde
873 3068 1022 3122 tunc
1044 3076 1173 3122 non
1201 3063 1402 3140 potest
1423 3057 1565 3131 dici,
1595 3060 1842 3117 tantum
1865 3071 2057 3133 8838-

489 3157 617 3218 ti've
653 3174 782 3216 non
825 3160 1101 3216 constare
1145 3153 1406 3214 subditis
1428 3150 1503 3210 de
1525 3150 1768 3227 justitia
1791 3149 2050 3209 tributi:

494 3267 642 3310 nam
692 3249 949 3328 positive
992 3247 1180 3307 etiam
1209 3249 1448 3306 constat
1491 3241 1614 3301 ’11115
1643 3240 1720 3301 118
1749 3241 2056 3320 injustitia

489 3341 731 3417 tributi,
776 3345 837 3400 et
862 3340 1002 3400 ideo
1026 3337 1168 3398 talis
1196 3354 1371 3397 casus
1398 3353 1527 3395 non
1567 3335 1647 3395 ad
1686 3338 2054 3414 praesentem

487 3431 950 3507 resolutionem,
980 3430 1086 3492 sed
1109 3429 1187 3491 ad
1208 3427 1652 3509 praecedentem
1678 3432 1930 3505 spectat.

570 3527 669 3587 16.
714 3526 795 3585 At
832 3542 979 3586 vero
1028 3523 1309 3584 subditus
1340 3522 1447 3601 qui
1479 3521 1673 3582 nescit
1706 3521 2051 3600 principem

487 3637 615 3680 non
642 3617 932 3678 habuisse
969 3634 1239 3691 causam,
1281 3614 1382 3675 vel
1405 3614 1712 3674 dubitasse
1739 3613 1815 3673 de
1841 3632 2048 3688 causa,

488 3712 595 3771 sed
647 3710 847 3771 solum
893 3711 1141 3788 ignorat
1177 3727 1259 3768 an
1298 3706 1592 3767 habuerit
1626 3722 1897 3780 causam,
1948 3706 2049 3766 vel

485 3820 675 3883 888111
706 3802 1017 3877 1181188111,
1046 3807 1108 3862 81
1130 3803 1573 3878 888588888181
1600 3797 1800 3858 solum
1825 3802 1917 3858 851
1935 3798 2049 3858 du-

485 3896 626 3957 bius
650 3894 939 3972 negative
973 3892 1050 3954 de
1081 3910 1263 3954 881158
1290 3891 1389 3952 vel
1420 3890 1661 3970 justitia
1685 3890 1925 3966 tributi,
1957 3896 2048 3951 te-

485 3994 670 4049 netur
714 3989 792 4048 ad
838 3986 1200 4048 solvendum
1249 3984 1576 4045 tributum.
1625 3983 1927 4044 Probatur
1970 4002 2047 4044 ex

485 4080 760 4160 generali
785 4080 1001 4158 regula
1024 4079 1191 4158 quod
1218 4077 1498 4138 subditus
1525 4082 1771 4137 tenetur
1798 4075 2049 4136 obedire

485 4175 742 4236 Praelato
768 4173 1171 4253 praecipienti,
1194 4190 1320 4232 non
1348 4172 1550 4232 solum
1572 4169 1820 4250 quando
1848 4175 2050 4229 certus

484 4275 598 4343 est,
615 4286 744 4329 non
758 4285 886 4329 8558
904 4272 1118 4327 8811118
1135 4266 1244 4326 Β81
1260 4270 1658 4344 praeceptum,
1683 4262 1844 4342 quod
1859 4262 2050 4322 1181118

478 4361 680 4440 jubet,
709 4360 812 4421 sed
835 4360 1023 4420 etiam
1058 4359 1303 4438 quando
1332 4364 1537 4420 utrum
1560 4357 1666 4430 sit,
1701 4362 1895 4418 certus
1930 4374 2049 4418 non

485 4459 592 4529 est,
620 4459 688 4513 ut
717 4452 876 4512 dixit
909 4451 1194 4529 August„
1224 4451 1304 4510 22
1331 4455 1548 4510 contra
1581 4447 1816 4523 Faust.,
1847 4466 1902 4508 8.
1941 4450 2042 4524 75,

482 4564 619 4625 cap.
669 4546 829 4618 Quid
858 4544 1158 4622 culpatur,
1203 4541 1305 4616 23,
1349 4546 1564 4620 quaest.
1609 4544 1664 4599 1.
1711 4540 1833 4599 Ν88
1863 4540 2044 4601 video

482 4657 593 4698 cur
630 4639 755 4698 sint
794 4636 872 4696 ab
905 4636 1023 4695 1188
1066 4634 1281 4712 183818
1322 4631 1698 4711 excipiendae
1733 4631 1902 4710 leges
1933 4633 2044 4693 tri-

480 4730 799 4806 butorum,
831 4747 974 4789 cum
1003 4726 1138 4787 aliae
1176 4726 1408 4806 possint
1450 4743 1578 4786 esse
1606 4725 1707 4785 vel
1743 4744 1915 4805 aeque
1942 4724 2043 4786 vel

482 4823 681 4901 magis
709 4838 1007 4894 onerosae,
1052 4826 1113 4879 et
1141 4836 1282 4880 cum
1309 4820 1499 4898 possit
1525 4837 1654 4880 esse
1694 4837 1867 4898 oeque
1896 4837 2043 4879 one-

477 4933 688 4975 rosum
710 4914 975 4994 principi
1001 4912 1053 4972 si
1087 4912 1177 4972 illi
1205 4931 1332 4972 non
1354 4913 1672 4973 solvantur
1693 4912 1949 4988 tributa,
1981 4917 2044 4972 81

477 5014 734 5086 cogatur
774 5006 1041 5067 militare
1067 5007 1165 5066 vel
1199 5006 1320 5065 alio
1361 5006 1545 5066 modo
1571 5007 1800 5067 servire
1837 5006 2043 5084 reipu-

477 5100 652 5161 hlicae
672 5102 803 5161 sine
823 5099 1174 5160 necessariis
1191 5097 1457 5160 tributis,
1474 5099 1569 5159 Ad
1587 5099 1748 5178 quod
1769 5099 2041 5159 maxime

476 5192 652 5272 juvat
672 5192 836 5273 quod
856 5193 932 5254 de
960 5192 1290 5272 apostolica
1316 5191 1457 5252 sede
1485 5190 1643 5251 dixit
1657 5190 1905 5250 Carolus
1923 5190 2040 5250 im-

474 5292 740 5364 perator:
773 5287 915 5347 licet
944 5287 1050 5345 vix
1079 5285 1402 5345 ferendum
1429 5284 1520 5362 ab·
1535 5283 1641 5343 illa
1672 5288 1879 5344 588818
1898 5282 2039 5344 58118

474 5379 833 5459 imponatur
862 5381 1111 5458 jugum,
1163 5385 1358 5441 tamen
1396 5379 1707 5456 serendum
1754 5383 1863 5452 est,
1895 5396 2032 5456 cap.

474 5472 557 5534 In
598 5474 967 5548 memoriam,
1001 5471 1063 5532 d.
1097 5474 1195 5533 19.
1244 5471 1386 5533 [1188
1412 5471 1583 5532 88118
1619 5470 1925 5532 sententia
1965 5470 2036 5529 in

1401 365 1516 418 LIB.
1553 366 1612 418 V.
1650 367 1729 419 DE
1761 364 2118 417 VARIETATE
2150 365 2360 419 LEGUH
2391 367 2801 421 nnnANARUu.

2145 466 2420 546 quolibet
2444 467 2721 548 principe
2765 465 3077 546 superiore
3104 482 3246 528 88111
3279 464 3708 545 proportione,

2145 565 2206 620 et
2235 561 2398 621 intra
2440 578 2615 622 suam
2649 576 3006 620 mensuram
3050 558 3254 619 locum
3289 558 3514 636 habet3
3545 577 3711 637 prae-

2144 654 2357 714 sertim
2389 670 2533 713 cum
2557 653 2863 714 tributum
2891 670 3019 712 non
3047 652 3238 731 possit
3264 652 3383 712 dici
3415 650 3710 711 intolera-

2144 747 2269 808 bile
2291 747 2535 824 jugum,
2577 746 2777 806 solum
2818 745 2966 824 quia
2992 763 3179 805 causa
3207 744 3338 823 ejus
3364 762 3403 804 a
3447 744 3711 804 subditis

2143 842 2488 920 ignoratur.
2543 842 2845 902 Praeterea
2899 840 3235 919 saepissime
3276 844 3478 918 potest
3524 856 3709 900 causa

2141 935 2359 996 tributi
2383 952 2509 995 8558
2529 933 2787 1009 8888118,
2813 938 2875 994 81
2901 938 3114 993 181888
3132 949 3261 993 8558
3282 932 3453 1010 justa
3466 952 3482 1005 ;
3504 949 3708 1010 neque

2142 1032 2386 1089 tenetur
2433 1044 2677 1105 semper
2724 1045 2834 1087 rex
2882 1042 3129 1086 causam
3172 1024 3520 1104 propalare,
3577 1024 3707 1084 imo

2141 1120 2457 1180 interdum
2484 1117 2800 1179 tenebitur
2827 1117 3131 1178 occultare
3154 1117 3231 1177 ad
3261 1117 3495 1194 negotii
3522 1133 3706 1195 expe-

2143 1212 2466 1273 ditionem.
2511 1210 2899 1288 Regulariter
2925 1212 3113 1271 etiam
3141 1227 3268 1269 non
3295 1214 3495 1288 potest
3516 1227 3705 1269 88858

2144 1296 2524 1366 innotescere
2552 1304 2841 1364 omnibus
2871 1310 2931 1365 et
2959 1302 3219 1381 singulis
3245 1301 3526 1370 5811111115,
3558 1301 3704 1382 quia

2141 1397 2241 1459 vel
2269 1411 2396 1459 non
2437 1402 2584 1458 sunt
2622 1412 2895 1475 capaces,
2936 1395 3037 1457 vel
3077 1395 3224 1474 quia
3256 1411 3384 1454 non
3417 1393 3705 1454 omnibus

2138 1497 2316 1551 vacat
2350 1507 2564 1550 causas
2598 1489 2973 1549 tributorum
3011 1487 3368 1548 examinare
3406 1490 3471 1545 et
3513 1501 3704 1563 agno-

2138 1601 2304 1644 scere
2319 1604 2336 1658 ;
2364 1585 2495 1643 imo
2522 1582 2598 1644 de
2626 1582 2785 1643 facto
2812 1583 3064 1642 fortasse
3090 1586 3234 1640 sunt
3258 1578 3456 1639 multa
3472 1577 3708 1637 tn'buta

2135 1677 2325 1756 justa,
2347 1694 2612 1755 88818111
2633 1693 2846 1737 causas
2873 1693 3000 1736 non
3024 1677 3365 1753 agnoscunt
3382 1670 3567 1731 multi
3584 1672 3704 1731 viri

2143 1769 2475 1850 prudentes
2503 1775 2564 1830 81
2592 1770 2780 1845 docti,
2810 1768 3041 1829 nedum
3074 1782 3291 1827 omnes
3326 1764 3563 1824 rustici.
3596 1763 3704 1824 At-

2142 1882 2264 1943 que
2303 1863 2435 1924 haec
2473 1864 2632 1925 ratio
2667 1862 2886 1931 eodem
2922 1860 3107 1921 modo
3138 1864 3320 1937 urget
3355 1858 3432 1918 de
3464 1858 3703 1936 justitia

2141 1956 2380 2031 tributi,
2428 1962 2731 2035 quatenus
2757 1953 2984 2034 pendet
3012 1971 3087 2014 ex
3114 1952 3336 2012 forma.
3379 1950 3490 2023 Qui
3533 1950 3703 2011 enim

2140 2046 2277 2109 fieri
2312 2054 2511 2127 potest
2544 2053 2614 2107 81
2646 2065 2861 2109 8111885
2899 2044 3133 2107 subditi
3172 2044 3604 2118 informentur,
3642 2050 3705 2103 et

2141 2149 2509 2219 cognoscant
2535 2159 2615 2201 an
2640 2141 2706 2200 in
2724 2139 2958 2200 tributo
2984 2138 3063 2198 sit
3090 2137 3299 2215 aliqua
3321 2135 3704 2215 inaequalitas

2140 2233 2378 2294 ratione
2421 2233 2942 2313 improportionis,
2985 2249 3094 2292 seu
3133 2230 3381 2308 injustae
3412 2228 3704 2289 distribu-

2139 2327 2345 2400 tionis,
2381 2344 2521 2386 cum
2554 2326 2673 2386 hoc
2712 2326 2819 2386 vix
2847 2325 3039 2404 possit
3063 2342 3102 2383 a
3134 2322 3512 2402 sapientibus
3533 2322 3703 2400 judi-

2138 2420 2287 2493 cari,
2318 2425 2379 2480 et
2402 2419 2667 2498 pendeat
2696 2437 2772 2479 ex
2818 2417 3163 2478 innumeris
3192 2415 3667 2476 circumstantiis
3681 2430 3702 2491 3

2137 2530 2308 2590 ergo,
2347 2517 2418 2572 ut
2443 2512 2545 2572 lex
2572 2511 2793 2572 tributi
2826 2510 3075 2588 obliget,
3103 2508 3402 2587 postulari
3437 2526 3561 2567 non
3588 2525 3704 2585 po·

2135 2608 2254 2664 test
2272 2603 2535 2683 positiva
2558 2604 2833 2677 scientia,
2853 2602 2952 2662 vel
2970 2599 3301 2680 probabilis
3323 2600 3595 2675 cognitio
3624 2598 3703 2659 de

2132 2697 2375 2775 justitia
2403 2697 2642 2773 tributi,
2678 2697 2881 2775 quoad
2908 2696 3022 2755 has
3052 2711 3260 2754 omnes
3286 2693 3702 2768 conditiones,

2139 2787 2246 2849 sed
2287 2789 2434 2849 satis
2475 2794 2567 2849 est
2608 2788 2771 2867 quod
2804 2792 3039 2849 constet
3080 2803 3205 2846 esse
3244 2786 3622 2863 imperatum
3664 2802 3704 2845 a

2139 2880 2417 2957 legitimo
2439 2880 2741 2960 principe,
2764 2886 2826 2941 et
2854 2879 3019 2960 quod
3045 2896 3173 2938 non
3196 2883 3434 2939 constet
3453 2878 3517 2937 in
3515 2878 3704 2956 justi-

2138 2972 2287 3033 tiam
2318 2974 2653 3034 continere.

2218 3067 2316 3126 17.
2349 3068 2423 3127 Et
2451 3065 2803 3127 confirmari
2842 3064 2958 3126 hoc
2985 3070 3186 3146 potest
3218 3080 3292 3126 81
3325 3082 3453 3144 cap.
3487 3062 3696 3143 Super

2136 3159 2600 3238 quibusdamde
2623 3159 2808 3220 Verb.
2834 3159 3022 3236 sign.,
3046 3158 3155 3218 ubi
3180 3163 3445 3235 quatuor
3464 3173 3697 3235 genera

2133 3250 2508 3312 tributorum
2556 3250 2848 3312 dicuntur
2888 3268 3015 3312 non
3060 3250 3396 3329 prohibita,
3438 3249 3690 3323 scilicet,

2134 3342 2421 3422 imposita
2466 3343 2546 3403 ab
2591 3345 2984 3423 imperatore,
3030 3357 3202 3421 rege,
3254 3341 3526 3402 Concilio
3581 3359 3694 3402 588

2134 3435 2321 3513 Papa,
2359 3441 2422 3496 et
2456 3437 2714 3515 antiqua
2742 3442 2886 3496 ante
2918 3436 3246 3496 hominum
3281 3437 3647 3496 memoriam
3668 3451 3690 3511 ;

2131 3527 2235 3587 sed
2255 3528 2321 3588 in
2351 3527 2465 3589 1188
2484 3534 2702 3607 888118
2725 3528 3029 3604 1881111118,
3047 3529 3098 3588 51
3125 3533 3360 3589 8885181
3386 3528 3691 3588 tributum

2132 3637 2263 3680 esse
2288 3620 2379 3680 ita
2405 3621 2755 3700 antiquum,
2799 3620 3197 3700 praesumitur
3228 3621 3580 3699 legitimum
3613 3638 3691 3681 ex

2130 3717 2303 3790 parte
2333 3729 2555 3788 causae,
2598 3713 2841 3774 etiamsi
2872 3713 3215 3791 ignoretur,
3249 3718 3321 3772 ut
3352 3731 3539 3792 supra
3565 3713 3692 3774 dic-

2128 3809 2263 3863 tum
2292 3808 2404 3878 est,
2445 3811 2508 3865 et
2547 3810 2639 3866 est
2675 3806 3025 3866 communis
3049 3806 3354 3866 sententia
3380 3805 3490 3880 ibi,
3524 3815 3585 3866 et
3622 3807 3688 3865 in

2128 3914 2262 3975 cap.
2297 3897 2603 3972 Pervenit,
2646 3897 2721 3958 de
2759 3897 3028 3975 Censib.;
3065 3916 3214 3976 ergo
3255 3898 3473 3958 eodem
3507 3899 3689 3958 modo

2126 3989 2366 4069 reliqua
2392 3991 2821 4070 praesumenda
2865 3997 3012 4051 sunt
3036 3991 3264 4052 habere
3288 3991 3522 4069 justam
3547 4009 3688 4050 cau-

2130 4101 2285 4159 sam,
2318 4101 2391 4143 88
2418 4083 2552 4162 ipso
2586 4083 2751 4163 quod
2779 4090 3098 4163 ponuntur
3122 4102 3160 4144 a
3192 4084 3467 4162 principe
3489 4083 3693 4161 legiti-

2130 4193 2257 4251 mo,
2301 4176 2421 4235 nisi
2450 4178 2827 4236 contrarium
2864 4181 3121 4236 constet.
3153 4176 3457 4237 Probatur
3482 4192 3692 4235 conse-

2129 4269 2402 4347 quentia,
2422 4270 2570 4348 quia
2593 4268 2701 4330 illa
2722 4274 2990 4349 quatuor
3011 4270 3471 4349 aequipamntur
3487 4268 3690 4347 quoad

2127 4360 2245 4421 hoc
2278 4368 2349 4422 ut
2385 4380 2513 4422 non
2561 4363 2684 4421 sint
2726 4361 3095 4438 interdicta3
3137 4362 3296 4422 ratio
3343 4362 3533 4422 etiam
3571 4360 3693 4421 hoc

2125 4454 2364 4529 suadet,
2416 4454 2562 4532 quia
2606 4455 3006 4533 praesumptio
3050 4460 3140 4514 est
3186 4471 3301 4533 pro
3350 4454 3688 4533 superiore,

2125 4545 2274 4605 dum
2295 4546 2675 4606 contrarium
2690 4564 2818 4606 non
2838 4552 3076 4606 constat
3092 4546 3468 4626 3proesertim
3493 4564 3698 4625 quan—

2123 4637 2202 4698 do
2236 4644 2475 4699 constat
2505 4638 2605 4700 vel
2632 4640 2901 4700 creditur
2927 4639 3269 4719 principem
3296 4658 3423 4700 non
3456 4644 3699 4699 temere

2122 4732 2502 4809 processisse,
2523 4732 2630 4792 sed
2659 4736 2948 4792 consueto
2976 4733 3230 4793 consilio
3258 4749 3438 4792 usum
3463 4731 3696 4808 fuisse3

2123 4829 2273 4884 tunc
2290 4825 2459 4884 enim
2479 4841 2708 4902 magna
2727 4826 2886 4884 ratio
2910 4830 3001 4886 est
3020 4825 3432 4904 praesumendi
3449 4826 3707 4902 justam

2122 4917 2406 4978 babuisse
2430 4935 2703 4992 causam,
2726 4916 2870 4977 licet
2888 4935 2926 4978 a
2949 4918 3206 4997 privatis
3223 4917 3482 4977 subditis
3508 4918 3711 4994 igno-

2120 5015 2312 5070 retur.
2345 5011 2420 5069 Et
2443 5011 2531 5069 ita
2558 5027 2683 5069 non
2707 5009 2909 5071 obstat
2931 5010 3076 5071 huic
3100 4995 3421 5072 5881881118
3450 5009 3711 5070 dictum

2122 5119 2254 5179 cap.
2288 5102 2594 5176 Pervenit,
2632 5101 2785 5162 dum
2814 5102 3102 5182 reprobat
3138 5121 3357 5163 census
3396 5103 3713 5180 ignoran-

2121 5194 2245 5269 tiae,
2277 5201 2411 5254 tum
2439 5193 2585 5274 81118
2615 5194 2893 5274 18881181
2920 5195 2996 5256 de
3033 5197 3388 5273 ignorantia
3418 5195 3565 5272 ejus
3584 5196 3715 5273 qui

2121 5291 2367 5347 tenetur
2403 5288 2556 5349 scire
2593 5291 2654 5347 et
2698 5306 2947 5348 causam
2989 5288 3282 5364 reddere3
3320 5295 3454 5348 tum
3495 5287 3717 5349 etiam

2120 5379 2265 5455 quia
2289 5398 2414 5440 non
2441 5384 2642 5459 potest
2664 5380 2787 5441 dici
2812 5381 3068 5441 omnino
3096 5399 3345 5442 8885818
3373 5382 3713 5459 13881818,

2117 5470 2225 5549 881
2251 5472 2366 5532 5811
2385 5471 2590 5552 legem
2625 5472 2841 5534 tributi
2868 5491 2997 5536 esse
3019 5474 3214 5536 latam
3237 5493 3276 5535 a
3299 5474 3597 5555 principe
3626 5475 3716 5537 de
