3976 6219
1034 363 1167 415 CAP.
1205 363 1266 414 V.
1300 363 1365 415 11(
1396 362 1517 424 Quo
1549 362 1713 415 Acrn
1746 363 1869 415 LEX
1902 364 2297 417 Fonmm‘rssn
2332 365 2686 418 CONSISTAT.

862 551 1109 613 CAPUT
1151 552 1223 613 V.

260 752 463 798 11111111(
491 751 606 797 Lex
629 751 715 795 srr
750 750 933 796 Ac'rus
961 751 1347 798 mrnttecrus
1373 752 1491 797 vm,
1524 752 1823 799 vomun-

618 844 733 903 113,
777 843 855 889 Er
888 843 1298 895 01113οΜ1113
1338 832 1464 890 srr?

344 1015 400 1071 1.
449 1012 670 1073 Prima
699 1011 990 1072 sententia
1014 1011 1345 1087 affirmans
1379 1010 1562 1089 leyem
1586 1028 1705 1071 esee
1728 1027 1827 1072 ao-

259 1111 387 1167 tam
415 1103 1197 1181 intellectu⁸.—Suppositis
1233 1121 1373 1181 quae
1414 1105 1481 1162 in
1524 1103 1824 1180 superiori

257 1198 454 1274 capite
478 1195 629 1270 dixi,
665 1195 925 1272 quaestio
951 1194 1082 1255 fere
1112 1201 1243 1255 tota
1271 1196 1390 1254 erit
1424 1196 1499 1254 de
1525 1195 1707 1254 modo
1735 1196 1825 1254 lo-

251 1288 482 1366 quendi
498 1304 516 1363 3
543 1294 756 1346 tamen
785 1292 1037 1364 propter
1063 1288 1428 1347 varietatem
1457 1287 1824 1364 opinionum

254 1379 639 1458 expedienda
670 1379 939 1437 breviter
980 1386 1091 1437 est.
1134 1380 1341 1438 Prima
1365 1379 1556 1455 igitur
1575 1384 1823 1439 senten-

254 1472 346 1530 tia
373 1470 642 1529 affirmat
669 1470 872 1545 legem
910 1487 1040 1529 esse
1070 1475 1273 1529 actum
1312 1469 1678 1543 intellectus,
1736 1471 1825 1528 ita

259 1562 449 1622 sentit
492 1562 561 1619 D.
594 1560 881 1635 ThomaS,
923 1560 1068 1620 dict.
1106 1567 1319 1639 quaest.
1363 1564 1466 1635 90,
1499 1568 1617 1621 art.
1667 1566 1724 1635 1,
1763 1567 1823 1620 et

263 1671 426 1731 saepe
455 1653 542 1712 ita
567 1652 840 1730 loquitur
869 1652 931 1711 in
957 1653 1232 1712 discursu
1254 1654 1531 1713 materiae
1560 1654 1823 1712 Vincen-

262 1747 410 1817 1103,
441 1762 604 1821 spec.
635 1761 790 1802 mor.
799 1788 819 1817 ,
841 1743 885 1801 l.
920 1745 982 1815 5,
1009 1750 1163 1821 part.
1193 1748 1255 1818 2,
1277 1745 1417 1804 dist.
1444 1748 1503 1805 1.
1536 1746 1821 1822 Sequun-

263 1842 368 1895 tur
414 1835 772 1908 Thomistae,
825 1834 1174 1911 GaJetanus,
1228 1836 1562 1909 Conradus,
1615 1843 1676 1896 et
1719 1835 1825 1895 alii

266 1927 381 2000 ibi,
409 1934 472 1986 et
507 1931 565 1987 1.
595 1929 659 2001 2,
693 1932 910 2003 quaest.
940 1929 1037 2000 17,
1074 1933 1135 1986 et
1157 1928 1258 1999 58,
1299 1933 1414 1985 art.
1443 1930 1504 1997 4,
1550 1934 1611 1987 et
1634 1947 1695 2005 q.
1723 1930 1825 2001 60,

262 2026 383 2078 art.
405 2023 433 2078 1
458 2041 476 2091 ;
510 2020 656 2079 Soto
687 2021 746 2091 1,
779 2019 854 2076 (19
880 2020 1069 2091 Just„
1097 2024 1311 2096 quaest.
1345 2021 1406 2091 1,
1436 2024 1550 2078 art.
1581 2022 1610 2077 1
1637 2021 1830 2094 3Tur-

260 2129 548 2185 recrem.,
580 2111 648 2168 in
678 2128 812 2186 cap.
858 2110 1173 2184 Officium,
1203 2110 1343 2169 dist.
1370 2111 1408 2168 3
1435 2127 1453 2185 3
1496 2110 1761 2184 AlensiS,
1794 2111 1831 2169 3

261 2223 355 2283 p.,
376 2221 436 2280 q.
456 2204 558 2275 26,
580 2202 646 2260 in
674 2202 904 2279 primo;
926 2201 1263 2261 Richardus
1291 2204 1353 2275 3,
1376 2203 1517 2262 dist.
1544 2204 1644 2277 33,
1678 2222 1733 2262 9.
1764 2204 1827 2275 2,

266 2305 478 2374 quaest.
514 2297 576 2368 6,
598 2295 675 2355 ad
706 2296 776 2369 33
802 2295 1176 2369 AntoninuS,
1206 2297 1244 2353 2
1272 2314 1361 2373 p.,
1392 2295 1489 2353 tit.
1522 2297 1585 2368 1»,
1618 2313 1669 2354 c.
1703 2297 1822 2371 103

265 2389 625 2451 Guillelmus
666 2388 1047 2460 ParisienSiS,
1088 2394 1263 2447 tract.
1307 2388 1383 2448 de
1424 2387 1713 2464 Legibus,
1764 2393 1826 2447 et

273 2480 574 2555 Corduba,
596 2480 704 2541 lib.
733 2484 793 2554 2,
816 2486 1030 2558 quaest.
1050 2483 1146 2540 10.
1168 2480 1417 2540 Probari
1444 2485 1652 2539 autem
1675 2479 1827 2539 solet

273 2573 404 2633 haec
455 2572 786 2645 sententia,
844 2573 1043 2648 primo
1065 2617 1084 2646 ,
1140 2573 1286 2649 quia
1335 2578 1463 2631 tam
1511 2570 1826 2648 Scriptura

272 2684 454 2744 quam
478 2668 706 2739 PatreS,
729 2664 1077 2744 philosophi
1100 2670 1161 2724 et
1186 2664 1604 2742 jurisconsulti
1627 2662 1829 2740 legem

275 2757 557 2816 tribuunt
606 2756 856 2830 rationi,
901 2761 1010 2815 aut
1056 2758 1389 2834 sapientiae.
1437 2754 1723 2815 Proverh.
1754 2755 1825 2830 Δ8,

271 2848 359 2909 ait
396 2849 739 2926 Sapientia:
795 2848 919 2908 Per
947 2865 1036 2909 me
1067 2848 1260 2924 leyum
1291 2848 1617 2909 conditores
1652 2847 1831 2922 justa

271 2941 603 3002 decernwnt.
648 2938 747 2999 Sic
798 2938 984 2999 etiam
1038 2938 1314 2999 Clemens
1352 2938 1626 2999 Alexand
1635 2938 1828 3010 rinuS,

271 3030 380 3091 lib.
415 3035 444 3090 1
485 3032 742 3104 Strom.,
782 3048 909 3089 non
938 3030 1121 3107 longe
1143 3049 1181 3089 a
1207 3030 1331 3089 fine
1359 3030 1446 3090 ait
1474 3029 1675 3106 legem
1705 3045 1836 3088 esse

271 3125 631 3203 opinionem
663 3122 913 3197 bonam,
947 3121 1175 3182 bonam
1203 3127 1413 3182 autem
1436 3139 1562 3182 esse
1585 3139 1724 3199 quae
1744 3124 1838 3180 est

271 3233 441 3275 vera.
476 3217 552 3275 Et
573 3214 811 3274 subdit:
843 3212 959 3275 Cui
978 3219 1386 3292 consequenter
1407 3214 1651 3292 quidam
1671 3213 1835 3272 dixe-

270 3312 425 3368 runt
469 3308 651 3385 leqem
691 3323 813 3366 esse
854 3305 1149 3365 rationem
1194 3310 1448 3377 rectam,
1500 3320 1630 3381 quoe
1659 3303 1833 3379 jubet

268 3398 583 3474 facienda,
617 3403 672 3459 et
711 3398 986 3476 prohibet
1012 3413 1144 3474 quse
1180 3396 1463 3470 facienda
1487 3412 1605 3454 non
1647 3399 1788 3454 eunt
1807 3417 1833 3462 ,-

268 3495 341 3550 et
382 3489 661 3563 BasiliuS,
693 3491 762 3549 in
797 3507 932 3567 cap.
969 3488 1009 3547 8
1039 3488 1247 3547 lsaiae:
1283 3488 1429 3560 Leto,
1471 3485 1696 3564 inquit,
1746 3490 1833 3546 est

263 3582 515 3644 doctrix
547 3587 603 3642 et
637 3582 965 3658 maqistra.
1006 3581 1413 3639 Damascenus
1440 3579 1657 3654 etiam,
1690 3581 1733 3641 l.
1765 3583 1827 3654 4,

267 3691 415 3752 cap.
449 3674 550 3746 23,
583 3673 709 3751 legi
737 3672 957 3731 tribuit
984 3671 1225 3731 docere.

364 3767 425 3825 2.
474 3766 771 3826 Praeterea
805 3763 1000 3837 Plato,
1025 3763 1093 3821 in
1120 3762 1348 3840 dialog.
1378 3763 1598 3836 MinoS,
1624 3781 1731 3823 seu
1758 3764 1834 3824 de

257 3859 462 3934 Lege,
494 3856 562 3917 in
601 3855 924 3934 principio,
959 3854 1162 3932 legem
1189 3859 1364 3914 vocat
1386 3855 1715 3931 opinionem
1753 3856 1836 3915 ci-

256 3952 497 4012 vitatis
526 3950 793 4027 probam,
831 3947 895 4007 id
940 3953 1054 4022 est,
1096 3963 1348 4007 veram:
1393 3952 1455 4006 et
1496 3946 1658 4006 infra
1685 3946 1837 4006 dicit

257 4059 411 4102 aese
458 4041 741 4102 veritatis
784 4041 1199 4116 operationem.
1248 4038 1601 4115 Eodemque
1652 4040 1835 4098 modo

250 4132 660 4206 Aristoteles,
704 4132 814 4191 lib.
862 4136 891 4191 1
937 4131 1217 4205 Elench.,
1256 4148 1389 4207 cap.
1442 4134 1537 4201 12,
1580 4132 1647 4188 in
1684 4130 1832 4204 fine,

250 4226 481 4303 legem
518 4243 646 4285 esse
674 4223 822 4283 dicit
847 4224 1178 4300 opinionem
1201 4221 1634 4282 multitudinis.
1668 4223 1744 4280 Et
1769 4222 1838 4280 in

251 4317 458 4396 epist.
504 4316 581 4376 ad
631 4315 1051 4375 Alexandrum
1074 4357 1095 4387 ,
1135 4318 1280 4372 ante
1321 4311 1711 4372 Rhetoricam
1758 4313 1839 4373 ad

248 4409 480 4478 illum,
524 4405 740 4467 definit
770 4406 973 4484 1939111
1004 4422 1134 4464 9339
1163 4405 1489 4466 orationem
1520 4423 1653 4484 quoe
1688 4422 1839 4467 eom-

246 4500 453 4561 muni
478 4499 748 4560 civitatis
792 4514 1075 4559 consensu
1104 4497 1298 4573 jubet,
1338 4503 1485 4570 etc„
1529 4502 1590 4556 et
1631 4497 1839 4557 statim

247 4610 416 4670 cap.
464 4593 494 4649 1
548 4588 910 4663 Rhetoricae,
963 4587 1051 4646 ait
1091 4588 1275 4664 leyem
1322 4606 1443 4650 esse
1486 4606 1839 4650 commanem

247 4681 558 4747 civitatis
585 4698 948 4753 eonsensum,
975 4678 1081 4757 qui
1117 4679 1340 4756 scripto
1368 4681 1669 4756 proeoipit,
1702 4697 1843 4758 quo-

243 4774 449 4835 modo
495 4772 942 4850 unmnquodque
979 4769 1273 4849 ayendum
1317 4770 1441 4831 sit:
1485 4769 1594 4829 ubi
1639 4770 1843 4848 legem

244 4866 471 4928 etiam
500 4863 677 4941 ponit
702 4863 770 4921 in
792 4861 1068 4939 jussione
1105 4866 1168 4921 et
1193 4866 1533 4940 praecepto:
1577 4879 1720 4921 cum
1749 4868 1840 4921 ta-

240 4974 427 5019 men
472 4972 632 5032 saepe
661 4954 811 5014 alias
847 4952 1075 5013 rationi
1116 4959 1178 5012 et
1214 4953 1559 5031 prudentiae
1608 4952 1841 5013 tribuat

236 5051 609 5126 imperare,
646 5047 686 5105 6
724 5044 951 5117 Ethic.,
987 5061 1119 5121 cap.
1158 5046 1194 5103 9
1236 5049 1297 5104 et
1332 5042 1753 5121 sequentibuS,
1805 5047 1835 5103 1

240 5138 549 5211 Politia„
590 5154 724 5214 cap.
771 5136 830 5195 3.
863 5134 1061 5208 Unde,
1097 5134 1208 5194 lib.
1247 5139 1321 5196 10
1361 5136 1586 5209 Ethic.,
1612 5153 1745 5214 cap.
1774 5138 1836 5210 9,

238 5231 438 5293 dixit
455 5227 661 5305 legem
688 5244 818 5286 esse
846 5244 1165 5287 sermonem
1194 5227 1265 5286 ab
1290 5227 1499 5305 aliqua
1518 5227 1841 5303 prudentia

240 5331 309 5388 ec
349 5324 561 5379 mente
593 5321 948 5396 profectum.
986 5318 1076 5375 Ex
1100 5317 1385 5377 Cicerone
1414 5319 1596 5376 etiam
1647 5316 1843 5376 multa

3384 363 3457 420 17

1897 461 2136 522 ratione
2169 480 2322 535 esse,
2366 463 2639 540 primum
2680 460 2930 540 quidem
2973 463 3040 521 in
3073 469 3280 524 mente
3321 464 3454 539 Dei,

1899 571 2011 630 per
2050 553 2582 631 participationem
2624 560 2832 613 autem
2873 554 3027 630 ejuS,
3073 555 3141 614 in
3182 555 3461 616 humana

1902 644 2139 703 ratione
2167 662 2296 704 esse
2326 645 2527 721 1939111
2563 644 2912 706 naturalem
2939 651 3001 705 et
3041 646 3455 723 prudentiam,

1904 754 1942 794 a
1964 753 2088 812 qua
2111 735 2276 812 leges
2295 737 2617 797 civitatum
2646 736 2946 815 proficisci
2967 736 3216 811 debent,
3246 744 3316 797 ut
3337 738 3460 800 late

1903 827 2296 904 prosequitur
2331 828 2397 886 in
2442 827 2550 888 lib.
2591 832 2617 888 1
2650 835 2711 889 et
2733 829 2771 888 2
2800 828 2876 888 de
2900 830 3073 906 Leg„
3117 828 3301 907 paulo
3328 836 3463 908 post

1904 919 2301 997 principium,
2333 918 2444 978 ubi
2483 920 2647 979 inter
2686 920 2807 979 alia
2851 920 2936 979 sic
2970 920 3311 981 concludit:
3340 924 3464 984 Lem

1905 1016 1993 1070 eet
2019 1016 2181 1071 recta
2216 1011 2376 1071 ratio
2414 1011 2481 1071 in
2492 1012 2753 1089 jubendo
2778 1017 2833 1072 et
2865 1002 3133 1073 vetando.
3161 1013 3260 1072 Sic
3289 1014 3462 1073 deni-

1905 1120 2025 1179 que
2069 1102 2466 1180 PapinianUS,
2514 1104 2580 1163 in
2608 1103 2721 1166 lib.
2754 1107 2812 1177 1,
2851 1102 2905 1164 ff
2931 1104 3008 1164 de
3046 1106 3222 1181 Leg.,
3259 1106 3461 1182 legem

1904 1199 2081 1253 vocat
2110 1211 2406 1255 commune
2423 1201 2805 1272 praeceptum,
2840 1202 2903 1255 et
2926 1195 3192 1255 declarat
3221 1215 3347 1256 esse
3373 1200 3463 1258 vi-

1905 1305 2111 1346 rorum
2146 1288 2530 1365 prudentium
2561 1288 2916 1363 consultum,
2942 1294 3005 1348 et
3027 1289 3369 1363 MarcelluS,
3395 1291 3462 1349 in

1906 1378 2012 1437 lib.
2043 1381 2101 1452 2,
2133 1397 2208 1438 ex
2243 1379 2605 1457 Chrysippo,
2637 1380 2825 1440 refert
2867 1381 3048 1459 leyem
3077 1399 3197 1441 esse
3226 1382 3464 1442 divina-

1903 1489 2040 1532 rum
2087 1472 2598 1550 humanarumque
2646 1490 2848 1533 rerum
2887 1475 3185 1549 reclinam,
3233 1475 3463 1551 prinoi-

1897 1583 2030 1642 pem
2071 1581 2141 1626 ao
2178 1565 2414 1625 ducem:
2457 1564 2587 1625 haec
2629 1571 2839 1625 autem
2875 1571 3020 1625 sunt
3063 1583 3324 1626 munera
3364 1585 3462 1626 ra-

1903 1656 2112 1730 tioniS,
2159 1657 2236 1716 ad
2285 1674 2475 1736 quam
2521 1663 2753 1735 spectat
2803 1675 3017 1735 regere
3077 1663 3138 1718 et
3192 1658 3462 1735 dirigere

1902 1748 2307 1826 operationes.

1986 1843 2047 1899 3.
2093 1841 2456 1903 Rationibus
2486 1842 2881 1916 confirmatur
2905 1841 3110 1918 prima
3142 1843 3456 1903 sententia.
3488 1873 3495 1878 ·

1905 1932 2277 1992 —Rationes
2296 1933 2374 1991 ad
2395 1932 2881 1993 confirmandam
2908 1933 3068 1992 hanc
3094 1934 3462 1994 sententiam

1910 2022 2257 2082 afferuntur
2295 2025 2502 2083 variae.
2551 2026 2757 2084 Prima
2793 2030 2906 2098 est,
2950 2026 3099 2102 quia
3141 2025 3220 2084 ad
3260 2026 3463 2103 1939111

1909 2116 2178 2192 pertinet
2199 2115 2504 2191 ordinare,
2527 2116 2692 2175 unde
2718 2123 2777 2176 et
2805 2117 3050 2177 definiri
3085 2116 3260 2191 solet,
3297 2119 3464 2197 quod

1910 2207 1991 2265 sit
2038 2207 2340 2266 ordinatio
2388 2209 2649 2269 rationis
2682 2232 2702 2265 :
2745 2208 2846 2266 sed
2889 2207 3176 2268 ordinare
3218 2227 3344 2269 non
3388 2210 3467 2270 ad

1908 2298 2317 2374 voluntatem,
2359 2301 2462 2358 sed
2491 2300 2566 2359 ad
2609 2299 2989 2359 intellectum
3030 2306 3280 2377 spectat,
3323 2303 3470 2379 quia

1906 2390 2171 2449 includit
2193 2392 2725 2451 ratiocinationem
2748 2392 3114 2469 quamdam:
3148 2393 3312 2453 unde
3331 2412 3468 2471 quae

1907 2484 2142 2542 ratione
2185 2489 2416 2557 carent,
2471 2484 2765 2543 ordinare
2812 2502 2938 2542 non
2978 2490 3275 2562 possunt:
3322 2505 3470 2563 ergo

1904 2574 2005 2633 lex
2055 2580 2227 2633 actus
2273 2574 2620 2634 intellectus
2664 2581 2775 2634 est.
2825 2576 3129 2649 Secunda,
3181 2575 3335 2652 legis
3381 2583 3471 2637 est

1908 2664 2261 2726 illuminare
2299 2671 2359 2726 et
2402 2666 2724 2741 instruere,
2752 2666 2933 2743 juxta
2973 2666 3169 2726 illud:
3202 2668 3472 2729 Lucerna

1904 2758 2154 2835 pedibas
2185 2758 2334 2819 meis
2373 2759 2612 2818 verbum
2645 2763 2837 2829 tuum,
2874 2763 2936 2816 et
2963 2757 3116 2816 illud
3143 2775 3158 2817 ε
3192 2759 3316 2819 Lex
3349 2761 3471 2819 Do-

1908 2849 2064 2908 mini
2076 2850 2160 2909 im
2167 2850 2464 2910 maculata
2479 2854 2812 2910 convertens
2832 2851 3093 2923 animas,
3111 2851 3473 2927 sapientiam

1909 2945 2211 3018 praestans
2236 2941 2547 3016 parvulis:
2575 2940 2928 3001 illuminare
2957 2947 3167 3000 autem
3195 2940 3473 3001 intellec·

1914 3036 2015 3089 tus
2042 3035 2154 3090 est.
2182 3031 2409 3103 Tertia,
2455 3029 2558 3090 lex
2585 3037 2674 3090 est
2702 3030 2940 3107 regula,
2969 3037 3039 3089 ut
3071 3031 3137 3090 in
3170 3031 3472 3109 principio

1915 3125 2151 3183 dictum
2193 3129 2306 3197 est,
2360 3142 2433 3183 ex
2473 3124 2718 3197 Basilio,
2754 3125 2820 3182 in
2855 3142 2987 3200 cap.
3040 3128 3060 3182 1
3124 3125 3311 3198 lsaiae,
3365 3124 3470 3183 ubi

1916 3232 2055 3274 eam
2077 3219 2254 3274 vocat
2280 3215 2812 3292 reyulajustorum
2831 3220 2886 3276 et
2905 3216 3292 3292 injustorum,
3310 3214 3474 3291 quod

1913 3306 2099 3366 etiam
2127 3305 2392 3366 habetur
2414 3306 2478 3365 in
2502 3306 2544 3366 l.
2579 3308 2641 3380 2,
2676 3305 2729 3365 ff
2743 3306 2820 3365 de
2850 3306 3022 3382 Leg„
3046 3311 3109 3366 et
3135 3305 3274 3365 ideo
3303 3306 3469 3383 leges

1914 3397 2332 3457 ecclesiasticae
2351 3403 2651 3457 vocantur
2678 3415 2942 3457 canones
2945 3443 2964 3472 ,
2991 3397 3057 3456 id
3079 3402 3190 3471 est,
3215 3397 3469 3473 regulae,

1913 3495 1982 3550 ut
2019 3490 2105 3548 ait
2142 3489 2407 3548 Isidorus
2441 3491 2480 3549 Ξ
2518 3489 3086 3567 Etymologiarum:
3118 3489 3225 3549 sed
3255 3489 3476 3549 volun-

1912 3587 2008 3641 tas
2036 3600 2160 3640 11011
2202 3586 2297 3641 est
2333 3580 2571 3658 regula,
2618 3582 2769 3659 quin
2813 3581 3017 3659 potius
3057 3583 3190 3658 ipsa
3231 3582 3471 3642 ratione

1913 3674 2259 3750 regulanda
2286 3679 2410 3733 est:
2438 3680 2529 3733 est
2553 3691 2698 3750 ergo
2725 3673 2824 3733 lex
2854 3674 2920 3732 in
2949 3674 3210 3733 ratione.

1995 3766 2055 3822 4.
2097 3765 2357 3837 Quarta,
2397 3765 2544 3842 quia
2570 3764 2776 3824 nullus
2802 3770 3004 3842 potest
3036 3764 3338 3840 assignari
3377 3783 3475 3824 ac-

1914 3861 2016 3916 tus
2037 3856 2373 3916 voluntatis
2378 3902 2397 3931 ,
2423 3858 2527 3934 qui
2549 3858 2629 3916 sit
2649 3857 2749 3916 lex
2769 3874 2784 3917 ε
2808 3862 2916 3916 aut
2949 3857 3116 3917 enim
3139 3863 3231 3917 est
3253 3856 3473 3917 volun-

1917 3954 2012 4006 tas
2048 3949 2365 4026 principiS,
2415 3966 2522 4007 seu
2550 3948 2902 4025 superioriS,
2943 3949 3108 4025 quod
3148 3948 3287 4007 talis
3316 3950 3475 4006 actio

1917 4037 2029 4098 fiat
2054 4056 2093 4098 a
2129 4039 2409 4098 subdito:
2441 4044 2503 4097 et
2533 4039 2648 4096 hoc
2673 4056 2823 4110 non,
2859 4041 3005 4114 quia
3024 4039 3162 4097 talis
3191 4038 3476 4097 voluntas

1918 4129 2257 4188 necessaria
2280 4146 2403 4186 non
2447 4134 2559 4201 est,
2591 4146 2705 4187 nec
2739 4128 2995 4186 sufficit:
3021 4146 3168 4187 nam
3197 4130 3354 4187 Deus
3371 4146 3476 4188 ve-

1918 4237 2060 4278 rum
2084 4237 2138 4297 pl
2153 4224 2456 4296 aeceptum
2476 4218 2680 4296 posuit
2705 4217 2966 4277 Abrahae
2985 4218 3059 4278 de
3084 4218 3476 4278 sacrificando

1918 4309 2071 4383 filio,
2107 4310 2270 4387 quod
2298 4315 2510 4369 tamen
2531 4311 2691 4369 Deus
2719 4309 2854 4368 fieri
2876 4308 3125 4368 nolebat
3141 4326 3161 4385 ;
3183 4316 3242 4370 et
3266 4329 3298 4370 e
3333 4329 3478 4370 con-

1918 4419 2093 4461 verso
2126 4401 2525 4480 quantumvis
2568 4403 2844 4480 superior
2875 4400 3046 4475 velit,
3079 4406 3142 4460 et
3180 4401 3478 4461 desideret

1919 4494 2152 4572 aliquid
2185 4493 2322 4552 fieri
2361 4511 2400 4553 a
2437 4494 2705 4569 subdito,
2758 4496 2809 4554 si
2855 4512 2982 4553 non
3015 4493 3313 4571 praecipit,
3350 4511 3478 4552 non

1920 4586 2175 4662 obligat.
2208 4587 2285 4644 Et
2311 4585 2450 4645 ideo
2479 4586 2692 4647 dicunt
2710 4587 2984 4664 theologi
3005 4603 3117 4645 nos
3137 4602 3261 4643 non
3281 4584 3479 4644 teneri

1921 4676 2292 4736 conformari
2331 4677 2559 4736 divinae
2600 4679 2938 4752 voluntati,
2990 4680 3177 4738 etiam
3222 4676 3477 4749 efficaci,

1921 4768 2044 4830 nisi
2095 4768 2355 4826 addatur
2402 4775 2777 4847 praeceptum
2823 4770 2898 4829 de
2956 4769 3315 4847 exequenda
3367 4767 3480 4827 tali

1921 4858 2275 4919 voluntate:
2315 4876 2443 4918 non
2490 4877 2638 4937 ergo
2681 4861 2956 4923 consistit
2997 4861 3098 4919 lex
3134 4860 3199 4917 in
3236 4859 3346 4917 tali
3374 4877 3484 4919 vo-

1921 4952 2192 5011 luntate:
2239 4951 2337 5012 vel
2383 4953 2658 5012 consistit
2696 4954 2761 5012 in
2807 4952 3121 5012 voluntate
3163 4949 3480 5026 obligandi

1924 5042 2272 5102 subditum:
2299 5048 2361 5101 et
2385 5042 2516 5102 haec
2550 5044 2736 5103 etiam
2760 5061 2886 5102 non
2912 5042 3156 5114 sufficit,
3189 5042 3308 5099 nisi
3336 5043 3481 5101 inti-

1924 5141 2149 5195 metur.
2197 5135 2327 5193 Imo
2363 5134 2600 5193 addunt
2632 5134 2847 5212 aliqui,
2888 5153 3014 5193 non
3043 5151 3172 5194 esse
3208 5151 3481 5194 necessa-

1920 5227 2081 5286 riam
2118 5224 2305 5284 talem
2347 5224 2729 5284 voluntatem
2763 5225 2830 5283 in
2874 5226 3173 5304 principe,
3222 5231 3291 5283 ut
3325 5224 3484 5283 ferat

1923 5317 2151 5392 legem,
2202 5316 2348 5391 quia
2397 5315 2538 5374 licet
2593 5318 2870 5393 princeps
2926 5317 3085 5375 nihil
3131 5316 3356 5390 cogitet
3407 5314 3483 5369 ‹1:³-

239 5428 473 5494 supra
512 5409 905 5482 adduximuS,
937 5408 1164 5487 quibus
1205 5407 1506 5486 significat
1533 5409 1735 5485 legem
1777 5409 1845 5466 in
1926 5408 2323 5485 obligatione,
2365 5408 2416 5467 si
2444 5408 2576 5467 vult
2606 5411 2932 5486 imperare,
2968 5407 3331 5486 imperando
3364 5405 3492 5464 fert.

690 5522 757 5568 V·

3047 5515 3086 5568 Ξ
