3976 6219
909 455 1046 507 ml).
1079 455 1166 506 ΧῙ.
1203 453 1286 506 ΑΝ
1317 452 1442 505 mx
1473 449 1781 504 (mmmm
1811 448 2063 502 HABEAT
2091 449 2407 503 pneumam
2433 450 2775 504 mmmm.

238 557 309 618 in
340 555 386 616 l.
428 554 640 617 Omnes
664 553 901 634 populi,
933 551 1001 613 ff.
1032 553 1118 614 de·
1149 552 1308 612 Just.
1341 555 1405 612 et
1431 551 1588 630 jur„
1622 553 1686 610 et
1709 565 1810 609 su·

3327 449 3436 513 37¹

1884 553 2051 610 recte
2078 548 2157 610 ad
2184 550 2421 611 cultum
2446 550 2556 611 Dei
2583 551 2968 627 ordinantur,
3004 557 3074 614 ut
3101 560 3247 614 sunt
3273 564 3440 632 vota,

240 649 437 711 mitur
463 665 540 708 ex
575 665 629 708 c.
675 646 840 709 Bene
870 645 1128 726 quidem,
1160 662 1295 723 cap.
1335 643 1418 708 Si
1455 643 1808 723 imperator,
1878 641 2259 720 juramenta,
2285 648 2405 704 etc.
2429 644 2521 704 Ex
2544 661 2667 723 quo
2695 643 2953 706 ulterius
2987 651 3195 707 ortum
3229 652 3342 724 est,
3373 654 3443 708 ut

242 747 308 804 et
333 760 387 802 c.
418 741 555 803 Duo
582 743 747 816 sunt,
772 740 855 802 96
876 737 1018 798 dist.
1027 782 1050 813 ,
1068 742 1133 799 et
1155 755 1288 817 cap.
1320 736 1637 811 Quoniam,
1662 734 1807 795 dist.

242 835 349 910 10,
377 851 432 895 c.
467 833 711 908 Solita,
740 831 819 893 de
839 829 1106 910 Majorit.
1137 835 1200 891 et
1226 827 1598 891 obedientia.
1629 827 1810 889 Ratio

244 944 392 989 vero
432 923 803 1004 generaliter
840 922 1145 1001 assignari
1169 926 1370 1001 potest
1406 939 1484 983 ex
1521 919 1698 981 dictis
1735 918 1813 982 de

244 1024 549 1101 potestate
601 1017 758 1078 laica
814 1022 877 1077 et
926 1014 1377 1091 ecclesiastica3
1434 1012 1815 1075 ostendimus

247 1113 420 1174 enim
442 1111 616 1172 illam
645 1127 776 1171 esse
812 1108 1157 1169 humanam
1194 1112 1257 1169 et
1293 1105 1723 1187 temporalem,
1753 1108 1816 1166 et

246 1205 410 1267 hanc
439 1220 587 1265 vero
619 1201 1078 1281 quodammodo
1112 1200 1390 1261 divinam
1423 1205 1486 1261 et
1520 1197 1813 1278 spiritua-

248 1297 404 1360 lem:
439 1295 644 1358 omnis
673 1299 883 1356 autem
911 1292 1190 1373 potentia
1214 1292 1397 1354 debet
1425 1291 1655 1352 habere
1683 1307 1816 1351 ma-

1887 751 1990 796 res
2015 751 2231 796 omnes
2256 736 2418 797 circa
2442 753 2597 816 quas
2622 754 2735 816 per
2766 754 2855 813 se,
2892 742 2955 798 et
2988 738 3270 817 proxime
3309 757 3445 800 ver-

1889 833 2107 889 santur
2130 828 2232 890 hae
2269 829 2562 904 actiones,
2601 830 2715 890 sub
2747 847 2821 891 ea
2865 830 3105 892 ratione
3131 832 3211 892 ad
3253 839 3447 895 mate·

1885 920 2047 983 riam
2083 921 2441 983 canonicam
2466 923 2819 1002 pertineant
2829 939 2853 1002 3
2894 923 3255 1003 hujusmodi
3300 933 3446 988 sunt

1885 1031 2163 1094 personae
2184 1031 2391 1090 sacrae,
2418 1014 2576 1090 loca,
2605 1015 2836 1095 templa
2864 1021 2927 1077 et
2947 1035 3115 1090 vasa,
3147 1022 3210 1080 et
3230 1036 3445 1081 couse-

1887 1112 2150 1185 quenter
2178 1107 2369 1168 etiam
2394 1106 2717 1182 beneficia,
2734 1112 2798 1169 et
2822 1107 2988 1169 bona
3013 1109 3441 1190 Ecclesiarum,

1888 1216 2027 1279 quse
2051 1199 2216 1261 inter
2241 1217 2340 1261 res
2371 1218 2571 1262 sacras
2596 1206 3055 1280 computantur.

1969 1292 2031 1352 8.
2078 1292 2531 1373 Consequenter
2564 1293 2754 1354 etiam
2789 1294 2945 1356 vitia
2983 1298 3291 1359 contraria
3322 1299 3446 1359 1111-

247 1391 473 1454 teriam
516 1388 637 1451 sibi
681 1387 1237 1469 proportionatam,
1277 1393 1341 1450 et
1365 1384 1540 1447 nulla
1579 1383 1819 1447 excedit
1883 1384 2156 1464 jusmodi
2182 1385 2444 1462 actibus,
2470 1403 2580 1447 seu
2604 1385 2790 1447 rebus
2809 1403 2920 1466 per
2940 1404 3004 1449 se
3030 1389 3343 1468 pertinent
3368 1392 3448 1454 ad
3487 1431 3506 1442 .

252 1502 393 1546 suos
412 1483 679 1559 limites3
699 1498 846 1560 ergo
873 1480 1166 1561 potentias
1195 1478 1498 1560 spirituali
1529 1476 1817 1557 spiritua·

251 1578 329 1639 lis
360 1576 618 1638 materia
649 1575 1001 1654 respondet,
1033 1577 1095 1634 et
1128 1573 1296 1634 civili
1318 1569 1702 1651 temporalis:
1725 1569 1815 1631 sic

252 1670 422 1732 enim
449 1684 834 1747 unaquaeque
870 1666 1141 1729 servabit
1185 1664 1645 1745 proportionem
1671 1678 1815 1724 cum

251 1781 365 1825 sua
397 1760 677 1836 materia,
720 1759 882 1821 circa
908 1776 1097 1838 quam
1122 1762 1421 1818 versatur.
1465 1757 1676 1836 Neque
1697 1754 1815 1816 ob·-

252 1853 441 1916 stabit
470 1854 615 1915 huic
642 1852 1009 1927 diversitati,
1039 1851 1204 1932 quod
1233 1855 1493 1930 utraque
1531 1848 1725 1928 possit
1748 1848 1816 1908 in

255 1946 530 2008 materiis
552 1947 834 2007 omnium
861 1944 1164 2006 virtutum
1183 1944 1512 2023 imperare,
1533 1943 1680 2022 quia
1694 1943 1817 2003 vir-

253 2045 416 2102 tutes
448 2057 664 2101 omnes
706 2043 962 2118 possunt
1000 2037 1209 2117 aliquo
1251 2035 1436 2096 modo
1480 2035 1713 2096 versari
1749 2035 1817 2095 in

253 2137 519 2210 utraque
560 2132 844 2206 materia,
880 2137 942 2192 et
988 2131 1125 2192 ideo
1164 2129 1450 2210 quamvis
1482 2134 1819 2208 utrumque

249 2226 353 2305 jus
377 2225 567 2303 possit
607 2224 910 2302 attingere
949 2223 1336 2284 honestatem
1375 2223 1818 2300 cujuscumque

256 2317 503 2377 virtutis
545 2315 820 2389 moralis,
861 2314 1352 2393 unumquodque
1391 2320 1605 2374 tamen
1645 2312 1820 2373 illam

253 2408 596 2489 praescribit
621 2409 688 2468 in
724 2407 988 2468 materia
1012 2406 1130 2467 sibi
1150 2407 1634 2486 proportionata.
1677 2406 1819 2467 Jam

256 2501 429 2562 enim
472 2500 767 2576 diximuS,
810 2499 1096 2579 quamvis
1129 2499 1234 2577 jus
1279 2499 1509 2577 dirigat
1544 2498 1820 2577 aliquam

256 2594 579 2668 virtutem,
626 2610 753 2652 non
780 2592 1121 2653 necessario
1153 2592 1388 2651 versari
1415 2592 1576 2651 eirca
1602 2607 1819 2651 omnes

256 2691 450 2762 actus,
483 2686 583 2747 vel
608 2687 772 2747 circa
792 2691 988 2747 totam
1019 2684 1348 2745 materiam
1382 2682 1524 2744 talis
1545 2682 1814 2743 virtutis.

341 2782 402 2839 7.
425 2778 587 2852 Quid
604 2779 863 2841 matoria
887 2776 1256 2855 temporalis,
1273 2778 1426 2856 quid
1443 2775 1819 2854 spiritualis.

263 2904 347 2918 —-
368 2872 450 2931 Ut
476 2876 685 2930 autem
718 2869 854 2930 haec
885 2867 1236 2928 differentia
1265 2873 1475 2929 exacte
1511 2864 1825 2944 intelliga-

265 2969 393 3039 tur,
434 2967 677 3041 oportet
716 2977 1043 3040 exponere,
1083 2959 1234 3036 quid
1268 2959 1522 3019 nomine
1548 2959 1825 3019 materioe

269 3053 652 3135 temporalis,
690 3053 789 3114 vel
829 3049 1160 3132 spiritualis
1205 3049 1679 3129 intelligendum
1720 3049 1820 3111 sit.

265 3148 360 3209 Ad
384 3148 503 3208 hoc
532 3152 743 3209 autem
769 3143 1210 3205 declarandum
1238 3143 1512 3219 adverto,
1542 3143 1611 3203 in
1634 3148 1826 3204 mate-

263 3241 359 3302 ria
390 3240 638 3302 virtutis
659 3240 783 3300 duo
804 3256 982 3319 posse
1010 3235 1410 3311 considerari,
1441 3236 1693 3312 scilicet,
1727 3254 1828 3297 ac-

264 3339 400 3394 tum
424 3333 628 3412 ipsum
641 3329 909 3404 virtutis,
925 3327 1025 3390 vel
1041 3326 1200 3402 vitii,
1214 3333 1276 3388 et
1301 3346 1434 3388 rem
1454 3328 1619 3388 circa
1638 3345 1828 3405 quam

263 3430 571 3499 versatur,
605 3440 743 3502 quse
770 3426 970 3500 potest
995 3437 1125 3481 esse
1150 3419 1252 3479 vel
1278 3436 1398 3494 res,
1437 3419 1537 3480 vel
1564 3437 1827 3499 persona

263 3518 427 3579 circa
447 3534 634 3597 quam
658 3515 731 3575 fit
754 3514 1053 3595 operatio,
1068 3514 1171 3576 vel
1190 3513 1379 3574 etiam
1398 3531 1660 3592 persona
1685 3532 1829 3594 ope-

262 3628 434 3687 rans,
469 3609 548 3670 ad
583 3626 775 3689 quam
800 3613 975 3669 actus
1013 3607 1145 3687 ipse
1179 3611 1520 3686 praeceptus
1551 3606 1652 3668 vel
1688 3625 1827 3686 pro-

262 3702 501 3763 hibitus
522 3718 635 3780 per
657 3699 885 3779 legem,
906 3699 1055 3760 dicit
1075 3699 1346 3778 aliquam
1369 3697 1823 3761 habitudinem.

267 3795 458 3855 Actus
483 3794 692 3873 itaque
714 3791 965 3853 virtutis
990 3791 1089 3852 vel
1105 3791 1243 3851 vitii
1270 3796 1362 3851 est
1387 3791 1669 3871 proxima
1696 3810 1831 3853 ma-

264 3887 424 3948 teria
448 3886 626 3965 legis,
666 3890 738 3945 ut
762 3883 1058 3945 hactenus
1083 3882 1392 3960 diximus3
1438 3889 1650 3945 tamen
1682 3902 1830 3945 con·

267 3984 603 4059 sequenter
639 3976 829 4039 etiam
869 3976 993 4037 alia
1032 3975 1347 4055 pertinent
1382 3975 1462 4036 ad
1491 3974 1655 4036 hanc
1695 3993 1829 4037 ma-

266 4072 488 4133 teriam
532 4070 688 4149 legis
730 4069 971 4130 ratione
1015 4067 1208 4147 ipsius
1252 4073 1444 4129 actus.
1496 4067 1831 4146 Loquendo

268 4181 418 4243 ergo
447 4163 525 4225 de
559 4161 819 4224 materia
837 4159 1126 4241 proxima
1144 4160 1299 4238 legis
1321 4158 1679 4240 spiritualis,
1701 4176 1832 4220 ma-

266 4257 427 4318 teria
450 4255 760 4335 praecipua
781 4272 853 4315 ac
880 4253 1181 4333 primaria
1210 4257 1304 4314 est
1341 4258 1511 4313 actus
1538 4266 1832 4332 superna-

268 4346 509 4421 turalis,
540 4351 612 4406 ut
637 4350 730 4406 est
756 4351 928 4407 actus
953 4344 1122 4420 fidei,
1154 4350 1216 4408 et
1242 4344 1384 4407 ideo
1409 4362 1625 4407 omnes
1665 4344 1834 4423 leges

271 4457 412 4519 quoe
432 4438 746 4517 pertinent
765 4436 845 4499 ad
862 4436 1051 4500 fldem
1064 4437 1165 4499 vel
1180 4438 1509 4499 materiam
1530 4437 1664 4517 ejus
1686 4441 1834 4498 sunt

270 4548 385 4611 per
408 4548 473 4591 se
511 4530 839 4605 canonicas,
872 4530 1021 4609 quia
1044 4534 1175 4590 tota
1207 4529 1316 4591 illa
1352 4531 1611 4592 materia
1653 4529 1833 4610 spiri-

270 4621 457 4683 tualis
488 4628 598 4684 est.
622 4622 856 4684 Deinde
882 4621 949 4682 111
973 4621 1193 4684 8οᾶ8111
1218 4622 1437 4684 ordine
1454 4622 1834 4684 collocantur

270 4715 544 4777 actiones
580 4719 1132 4791 sacramentorum,
1163 4714 1310 4794 quia
1347 4714 1535 4776 etiam
1569 4714 1692 4776 111ae
1729 4734 1832 4775 su-

270 4806 694 4887 pernaturales
725 4813 892 4867 sunt.
939 4807 1114 4868 Unde
1152 4806 1341 4868 etiam
1381 4806 1615 4868 factum
1642 4812 1735 4868 est
1760 4813 1833 4868 ut

272 4900 546 4962 actiones
573 4899 881 4979 quasdam,
904 4917 1044 4979 quas
1068 4899 1222 4961 alias
1246 4900 1615 4961 videbantur
1641 4905 1832 4962 natu-

271 4991 433 5053 rales
444 4993 538 5068 (111
554 4990 1022 5052 matrimonium
1039 4998 1342 5071 quatenus
1368 4997 1460 5054 est
1481 4997 1832 5054 contractus

271 5085 604 5154 humanus,
635 5083 746 5163 qui
772 5083 853 5145 ad
880 5085 1411 5146 conservationem
1436 5085 1679 5163 generis
1712 5085 1833 5146 hu-

274 5177 447 5238 mani
481 5176 823 5253 ordinatur)
852 5181 1103 5256 propter
1136 5175 1543 5239 elevationem
1583 5177 1662 5238 ad
1702 5195 1833 5241 esse

273 5268 740 5343 sacramentale,
771 5269 1122 5348 pertineant
1160 5269 1240 5329 ad
1273 5269 1440 5348 leges
1478 5270 1827 5348 canonicas,

267 5363 448 5441 juxta
476 5369 659 5441 caput
677 5361 916 5440 penult.
940 5366 1002 5423 et
1025 5362 1137 5424 ult.
1157 5362 1234 5423 de
1252 5362 1544 5423 Secundis
1573 5363 1825 5441 nuptiis,

272 5454 562 5533 Idemque
599 5454 932 5516 dicendum
969 5461 1062 5515 est
1087 5455 1163 5515 de
1201 5454 1337 5515 aliis
1364 5455 1710 5516 actionibus
1736 5475 1831 5518 sa-

271 5546 414 5624 cris,
442 5551 506 5610 et
527 5546 606 5611 de
642 5547 721 5610 iis
754 5548 1100 5629 proesertim
1135 5564 1273 5630 quae
1298 5548 1606 5631 proxime,
1637 5556 1700 5612 et
1735 5550 1830 5638 ffi‘.

1889 1476 2219 1539 canonicas
2243 1477 2715 1558 prohibitiones,
2760 1484 2834 1539 ut
2860 1480 3127 1541 sumitur
3158 1500 3235 1543 ex
3266 1503 3319 1544 c.
3368 1485 3449 1547 Ut

1888 1571 2342 1651 inquisitionis,
2391 1589 2534 1632 cum
2585 1570 2825 1633 duobus
2876 1574 3312 1653 sequentihus,
3372 1577 3448 1639 de

1889 1662 2115 1724 Haeret.
2123 1707 2144 1740 ‚
2170 1663 2238 1724 in
2265 1664 2328 1739 6,
2368 1662 2477 1724 ubi
2504 1682 2707 1725 sermo
2735 1670 2830 1726 est
2863 1666 2939 1726 de
2968 1667 3230 1729 crimine
3256 1670 3450 1732 haere-

1891 1757 2000 1832 sis,
2044 1755 2121 1818 de
2152 1774 2276 1836 quo
2312 1756 2537 1817 dicitur
2564 1756 2644 1819 ad
2684 1775 2920 1820 meram
2956 1761 3449 1840 jurisdictionem

1891 1848 2363 1912 ecclesiasticam
2384 1850 2717 1929 pertinere.
2738 1852 2894 1926 Quia
2910 1871 3057 1915 vero
3080 1856 3291 1916 omnia
3310 1874 3453 1936 pec-

1892 1949 2032 2005 cata
2054 1949 2345 2005 avertunt
2368 1941 2690 2004 hominem
2730 1962 2770 2004 a
2803 1946 3257 2026 supernaturali
3300 1948 3448 2025 fine,

1894 2055 1971 2098 ex
2000 2054 2074 2098 eo
2108 2037 2306 2116 capite
2347 2035 2416 2096 in
2454 2035 2572 2097 hoc
2612 2036 2917 2116 spirituali
2951 2040 3166 2101 ordine
3202 2059 3453 2121 compu-

1894 2133 2131 2204 tantur,
2168 2129 2350 2206 juxta
2392 2145 2447 2188 c.
2491 2128 2709 2204 Novit,
2740 2130 2817 2190 de
2852 2131 3078 2208 Judic„
3121 2139 3260 2194 tum
3306 2134 3454 2213 quia

1896 2227 2298 2301 opponuntur
2314 2219 2734 2300 spiritualibus
2751 2221 2953 2298 1101113,
2966 2230 3029 2284 81
3046 2227 3134 2285 118
3147 2225 3456 2287 1·8(11181111-

1896 2321 2001 2375 tur
2030 2314 2111 2375 ad
2140 2314 2426 2375 eumdem
2458 2312 2765 2389 ordinem,
2800 2316 2948 2394 quia
2980 2319 3286 2379 contraria
3312 2323 3458 2378 sunt

1897 2408 2168 2487 quodam
2199 2406 2385 2467 modo
2404 2407 2681 2484 ejusdem
2717 2410 2993 2486 generis;
3028 2415 3163 2470 tum
3187 2413 3458 2472 maxime

1897 2499 2050 2579 quia
2089 2503 2234 2558 sunt
2272 2499 2518 2576 injuriae
2556 2500 2686 2574 Dei,
2723 2501 2901 2578 cujus
2936 2501 3136 2562 honor
3162 2509 3225 2563 et
3262 2505 3461 2564 cultus

1897 2597 1990 2652 est
2016 2590 2346 2671 primarius
2371 2589 2514 2650 finis
2541 2592 2857 2652 canonicae
2884 2596 3221 2672 potestatis,
3261 2595 3461 2674 Atque

1896 2684 2015 2744 hac
2056 2683 2296 2744 ratione
2336 2687 2588 2761 peccata
2613 2688 2918 2764 quantum
2956 2692 3048 2746 est
3095 2705 3173 2747 ex
3214 2705 3279 2748 se
3319 2692 3465 2748 sunt

1899 2774 2162 2836 materia
2200 2774 2622 2836 ecclesiasticae
2660 2775 3002 2855 potestatis,
3054 2783 3117 2839 et
3158 2784 3464 2857 quantum

1900 2874 1994 2929 est
2025 2885 2103 2929 ex
2138 2867 2204 2927 vi
2229 2867 2681 2946 jurisdictionis
2718 2867 2834 2929 sub
2874 2869 3136 2931 materia
3179 2870 3332 2950 legis
3365 2890 3466 2932 ea-

1902 2960 2142 3020 nonicae
2191 2959 2589 3020 continentur
2610 3003 2633 3034 ,
2678 2959 2731 3019 si
2784 2959 3037 3022 aliunde
3085 2963 3467 3025 conditiones

1904 3050 2045 3112 aliae
2071 3056 2466 3127 concurrant,
2494 3054 2568 3111 ut
2595 3051 2879 3131 expediat
2907 3052 2983 3115 de
3010 3053 3135 3114 illis
3152 3053 3323 3134 leges
3351 3055 3468 3119 fer-

1904 3161 1998 3205 re.
2030 3142 2307 3219 Denique
2339 3148 2779 3220 cousequenter
2804 3143 2953 3204 hinc
2979 3144 3075 3222 fit,
3110 3151 3182 3206 ut
3205 3165 3302 3208 res
3335 3165 3470 3208 om-

1905 3251 2018 3295 nes
2042 3232 2387 3308 inferiores,
2433 3238 2738 3311 quatenus
2764 3242 3024 3314 possunt
3048 3255 3179 3299 esse
3207 3240 3468 3300 materia

1907 3326 2473 3406 supernaturalium
2522 3332 2796 3402 actuum,
2841 3328 2941 3389 vel
2984 3329 3310 3405 virtutum,
3360 3338 3470 3392 aut

1908 3419 2098 3481 etiam
2115 3418 2433 3493 vitiorum,
2451 3418 2564 3478 sub
2583 3418 2700 3480 hac
2715 3420 2976 3481 materia
2991 3424 3286 3483 canonica
3303 3442 3471 3485 com-

1907 3510 2392 3592 prehendantur.
2414 3512 2617 3591 Atque
2635 3512 2723 3572 ita
2742 3530 2820 3573 ex
2837 3513 3250 3577 declaratione
3277 3532 3471 3578 mate-

1905 3605 2015 3666 riae
2043 3604 2353 3664 canonicas
2389 3603 2762 3682 explicatum
2788 3609 2904 3681 est,
2942 3624 3081 3685 quoe
3108 3607 3189 3668 sit
3212 3610 3474 3670 materia

1906 3696 2285 3776 temporalis,
2312 3713 2421 3756 seu
2446 3694 2598 3774 legis
2625 3696 2846 3757 civilis.
2874 3697 2988 3759 Illa
3013 3699 3184 3760 enim
3212 3701 3472 3763 materia

1907 3794 2052 3868 apta
2080 3788 2160 3850 ad
2201 3788 2405 3866 legem
2437 3788 2802 3866 humanam,
2832 3809 2973 3871 quoe
3011 3791 3179 3854 hunc
3206 3794 3473 3872 gradum

1908 3879 2295 3960 spiritualem
2325 3897 2453 3940 non
2485 3881 2761 3960 attingit,
2792 3885 3151 3964 temporalis
3192 3894 3307 3963 est,
3355 3886 3471 3948 sub

1909 3991 2035 4054 qua
2065 3973 2346 4053 proxime
2391 3973 2791 4035 continentur
2827 3981 3004 4037 actus
3046 3979 3330 4057 morales,
3363 3980 3472 4060 qui

1906 4066 1988 4126 ad
2015 4066 2358 4127 humanam
2380 4064 2734 4127 societatem
2761 4068 3125 4131 naturaliter
3149 4072 3474 4132 necessarii

1909 4165 2089 4235 sunt;
2119 4165 2356 4221 remote
2389 4175 2537 4218 vero
2561 4176 2660 4219 res
2689 4175 2925 4236 omnes,
2957 4161 3119 4222 circa
3141 4180 3295 4241 quas
3321 4164 3474 4224 tales

1909 4257 2083 4313 actus
2117 4255 2464 4325 versantur,
2509 4254 2573 4311 et
2602 4267 2881 4330 personas
2922 4258 3225 4331 quatenus
3264 4272 3341 4316 ex
3384 4255 3473 4317 eis

1910 4343 2151 4420 civitas,
2181 4361 2292 4405 seu
2316 4343 2597 4404 humana
2622 4343 2839 4423 politia
2865 4344 3277 4424 componitur.

1988 4438 2051 4499 9.
2076 4435 2356 4501 Ssotmda
2370 4435 3112 4517 differmtia.—Secunda
3123 4438 3473 4503 differentia

1908 4531 2075 4593 inter
2127 4536 2456 4610 utramque
2505 4530 2834 4592 materiam
2877 4531 3182 4611 assignari
3229 4541 3431 4615 potest
3444 4579 3467 4612 ,

1911 4623 2062 4703 quia
2084 4624 2382 4685 canonica
2407 4622 2809 4686 excellentior
2834 4630 2927 4685 est
2950 4629 3013 4687 et
3037 4626 3466 4689 universalior.

1910 4719 2056 4780 Haec
2103 4718 2383 4798 sequitur
2429 4735 2507 4780 ex
2550 4718 2796 4798 prima-2
2845 4720 3006 4782 ratio
3032 4720 3202 4782 enim
3249 4722 3470 4802 prioris

1911 4815 2025 4886 oet,
2047 4810 2195 4891 quia
2210 4810 2460 4891 spiritus
2480 4817 2732 4891 praestat
2756 4814 2994 4893 corpori
3005 4830 3027 4892 3
3051 4813 3303 4875 alterius
3321 4830 3471 4875 vero

1908 4905 2105 4983 partis
2138 4905 2297 4966 ratio
2318 4909 2435 4981 est,
2464 4905 2612 4985 quia
2636 4904 2766 4967 fere
2790 4912 2921 4968 tota
2945 4908 3204 4970 materia
3231 4913 3469 4987 tempo-

1908 4996 2057 5057 ralis
2090 4998 2170 5059 ad
2194 4997 2579 5077 spiritualem
2610 4997 2801 5060 finem
2847 4999 3122 5061 ordinari
3150 5005 3369 5079 potest,
3405 5003 3468 5062 et

1907 5089 2003 5151 illi
2029 5090 2259 5168 subest,
2294 5097 2358 5154 et
2406 5092 2521 5152 sub
2554 5090 2662 5151 illo
2699 5099 2979 5172 respectu
3015 5092 3221 5153 induit
3245 5111 3466 5173 quam-

1909 5182 2058 5243 dam
2108 5183 2474 5245 rationalem
2525 5183 2861 5263 spiritualis
2903 5185 3178 5247 materiae
3197 5230 3218 5263 ,
3266 5191 3329 5247 et
3381 5187 3469 5247 ita

1908 5280 2111 5355 potest
2140 5275 2220 5336 ad
2241 5276 2407 5354 leges
2433 5276 2760 5337 canonicas
2799 5278 3129 5357 pertinere.
3164 5278 3262 5340 Sic
3296 5279 3467 5340 enim

1911 5386 2098 5447 supra
2142 5368 2497 5428 dicebamus
2524 5374 2889 5446 potestatem
2929 5371 3333 5449 temporalem
3356 5388 3468 5431 seu

1910 5461 2150 5522 civilem
2175 5479 2303 5524 esse
2332 5462 2747 5523 ecclesiasticae
2765 5463 3128 5542 subjectam,
3158 5470 3218 5526 et
3248 5465 3469 5526 eodem

1908 5555 2096 5619 modo
2134 5555 2602 5640 dicuntjuristae
2626 5558 2953 5621 materiam
2979 5558 3237 5641 peccati,
3262 5556 3328 5619 id
3350 5560 3464 5631 est,
