3976 6219
452 410 570 471 396

449 517 592 578 licet
644 518 713 576 16
767 515 1086 576 6016161161
1132 515 1446 595 loquatur,
1482 523 1693 579 tamen
1744 518 2016 578 maxime

449 609 722 688 loquitur
748 607 824 669 de
856 607 1096 686 legibus
1127 610 1469 686 canonicis;
1503 617 1564 672 et
1607 611 1772 671 idem
1818 615 1909 671 est
1938 610 2016 671 de

448 702 736 762 omnibus
763 703 1116 762 auctoribus
1142 702 1422 780 allegatis
1441 704 1600 764 libro
1621 705 2009 783 111-1666116611,

355 843 360 850 .
447 813 500 855 c.
541 795 640 868 16,
690 812 802 872 pro
827 795 1096 855 secunda
1139 796 1451 874 opinione.
1503 797 1793 870 Quocirca
1845 799 2015 876 prior

446 903 590 965 pars
623 885 1033 948 conclusionis
1061 889 1217 949 mihi
1249 890 1495 950 videtur
1529 896 1659 950 tam
1699 896 1887 965 certa,
1940 895 2014 949 ut

447 977 788 1040 secundum
829 980 1015 1041 fidem
1058 983 1274 1060 negari
1315 1001 1442 1043 non
1488 984 1696 1062 possit,
1729 1001 1806 1043 ex
1837 983 2014 1043 dictis

401 1069 407 1080 '
448 1089 634 1150 supra
664 1073 985 1133 tractando
1011 1075 1087 1135 de
1108 1080 1406 1152 potestate
1433 1075 1777 1153 legislativa
1808 1076 2014 1136 Ponti-

446 1163 602 1239 ficis,
642 1163 749 1224 ubi
774 1167 1153 1227 ostendimus
1168 1169 1346 1228 Petro
1374 1187 1500 1230 esse
1528 1169 1738 1230 datam
1760 1169 2012 1229 6011115-

447 1263 512 1317 to
540 1258 801 1318 Domino
818 1277 1169 1338 supremam
1189 1266 1552 1339 potestatem
1568 1262 1633 1321 in
1655 1262 2009 1337 Ecclesiam,

448 1356 511 1411 61
538 1370 664 1412 non
688 1350 889 1426 alteri,
915 1371 986 1413 ac
1017 1351 1278 1414 subinde
1301 1354 1529 1415 habere
1556 1354 1728 1414 illam
1759 1354 2010 1415 Pontifi-

449 1461 583 1504 cem
612 1462 1021 1507 successorem
1059 1447 1223 1507 Petri
1267 1447 1622 1508 immediate
1668 1448 1747 1508 ab
1794 1447 2014 1507 eodem

447 1536 707 1612 Christe,
754 1556 792 1598 a
818 1556 943 1617 quo
982 1539 1154 1600 illam
1185 1542 1397 1602 Petrus
1420 1542 1662 1618 habuit,
1694 1547 1757 1602 61
1778 1560 1904 1602 606
1932 1540 2012 1601 ab

447 1630 736 1692 Ecclesia.
766 1632 924 1693 Hinc
955 1651 1105 1712 ergo
1132 1634 1558 1695 concludimus
1588 1635 1893 1695 Christum
1924 1636 2012 1695 ita

447 1722 685 1784 dedisse
712 1724 871 1786 hanc
897 1732 1259 1805 potestatem
1291 1728 1534 1788 Vicario
1561 1747 1695 1801 suo,
1727 1734 1796 1787 ut
1821 1747 1930 1807 per
1947 1747 2011 1789 se

448 1822 651 1894 posset
681 1818 882 1878 valide
915 1823 977 1878 et
1005 1819 1331 1880 efficaciter
1357 1821 1600 1899 operari
1622 1822 1753 1881 sine
1781 1820 2001 1899 depen-

449 1908 659 1969 dentia
678 1928 1024 1971 aconsensu
1053 1913 1263 1992 populi
1284 1935 1299 1987 ;
1324 1931 1469 1991 ergo
1495 1913 1784 1992 perillam
1812 1919 2013 1992 potest

447 2001 608 2063 ferre
637 2002 804 2082 leges
831 2005 1129 2067 habentes
1157 2007 1490 2067 efficaciam
1523 2013 1585 2068 et
1612 2007 1886 2068 valorem
1929 2007 2009 2071 ad

449 2094 854 2174 obligandum
895 2100 1227 2160 Ecclesiam
1270 2101 1348 2161 ad
1397 2101 1897 2162 consentiendam
1949 2109 2011 2162 et

447 2191 883 2267 acceptandam
923 2192 1126 2270 legem
1149 2239 1169 2268 ,
1221 2194 1321 2254 vel
1373 2201 1771 2274 praeceptum.
1836 2197 2009 2255 Patet

445 2279 577 2341 haec
595 2287 1055 2363 consequentia,
1082 2287 1229 2365 quia
1247 2287 1398 2347 alias
1420 2294 1685 2367 potestas
1707 2306 1833 2349 non
1853 2294 2009 2348 esset

445 2374 725 2437 absoluta
766 2387 829 2439 et
868 2380 1103 2443 efficax.
1151 2382 1327 2442 Prior
1371 2400 1519 2444 vero
1559 2381 1855 2462 probatur
1886 2384 2010 2462 pri-

447 2486 574 2544 m0,
600 2472 745 2548 quia
772 2472 923 2533 alias
957 2474 1065 2535 illa
1109 2481 1376 2553 potestas
1427 2495 1657 2556 1116366
1709 2495 1787 2537 ex
1831 2483 2008 2557 parte

446 2568 603 2623 esset
649 2564 793 2626 data
837 2567 1064 2646 populo
1109 2569 1441 2630 christiano
1459 2615 1478 2646 ,
1536 2572 1684 2650 quia
1727 2576 1877 2631 tunc
1907 2571 2010 2632 lex

446 2655 852 2719 ecclesiastica
865 2679 991 2720 non
1016 2660 1270 2722 haberet
1288 2663 1441 2739 vim,
1458 2670 1525 2724 ut
1541 2669 1632 2724 est
1653 2682 1690 2724 a
1714 2664 2009 2724 Pontifice

446 2747 598 2824 solo,
630 2752 732 2811 sed
750 2757 820 2811 ut
834 2753 1039 2813 abillo
1062 2754 1246 2814 simul
1265 2773 1407 2815 cum
1428 2758 1692 2817 Ecclesia
1719 2773 1735 2816 ε
1768 2758 1817 2817 51
1839 2758 2007 2817 66116

446 2840 550 2900 1611
572 2859 698 2903 606
725 2851 922 2923 potest
944 2865 1072 2907 6556
1098 2848 1220 2924 lex,
1246 2849 1363 2909 nisi
1379 2852 1795 2911 consentiente
1815 2868 2009 2930 popu·-

447 2933 531 3008 lo,
586 2937 855 3014 profecto
905 2941 1169 3019 populus
1218 2948 1308 3002 est
1350 2943 1782 3021 conlegislator
1825 2943 2012 3004 simul

447 3046 591 3088 cum
623 3032 940 3108 Pontifice,
966 3036 1128 3113 quod
1162 3037 1670 3097 absurdissimum
1698 3038 1866 3098 dictu
1890 3045 2001 3100 651.

530 3124 588 3183 3.
623 3125 923 3201 Secund0‚
971 3130 1116 3207 quia
1163 3130 1438 3190 Christus
1482 3131 1758 3191 absolute
1801 3132 1958 3193 dixit
1985 3152 2000 3195 :

451 3216 859 3297 Quodcumque
883 3221 1196 3300 quaveris,
1218 3229 1301 3298 et,
1337 3224 1527 3286 Pasce
1558 3243 1689 3287 oves
1709 3243 1911 3296 meam
1932 3227 2009 3287 de

445 3309 674 3389 populo
709 3320 918 3374 autem
947 3315 1105 3375 nihil
1135 3316 1315 3392 dixit,
1345 3335 1461 3377 nec
1483 3319 1688 3397 posuit
1714 3319 2011 3379 conditio-

448 3420 616 3478 nem,
644 3404 726 3467 Si
748 3409 1009 3485 populus·
1030 3413 1420 3487 acceptaverit
1442 3436 1464 3470 .·
1489 3417 1743 3489 6516130
1766 3412 2011 3472 conclu-

446 3495 538 3555 sio
561 3505 729 3557 certa
755 3498 831 3559 de
863 3499 978 3560 hac
1000 3507 1320 3579 potestate,
1348 3510 1530 3583 prout
1555 3511 1646 3565 651
1678 3506 1742 3566 16
1767 3525 2011 3566 summo

449 3589 767 3666 Pontifice,
799 3593 947 3670 quia
973 3594 1039 3653 in
1062 3594 1169 3654 illo
1195 3601 1286 3655 est
1313 3597 1669 3659 immediate
1694 3617 1730 3658 a
1749 3599 2010 3675 Christo,

447 3689 631 3761 atque
659 3684 813 3745 adeo
835 3704 977 3746 cum
1006 3688 1219 3748 eodem
1249 3690 1455 3765 modo,
1500 3704 1562 3750 et
1594 3691 2013 3771 independen-

446 3776 557 3851 tia,
584 3795 706 3856 quo
739 3796 777 3838 a
819 3780 1123 3859 principio
1153 3781 1298 3841 data
1341 3788 1451 3843 651.
1483 3784 1568 3844 1)6
1614 3785 2011 3846 inferioribus

447 3874 657 3930 autem
686 3889 811 3932 non
839 3878 933 3933 est
952 3891 1051 3934 res
1072 3874 1159 3934 ita
1190 3880 1376 3951 certa,
1397 3877 1543 3955 quia
1565 3878 1633 3938 in
1660 3878 1782 3938 illis
1811 3886 2010 3958 potes-

447 3969 540 4024 tas
581 3970 672 4025 est
699 3966 778 4026 ab
806 3968 939 4046 ipso
983 3970 1167 4048 Papa,
1213 3988 1251 4029 a
1292 3988 1415 4049 quo
1445 3971 1581 4032 dari
1619 3979 1818 4052 potest
1865 3993 2009 4034 cum

448 4057 839 4136 limitatione,
866 4067 927 4123 61
954 4063 1069 4122 sub
1098 4063 1391 4142 praedicta
1422 4066 1811 4129 conditione:
1846 4068 2012 4127 nihi-

447 4148 717 4239 lominus
745 4159 955 4214 tamen
975 4155 1080 4215 illa
1098 4175 1225 4217 non
1254 4163 1346 4218 est
1371 4158 1777 4235 admittenda,
1809 4180 2010 4240 neque

447 4247 900 4323 praesumenda,
922 4249 1042 4309 nisi
1062 4250 1139 4311 de
1161 4251 1269 4311 illa
1286 4252 1433 4311 satis
1452 4254 1811 4325 constiterit,
1829 4255 2014 4332 juxta

447 4336 608 4397 dicta
649 4340 933 4417 superius
981 4342 1058 4403 de
1105 4349 1400 4422 potestate
1456 4346 1893 4424 Episcoporum
1934 4347 2011 4407 ad

445 4429 730 4491 ferendas
757 4431 940 4513 leges.
966 4437 1034 4494 In
1058 4454 1180 4514 quo
1209 4438 1398 4498 etiam
1426 4444 1517 4498 est
1542 4438 1814 4499 notanda
1837 4440 2013 4501 diffe-

446 4525 651 4585 rentia
676 4525 839 4587 inter
867 4529 1249 4606 Pontificem,
1271 4536 1331 4592 61
1350 4532 1669 4592 inferiores
1698 4533 2010 4609 Praelatos,

448 4619 610 4696 quod
652 4620 826 4682 nulla
866 4624 1309 4685 consuetudine
1334 4625 1576 4685 obstare
1604 4631 1824 4704 potest,
1861 4645 2014 4706 quo-

449 4711 657 4771 minus
672 4714 956 4776 Pontifex
974 4716 1197 4777 habeat
1210 4708 1441 4777 dictam
1459 4723 1846 4797 potestatem,
1865 4722 2014 4798 quia

447 4808 823 4868 consuetudo
864 4827 991 4870 non
1038 4815 1237 4889 potest
1279 4811 1612 4890 proevalere
1662 4818 1874 4873 contra
1906 4814 2014 4890 jus

447 4898 730 4960 divinum
775 4923 790 4960 τ
850 4908 1127 4982 1651166111
1182 4909 1389 4964 autem
1438 4904 1804 4965 inferiorum
1827 4952 1843 4977 ,
1900 4904 2012 4964 ubi

450 5000 609 5055 esset
649 4996 1023 5057 consuetudo
1059 4996 1393 5072 contraria,
1438 4996 1706 5057 multum
1755 4997 2009 5071 valeret,

450 5089 598 5166 quia
620 5088 686 5148 in
712 5089 810 5149 his
830 5109 970 5170 quae
999 5092 1270 5169 pendent
1296 5109 1334 5150 a
1359 5091 1500 5169 jure
1527 5089 1826 5169 humano,
1853 5089 2016 5149 mul-

449 5187 586 5240 tum
602 5188 799 5260 potest
822 5184 1223 5245 consuetudo.
1245 5183 1419 5245 Unde
1443 5188 1506 5243 et
1523 5182 2016 5261 jurisdictionem

450 5291 679 5353 augere
696 5283 896 5355 potest
915 5284 975 5338 et
1000 5278 1298 5347 minuere,
1316 5276 1565 5355 quando
1577 5294 1685 5355 per
1697 5276 2015 5337 hominem

452 5368 706 5429 concedi
723 5376 939 5448 potest,
955 5378 1026 5431 ut
1052 5377 1226 5432 notat
1247 5370 1459 5431 Glossa
1481 5370 1595 5429 ult.
1614 5370 1683 5429 in
1704 5388 1834 5448 cap.
1863 5368 2015 5432 Cum

453 5463 619 5538 olim,
644 5462 720 5522 de
748 5462 904 5523 Cler.
929 5466 1176 5543 conjug.

533 5557 594 5617 4.
631 5555 910 5623 Secunda
930 5557 1479 5624 andusia—Nou
1496 5574 1696 5622 carere
1713 5559 1889 5638 eulpa
1911 5559 2019 5639 qui

1434 417 1549 468 Lm.
1588 416 1669 468 Ν.
1707 416 1786 468 DE
1821 416 1978 469 LEGE
2013 415 2298 469 Posva
2330 415 2652 469 CANONICA.

2093 518 2396 597 incipiunt
2413 535 2531 580 non
2554 516 2860 580 observare
2911 517 3064 597 leqes
3090 514 3658 597 pontificiam—Se-

2091 611 2293 671 cundo
2326 610 2656 672 dicendum
2689 614 2805 685 est,
2860 610 3174 690 supposita
3216 608 3460 689 justitia
3503 605 3661 685 16315

2091 705 2425 779 canonicae,
2465 722 2575 783 per
2607 721 2670 764 se
2711 703 3045 782 loquend0‚
3078 703 3228 763 oriri
3264 721 3340 763 ex
3365 701 3472 760 illa
3500 699 3661 759 obli-

2090 799 2405 876 gationem
2450 798 2530 858 ad
2584 798 3035 877 acceptandum
3080 815 3243 873 eam,
3282 798 3370 857 ita
3410 801 3484 856 ut
3529 811 3657 853 6011

2090 899 2342 954 careant
2379 893 2581 971 culpa,
2611 892 2717 971 qui
2739 892 3052 971 incipiunt
3090 892 3264 952 illam
3293 908 3416 950 non
3451 888 3661 949 obser-

2088 1002 2234 1045 vare
2266 990 2404 1064 post
2444 983 2846 1044 sufficientem
2894 984 3474 1063 promulgationem.
3516 979 3655 1040 Dixi

2088 1079 2401 1156 supposita
2414 1078 2675 1157 justitia
2699 1077 2872 1156 leqie,
2920 1078 3067 1156 quia
3094 1077 3195 1137 lex
3222 1076 3540 1137 evidenter
3562 1075 3658 1133 in-

2083 1170 2274 1248 justa,
2306 1171 2546 1232 etiamsi
2576 1171 2877 1231 canonica
2903 1172 3004 1246 sit,
3041 1188 3167 1230 non
3191 1169 3449 1247 obligat,
3473 1168 3657 1245 juxta

2089 1281 2273 1342 supra
2294 1264 2459 1325 dicta
2482 1263 2557 1325 de
2578 1264 2798 1342 163616
2822 1263 3159 1338 6016161161,
3191 1268 3251 1323 61
3282 1262 3550 1322 sumitur
3576 1277 3657 1320 ex

2089 1376 2142 1419 c.
2175 1356 2335 1420 Ante
2358 1359 2707 1433 triennium,
2736 1356 3005 1417 distinct.
3043 1358 3142 1432 31,
3178 1361 3242 1417 61
3263 1353 3659 1434 prosequitur

2088 1450 2212 1511 late
2245 1450 2527 1512 Corduba
2553 1450 2621 1511 in
2656 1456 2873 1530 quaest.
2909 1450 2953 1511 l.
2981 1452 3041 1524 4,
3078 1453 3291 1528 quaest.
3325 1449 3387 1523 7;
3418 1446 3649 1506 Victor.

2089 1545 2155 1604 in
2201 1546 2237 1604 3
2274 1545 2482 1605 161661.
2516 1545 2593 1606 de
2621 1547 2924 1606 Potestate
2961 1542 3185 1604 Eccles.
3210 1558 3230 1618 ;
3264 1540 3651 1615 Bellarmin.,

2089 1636 2134 1698 l.
2177 1640 2216 1697 4
2260 1637 2335 1698 de
2387 1638 2638 1711 Pontif.,
2670 1656 2801 1717 cap.
2839 1640 2953 1714 {53
3001 1635 3366 1709 Panormit.,
3406 1634 3474 1693 in
3516 1651 3649 1711 cap.

2094 1730 2244 1793 Cum
2292 1736 2590 1793 teneamus
2609 1747 2629 1807 3
2678 1731 2870 1792 Felin.
2903 1731 2970 1790 in
3002 1749 3134 1808 cap.
3172 1727 3535 1806 Siquando,
3576 1725 3653 1784 de

2087 1825 2382 1903 Rescript.
2393 1870 2413 1900 ,
2435 1830 2497 1885 et
2520 1843 2653 1903 cap.
2685 1824 3054 1903 Accepimu8‚
3083 1822 3159 1882 de
3183 1820 3331 1880 Fide
3358 1819 3648 1879 instrum.

2087 1921 2162 1978 Et
2190 1922 2279 1980 ita
2298 1925 2388 1980 651
2415 1921 2663 1980 assertio
2693 1920 2879 1993 clara,
2906 1917 3248 1997 praesertim
3273 1914 3519 1992 quando
3548 1913 3653 1973 lex

2088 2017 2179 2071 651
2213 2031 2339 2072 606
2365 2013 2563 2072 solum
2607 2013 2794 2091 justa,
2826 2012 2930 2071 sed
2977 2011 3164 2070 etiam
3206 2007 3539 2079 moderata,
3585 2012 3651 2066 61

2085 2106 2303 2181 1661115,
2340 2107 2486 2185 quia
2513 2113 2660 2166 tunc
2679 2110 2945 2185 potestas
2969 2122 3094 2163 nou
3123 2103 3314 2175 deest,
3349 2107 3409 2161 et
3429 2100 3651 2160 volun-

2086 2205 2181 2259 tas
2213 2199 2521 2260 contraria
2545 2199 2717 2259 nulla
2738 2196 3092 2258 rationabili
3120 2194 3468 2272 conjectura
3496 2211 3655 2271 11161-

2088 2294 2246 2354 sumi
2267 2300 2485 2373 potest.
2525 2293 2697 2368 Quod
2730 2312 2767 2353 a
2795 2292 3035 2353 fortiori
3063 2295 3231 2369 patet
3264 2306 3340 2349 ex
3366 2287 3545 2348 dictis
3573 2286 3654 2346 de

2085 2387 2222 2465 1636
2239 2388 2423 2448 civili.
2443 2386 2812 2447 Addendum
2833 2403 2979 2446 vero
2995 2389 3085 2445 est
3104 2401 3181 2443 ex
3195 2382 3373 2442 dictis
3390 2379 3648 2455 ibidem,

2087 2481 2275 2540 etiam
2315 2481 2382 2539 in
2424 2479 2663 2557 legibus
2697 2477 3146 2538 difficilioribus
3173 2480 3234 2534 et
3271 2473 3650 2547 durioribus,

2087 2573 2229 2632 siin
2255 2573 2460 2650 rigore
2486 2573 2668 2649 justae
2696 2572 2842 2646 sint,
2881 2570 3047 2630 idem
3091 2586 3221 2628 esse
3250 2565 3650 2640 servandum,

2086 2673 2158 2728 ut
2179 2668 2448 2728 declarat
2474 2666 2753 2727 Corduba
2787 2684 2973 2745 supra
3001 2683 3076 2724 ex
3104 2663 3287 2741 capit.
3322 2662 3405 2722 In
3440 2679 3655 2721 memo·

2090 2763 2272 2836 riam,
2311 2763 2387 2822 19
2413 2760 2707 2820 distinct..
2745 2759 2832 2819 ibi
2867 2779 2881 2816 ε
2914 2758 3052 2820 lieet
3079 2759 3186 2819 via
3224 2755 3536 2833 ferendum
3577 2754 3653 2814 ab

2089 2856 2203 2916 illa
2231 2859 2439 2917 saneta
2468 2855 2597 2915 sede
2622 2855 2970 2932 imponatur
2977 2853 3229 2931 juqum,
3256 2855 3453 2910 tamen
3479 2849 3655 2924 fera-

2089 2966 2245 3023 mus,
2282 2953 2337 3009 et
2360 2948 2471 3026 pia
2500 2948 2795 3009 devotione
2828 2947 3160 3008 toleremus.
3210 2941 3386 3015 Quod
3437 2958 3654 3001 censeo

2089 3058 2309 3102 verum
2337 3058 2449 3120 per
2487 3058 2574 3115 se,
2629 3045 2692 3100 et
2732 3057 2810 3100 ex
2851 3039 2913 3097 vi
2956 3035 3274 3118 potestatis
3318 3033 3652 3107 canonicae,

2091 3154 2228 3215 quae
2258 3136 2457 3213 major
2490 3140 2580 3194 est
2607 3151 2794 3213 quam
2823 3133 3019 3192 civilis
3048 3154 3061 3190 :
3092 3134 3333 3209 oportet
3357 3133 3566 3189 autem
3587 3133 3658 3186 ut

2092 3229 2279 3289 etiam
2310 3228 2385 3288 de
2416 3228 2733 3289 voluntate
2775 3227 2923 3285 satis
2958 3230 3213 3298 constet,
3238 3228 3375 3283 tum
3407 3239 3482 3282 ex
3512 3238 3659 3281 ver-

2091 3321 2185 3380 bis
2213 3320 2366 3399 legis
2384 3366 2402 3395 ,
2429 3326 2491 3381 et
2527 3320 2710 3380 modo
2739 3318 3154 3398 praecipiendi,
3189 3321 3325 3375 tum
3355 3315 3543 3375 etiam
3578 3332 3657 3374 ex

2090 3414 2223 3473 aliis
2272 3413 2517 3474 indiciis
2532 3459 2552 3489 ,
2605 3419 2667 3474 et
2722 3410 3191 3473 circumstantiis
3244 3410 3419 3485 legis.
3479 3408 3654 3469 Addo

2091 3508 2276 3568 etiam
2306 3513 2609 3587 oportere,
2641 3511 2711 3566 ut
2738 3504 3073 3565 verisimile
3109 3504 3209 3578 sit,
3237 3501 3654 3579 legislatorem

2090 3620 2216 3661 non
2249 3602 2563 3679 ignorasse
2582 3599 2906 3678 specialem
2927 3598 3017 3659 rei
3039 3602 3359 3677 praeceptae
3391 3594 3657 3656 difficul-

2089 3701 2279 3755 tatem
2298 3713 2410 3774 pro
2436 3694 2545 3753 tali
2568 3694 2722 3768 loc0,
2745 3691 2845 3753 vel
2868 3698 3168 3769 tempore,
3198 3694 3308 3749 aut
3338 3688 3461 3750 alia
3486 3706 3658 3748 occa-

2091 3788 2286 3851 sione.
2332 3790 2488 3849 Nam
2516 3788 2566 3847 si
2594 3784 2998 3866 probabiliter
3021 3782 3453 3845 credaturhaec
3480 3782 3658 3859 igno-

2090 3899 2277 3956 rasse,
2300 3880 2468 3941 credi
2488 3880 2674 3941 etiam
2695 3884 2893 3959 potest
2921 3877 3189 3939 noluisse
3216 3892 3359 3937 cum
3380 3880 3557 3935 tanto
3574 3875 3658 3935 ri-

2090 3993 2237 4054 gore
2265 3974 2563 4053 obligare.

2171 4070 2230 4127 5.
2265 4068 2383 4128 Sed
2414 4076 2561 4126 tunc
2584 4065 2817 4145 inquiri
2839 4070 3059 4144 potest,
3095 4082 3178 4124 an
3205 4064 3273 4123 in
3297 4062 3485 4124 simili
3512 4081 3660 4123 casu

2087 4161 2269 4221 liceat
2288 4159 2545 4220 subditis
2573 4178 2611 4220 a
2641 4160 2776 4236 1636
2799 4159 2877 4218 ad
2913 4158 3328 4237 legislatorem
3354 4156 3660 4236 supplica-

2088 4273 2177 4329 re,
2209 4259 2270 4314 et
2295 4253 2634 4332 praesertim
2660 4253 2739 4311 ad
2762 4251 3143 4312 Pontificem.
3169 4251 3431 4324 Quidam
3453 4249 3660 4309 omni·

2090 4366 2171 4407 no
2212 4352 2443 4424 negant
2460 4362 2480 4421 3
2513 4346 2641 4406 imo
2668 4344 2904 4420 dicunt,
2944 4344 3232 4405 frivolam
3266 4349 3328 4405 et
3366 4342 3660 4403 inutilem

2088 4459 2215 4501 esse
2261 4440 2452 4499 talem
2496 4439 3028 4518 supplicationem,
3080 4442 3140 4499 et
3181 4455 3258 4497 ex
3306 4437 3666 4515 ignorantia

2088 4534 2449 4613 profectam.
2480 4532 2800 4607 Probatur,
2824 4533 2972 4611 quia
2999 4531 3195 4610 alege
3220 4549 3348 4592 non
3369 4547 3664 4609 provoca-

2089 4634 2213 4703 tur,
2247 4645 2354 4687 seu
2395 4625 2763 4704 appellatur,
2796 4630 2868 4683 ut
2894 4624 3208 4702 colligitur
3234 4641 3313 4685 ex
3339 4624 3382 4684 1.
3422 4623 3627 4683 ultim.
3637 4667 3660 4697 ,

2091 4720 2155 4782 ff.
2191 4721 2267 4781 de
2296 4717 2598 4797 Appellat.
2626 4718 2845 4796 recip.,
2885 4723 2947 4777 et
2972 4718 3014 4779 1.
3049 4716 3547 4797 antepenultim.,
3585 4714 3658 4774 ff.

2092 4814 2168 4873 de
2200 4811 2457 4872 Verbor.
2492 4809 2786 4888 signific.,
2825 4810 2935 4870 ubi
2980 4811 3045 4870 id
3071 4816 3247 4870 notat
3273 4808 3513 4870 Rebuff.
3551 4807 3667 4868 ad-

2093 4906 2324 4966 ducens
2342 4904 2499 4964 alios
2518 4903 2795 4963 doctores
2816 4910 2880 4963 et
2902 4904 3066 4983 jura.
3104 4903 3273 4965 Idem
3302 4903 3370 4962 in
3398 4890 3667 4963 Concor-

2092 4992 2246 5072 dat‘„
2276 4998 2371 5057 tit.
2406 4996 2483 5057 de
2511 4995 2833 5056 Constitut.
2867 4996 3047 5056 Ratio
3084 4996 3273 5056 etiam
3310 4995 3669 5072 assignatur

2093 5089 2551 5154 exdifferentia
2584 5090 2749 5149 inter
2776 5091 3170 5167 sententiam,
3199 5090 3561 5168 rescriptum
3588 5105 3667 5147 66

2091 5173 2294 5263 legem
2322 5199 2338 5242 ε
2370 5200 2517 5242 6616
2547 5184 2853 5243 sententia
2874 5190 2988 5255 est,
3020 5201 3165 5243 cum
3192 5182 3394 5243 fertur
3441 5183 3508 5242 in
3555 5199 3669 5241 ne·

2093 5279 2262 5357 gotio
2289 5276 2668 5356 particulari,
2697 5282 2759 5337 et
2785 5276 3013 5355 pendet
3035 5295 3111 5337 ex
3139 5276 3412 5355 partium
3440 5274 3667 5353 proba-

2092 5372 2386 5448 tionibus,
2411 5376 2471 5431 et
2489 5369 2627 5431 ideo
2651 5371 2715 5430 in
2745 5388 2818 5430 ea
2844 5370 3191 5430 admittitur
3213 5369 3569 5448 appellatio,
3592 5373 3669 5428 ut

2096 5486 2256 5547 parS,
2283 5484 2422 5546 quoe
2444 5482 2782 5543 gravamen
2809 5466 3022 5539 sensit,
3047 5465 3237 5544 possit
3256 5462 3543 5525 meliores
3564 5462 3669 5522 vel

2096 5560 2381 5622 clariores
2402 5557 2795 5639 probationes
2813 5558 3051 5621 afferre.
3066 5557 3453 5637 Rescriptum
3470 5555 3667 5617 etiam
