3976 6219
523 482 765 561 Justit„
790 500 852 562 q.
884 481 946 557 6,
973 486 1093 543 art.
1118 483 1193 541 4:
1227 484 1290 541 et
1315 477 1484 541 idem
1510 480 1787 542 sentiunt
1820 481 2083 560 Sylvest.

522 574 695 637 verb.
759 575 1159 654 Praeceptum,
1207 591 1270 654 q.
1322 575 1362 634 2
1388 594 1406 646 ;
1449 572 1702 646 Armil„
1746 591 1814 634 n.
1864 575 1925 633 7.
1963 568 2088 634 Alii

526 686 697 743 vero,
732 666 875 727 licet
898 665 1017 727 hoc
1047 666 1379 727 admittant
1403 665 1470 725 in
1500 665 1739 744 legibus
1777 665 2088 727 canonicis

525 767 773 842 propter
800 760 965 821 dicta
990 759 1288 821 canonica
1305 759 1470 838 jura,
1500 777 1628 821 non
1655 764 1865 820 tamen
1905 759 1972 820 in
2005 760 2088 821 ci-

524 854 775 930 vilibuS,
805 853 952 932 quia
985 852 1053 913 in
1074 853 1216 933 ,iure
1259 851 1428 913 civili
1452 851 1594 913 talis
1614 852 1941 913 declaratio
1959 871 2088 913 nou

523 946 810 1022 habetur,
841 963 955 1007 nec
980 963 1057 1007 ex
1080 944 1521 1007 consuetudine
1564 951 1804 1006 constat
1831 945 1917 1006 sic
1955 963 2087 1006 esse

521 1038 712 1101 verba
738 1039 846 1099 illa
881 1038 1304 1118 intelligenda.
1343 1040 1433 1098 Ita
1461 1038 1691 1100 Medin.
1736 1038 1898 1100 dicto
1941 1056 1997 1100 c.
2048 1041 2084 1099 7

521 1134 599 1194 de
624 1133 830 1211 Jejun.
861 1148 882 1209 3
918 1132 1127 1193 Castro
1162 1132 1326 1192 dicto
1347 1130 1490 1192 libr.
1525 1134 1553 1191 1
1589 1131 1666 1192 de
1687 1132 1846 1211 Lege
1873 1149 2087 1211 poena-

518 1227 590 1303 li,
638 1244 773 1305 cap.
822 1227 860 1286 5
878 1245 895 1300 ;
958 1230 1021 1285 et
1049 1224 1218 1285 idem
1246 1223 1314 1284 in
1349 1240 1419 1285 re
1455 1224 1641 1285 sentit
1666 1226 1887 1287 Navar.
1920 1224 2086 1286 dicto

520 1338 654 1398 cap.
689 1320 791 1395 23,
822 1337 889 1378 n.
918 1319 997 1378 50
1013 1338 1031 1391 ;
1052 1335 1224 1390 nam,
1254 1315 1402 1377 licet
1427 1317 1599 1396 prius
1621 1317 1899 1381 absolute
1922 1319 2088 1382 dicat

519 1412 782 1474 verbum
806 1410 1204 1491 praecipiendi
1225 1410 1302 1471 de
1320 1426 1384 1470 se
1411 1428 1540 1470 non
1567 1409 1917 1489 significare
1941 1413 2086 1474 satis

521 1510 895 1585 praeceptum
923 1502 1204 1582 obligans
1230 1501 1345 1563 sub
1377 1502 1647 1578 mortali,
1677 1503 2084 1566 nihilominus

519 1598 922 1678 subjungitin
946 1597 1186 1677 legibus
1201 1595 1512 1658 canonicis
1527 1596 1756 1658 habere
1777 1598 1938 1682 hanc
1951 1601 2083 1660 vim

519 1711 595 1753 ex
622 1710 761 1768 usu,
808 1697 871 1752 et
914 1709 992 1751 ex
1039 1690 1203 1751 dicta
1246 1689 1541 1750 Clement.
1582 1688 1691 1749 ubi
1732 1691 2083 1770 oppositum

518 1787 707 1846 sentit
734 1786 809 1846 de
835 1784 1138 1846 civilibus.
1174 1782 1298 1846 Alii
1325 1782 1594 1864 denique
1630 1783 1986 1846 existimant
2013 1787 2082 1847 in

517 1879 709 1940 nullis
737 1877 999 1957 legibus,
1026 1894 1142 1939 nec
1167 1876 1449 1938 civilibus
1477 1894 1593 1938 nec
1635 1875 2077 1955 ecclesiasticiS,

516 1990 593 2033 ex
618 1971 809 2034 verbo
835 1968 1234 2050 praecipiendi
1258 1986 1433 2048 posse
1478 1968 1682 2047 colligi
1713 1969 1901 2031 talem
1925 1971 2081 2032 obli-

515 2063 966 2142 gationem.1ta
996 2063 1183 2141 Cajet.
1212 2063 1273 2122 2.
1303 2064 1366 2136 2,
1397 2079 1458 2140 q.
1509 2063 1647 2136 186,
1679 2067 1795 2123 art.
1823 2066 1886 2139 9,
1918 2065 2079 2127 cirea

512 2158 591 2218 ad
613 2160 671 2218 3.
700 2157 862 2230 Quin
888 2155 1094 2236 potius
1115 2154 1203 2214 ibi
1229 2153 1576 2232 generalius
1601 2154 1768 2233 loqui
1807 2156 2074 2235 videtur,

512 2255 575 2310 et
601 2267 829 2328 negare
861 2248 1123 2309 verbum
1155 2248 1549 2326 proeoipimus
1579 2248 1958 2309 sufficienter
1980 2251 2077 2312 in-

510 2342 716 2403 dicare
769 2342 973 2420 legem
1019 2339 1399 2418 obligantem
1425 2357 1815 2419 quocumque
1843 2343 2072 2403 modo:

513 2453 662 2496 nam
686 2435 822 2495 aliae
847 2433 1215 2511 conjectura}
1232 2449 1385 2511 quas
1402 2432 1650 2492 adducit
1670 2451 1746 2493 ex
1775 2452 1891 2494 usu
1908 2435 2076 2497 illius

510 2528 676 2589 vocis
695 2528 760 2587 in
790 2525 1124 2604 Evangelio
1152 2529 1214 2585 et
1233 2524 1302 2584 in
1327 2524 1546 2601 regula
1565 2523 1924 2601 Augustini,
1951 2525 2076 2587 huc

508 2620 763 2682 tendere
803 2619 1113 2691 videntur,
1165 2622 1470 2695 quatenus
1517 2616 1662 2676 inde
1709 2617 1850 2678 elici
1877 2624 2077 2697 potest

509 2710 815 2790 simplices
864 2708 1280 2769 ordinationes
1329 2725 1403 2768 ac
1449 2707 1693 2786 regulas
1728 2726 1888 2788 saepe
1927 2710 2076 2770 ferri

508 2819 622 2883 per
652 2801 914 2863 verbum
959 2800 1379 2880 praecipiendi,
1409 2806 1471 2861 et
1497 2803 1702 2861 vocari
1731 2809 2036 2883 praecepta
2050 2818 2071 2881 3

510 2894 616 2956 sed
637 2892 1042 2954 nihilominus
1064 2893 1199 2971 ejus
1223 2910 1398 2953 mens
1420 2893 1620 2954 solum
1647 2893 1767 2954 fuit
1791 2894 1963 2975 loqui
1998 2895 2075 2958 de

508 2990 812 3067 praecepto
840 2985 1154 3063 obligante
1174 2984 1278 3052 ,ad
1327 2986 1618 3047 mortale:
1660 2993 1872 3067 postea
1898 3006 2071 3064 vero,

510 3081 683 3162 quasi
706 3098 817 3161 per
834 3079 1350 3157 antonomasiam,
1371 3079 1489 3141 hoc
1513 3080 1713 3142 solum
1736 3089 1915 3144 vocat
1930 3083 2075 3145 sim·

508 3176 753 3256 pliciter
777 3172 1175 3255 praeceptu'm,
1226 3171 1289 3234 61
1324 3174 1412 3234 ita
1442 3172 1632 3253 negat
1678 3177 2074 3237 mendacium

507 3269 770 3349 simplex
792 3268 1106 3348 prohiberi
1132 3273 1459 3373 praecepto,
1479 3273 1541 3328 61
1557 3269 1805 3329 similia.
1827 3269 2073 3332 Funda-

506 3368 791 3424 mentum
818 3378 967 3439 ergo
994 3359 1163 3420 illius
1185 3365 1302 3435 est,
1330 3360 1477 3437 quia
1497 3359 1756 3422 verbum
1781 3362 2069 3440 proeoipio

505 3472 680 3535 aeque
723 3454 976 3533 ponitur
1010 3451 1212 3529 (adde,
1260 3457 1323 3512 et
1358 3470 1499 3513 cum
1537 3453 1751 3514 eadem
1794 3455 2070 3535 proprie-

505 3549 656 3624 tate)
690 3547 758 3607 in
788 3545 970 3607 rebus
997 3544 1229 3624 peccati
1246 3543 1507 3605 venialis
1526 3562 1599 3605 ac
1625 3547 1926 3608 mortalis.

584 3641 647 3700 6.
692 3640 868 3701 Mem
894 3638 1180 3699 auctoris.
1205 3667 1289 3682 —
1314 3636 1468 3697 Mihi
1489 3642 1701 3699 tamen
1732 3638 2067 3701 dicendum

502 3731 750 3794 videtur
777 3728 950 3790 aliud
977 3746 1108 3790 esse
1135 3728 1449 3807 inquirere
1476 3747 1558 3790 an
1583 3729 1686 3792 lex
1721 3731 1780 3791 vi
1807 3730 1986 3812 alicuj
1996 3750 2067 3795 us

505 3822 680 3885 verbi
708 3822 776 3883 in
803 3839 877 3883 ea
900 3820 1082 3901 positi
1109 3820 1386 3881 absolute
1419 3826 1480 3882 et
1516 3821 1877 3903 simpliciter
1911 3825 2067 3886 obli-

502 3922 612 3995 get
635 3914 749 3977 sub
776 3913 1023 3975 mortali
1051 3912 1254 3993 culpa,
1274 3931 1515 3993 semper
1541 3933 1613 3976 ac
1644 3914 2063 3996 independen-

500 4015 598 4071 ter
633 4008 712 4069 ab
743 4008 916 4070 omni
942 4006 1065 4068 alia
1104 4006 1458 4069 conditione
1497 4006 1650 4087 legis
1661 4024 1683 4086 3
1714 4008 1886 4070 aliud
1915 4027 2063 4072 vero

501 4120 634 4164 esse
673 4119 949 4182 quaerere
984 4119 1066 4162 an
1114 4118 1192 4163 ex
1226 4107 1399 4181 parte
1431 4101 1761 4164 verborum
1797 4103 1955 4183 legis
1981 4105 2062 4167 sit

499 4195 751 4276 aliquod
777 4194 1040 4257 verbum
1061 4193 1345 4275 simplex,
1371 4195 1533 4275 quod
1552 4195 1714 4257 hanc
1735 4195 2062 4276 obligatio·-

496 4306 646 4351 nem
668 4288 1039 4349 sufficienter
1064 4287 1314 4348 indicet.
1342 4288 1672 4367 Loquendo
1701 4289 1894 4369 priori
1920 4308 2058 4352 mo-

498 4382 602 4459 do,
628 4399 777 4443 vera
803 4386 893 4442 est
909 4381 1214 4442 sententia
1236 4379 1533 4459 Cajetani,
1560 4380 1804 4441 nullum
1831 4383 2060 4445 scilicet

498 4493 628 4537 esse
659 4474 784 4536 tale
812 4473 1072 4553 simplex
1099 4472 1384 4549 verbum,
1417 4478 1481 4532 et
1505 4472 1883 4535 sufficienter
1908 4495 2058 4556 pro-

493 4567 680 4629 batur
705 4567 1109 4628 fundamento
1144 4565 1299 4643 ejuS.
1342 4566 1500 4625 Nam
1538 4567 1591 4626 si
1620 4565 1869 4646 aliquod
1901 4576 2057 4632 esset

491 4661 616 4722 tale
647 4660 931 4735 verbum,
960 4658 1232 4720 maxime
1263 4663 1419 4719 esset
1442 4658 1701 4720 verbum
1722 4663 2017 4741 pra-cipio
2030 4690 2053 4725 .-

491 4754 600 4815 sed
645 4752 765 4813 hoc
807 4770 962 4828 non,
990 4752 1137 4831 quia
1180 4749 1368 4812 etiam
1408 4768 1505 4812 res
1553 4751 1706 4813 levis
1743 4770 1856 4831 per
1897 4754 2054 4816 illud

489 4845 752 4907 verbum
804 4844 1219 4924 propriissime
1273 4843 1661 4924 proecipitur3
1718 4863 1868 4924 ergo
1925 4865 2054 4909 non

489 4938 772 5001 obstante
808 4938 941 5015 illo,
977 4937 1249 5017 gravitas
1281 4937 1380 4998 vel
1413 4935 1630 4997 levitas
1654 4937 2050 5017 obligationis

488 5033 717 5112 pendet
742 5049 821 5094 ex
855 5030 1136 5106 materia,
1168 5034 1240 5090 ut
1273 5035 1585 5090 ostensum
1614 5035 1703 5091 est
1712 5053 1732 5106 3
1763 5049 1933 5110 ergo.
1971 5034 2051 5095 Et

487 5126 893 5186 confirmatur
914 5143 953 5185 a
978 5123 1216 5184 fortiori
1240 5138 1256 5182 ε
1280 5141 1430 5184 nam
1452 5123 1641 5184 etiam
1672 5123 1862 5185 verba
1884 5144 2049 5186 com-

487 5217 670 5296 plexa
708 5218 787 5277 ad
816 5217 936 5277 hoc
978 5234 1106 5277 non
1152 5215 1485 5293 sufficiunt,
1529 5214 1770 5278 etiamsi
1809 5218 2049 5280 dicatur

483 5309 601 5370 sub
632 5308 1136 5369 interminatione
1175 5314 1420 5370 aeternoe
1458 5327 1683 5389 poenae,
1727 5316 1842 5373 etc.
1860 5355 1881 5387 ,
1925 5311 2048 5372 nisi

482 5405 869 5482 supponatur
917 5401 1218 5479 capacitas
1260 5402 1558 5478 materiae,
1610 5407 1683 5462 ut
1731 5410 2046 5466 ostensum

485 5499 607 5567 651;
647 5510 796 5572 ergo
832 5490 1028 5553 multo
1055 5492 1262 5553 minus
1289 5493 1549 5555 sufficiet
1587 5495 1850 5575 simplex
1888 5514 2047 5577 prae·

1535 375 1654 432 Lm.
1686 377 1771 432 m.
1807 378 1889 431 DE
1918 377 2082 432 LEGE
2111 376 2368 432 numus
2402 376 2484 431 ΕΤ
2516 374 2721 431 cmm.

2170 479 2438 561 cipiendi
2476 479 2759 542 verbum.
2803 474 2966 552 Quin
3006 475 3213 557 potius
3250 472 3321 537 in
3364 473 3485 537 hoc
3531 479 3756 556 potest

2168 573 2458 635 constitui
2492 571 2864 644 differentia,
2903 570 3052 650 quia
3077 568 3328 649 quando
3355 567 3553 629 verba
3599 573 3755 628 sunt

2169 667 2507 747 complexa,
2549 670 2612 727 et
2654 666 2723 727 in
2763 664 2886 726 illis
2930 663 3003 725 fit
3033 662 3144 724 illa
3181 661 3615 741 exaggerati0‚
3650 660 3751 721 vel

2168 761 2290 822 alia
2317 760 2558 838 similis,
2596 778 2674 821 ex
2716 758 2839 819 illis
2865 758 3134 820 sumitur
3158 774 3388 835 magna
3423 754 3745 835 probatio,

2166 853 2332 934 quod
2371 854 2631 915 materia
2657 852 2737 913 sit
2766 851 2993 929 gravis,
3035 849 3156 911 nisi
3183 848 3353 910 aliud
3394 849 3546 909 satis
3576 846 3749 908 clare

2166 952 2437 1008 constet:
2467 965 2544 1007 ex
2576 944 2842 1025 simplici
2872 949 3083 1005 autem
3107 941 3298 1005 verbo
3334 940 3747 1020 praecipiendi

2165 1058 2293 1102 non
2319 1040 2584 1101 sumitur
2609 1039 2748 1100 talis
2773 1035 3077 1118 probatio,
3099 1053 3214 1097 nec
3240 1034 3553 1096 sufficiens
3588 1052 3746 1114 prse-

2165 1133 2457 1213 sumptio,
2497 1133 2644 1212 quia
2676 1132 2753 1193 de
2781 1149 2846 1192 se
2891 1135 2984 1192 est
3027 1127 3412 1203 indifferens,
3453 1133 3516 1189 et
3563 1145 3742 1206 aeqne

2165 1225 2412 1307 proprie
2438 1243 2512 1286 ac
2538 1224 2801 1286 univoce
2831 1230 2922 1301 (ut
2944 1222 3030 1283 sic
3054 1238 3187 1282 rem
3217 1220 3548 1301 explicem)
3571 1220 3741 1281 cadit

2164 1318 2234 1379 in
2278 1318 2605 1380 materiam
2649 1333 2904 1396 gravem
2940 1321 3003 1377 et
3032 1315 3258 1391 levem,
3302 1321 3616 1394 quantum
3647 1317 3736 1375 est

2164 1429 2243 1473 ex
2267 1411 2332 1472 vi
2356 1410 2550 1472 verbi.

2247 1507 2307 1565 7.
2352 1505 2445 1566 De
2472 1502 2644 1566 verbo
2673 1502 2941 1581 simplici
2960 1500 3560 1582 proecipiendi.—At
3585 1516 3729 1561 vero

2164 1598 2218 1658 si
2247 1596 2315 1658 in
2347 1596 2540 1658 altero
2565 1613 2748 1656 sensu
2775 1595 3125 1675 loquamur,
3151 1593 3484 1655 dicendum
3513 1609 3727 1655 censeo

2162 1690 2423 1770 simplex
2448 1688 2710 1750 verbum
2739 1688 3155 1769 praecipiendi,
3195 1692 3502 1766 quantum
3533 1693 3623 1747 est
3650 1704 3725 1747 ex

2161 1783 2363 1844 forma
2405 1781 2583 1861 legis,
2634 1781 2943 1842 sufficiens
2987 1799 3117 1842 6556
3162 1779 3241 1839 ad
3284 1778 3722 1857 obligationem

2161 1875 2277 1938 sub
2314 1876 2561 1937 mortali
2605 1874 3023 1950 indicandam,
3054 1874 3105 1933 si
3150 1873 3409 1935 materia
3443 1873 3596 1951 legis
3637 1873 3717 1933 sit

2161 1989 2355 2050 capax
2389 1969 2574 2031 illius.
2623 1971 2700 2031 Et
2733 1970 2801 2029 in
2845 1967 2964 2029 hoc
3009 1986 3192 2029 sensu
3233 1967 3507 2027 existimo
3538 1965 3705 2045 loqui

2162 2069 2440 2125 auctores
2466 2063 2682 2143 primas
2720 2061 3060 2124 sententias.
3093 2061 3169 2121 Et
3202 2058 3507 2139 probatur,
3535 2059 3698 2137 quia,

2159 2174 2233 2218 eo
2269 2157 2403 2235 ipso
2437 2155 2601 2235 quod
2628 2156 2730 2217 lex
2758 2160 2850 2215 est
2875 2171 3025 2214 vera
3050 2152 3173 2228 lex,
3213 2158 3276 2213 et
3312 2170 3439 2212 non
3463 2151 3711 2211 restrin-

2158 2249 2326 2326 gitur
2352 2248 2430 2309 ad
2457 2266 2610 2328 pure
2634 2247 2967 2327 poenalem,
3006 2245 3105 2306 vel
3133 2244 3255 2305 alio
3283 2243 3471 2304 simili
3509 2243 3710 2317 modo,

2158 2339 2438 2418 obligat
2420 2359 2488 2401 ιιι
2516 2340 2907 2414 conscientia,
2947 2344 3010 2400 et
3036 2342 3341 2417 quantum
3375 2343 3575 2417 potest
3610 2355 3716 2416 pro

2157 2434 2492 2512 capacitate
2531 2433 2839 2508 materioe5
2867 2448 3015 2510 ergo
3043 2430 3277 2509 obligat
3304 2430 3421 2490 561)
3449 2430 3712 2506 mortali,

2159 2526 2209 2585 si
2250 2526 2511 2588 materia
2546 2533 2638 2588 est
2664 2542 2889 2606 capax,
2932 2524 3040 2586 sed
3084 2542 3160 2585 ex
3199 2524 3265 2585 vi
3292 2523 3469 2584 verbi
3516 2523 3715 2604 praeci-

2157 2618 2369 2697 piendi
2390 2619 2785 2680 constituitur
2805 2617 3221 2698 proeceptum'
3204 2635 3272 2676 ι6
3296 2617 3541 2678 ratione
3562 2634 3714 2677 verae

2155 2709 2329 2789 legis,
2365 2717 2670 2790 quantum
2705 2717 2795 2773 est
2822 2729 2898 2772 ex
2924 2715 3099 2791 parte
3126 2709 3343 2770 formae
3370 2728 3479 2770 seu
3505 2708 3714 2770 verbo-

2153 2822 2323 2881 rum,
2359 2805 2507 2883 quia
2535 2823 2613 2865 ex
2643 2804 2712 2865 vi
2738 2804 2906 2865 illius
2933 2804 3078 2864 satis
3105 2802 3394 2882 exprimit
3431 2802 3712 2882 princeps

2157 2915 2339 2957 suum
2370 2898 2701 2978 imperium
2729 2903 2793 2958 et
2820 2897 3203 2959 voluntatem
3233 2894 3560 2973 obligandi,
3596 2912 3713 2956 666

2154 2990 2395 3052 extrahi
2441 2996 2641 3071 potest
2684 2990 2763 3051 ab
2806 2990 2922 3051 hac
2948 2989 3198 3069 propria
3242 2985 3708 3066 significatione,

2154 3083 2273 3144 nisi
2307 3089 2544 3146 attenta
2569 3083 2780 3163 aliqua
2811 3081 3279 3157 consuetudine,
3317 3086 3379 3142 et
3405 3078 3712 3159 aliquibus

2154 3177 2633 3238 circumstantiis
2671 3176 2736 3236 id
2768 3175 3143 3236 sufficienter
3177 3173 3535 3252 colligatur3
3567 3190 3711 3251 ergo

2151 3287 2228 3331 ex
2256 3270 2320 3331 vi
2346 3270 2487 3333 talis
2514 3268 2690 3332 verbi
2716 3268 2995 3330 absolute
3022 3267 3316 3347 propositi
3346 3266 3580 3344 obligat
3600 3265 3709 3325 sub

2150 3363 2420 3439 mortali,
2460 3364 2511 3424 si
2549 3362 2814 3424 materia
2856 3366 2949 3424 est
2989 3378 3204 3442 capax.
3251 3359 3704 3439 Consequentia}

2147 3461 2294 3516 sunt
2318 3455 2519 3533 clarae,
2547 3462 2610 3518 et
2634 3455 2975 3518 secundum
3000 3451 3368 3515 antecedens
3393 3459 3704 3515 ostensum

2148 3552 2240 3608 est
2280 3566 2466 3629 supra
2511 3566 2647 3629 cap.
2689 3552 2717 3609 1
2730 3551 2787 3611 3.
2834 3549 3110 3608 Primum
3156 3565 3305 3608 vero
3345 3547 3706 3608 antecedens

2146 3645 2338 3719 patet,
2388 3646 2523 3702 tum
2568 3642 2718 3722 quia
2763 3640 3057 3719 obligatio
3105 3645 3195 3702 est
3239 3639 3490 3702 effectus
3535 3640 3707 3720 quasi

2146 3734 2446 3795 naturalis
2470 3733 2626 3813 legis
2635 3751 2655 3813 3
2681 3752 2830 3815 ergo
2858 3753 2933 3796 eo
2962 3735 3093 3816 ipso
3116 3735 3281 3814 quod
3308 3732 3410 3794 lex
3432 3733 3705 3796 absolute

2144 3827 2475 3888 constituta
2511 3832 2624 3903 est,
2668 3827 2903 3906 obligat
2943 3833 3248 3907 quantum
3295 3833 3495 3906 potest
3504 3843 3526 3904 3
3569 3833 3702 3889 tum

2144 3919 2333 3980 etiam
2351 3922 2496 3999 quia
2513 3920 2615 3981 lex
2629 3920 2928 3982 naturalis
2941 3920 3129 3980 dictat
3146 3938 3275 3981 esse
3294 3918 3702 3983 obediendum

2143 4013 2559 4093 superioribus
2599 4012 3134 4094 praecipientibus:
3173 4013 3304 4075 hoec
3346 4019 3556 4075 autem
3599 4014 3702 4077 lex

2141 4106 2440 4168 naturalis
2471 4124 2549 4168 ex
2591 4124 2703 4168 suo
2748 4124 2974 4185 genere
3017 4106 3253 4185 obligat
3287 4107 3402 4167 sub
3428 4108 3698 4185 mortali,

2142 4204 2205 4259 et
2229 4199 2368 4260 ideo
2393 4199 2446 4260 si
2473 4199 2735 4260 materia
2760 4199 3050 4280 praecepti
3075 4198 3336 4261 humani
3363 4203 3566 4279 gravis
3594 4204 3697 4279 sit,

2140 4297 2203 4353 61
2246 4291 2603 4377 1ι6ῐ6666ι6
2656 4298 3035 4372 praeceptum
3094 4292 3369 4355 absolute
3426 4294 3661 4355 feratur
3674 4341 3696 4371 ,

2139 4386 2327 4446 etiam
2356 4384 2651 4465 obligatio
2668 4386 2835 4446 illius
2857 4385 3012 4465 legis
3034 4385 3334 4446 naturalis
3352 4392 3444 4447 est
3468 4388 3696 4466 gravis,

2138 4484 2201 4539 et
2244 4497 2319 4539 ex
2358 4479 2423 4540 vi
2471 4478 2638 4539 illins
2691 4480 2879 4541 etiam
2930 4485 3304 4559 praeceptum
3351 4479 3697 4542 humanum

2136 4571 2430 4650 graviter,
2479 4577 2541 4632 et
2588 4571 2703 4632 sub
2747 4572 2994 4632 mortali
3045 4571 3374 4651 obligabit3
3427 4573 3697 4654 denique

2136 4663 2282 4743 quia
2328 4663 2481 4724 alias
2532 4682 2659 4724 non
2703 4663 3004 4726 haberent
3044 4664 3213 4745 leges
3257 4666 3464 4727 civiles
3508 4667 3698 4728 verba

2134 4755 2359 4836 quibus
2386 4762 2636 4835 possent
2663 4774 2915 4835 gravem
2945 4756 3389 4836 obligationem
3427 4759 3696 4822 declara·

2133 4865 2224 4923 re,
2264 4853 2326 4909 et
2364 4847 2734 4927 regulariter
2757 4849 2932 4909 illam
2960 4866 3087 4910 non
3112 4852 3258 4911 satis
3284 4851 3690 4931 declararent,

2131 4941 2279 5019 quia
2304 4958 2430 5001 non
2460 4940 2777 5002 declarant
2802 4958 3089 5022 expresse
3120 4961 3185 5004 se
3220 4946 3551 5026 praecipere
3577 4947 3693 5007 sub

2128 5033 2400 5109 mortali,
2429 5033 2529 5093 vel
2555 5031 2671 5093 561)
2707 5034 3236 5112 interminatione,
3267 5043 3411 5115 616.,
3437 5057 3553 5101 666
3577 5039 3694 5101 1ιο6

2128 5127 2206 5187 ad
2229 5145 2332 5188 eas
2358 5127 2648 5208 pextinet,
2675 5133 2748 5188 ut
2772 5129 2938 5191 dixi:
2967 5147 3347 5211 consequens
3367 5140 3575 5195 autem
3600 5141 3696 5196 est

2127 5218 2484 5296 absurdum,
2513 5225 2584 5279 ut
2607 5226 2866 5282 constat.

2207 5314 2267 5373 8.
2313 5313 2597 5376 Primum
2627 5314 3482 5383 corollarium—Secundum
3503 5321 3693 5383 corol-

2126 5404 2351 5467 larium
2361 5406 2740 5468 .—.'l⁷ertium
2767 5408 3437 5474 corollarium—Unde
3463 5413 3691 5492 colligo

2124 5497 2436 5561 immerito
2459 5498 2791 5559 secundam
2818 5502 3190 5563 sententiam
3210 5504 3591 5585 distinguere
3618 5507 3691 5567 in
