3976 6219
978 410 1113 464 GAP.
1149 413 1345 466 xxxn.
1382 413 1595 467 unum
1625 411 1821 467 LEGES
1852 413 2136 468 PROPRIAE
2165 417 2455 471 Amemus
2487 419 2693 483 amm,
2728 420 2867 473 E'rc.

305 510 703 574 eadiversam
726 527 857 573 esse
879 513 1206 591 rationem,
1233 517 1381 595 quia
1397 516 1709 595 impositio
1734 535 1875 577 cen·

306 623 465 666 surae
498 622 627 664 non
658 605 926 682 pertinet
965 606 1044 666 ad
1084 608 1212 667 vim
1243 608 1630 684 directivam,
1661 609 1765 670 sed
1794 608 1875 669 ad

307 699 650 760 coactivam
682 697 859 777 legis,
895 709 957 759 et
988 700 1128 760 ideo
1158 719 1284 761 non
1314 703 1670 762 extenditur
1701 710 1877 763 extra

306 791 710 865 territorium,
733 790 883 870 quia
901 792 1181 871 superior
1202 793 1300 854 vel
1314 794 1507 872 judex
1528 813 1655 855 non
1679 800 1877 873 potest

309 891 485 945 extra
512 882 898 944 territorium
921 884 1167 963 punire,
1198 885 1345 948 licet
1372 887 1560 966 possit
1587 887 1878 967 praecipe-

308 994 377 1037 re
414 982 477 1037 et
521 975 834 1053 obligare3
860 982 923 1037 et
964 976 1133 1038 hunc
1164 995 1415 1039 sensum
1441 979 1687 1040 videtur
1717 979 1877 1039 indi-

309 1087 449 1130 care
501 1068 782 1130 Pontifex
826 1068 896 1129 in
939 1069 1179 1131 ratione
1224 1089 1415 1151 quam
1455 1071 1683 1147 subdit,
1729 1073 1876 1153 quia

309 1169 483 1224 wira
527 1161 905 1224 territorium
919 1163 1032 1240 jus
1064 1164 1282 1225 dicenti
1326 1182 1443 1226 non
1477 1171 1733 1244 paretur
1759 1165 1875 1226 im-

302 1272 462 1333 pune
481 1280 503 1314 .·
552 1271 699 1315 nam
733 1255 841 1332 jus
873 1253 1075 1315 dicere
1104 1256 1271 1317 idem
1294 1262 1411 1331 est,
1443 1256 1608 1335 quod
1629 1263 1874 1319 seuten-

307 1347 463 1406 tiam
503 1346 685 1407 ferre.
724 1345 1141 1407 Nihilominus
1175 1366 1351 1409 mens
1381 1348 1716 1423 Pontificis,
1740 1349 1874 1411 sine

309 1439 521 1513 dubio,
552 1439 673 1499 fuit
699 1439 1012 1501 declarare
1044 1439 1167 1501 tale
1180 1446 1481 1502 statutum
1503 1460 1631 1502 non
1654 1442 1873 1504 violari

308 1549 347 1590 a
379 1531 625 1592 subdito
653 1531 720 1590 in
747 1531 853 1591 illo
880 1550 1046 1606 casu,
1088 1539 1150 1593 et
1177 1533 1256 1593 ob
1292 1552 1432 1594 eam
1471 1552 1718 1596 causam
1743 1555 1871 1598 non

308 1622 620 1684 incurrere
658 1641 1012 1701 censuram3
1063 1643 1210 1704 ergo
1255 1626 1443 1686 etiam
1493 1628 1697 1705 quoad
1740 1629 1869 1690 vim

309 1716 673 1777 directivam
702 1735 829 1777 non
858 1717 1093 1795 obligat
1131 1717 1198 1778 in
1232 1736 1305 1778 eo
1342 1736 1505 1780 casu.
1542 1721 1719 1797 Item,
1761 1721 1871 1800 qui

308 1807 375 1868 in
411 1828 485 1870 eo
508 1828 649 1870 casu
677 1828 805 1870 non
828 1816 1031 1871 servat
1058 1815 1357 1871 statutum
1380 1829 1508 1872 non
1535 1820 1626 1872 est
1658 1820 1872 1873 contu-

312 1918 458 1961 max
469 1908 682 1962 contra
701 1902 1117 1964 obedientiam
1137 1903 1411 1964 Ecclesiae
1424 1920 1445 1981 3
1459 1923 1605 1984 ergo
1622 1907 1871 1984 signum

306 1998 397 2053 est
413 2011 541 2053 non
565 1993 827 2072 obligari
842 2014 952 2075 per
968 2002 1290 2072 statutum,
1314 1997 1500 2057 etiam
1520 1999 1721 2077 quoad
1743 1999 1874 2059 vim

302 2085 681 2147 directivam.
707 2089 1088 2149 Antecedens
1116 2095 1308 2169 patet,
1327 2092 1473 2169 qnia
1491 2091 1543 2150 si
1562 2097 1709 2151 tunc
1731 2091 1873 2152 sub-

302 2176 467 2237 ditus
495 2184 652 2240 esset
690 2185 1046 2256 contumax,
1074 2187 1276 2260 posset
1300 2183 1488 2243 etiam
1509 2201 1873 2245 excommu-

304 2270 519 2346 nicari,
571 2277 633 2332 et
677 2278 1122 2350 consequenter
1168 2275 1488 2335 incurrere
1538 2293 1868 2337 censuram

302 2361 497 2442 legis3
528 2383 677 2425 nam
718 2365 1295 2440 excommunicatio,
1338 2367 1522 2444 juxta
1557 2369 1866 2429 veriorem

304 2457 698 2532 sententiam,
732 2456 880 2517 ferri
907 2462 1108 2534 potest
1141 2458 1209 2516 in
1240 2456 1581 2533 absentem,
1626 2459 1868 2520 etiamsi

304 2548 371 2609 in
412 2549 614 2611 alieno
642 2550 948 2611 territorio
976 2555 1275 2625 versetur,
1322 2551 1660 2611 dummodo
1698 2552 1869 2611 suffi-

302 2644 466 2703 ciens
506 2662 687 2704 causa
713 2661 989 2704 censurae
1016 2649 1435 2723 supponatur:
1479 2646 1868 2706 coutumacia

303 2742 512 2797 autem
561 2743 652 2798 est
707 2736 1014 2797 sufficiens
1055 2753 1263 2811 causa,
1310 2736 1495 2814 juxta
1534 2736 1686 2797 illud
1716 2754 1732 2796 ε
1782 2737 1866 2801 Si

302 2828 638 2891 Ecclesiam
666 2848 784 2891 non
809 2831 1094 2901 audierit,
1120 2830 1206 2891 sit
1223 2830 1339 2891 tibi
1358 2836 1646 2910 tanquam
1675 2831 1867 2893 ethni-

303 2939 406 2984 cus
446 2928 500 2984 et
544 2923 905 3001 publicanus
922 2967 942 2998 ,
998 2922 1214 2984 Matth.
1268 2924 1346 2984 18
1392 2944 1406 2982 :
1468 2940 1617 3001 ergo
1637 2969 1658 3000 ,
1708 2925 1865 2985 sicut

307 3031 563 3075 censura
607 3034 734 3075 non
781 3015 938 3093 ligat
980 3015 1319 3090 absentem,
1365 3016 1453 3076 ita
1479 3033 1595 3076 nec
1640 3034 1867 3096 praece-

305 3114 480 3187 ptum
500 3125 516 3168 :
539 3109 706 3171 unde
724 3115 931 3188 aperte
948 3107 1020 3169 fit
1039 3109 1229 3189 quod,
1255 3108 1400 3170 licet
1421 3109 1544 3171 tale
1565 3115 1865 3171 statutum

302 3201 667 3281 simpliciter
688 3202 887 3263 latum
905 3207 1064 3263 esset
1081 3203 1214 3263 sine
1230 3220 1509 3279 censura,
1531 3202 1630 3262 vel
1657 3221 1862 3281 poena,

300 3293 370 3354 in
411 3293 471 3355 vi
520 3296 840 3374 cujusdam
888 3294 1043 3374 legis
1089 3295 1402 3356 directivae
1440 3293 1769 3373 obligantis
1795 3297 1864 3356 in

299 3387 697 3463 conscientia,
725 3406 853 3448 non
875 3387 1178 3466 obligaret
1198 3388 1482 3449 absentes
1504 3403 1525 3464 3
1554 3394 1690 3448 tum
1714 3389 1862 3468 quia

300 3481 431 3558 ejus
463 3480 758 3559 obligatio
783 3482 849 3542 in
876 3480 1251 3542 conscientia
1286 3498 1410 3541 non
1449 3482 1649 3559 magis
1684 3489 1860 3543 exte-

303 3579 533 3633 nuatur
572 3573 813 3634 ratione
855 3591 1125 3633 censurae
1156 3588 1345 3633 :nam
1373 3573 1577 3652 potius
1604 3591 1862 3636 censura

301 3666 593 3745 supponit
612 3664 1103 3745 jurisdictionem
1123 3671 1186 3726 et
1213 3671 1576 3744 potestatem
1605 3667 1684 3727 ad
1706 3667 1863 3728 obli-

299 3758 597 3836 gandum,
642 3765 704 3820 et
746 3759 993 3839 quando
1019 3759 1270 3820 additur
1301 3778 1581 3835 censura,
1619 3761 1861 3822 ratione

297 3851 465 3913 illius
488 3871 614 3913 non
644 3858 1034 3929 extenuatur,
1066 3872 1175 3915 seu
1202 3860 1551 3915 coarctatur
1570 3854 1860 3933 jurisdic-

298 3945 386 4005 tio
398 3967 416 4019 ς
459 3952 640 4024 atque
683 3946 772 4006 ita
814 3963 891 4007 ex
929 3945 1234 4007 illo-textu
1260 3947 1567 4026 optimum
1596 3947 1862 4008 sumitur

299 4045 738 4118 argumentum
778 4039 855 4099 de
908 4058 1297 4119 quacumque
1338 4040 1473 4119 lege
1522 4039 1863 4120 prodeunte

299 4150 337 4192 a
363 4138 660 4211 potestate
686 4132 953 4192 limitata
979 4133 1060 4193 ad
1090 4132 1419 4193 definitum
1454 4132 1858 4208 territorium,

299 4226 429 4287 sive
457 4226 565 4287 illa
592 4226 890 4289 canonica
915 4227 1018 4302 sit,
1055 4226 1185 4287 sive
1207 4225 1423 4302 civilis,
1451 4232 1696 4287 servata
1720 4243 1862 4305 pro-

299 4319 599 4396 portione.

377 4412 442 4471 4.
485 4412 663 4472 Ratio
689 4418 899 4474 autem
937 4413 1290 4475 assertionis
1315 4431 1442 4473 non
1470 4411 1688 4473 eadem
1719 4411 1858 4472 red-

298 4503 466 4563 ditur
490 4504 569 4564 ab
597 4506 885 4567 omnibus
897 4522 916 4583 3
943 4507 1197 4586 quidam
1220 4507 1389 4567 enim
1413 4524 1553 4568 eam
1580 4504 1862 4566 referunt

297 4595 377 4655 ad
413 4596 824 4659 intentionem
864 4598 1252 4678 legislatoriS,
1300 4600 1449 4678 quia
1489 4603 1735 4659 tantum
1765 4598 1862 4658 in-

297 4689 496 4748 tendit
511 4688 784 4768 obligare
805 4691 1078 4751 subditos
1098 4691 1164 4751 in
1182 4708 1296 4750 suo
1319 4692 1631 4751 territorio
1642 4706 1663 4768 3
1696 4690 1860 4751 unde

297 4788 742 4860 consequenter
760 4784 937 4844 aiunt
960 4784 1358 4845 assertionem
1376 4783 1640 4864 positam
1658 4782 1859 4843 solum

296 4875 648 4953 procedere,
672 4878 922 4955 quando
954 4878 1055 4939 lex
1081 4876 1280 4938 solum
1298 4876 1575 4955 loquitur
1602 4893 1860 4954 genera-

296 4964 458 5026 libus
484 4968 721 5029 verbis:
756 4988 903 5030 nam
932 4989 1043 5050 per
1071 4988 1145 5031 ea
1178 4987 1304 5029 non
1333 4968 1676 5049 explicatur
1710 4967 1855 5043 alia,

293 5075 401 5117 seu
432 5060 632 5137 maj0r
671 5061 936 5122 intentio
965 5062 1289 5123 statuentis
1305 5077 1326 5138 3
1376 5066 1772 5140 quapropter,
1807 5060 1861 5120 si

294 5152 595 5229 expressis
638 5153 842 5213 verbis
899 5153 1213 5232 legislator
1266 5152 1533 5214 declaret
1580 5170 1645 5213 se
1702 5151 1861 5213 velle

293 5242 569 5322 obligare
599 5245 873 5308 subditos
906 5247 1281 5326 ubicumque
1312 5247 1457 5321 sint,
1501 5252 1654 5306 tnnc
1680 5245 1857 5307 aiunt

292 5335 492 5415 legem
523 5337 799 5416 obligare
846 5340 984 5401 illos
1025 5340 1215 5401 etiam
1244 5345 1420 5399 extra
1446 5338 1853 5414 territorium,

290 5434 355 5488 et
381 5430 469 5490 ita
491 5429 765 5492 limitant
778 5431 1016 5493 dictum
1042 5450 1177 5511 cap.
1205 5433 1264 5492 2.
1286 5432 1402 5490 Pro
1421 5447 1547 5510 qua
1565 5429 1857 5508 opinione

291 5524 707 5587 communiter
733 5525 958 5589 citatur
982 5525 1212 5588 Bartol.
1244 5525 1312 5587 in
1338 5524 1462 5604 leg.
1502 5526 1562 5601 1,
1603 5523 1749 5586 God.
1780 5522 1859 5587 de

3404 414 3518 479 301

1955 517 2194 580 Summ.
2249 520 2500 598 'ri-init„
2549 540 2615 581 n.
2663 523 2745 581 44
2790 526 2853 581 et
2888 519 3307 599 sequentibus.
3346 521 3522 583 Hanc

1954 629 2102 673 vero
2137 613 2445 675 rationem
2495 620 2568 675 ut
2599 632 2676 675 ex
2705 613 2933 674 Bartol.
2978 619 3288 692 sumptam
3316 631 3524 693 repre·

1954 703 2238 766 hendunt
2262 707 2600 767 Panormit.
2632 707 2702 767 in
2734 706 2897 767 dicto
2927 724 3062 785 cap.
3094 704 3149 766 A
3182 707 3384 776 nobis,-
3405 707 3525 766 Na-

1958 815 2090 859 var.
2097 843 2118 875 ‚
2150 817 2283 878 cap.
2314 801 2417 876 27,
2448 819 2514 861 n.
2550 802 2709 874 2723
2744 800 3035 879 Sylvest„
3068 800 3283 860 Covar.
3312 817 3519 879 supra,

1958 896 2022 951 et
2043 907 2258 952 omnes
2270 907 2290 968 3
2309 898 2372 953 et
2401 891 2791 953 convincitur
2816 892 3000 972 plane
3022 909 3101 952 ex
3118 891 3280 951 dicto
3298 909 3433 970 cap.
3456 894 3521 969 2,

1959 981 2070 1043 ubi
2098 984 2381 1045 Pontifex
2407 985 2715 1045 rationem
2743 1002 2871 1045 suae
2904 983 3259 1044 assertionis
3293 984 3519 1060 reddit,

1955 1076 2103 1155 quia
2130 1082 2304 1139 costra
2331 1078 2710 1140 territorium
2735 1078 2851 1155 jus
2881 1076 3101 1138 dicmti
3125 1093 3243 1137 non
3266 1082 3525 1154 paretur

1954 1169 2218 1245 impune.
2269 1168 2419 1242 Quae
2462 1168 2655 1229 verba
2699 1186 2827 1229 non
2882 1166 3236 1246 significant
3274 1173 3521 1229 tantum

1953 1258 2262 1321 defectum
2306 1260 2668 1335 voluntatis,
2715 1259 2823 1321 sed
2856 1259 3046 1320 etiam
3084 1261 3421 1338 potestatis,
3452 1261 3524 1321 ut

1954 1370 2067 1431 per
2092 1371 2157 1414 se
2184 1358 2423 1414 constat
2449 1369 2525 1413 ex
2555 1352 2679 1430 leg.
2712 1351 2921 1412 ultim.
2931 1395 2951 1426 ,
2982 1350 3047 1411 ff.
3089 1351 3166 1412 de
3196 1352 3515 1416 Jurisdict.

1953 1446 2129 1505 omni
2160 1446 2380 1524 judic„
2425 1463 2463 1505 a
2504 1461 2628 1524 qua
2654 1444 2978 1522 desumpta
3003 1448 3170 1518 sunt,
3195 1442 3305 1503 ubi
3331 1445 3521 1504 etiam

1952 1538 2369 1599 communiter
2414 1537 2779 1615 interpretes
2824 1535 2893 1595 in
2932 1534 3049 1595 hoc
3093 1536 3518 1597 conveniunt:

1950 1631 2111 1691 ratio
2152 1648 2301 1708 ergo
2330 1630 2577 1710 propria
2610 1627 2963 1689 assertionis
2995 1633 3108 1701 est,
3151 1629 3299 1707 quia
3322 1629 3521 1706 juris-

1950 1723 2140 1783 dictio
2181 1725 2367 1784 unius
2408 1723 2851 1800 cujuscumque
2896 1721 3160 1781 civitatis
3196 1720 3294 1781 vel
3331 1722 3522 1800 parti-

1951 1815 2175 1876 cularis
2218 1816 2512 1896 principis
2557 1832 2684 1875 non
2718 1813 3069 1875 extenditur
3107 1813 3311 1892 quoad
3351 1814 3519 1892 leges

1951 1908 2237 1969 ferendas
2278 1914 2454 1969 extra
2484 1907 2822 1982 civitatem,
2865 1923 2972 1966 seu
3009 1905 3414 1981 territorium,
3445 1911 3519 1967 ut

1951 2000 2139 2061 latius
2167 2001 2467 2079 explicavi
2493 2000 2559 2062 in
2590 2005 2743 2059 tom.
2770 2000 2809 2060 5
2838 1998 2914 2059 dc
2937 1997 3246 2073 Censuris,
3270 1998 3427 2078 disp.
3450 2001 3513 2074 5,

1953 2100 2104 2155 sect.
2134 2096 2200 2168 4,
2225 2094 2333 2154 ubi
2365 2093 2441 2153 de
2467 2093 2584 2153 hoc
2615 2098 2844 2172 puncto
2869 2091 2991 2152 alia
3019 2109 3157 2170 quoe
3184 2091 3263 2151 ad
3291 2109 3517 2153 censu-

1949 2204 2053 2247 ras
2074 2187 2272 2265 magis
2302 2186 2616 2266 pertinent
2651 2185 2946 2260 tractavi3
2983 2200 3184 2262 neque
3218 2184 3336 2243 ista
3356 2184 3518 2245 ratio

1950 2291 2042 2340 est
2078 2279 2284 2339 aliena
2313 2296 2353 2339 a
2380 2282 2586 2338 mente
2621 2276 2881 2336 Bartoli:
2930 2292 3079 2335 nam
3107 2274 3278 2335 illam
3311 2276 3520 2352 attigit

1948 2371 2059 2432 illo
2088 2389 2151 2434 n.
2184 2373 2285 2431 44.
2317 2372 2593 2450 Eamque
2612 2369 2848 2448 colligit
2874 2386 2951 2429 ex
2976 2367 3021 2427 l.
3054 2366 3268 2429 Omnes
3280 2369 3516 2446 populi,

1948 2463 2015 2524 ff.
2049 2464 2126 2524 de
2170 2464 2381 2525 Justit.
2431 2476 2493 2524 et
2516 2465 2672 2540 jur„
2704 2462 2815 2522 ubi
2847 2461 2949 2521 lex
2990 2459 3215 2520 dicitur
3248 2461 3353 2538 jus
3377 2477 3517 2540 pro-

1946 2557 2158 2637 prium
2189 2557 2474 2617 civitatis.
2518 2555 2690 2616 Sicut
2716 2571 2865 2632 ergo
2905 2554 2975 2612 in
3007 2551 3398 2632 philosophia
3424 2554 3519 2614 di-

1948 2664 2088 2708 cere
2135 2649 2401 2708 solemus
2449 2653 2624 2709 extra
2668 2647 2974 2726 sphaeram
3021 2645 3355 2706 activitatis
3388 2663 3518 2708 non

1945 2740 2121 2819 sequi
2150 2740 2477 2814 actionem,
2521 2739 2822 2799 nimirum
2849 2755 2928 2799 ex
2970 2736 3213 2797 defectu
3249 2743 3515 2817 potesta-

1944 2833 2048 2908 tis,
2077 2851 2204 2893 non
2233 2832 2606 2909 voluntatis3
2646 2831 2736 2891 ita
2756 2829 3207 2909 jurisdictionis
3233 2832 3516 2892 activitas

1945 2925 2014 2985 in
2063 2925 2319 2986 ferenda
2358 2925 2496 3003 lege
2533 2923 2841 2985 limitatur
2866 2923 2947 2983 ad
2991 2922 3401 2998 territorium,
3450 2928 3514 2985 et

1946 3017 2086 3080 ideo
2112 3019 2213 3079 lex
2237 3023 2414 3079 extra
2445 3017 2627 3078 illum
2655 3034 2783 3077 non
2812 3015 3078 3094 obligat:
3109 3015 3275 3076 unde
3304 3022 3515 3097 aperte

1947 3113 2362 3188 concluditur,
2404 3111 2648 3172 etiamsi
2691 3109 3005 3188 legislator
3048 3109 3320 3170 maxime
3362 3109 3513 3171 velit

1946 3210 2011 3266 et
2043 3206 2169 3266 suis
2201 3204 2405 3266 verbis
2453 3220 2736 3285 expresse
2761 3202 2827 3263 id
2853 3201 3138 3281 explicet,
3177 3219 3306 3261 non
3333 3220 3511 3281 posse

1946 3297 2222 3376 obligare
2261 3296 2579 3358 subditum
2615 3300 2790 3357 extra
2831 3293 3214 3355 territorium
3245 3293 3511 3355 existen-

1940 3396 2091 3451 tem.

2022 3485 2082 3544 5.
2130 3482 2375 3558 Quam
2402 3481 2600 3561 possit
2636 3481 2919 3560 princeps
2941 3479 3164 3559 punire
3188 3484 3365 3542 extra
3390 3484 3511 3543 ter-

1939 3576 2229 3638 ritorium
2268 3575 2596 3637 subditum.
2626 3607 2707 3618 —
2736 3573 2867 3633 Hoc
2906 3577 3118 3633 autem
3158 3570 3511 3650 intelligen-

1939 3668 2092 3730 dum
2123 3674 2218 3730 est
2238 3669 2315 3730 de
2337 3668 2587 3750 propria
2607 3666 2987 3745 obligatione
3016 3665 3172 3744 legis
3209 3664 3510 3726 directiva

1939 3769 2002 3825 et
2023 3764 2090 3822 in
2118 3762 2491 3823 conscientia
2504 3777 2525 3839 3
2551 3761 2653 3822 hic
2679 3765 2770 3821 est
2795 3760 2965 3821 enim
2988 3757 3273 3839 proprius
3301 3764 3365 3820 et
3389 3758 3509 3819 im-

1940 3856 2249 3918 mediatus
2276 3854 2524 3916 effectus
2558 3854 2737 3932 legis.
2771 3853 2853 3913 At
2877 3870 3048 3928 vero,
3093 3852 3148 3913 si
3188 3868 3390 3913 sermo
3425 3851 3507 3912 sit

1941 3950 2017 4011 de
2037 3947 2352 4010 coactione
2375 3964 2484 4026 per
2504 3962 2778 4026 poenam,
2799 3951 2893 4006 est
2909 3945 3120 4024 opinio
3135 3944 3506 4022 juristarum

1940 4061 2116 4123 posse
2139 4040 2481 4121 principem
2499 4039 2724 4118 punire
2746 4038 3092 4111 subditum,
3115 4036 3226 4115 qui
3248 4036 3508 4115 deliquit

1939 4142 2117 4198 extra
2152 4133 2560 4206 territorium,
2591 4147 2778 4210 poena
2822 4130 3111 4208 imposita
3151 4146 3260 4207 per
3303 4128 3508 4207 legem

1939 4245 2118 4291 suam
2145 4232 2208 4287 et
2227 4225 2417 4285 latam
2438 4241 2550 4303 pro
2565 4239 2678 4283 suo
2692 4221 3024 4296 territorio,
3050 4220 3302 4300 quando
3325 4239 3510 4300 poena

1936 4340 2067 4385 non
2093 4325 2184 4381 est
2208 4318 2342 4397 ipso
2366 4316 2504 4396 jure
2529 4314 2844 4393 imposita,
2872 4313 2980 4375 sed
3008 4313 3409 4393 imponenda,
3439 4319 3504 4376 et

1936 4416 2232 4480 delictum
2260 4416 2433 4472 extra
2459 4409 2844 4471 territorium
2871 4407 3295 4483 commissum,
3340 4407 3509 4469 intra

1940 4507 2098 4569 illud
2126 4517 2339 4585 postea
2363 4504 2645 4585 punitur.
2677 4502 2767 4562 Ita
2788 4501 2966 4562 docet
2982 4500 3185 4561 Abbas
3210 4501 3277 4560 in
3305 4518 3438 4580 cap.
3471 4503 3500 4560 1

1943 4599 2020 4660 de
2049 4596 2442 4677 Raptoribus,
2472 4614 2536 4656 n.
2567 4596 2644 4670 83
2692 4600 2755 4656 et
2792 4611 3009 4655 revera
3037 4592 3156 4653 hoc
3180 4592 3378 4653 solum
3409 4593 3508 4653 in-

1938 4691 2140 4753 tendit
2165 4690 2393 4750 Bartol.
2420 4689 2487 4748 in
2505 4687 2639 4749 loco
2666 4689 2876 4761 citat0,
2906 4686 2960 4746 si
2980 4691 3214 4746 attente
3236 4684 3499 4763 legatur.

1938 4787 2016 4846 Et
2053 4786 2212 4844 ratio
2257 4788 2373 4857 est,
2411 4782 2560 4859 quia
2590 4786 2739 4841 tunc
2769 4796 2958 4860 poena
2990 4796 3119 4840 non
3163 4777 3508 4857 imponitur

1940 4883 2117 4939 extra
2134 4874 2543 4949 territorium,
2568 4874 2674 4935 sed
2700 4874 2868 4934 intra
2888 4872 3045 4934 illud
3058 4916 3078 4947 ,
3109 4870 3258 4951 quia
3279 4887 3503 4950 suppo-

1939 4972 2113 5031 nitur
2137 4988 2248 5050 per
2266 4968 2586 5029 hominem
2605 4966 3007 5046 imponenda,
3034 4970 3096 5025 et
3116 4963 3356 5043 judices
3373 4980 3503 5023 non

1938 5062 2235 5142 puniunt,
2283 5078 2398 5122 nec
2438 5060 2718 5121 inferunt
2758 5060 2888 5119 vim
2931 5054 3277 5117 forensibus
3329 5060 3507 5115 extra

1937 5154 2322 5215 territorium
2357 5151 2783 5225 existentibus,
2820 5148 2926 5209 sed
2953 5147 3203 5226 quando
3238 5144 3319 5206 ad
3345 5144 3505 5206 illud

1938 5246 2226 5319 redeunt,
2260 5250 2322 5305 et
2347 5245 2437 5304 ita
2461 5244 2580 5304 hoc
2605 5261 2732 5302 non
2754 5244 3061 5319 repugnat
3083 5239 3248 5299 dicto
3270 5255 3405 5317 cap.
3436 5239 3499 5312 2,

1937 5344 2075 5397 tum
2106 5340 2253 5416 quia
2287 5337 2562 5417 loquitur
2599 5337 2676 5396 de
2709 5338 2939 5395 statuto
2978 5332 3214 5393 ferente
3254 5337 3504 5393 senten-

1938 5431 2094 5490 tiam
2129 5446 2425 5504 censuroe,
2476 5446 2586 5509 per
2616 5444 2807 5506 quam
2838 5425 3212 5486 sententiam
3243 5439 3504 5484 censura

1938 5523 2074 5606 ipso
2095 5523 2237 5604 jure
2251 5522 2487 5600 fertur3
2517 5528 2654 5585 tum
2674 5521 2864 5585 etiam
2881 5518 3029 5601 quia
3055 5518 3179 5581 tale
3199 5522 3502 5579 statutum
