3976 6219
923 362 1059 415 cAP.
1093 364 1176 415 1v.
1211 362 1296 415 AN
1325 364 1448 415 LEX
1481 365 1748 417 AETERNA
1779 366 1876 418 SIT
1909 365 2111 417 CAUSA
2142 365 2419 417 ALlARUM
2452 364 2675 427 monn,
2713 366 2847 417 ETC.

267 458 456 537 longe
485 460 736 523 diversa
763 464 927 524 ratio
954 465 1024 525 in
1054 465 1191 543 lege
1218 466 1491 527 humana
1514 474 1576 527 et
1600 469 1838 529 divina:

269 569 414 611 nam
447 552 558 613 lex
575 554 858 616 humana
874 574 1004 617 non
1030 557 1229 618 solum
1255 565 1437 637 prout
1463 560 1532 620 in
1559 560 1840 635 subditis,

267 644 370 704 sed
407 645 611 705 etiam
647 653 831 725 prout
857 654 950 709 est
975 650 1044 709 in
1073 652 1318 730 proprio
1347 651 1720 730 legislatore,
1751 658 1845 714 est

267 735 414 815 quid
467 744 757 800 creatum
785 746 850 801 et
889 743 1250 821 temporale,
1295 745 1440 822 quia
1480 746 1612 807 haec
1636 746 1736 807 lex
1775 746 1843 806 in

267 834 478 889 mente
511 835 579 891 et
623 832 946 895 voluntate
974 835 1245 896 hominis
1271 837 1578 899 formatur
1607 857 1678 899 ac
1709 856 1845 918 per-

265 920 503 999 ficitur,
553 924 709 1003 quia
751 926 1114 989 immediate
1143 934 1235 989 est
1260 929 1361 990 lex
1385 930 1680 1006 hominis,
1715 949 1845 991 non

265 1014 460 1091 ipsius
515 1016 631 1076 Dei
671 1038 687 1076 :
731 1019 900 1080 unde
923 1019 1058 1081 haec
1085 1020 1188 1081 lex
1214 1022 1328 1082 sub
1359 1028 1622 1102 utraque
1649 1023 1847 1084 consi-

265 1106 596 1169 deratione
625 1117 725 1171 est
759 1112 1012 1173 effectus
1037 1112 1192 1191 legis
1213 1128 1485 1191 aeternae,
1518 1122 1592 1176 ut
1625 1116 1847 1195 probat

265 1200 424 1257 ratio
449 1199 652 1275 facta,
697 1204 847 1281 quia
889 1204 1024 1265 hoec
1061 1207 1247 1267 etiam
1285 1207 1408 1283 lex,
1436 1214 1622 1286 prout
1660 1214 1752 1270 est
1778 1208 1846 1269 in

263 1292 394 1369 ipso
435 1291 834 1371 legislatore,
882 1302 976 1357 est
1017 1298 1118 1358 lex
1143 1317 1254 1377 per
1289 1300 1843 1380 participationem.

265 1385 416 1443 11616
441 1392 684 1447 manat
727 1407 768 1448 a
812 1395 1110 1467 potestate
1139 1392 1285 1453 data
1319 1393 1398 1453 ad
1427 1394 1560 1471 ipso
1590 1395 1737 1469 Deo,
1769 1394 1848 1455 ad

263 1475 536 1537 Roman.
573 1481 680 1541 13.
716 1480 917 1542 Habet
954 1484 1144 1544 etiam
1173 1484 1302 1543 vim
1344 1484 1661 1563 obligandi
1698 1504 1844 1565 qua-

261 1574 442 1629 tenus
497 1570 736 1631 nititur
781 1574 1100 1653 principiis
1141 1576 1294 1653 16315
1343 1581 1611 1654 aeternae,
1665 1577 1848 1658 quale

261 1666 348 1720 est
359 1660 802 1725 obediendum
816 1684 944 1726 esse
963 1668 1397 1745 superioribus.
1411 1670 1685 1747 Denique
1700 1670 1849 1748 quia

263 1754 436 1813 111511
459 1762 675 1830 recta,
711 1757 892 1817 debet
914 1776 1046 1819 esse
1069 1760 1402 1821 conformis
1428 1762 1551 1839 legi
1577 1767 1846 1840 aeternae3

267 1853 356 1906 651
371 1863 534 1923 ergo
555 1847 662 1909 bis
687 1850 884 1911 modis
906 1852 1198 1911 omnibus
1215 1852 1468 1913 effectus
1491 1854 1655 1931 ejus:
1685 1859 1747 1914 et
1763 1854 1851 1913 ita

267 1938 340 1999 de
373 1938 498 1999 hac
539 1940 694 2019 1636
719 1943 1032 2020 potissime
1058 1943 1332 2022 loquitur
1357 1944 1512 2023 Aug·
1525 1946 1736 2005 ustinus
1762 1944 1851 2005 lo-

267 2032 350 2091 cis
377 2032 622 2093 citatis.
657 2034 836 2094 Unde
863 2033 936 2094 fit
963 2041 1036 2094 ut
1079 2035 1214 2095 11616
1251 2036 1374 2112 lex,
1418 2042 1722 2116 quatenus
1761 2042 1853 2097 est

267 2124 330 2183 in
353 2124 664 2201 subditiS,
697 2144 828 2187 non
853 2127 942 2187 ita
975 2127 1332 2188 immediate
1371 2127 1454 2188 sit
1489 2128 1740 2189 effectus
1766 2128 1853 2189 le-

267 2217 356 2295 gis
398 2224 696 2293 aetemae,
743 2219 906 2279 sicut
949 2220 1050 2280 lex
1094 2220 1228 2299 ipsa
1270 2221 1506 2281 divina.
1552 2223 1709 2283 Nam
1752 2220 1852 2281 lex

268 2309 552 2371 humana
579 2311 876 2389 pervenit
898 2312 978 2371 ad
1000 2311 1274 2372 subditos
1316 2313 1628 2373 mediante
1650 2312 1853 2373 homi-

269 2420 368 2476 ne,
396 2420 534 2461 non
559 2408 818 2463 tantum
856 2410 928 2463 ut
951 2422 1138 2465 causa
1171 2423 1284 2482 per
1315 2403 1600 2465 accidens
1629 2406 1723 2481 (ut
1765 2405 1853 2465 sic

269 2492 522 2569 dicam),
565 2495 634 2554 id
685 2501 802 2570 est,
833 2502 1215 2575 proponente
1242 2502 1306 2557 et
1330 2496 1701 2576 applicante,
1745 2496 1851 2557 sed

271 2590 460 2649 etiam
489 2595 572 2648 ut
597 2606 792 2648 causa
832 2606 943 2667 per
969 2606 1056 2664 se,
1085 2589 1151 2649 id
1174 2595 1286 2665 est,
1317 2591 1723 2651 constituente
1760 2591 1852 2671 ip-

273 2700 402 2742 sam
424 2681 647 2760 1636111
682 2702 698 2741 :
731 2700 878 2741 nam
910 2700 949 2741 a
973 2682 1292 2743 voluntate
1317 2683 1590 2745 hominis
1614 2685 1856 2764 1631516-

273 2774 422 2833 toris
443 2774 646 2834 habet
669 2774 957 2853 proxime
973 2773 1105 2835 haec
1124 2774 1227 2835 lex
1253 2793 1429 2836 suam
1460 2776 1754 2837 virtutem
1793 2782 1856 2837 et

273 2865 640 2925 61116661661.
709 2865 870 2926 Η1116
928 2866 1118 2925 etiam
1175 2868 1452 2946 sequitur
1505 2868 1855 2929 differentia

271 2972 410 3037 qme
428 2958 502 3017 in
539 2958 871 3037 proposita
895 2956 1254 3019 difficultate
1297 2960 1663 3039 postulatur,
1709 2961 1856 3039 quia

271 3051 338 3112 in
361 3052 592 3112 divina
631 3050 776 3130 1636
803 3049 1100 3128 obligatio
1122 3057 1216 3113 est
1244 3052 1600 3114 immediate
1623 3052 1854 3132 abipso

271 3146 428 3219 θείη
457 3163 620 3205 116111
657 3149 854 3224 prout
889 3150 982 3205 est
1017 3145 1084 3205 in
1115 3144 1368 3205 homine
1417 3164 1544 3206 non
1594 3145 1850 3224 obligat,

269 3239 394 3299 nisi
433 3245 762 3317 quatenus
795 3236 1027 3297 indicat
1055 3237 1332 3298 divinam
1371 3238 1700 3315 rationem,
1745 3255 1856 3298 seu

275 3331 676 3392 voluntatem
687 3347 711 3407 3
739 3330 808 3390 in
840 3329 978 3408 lege
1004 3335 1214 3390 autem
1251 3332 1528 3391 humana
1560 3331 1854 3408 obligatio

273 3443 402 3485 non
431 3431 530 3484 est
575 3422 942 3483 immediate
982 3441 1022 3482 a
1065 3423 1210 3497 Dec,
1251 3423 1399 3500 quia
1443 3427 1629 3502 prout
1659 3428 1748 3482 est
1787 3425 1856 3484 in

275 3517 548 3577 subditis
571 3515 939 3576 immediate
963 3514 1212 3593 respicit
1248 3515 1634 3577 voluntatem
1686 3515 1857 3594 prin-

273 3609 452 3689 cipis,
469 3610 592 3688 qui
611 3607 804 3669 habet
823 3607 956 3668 vim
976 3607 1388 3668 constituendi
1407 3626 1636 3668 novam
1652 3607 1860 3686 legem

275 3703 650 3764 distinctam
676 3719 720 3762 a
767 3701 904 3778 1636
947 3700 1180 3776 divina,
1211 3708 1274 3762 et
1302 3701 1382 3762 ab
1404 3701 1512 3762 illa
1538 3707 1630 3762 est
1655 3702 1858 3781 proxi-

275 3813 386 3855 ma
413 3793 754 3872 obligatio,
803 3793 1084 3872 quamvis
1126 3793 1478 3855 radicaliter
1521 3799 1652 3856 tota
1693 3794 1773 3854 sit
1820 3812 1859 3855 a

275 3889 418 3968 lege
445 3894 714 3949 aeterna.

355 3983 425 4042 9.
445 3981 584 4043 La
603 3985 832 4042 oetme
847 3997 964 4042 non
981 3983 1070 4042 est
1083 3997 1196 4059 per
1213 3997 1276 4042 se
1292 3979 1490 4058 ipsam
1510 3985 1654 4042 nota
1672 3981 1861 4042 homi-

279 4074 464 4136 nibus
474 4073 853 4148 viator-ihm,
862 4073 1080 4150 «κάρον
1095 4072 1258 4135 alias
1273 4073 1430 4152 loyes
1441 4073 1862 4135 innotescit.—

281 4167 414 4240 Quo
441 4183 632 4230 sm
657 4183 865 4228 verum
882 4165 966 4226 sit
979 4183 1174 4228 omnes
1191 4165 1400 4227 habore
1413 4165 1694 4227 noticiam
1709 4166 1862 4243 lepis

277 4259 942 4322 υἱωνῷ-1311616166
959 4275 1036 4316 ex
1056 4256 1234 4317 dictis
1261 4255 1648 4317 concluditur
1658 4256 1860 4335 1636111

277 4357 596 4413 eternam
629 4367 762 4410 non
787 4365 916 4409 6556
943 4366 1054 4428 per
1078 4365 1142 4409 56
1170 4348 1364 4427 ipsam
1397 4353 1610 4407 notam
1654 4347 1860 4408 homi-

275 4443 478 4504 nibus
507 4443 584 4502 in
605 4441 730 4502 hac
761 4442 916 4521 vita,
941 4439 1048 4501 sed
1075 4440 1178 4501 vel
1209 4440 1276 4500 in
1303 4440 1440 4499 aliis
1467 4438 1730 4518 legibus,
1762 4440 1865 4501 vel

277 4551 399 4613 pet
426 4533 596 4594 illas.
640 4533 920 4596 Viatores
947 4533 1120 4600 enim
1147 4531 1428 4592 homines
1453 4549 1582 4592 non
1609 4538 1864 4611 possunt

277 4627 578 4686 divinam
600 4625 984 4688 voluntatem
1010 4625 1079 4686 in
1098 4642 1163 4684 se
1189 4624 1324 4703 ipsa
1345 4640 1732 4701 cognoscere,
1754 4623 1861 4684 sed

277 4718 496 4779 solnm
521 4723 836 4797 quantum
879 4735 992 4797 per
1015 4717 1224 4796 aliqua
1253 4716 1454 4794 signa,
1482 4716 1582 4776 vel
1609 4715 1862 4776 effectus

277 4810 382 4871 eis
405 4809 810 4889 proponitur3
836 4814 898 4872 et
914 4810 1054 4870 ideo
1079 4808 1402 4888 proprium
1429 4813 1522 4868 est
1543 4807 1864 4868 beatorum

277 4907 386 4976 ut,
415 4902 708 4962 divinam
744 4902 1126 4962 voluntatem
1173 4901 1509 4974 intuentes,
1554 4917 1666 4979 per
1693 4898 1866 4958 illam

281 5000 368 5053 ut
387 5012 507 5076 per
533 4994 859 5073 propriam
883 4994 1084 5072 legem
1111 4992 1562 5071 gubernentur,
1585 4997 1658 5052 ut
1683 5009 1868 5070 supra

279 5105 374 5148 ex
397 5087 757 5166 Augustino
785 5087 992 5148 retuli.
1019 5087 1412 5164 cognoscunt
1433 5102 1580 5164 ergo
1603 5085 1870 5145 viatores

279 5179 502 5257 legem
539 5184 850 5240 aeternam
878 5196 989 5257 per
1017 5178 1555 5257 participationem
1589 5177 1643 5254 ej
1651 5194 1744 5251 115,
1795 5193 1868 5236 66

285 5271 564 5331 subinde
601 5289 715 5349 per
741 5271 910 5349 leges
942 5272 1165 5348 justas,
1191 5269 1580 5349 temporales,
1607 5286 1680 5328 66
1701 5286 1870 5328 crea-

285 5371 423 5437 tas,
445 5365 602 5441 quia
627 5363 793 5422 sicut
819 5381 1018 5422 causae
1065 5362 1348 5422 secundae
1381 5361 1714 5420 ostendunt
1746 5361 1871 5438 pri-

291 5473 498 5532 mm,
539 5461 612 5517 et
635 5461 934 5516 creaturae
961 5460 1323 5531 creatorem,
1373 5455 1466 5516 ita
1509 5453 1676 5530 leges
1715 5460 1872 5515 tem-

3406 364 3485 425 99

1922 467 2186 547 poi-alea,
2203 485 2339 545 quae
2359 467 2861 546 participationes
2878 478 3024 531 sunt
3040 472 3193 549 legis
3213 476 3480 545 oetcrnoe,

1923 559 2257 620 ostendunt
2300 559 2538 619 fontem
2572 578 2611 619 a
2658 578 2781 637 quo
2812 570 3091 625 manant.
3124 566 3360 624 Tamen
3394 566 3487 637 (ut

1921 651 2075 728 dixi)
2106 670 2233 712 non
2256 670 2471 712 omnes
2512 652 2795 713 homines
2822 661 3284 734 consequuntur
3324 654 3488 715 hauc

1923 743 2368 821 cognitionem,
2395 743 2542 822 quia
2561 762 2689 803 non
2715 763 2929 806 omnes
2956 747 3167 807 valent
3196 766 3271 807 ex
3308 745 3487 807 affec-

1924 841 1995 896 tu
2018 853 2268 895 causam
2300 853 2667 911 cognoscere
2700 858 2713 895 :
2744 842 2806 897 et
2844 840 2933 899 ita
2974 856 3187 899 omnes
3236 838 3487 917 quidem

1924 927 2210 989 homines
2239 928 2579 988 necessario
2614 928 2828 988 vident
2860 930 3134 1009 aliquam
3161 932 3491 1010 participa-

1925 1020 2162 1080 tionem
2203 1019 2359 1097 legis
2408 1024 2651 1080 aeternae
2682 1020 2749 1079 in
2796 1040 2861 1083 56
2907 1023 3076 1102 111515,
3125 1024 3273 1103 quia
3303 1041 3488 1083 nemo

1928 1118 2111 1172 utens
2132 1112 2370 1172 ratione
2398 1116 2513 1185 est,
2530 1112 2637 1189 qui
2665 1130 2793 1172 non
2814 1113 3049 1190 judicet
3074 1115 3280 1193 aliquo
3304 1116 3490 1174 modo

1926 1204 2258 1265 honestum
2288 1222 2419 1265 esse
2438 1205 2818 1281 sequendum
2839 1210 2903 1266 et
2930 1212 3111 1285 turpe
3130 1206 3487 1267 vitandum:
3574 1244 3577 1249 -

1929 1302 1991 1357 et
2017 1296 2086 1357 in
2110 1287 2227 1356 hoc
2240 1314 2422 1356 sensu
2439 1296 2654 1356 dicunt
2676 1295 2959 1358 homines
2974 1298 3201 1359 habere
3215 1298 3490 1376 aliquam

1927 1388 2218 1449 notitiam
2232 1388 2386 1466 legis
2404 1394 2671 1464 aeternoe,
2684 1394 2756 1449 ut
2767 1389 3186 1469 loqutmturD.
3198 1391 3487 1465 Thomas,

1927 1481 2169 1542 Alensis
2196 1485 2259 1540 et
2313 1480 2423 1541 alii
2467 1480 2739 1560 theologi
2784 1501 2927 1543 cum
2970 1484 3313 1561 Augustino
3316 1529 3337 1559 ,
3369 1482 3414 1543 1.
3454 1485 3483 1542 1

1927 1572 2004 1633 de
2031 1571 2209 1632 liber.
2240 1572 2465 1648 Arbit„
2488 1592 2624 1653 cap.
2653 1574 2715 1645 6,
2747 1579 2809 1633 61
2834 1574 2911 1634 de
2936 1593 3079 1636 vera
3102 1575 3327 1653 Relig.,
3354 1594 3486 1653 cap.

1929 1666 2027 1725 18.
2051 1663 2467 1724 Nihilominus
2491 1670 2702 1726 tamen
2727 1683 2856 1726 non
2878 1684 3094 1727 omnes
3118 1672 3495 1744 cognoscunt

1927 1756 2101 1817 illam
2128 1756 2473 1817 formaliter
2499 1757 2614 1818 sub
2634 1758 2875 1819 ratione
2898 1760 3383 1839 participationis
3410 1761 3493 1821 le·-

1929 1850 2026 1927 gis
2056 1854 2325 1924 aeternae,
2360 1856 2422 1911 et
2451 1851 2539 1910 ita
2586 1868 2714 1912 non
2742 1856 2836 1911 est
2884 1851 3173 1913 omnibus
3216 1859 3367 1913 nota
3393 1852 3495 1913 lex

1931 1946 2162 2002 aeterna
2211 1960 2322 2019 per
2374 1942 2667 2003 directam
2718 1943 3161 2022 cognitionem,
3222 1964 3359 2024 quae
3412 1946 3491 2007 ad

1931 2033 2131 2111 ipsam
2174 2033 2519 2095 formaliter
2564 2036 2953 2095 terminetur.
3010 2036 3223 2115 Aliqui
3282 2043 3494 2099 tamen

1932 2141 2073 2185 eam
2121 2124 2539 2202 cognitionem
2586 2133 3025 2205 assequuntur,
3079 2127 3181 2189 vel
3225 2130 3495 2190 naturali

1931 2216 2233 2291 discursu,
2250 2216 2350 2277 vel
2376 2216 2706 2295 perfectius
2730 2236 2839 2296 per
2853 2220 3296 2281 revelationem
3322 2220 3491 2298 fidei,

1932 2314 1997 2370 et
2023 2309 2161 2369 ideo
2189 2308 2319 2368 dixi
2348 2309 2549 2386 legem
2570 2316 2867 2371 aeternam
2884 2311 3251 2390 quibusdam
3282 2319 3497 2373 notam

1931 2420 2062 2464 6556
2088 2407 2337 2463 tantum
2369 2403 2436 2461 in
2465 2402 2863 2463 inferioribus
2905 2404 3180 2481 legibus3
3216 2404 3355 2465 aliis
3394 2425 3498 2467 ve-

1931 2514 2003 2555 ro
2030 2513 2158 2555 non
2180 2494 2380 2554 solum
2408 2494 2476 2553 in
2508 2494 2652 2568 11115,
2684 2495 2792 2555 sed
2820 2495 3012 2557 etiam
3050 2515 3163 2576 per
3188 2496 3346 2559 11165.

2013 2592 2114 2650 10.
2157 2590 2249 2650 De
2273 2590 2439 2650 modo
2463 2606 2574 2668 quo
2594 2588 2691 2650 lea:
2719 2593 2942 2651 oeterna
2966 2589 3186 2669 obliqet
3206 2592 3493 2655 subditos.

1930 2680 2270 2754 —Ultim0,
2295 2685 2533 2741 constat
2553 2698 2631 2741 ex
2660 2680 2838 2741 dictis
2866 2682 3175 2760 quomodo
3202 2683 3304 2744 lex
3324 2692 3498 2745 aeter·

1933 2790 2017 2833 na
2058 2772 2319 2849 obliget:
2360 2790 2509 2832 nam
2550 2772 2801 2850 praecise
2844 2778 3113 2852 spectata
3154 2781 3227 2836 ut
3266 2781 3499 2837 aeterna

1933 2871 2047 2940 est,
2076 2883 2203 2925 non
2239 2870 2438 2943 potest
2467 2864 2591 2925 dici
2632 2864 2929 2943 obligare,
2969 2867 3076 2927 sed
3110 2867 3229 2928 dici
3270 2868 3499 2947 poterit

1934 2956 2271 3034 obligativa
2318 2959 2413 3033 (ut
2455 2958 2542 3017 sic
2584 2974 2685 3017 res
2730 2956 3112 3039 explicetur),
3153 2976 3265 3019 seu
3308 2960 3385 3020 de
3430 2980 3497 3024 56

1932 3048 2245 3109 sufficiens
2286 3048 2365 3109 ad
2401 3047 2837 3126 obligandum:
2868 3050 3030 3111 ratio
3073 3056 3187 3127 est,
3224 3054 3373 3131 quia
3396 3055 3498 3117 lex

1933 3159 2063 3202 non
2093 3146 2295 3221 potest
2319 3147 2463 3201 actu
2479 3141 2781 3219 obligare,
2802 3142 2924 3203 nisi
2952 3145 3034 3205 sit
3062 3146 3331 3206 exterius
3357 3166 3498 3226 pro-

1935 3232 2245 3312 mulgata3
2289 3233 2391 3293 lex
2430 3238 2640 3294 autem
2684 3239 2919 3294 oeterna
2962 3241 3036 3296 ut
3080 3237 3196 3312 sic,
3236 3256 3367 3300 non
3407 3247 3498 3302 est

1935 3327 2204 3388 exterius
2250 3325 2675 3404 promulgata3
2721 3343 2888 3405 6130.
2934 3328 3088 3390 Item
3123 3329 3227 3392 lex
3266 3337 3499 3396 aeterna

1936 3427 2006 3478 ut
2030 3419 2139 3494 516,
2164 3437 2293 3479 non
2312 3423 2603 3479 connotat
2628 3420 2915 3480 effectum
2941 3421 3346 3501 temporalem
3360 3425 3498 3503 jam

1933 3511 2189 3584 factum,
2216 3510 2365 3590 quia
2384 3510 2471 3570 sic
2496 3521 2871 3590 repugnaret
2892 3530 3022 3575 6556
3048 3519 3343 3576 aeternam
3349 3539 3367 3592 3
3390 3517 3499 3580 sed

1936 3610 2081 3664 actu
2123 3603 2398 3682 obligare
2444 3609 2537 3663 651
2587 3602 2942 3684 temporalis
2986 3605 3277 3670 effectus:
3321 3628 3493 3688 ergo.

1939 3696 2115 3759 Unde
2158 3697 2347 3758 etiam
2384 3697 2458 3758 fit
2491 3702 2563 3757 ut
2605 3697 2707 3760 lex
2751 3703 2984 3760 aeterna
3020 3719 3345 3781 nunquam
3388 3723 3500 3784 per

1937 3789 2197 3868 seipsam
2239 3789 2473 3868 obliget
2518 3796 2802 3869 separata
2840 3790 2920 3852 ab
2960 3793 3134 3854 omni
3172 3795 3295 3856 alia
3333 3796 3495 3874 lege,

1937 3883 2046 3944 sed
2074 3883 2416 3944 necessario
2450 3883 2631 3945 debet
2656 3883 2840 3945 alicui
2868 3884 3047 3946 alteri
3078 3889 3399 3968 conjungi,
3427 3895 3502 3949 ut

1937 3981 2083 4036 actu
2100 3974 2351 4053 obliget.
2370 3975 2527 4048 Quia
2542 3993 2671 4037 non
2689 3982 2829 4038 actu
2849 3977 3102 4054 obligat,
3118 3979 3239 4039 nisi
3252 3983 3499 4060 quando

1939 4074 2080 4130 actu
2121 4066 2387 4129 exterius
2419 4067 2851 4146 promulgatur
2863 4085 2884 4144 3
2919 4086 3047 4128 non
3072 4073 3501 4151 promulgatur

1939 4166 2175 4234 autem,
2204 4159 2328 4218 nisi
2356 4158 2603 4236 quando
2633 4159 2736 4220 lex
2773 4160 2985 4238 aliqua
3022 4160 3235 4222 divina
3260 4164 3356 4225 vel
3384 4164 3503 4225 hu·-

1941 4270 2130 4312 111666
2173 4249 2619 4330 promulgatur.
2669 4251 2871 4330 Atque
2909 4250 3027 4312 hoc
3070 4255 3255 4314 modo
3302 4261 3501 4335 potest

1941 4344 2065 4404 dici
2089 4343 2293 4421 legem
2320 4347 2617 4403 oeternam
2637 4361 2959 4423 nunquam
2984 4343 3257 4423 obligare
3284 4347 3503 4410 imme-

1941 4434 2131 4510 diate,
2160 4435 2269 4495 sed
2302 4434 2617 4497 mediante
2657 4437 2863 4516 aliqua
2893 4435 3019 4497 alia
3054 4437 3230 4516 lege:
3262 4440 3503 4502 diverso

1941 4534 2155 4589 tamen
2178 4527 2384 4603 mod0,
2411 4529 2559 4608 quia
2584 4529 2833 4608 quando
2857 4547 2971 4609 per
2993 4530 3269 4592 divinam
3300 4531 3503 4610 legem

1940 4619 2310 4700 applicatur,
2356 4622 2515 4683 ratio
2562 4621 2955 4700 obligationis
3001 4623 3385 4704 principalis,
3431 4643 3506 4686 66

1940 4711 2224 4790 proxima
2272 4719 2367 4774 est
2412 4713 2547 4793 ipsa
2572 4713 2674 4774 lex
2719 4720 2981 4791 aeterna3
3015 4722 3077 4776 et
3126 4716 3228 4778 lex
3266 4717 3502 4792 divina,

1943 4822 2083 4884 quae
2108 4803 2197 4864 ibi
2222 4806 2579 4882 intervenit,
2608 4807 2806 4867 solum
2836 4815 2930 4870 est
2954 4809 3205 4886 signum
3228 4809 3508 4870 indicans

1946 4897 2150 4976 legem
2190 4899 2613 4979 principaliter
2651 4900 3051 4979 obligantem.
3102 4901 3277 4974 Quod
3310 4903 3377 4962 16
3422 4902 3512 4964 le-

1948 4991 2129 5069 gibus
2157 4991 2385 5052 111νί615
2414 4992 2692 5072 positivis
2713 4999 2803 5054 est
2828 4993 3254 5054 manifestum:
3279 4996 3346 5056 in
3372 4996 3511 5075 1636

1948 5089 2159 5145 autem
2200 5085 2471 5145 naturali
2513 5084 2701 5144 hahet
2745 5083 3019 5162 aliquam
3062 5085 3511 5164 difficultatem,

1948 5192 2141 5254 quam
2172 5177 2242 5234 in
2269 5169 2667 5255 sequentibus
2701 5173 3003 5252 capitibus
3045 5178 3510 5257 explicabimus.

1949 5267 2207 5339 Quando
2246 5274 2452 5329 autem
2482 5266 2810 5345 applicatio
2843 5266 2999 5344 legis
3025 5275 3269 5332 aeternoe
3298 5271 3369 5332 fit
3402 5289 3515 5351 per

1948 5359 2154 5436 legem
2193 5360 2557 5435 humanam,
2588 5365 2737 5419 tunc
2775 5359 2919 5420 licet
2953 5362 3055 5424 lex
3098 5370 3329 5424 aeterna
3368 5383 3515 5426 con-

1952 5455 2161 5513 currat
2187 5450 2267 5510 ad
2296 5451 2738 5530 obligationem
2766 5452 2845 5513 ad
2871 5454 3131 5544 modum
3154 5473 3349 5516 causoe
3376 5457 3516 5517 uni-
