3976 6219
915 452 1048 506 cAP.
1085 456 1167 509 Vl.
1202 458 1346 522 QUAE
1375 461 1851 522 commum
1881 471 2372 535 BCCLESIASTICAE
2405 486 2711 553 ΗΑΒΕΑΝΤ,
2749 495 2883 550 ETC.

294 546 353 603 to
377 547 465 604 cst
486 544 927 624 advertendum,
951 554 1096 632 quia
1124 555 1471 637 Capitulum
1488 565 1725 629 nullam
1741 570 1851 631 ha-

289 632 396 694 bet
407 635 924 719 jurisdictionem,
944 661 1143 726 neque
1162 667 1476 731 magnam,
1499 675 1698 738 neque
1712 679 1851 741 par-

291 743 434 787 vam
458 743 474 787 ε
502 747 650 808 ergo
670 733 904 796 nullam
918 736 1121 816 legem
1140 745 1398 806 omnino
1408 746 1607 812 facere
1620 760 1842 831 potest,

286 819 433 897 quia
458 819 560 882 lex
601 827 1006 891 essentialiter
1048 840 1140 894 est
1179 842 1347 897 actus
1370 839 1838 923 jurisdictionis,

287 916 358 972 ut
379 929 568 992 supra
594 914 637 975 l.
667 920 696 979 1
726 923 790 978 et
823 921 861 980 3
883 921 1118 986 dictum
1147 933 1241 988 est
1266 947 1408 991 oum
1437 934 1662 997 Bartol.
1698 939 1765 999 in
1792 940 1835 1002 l.

289 1003 500 1068 Omnes
514 1011 750 1087 populi,
771 1012 836 1073 ff.
868 1014 946 1075 de
962 1016 1122 1078 Just.
1149 1027 1211 1081 et
1226 1021 1380 1100 jur„
1412 1043 1472 1105 q.
1510 1031 1566 1102 1,
1588 1036 1649 1090 et
1675 1031 1835 1094 aliis.

280 1097 627 1177 Respondet
678 1111 888 1166 autem
931 1109 1199 1187 Felinus,
1254 1117 1421 1192 quod
1466 1125 1731 1184 statuere
1770 1125 1839 1186 in

280 1189 586 1254 decisione
607 1212 955 1276 causarum,
977 1206 1039 1262 et
1056 1220 1239 1283 super
1258 1206 1354 1270 his
1372 1228 1508 1288 quae
1529 1216 1841 1291 pertinent

279 1284 357 1344 ad
366 1285 886 1368 jurisdictionem,
909 1300 999 1355 est
1012 1295 1457 1375 jurisdictionis
1476 1310 1724 1387 proprie
1734 1326 1756 1387 3
1773 1317 1837 1372 at

275 1393 422 1437 vero
443 1385 708 1443 statuere
734 1401 861 1445 non
883 1403 1014 1448 esse
1034 1387 1507 1475 jurisdictionis,
1533 1400 1679 1479 quia
1697 1403 1836 1462 uni-

275 1469 652 1533 versalitates
682 1484 936 1554 possunt
960 1479 1161 1543 facere
1200 1488 1429 1549 statuta
1462 1490 1530 1550 in
1570 1494 1834 1571 negotiis

276 1561 353 1622 ad
385 1580 488 1624 eas
529 1568 966 1647 spectantibus,
1007 1574 1152 1635 licet
1172 1577 1667 1655 jurisdictionem
1704 1604 1832 1647 non

272 1655 563 1719 habeant.
590 1661 706 1722 Sed
727 1665 860 1741 jam
889 1665 957 1728 in
983 1671 1285 1749 superiori
1307 1673 1487 1753 libro,
1512 1697 1567 1739 c.
1595 1681 1656 1755 Ξ,
1700 1680 1831 1743 dixi

270 1841 410 1908 licet
452 1846 642 1924 possit
685 1866 814 1910 esse
865 1854 1149 1930 quaedam
1190 1861 1408 1938 regula
1432 1867 1726 1944 operandi
1752 1887 1830 1931 ex

269 1937 674 2000 conventione
722 1944 988 2019 partium
1005 1992 1024 2022 ,
1076 1948 1312 2012 habens
1371 1955 1645 2035 aliquam
1697 1960 1828 2021 vim

265 2025 583 2105 obligandi
624 2048 701 2093 ex
738 2035 802 2093 vi
845 2040 1289 2120 promissionis,
1336 2047 1434 2108 vel
1467 2052 1649 2129 pacti,
1698 2070 1829 2115 11011

264 2119 437 2198 legis.
468 2121 644 2183 Unde
682 2125 749 2185 in
776 2132 1059 2206 praesenti
1086 2134 1417 2199 dicendum
1449 2148 1563 2218 est,
1594 2144 1692 2206 vel
1720 2145 1829 2207 Ca-

262 2211 532 2291 pitulum
580 2215 811 2280 habere
841 2221 1341 2298 jurisdictionem
1374 2232 1454 2292 ad
1504 2237 1827 2299 condenda

260 2309 492 2366 statuta
517 2311 978 2388 proportionata
1017 2316 1127 2378 tali
1170 2324 1598 2386 communitati
1624 2334 1684 2388 et
1710 2330 1822 2390 tali

256 2399 558 2475 materiae,
586 2402 687 2463 vel
708 2404 795 2465 ita
818 2412 1047 2469 statuta
1072 2429 1202 2472 non
1238 2431 1367 2474 esse
1406 2421 1684 2496 proprias
1724 2422 1818 2483 le-

257 2508 389 2568 geS,
412 2493 517 2552 sed
541 2496 955 2560 ordinationes
978 2503 1275 2579 quasdam
1300 2507 1415 2568 sub
1441 2509 1649 2588 aliqua
1670 2512 1807 2575 fide-

254 2583 426 2647 litate
454 2587 819 2667 obligantes,
848 2594 926 2654 Et
952 2595 1004 2653 si
1021 2596 1297 2674 primum
1325 2598 1587 2677 dicatur,
1610 2622 1819 2666 conse-

252 2685 514 2757 quenter
552 2683 946 2747 asserendum
986 2693 1076 2748 est
1109 2688 1281 2749 illam
1321 2692 1818 2770 jurisdictionem

250 2788 511 2833 manare
552 2791 589 2833 a
621 2776 808 2857 Papa,
860 2777 1199 2859 haberique
1233 2800 1310 2843 ex
1342 2788 1810 2865 consuetudine,

246 2861 496 2924 favente
514 2865 655 2944 jure
677 2871 1016 2946 communi,
1043 2876 1106 2932 et
1132 2875 1317 2935 tacito
1335 2893 1635 2940 consensu
1653 2882 1812 2942 Pou-

248 2954 457 3017 tificis.
491 2958 698 3037 Neque
721 2960 788 3020 id
831 2962 1095 3023 involvit
1144 2965 1381 3044 aliquid
1431 2986 1810 3050 repugnans,

247 3046 349 3107 vel
393 3048 863 3115 incommodum
906 3054 1177 3135 aliquod,
1234 3058 1339 3119 sed
1385 3062 1588 3140 potius
1633 3064 1813 3129 valde

244 3140 568 3218 probabile
586 3149 697 3220 est,
712 3147 858 3225 quia
870 3148 1223 3227 Capitulum
1241 3151 1603 3215 clericorum
1624 3175 1813 3236 capax

248 3237 344 3292 est
370 3234 709 3313 spiritualis
732 3239 1201 3317 jurisdictionis,
1219 3249 1282 3304 et
1310 3244 1378 3304 in
1406 3263 1480 3306 eo
1506 3253 1570 3307 et
1596 3249 1663 3309 in
1683 3268 1813 3310 om-

240 3325 426 3385 nibus
451 3328 730 3405 partibus
751 3331 885 3409 ejus
908 3334 1016 3411 {est
1040 3333 1350 3397 sufficiens
1375 3343 1806 3420 communitas,

238 3423 311 3476 ut
336 3435 451 3497 pro
470 3419 578 3480 illa
596 3422 784 3500 possit
800 3423 951 3484 ferri
969 3424 1178 3505 aliqua
1201 3426 1298 3489 lex
1309 3444 1332 3506 3
1349 3436 1411 3491 et
1434 3432 1716 3495 Pontifex
1734 3436 1808 3495 il-

236 3510 365 3571 lam
386 3514 650 3576 contulit
669 3515 1010 3597 Episcopis:
1028 3536 1180 3598 ergo
1203 3522 1390 3583 etiam
1413 3527 1616 3603 potuit
1632 3527 1804 3590 illam

237 3604 518 3666 conferre
534 3609 775 3687 corpori
790 3609 1057 3689 Capituli
1069 3613 1355 3692 mystico,
1377 3617 1445 3677 in
1458 3617 1554 3678 his
1568 3638 1705 3698 quoe
1722 3621 1803 3681 ad

236 3695 392 3756 iUud
408 3697 611 3759 solum
630 3707 927 3780 spectant.
942 3702 1166 3765 sivero
1180 3706 1420 3769 dicatur
1438 3712 1796 3789 secundum,

232 3789 402 3866 quod
423 3790 612 3852 etiam
635 3795 902 3856 est‘satis
923 3795 1260 3875 probabile,
1290 3799 1619 3863 dicendum
1652 3823 1799 3866 con-

232 3888 563 3959 sequenter
600 3890 693 3947 est
724 3886 875 3948 talia
915 3892 1146 3948 statuta
1183 3909 1312 3951 non
1347 3893 1645 3973 obligare,
1676 3898 1798 3959 nisi

229 3970 299 4031 in
321 3974 384 4033 vi
401 3975 765 4055 juramenti,
791 3980 958 4059 quod
976 3979 1112 4042 fleri
1132 3983 1311 4059 solet,
1336 3992 1400 4048 et
1425 3986 1493 4047 111
1520 3988 1584 4047 vi
1604 3991 1793 4068 pacti,

231 4068 294 4125 et
309 4068 757 4147 promissioniS,
787 4090 925 4152 quae
943 4073 1099 4139 solet
1126 4075 1314 4138 etiam
1346 4078 1744 4142 intercedere.

316 4163 414 4224 13.
446 4163 540 4224 De
559 4165 1239 4229 wiramutha-Et
1266 4169 1382 4230 hoc
1403 4172 1589 4234 modo
1615 4174 1795 4235 intel-

229 4250 551 4331 ligendum
579 4256 948 4335 regulariter
974 4264 1065 4320 est
1082 4261 1249 4339 quod
1268 4262 1347 4323 de
1375 4265 1794 4328 universitati·

225 4342 344 4406 bus
363 4347 453 4407 ait
479 4347 749 4425 Felinus,
782 4368 958 4429 posse
982 4354 1285 4415 nimirum
1307 4356 1508 4419 facere
1536 4364 1789 4436 statuta,

225 4437 394 4517 quod
427 4440 615 4501 etiam
646 4441 723 4502 de
753 4441 1154 4507 universitate
1178 4447 1639 4527 Magistrorum,
1682 4471 1791 4515 seu

222 4531 579 4609 Academia,
608 4532 709 4596 vel
751 4536 955 4598 studio
1002 4540 1277 4617 generali
1315 4542 1586 4605 affirmat
1612 4546 1783 4626 Sylv.

221 4624 392 4687 verb.
417 4627 562 4704 Leto,
590 4646 649 4707 q.
680 4629 742 4689 4.
774 4629 956 4705 Nam,
994 4629 1316 4695 deficiente
1356 4635 1789 4714 jurisdictione

220 4717 289 4777 in
320 4720 749 4796 universitate,
779 4721 1254 4801 intelligendum
1283 4726 1400 4789 hoc
1422 4734 1512 4789 est
1538 4730 1615 4791 de
1662 4738 1785 4793 sta-

219 4813 357 4869 tuto
377 4809 711 4887 fidelitatis,
736 4818 809 4875 ut
826 4813 980 4892 dixi,
1008 4822 1072 4877 et
1090 4823 1183 4881 est
1205 4819 1475 4898 optimus
1491 4827 1698 4884 textus
1714 4824 1784 4886 111

219 4918 275 4961 c.
307 4900 417 4963 Εω
439 4903 688 4981 litteris,
716 4905 793 4967 de
821 4906 1104 4986 Constit.,
1134 4911 1201 4971 in
1230 4911 1494 4993 princip.
1524 4913 1650 4976 ibi:
1676 4919 1784 4979 zi-

218 4999 304 5056 cet
331 5011 369 5055 a
390 4995 557 5058 vobis
578 4997 698 5073 fide
719 5002 1006 5078 praestita
1026 5004 1223 5078 fucrit
1242 5007 1652 5085 constitutam,
1672 5009 1782 5073 ubi

214 5091 346 5147 tota
372 5087 466 5148 vis
494 5091 948 5154 constitutionis
977 5095 1278 5173 ejusmodi
1304 5098 1558 5178 ponitur
1582 5101 1652 5161 in
1675 5103 1780 5181 ju·-

211 5184 518 5255 ramento,
559 5182 661 5243 vel
693 5189 896 5262 pacto,
935 5193 995 5248 et
1034 5187 1173 5249 ideo
1200 5190 1556 5268 sustinetur,
1587 5199 1650 5257 et
1686 5195 1778 5257 ita

214 5272 545 5350 exponitur
587 5281 656 5335 ut
693 5296 819 5340 non
863 5284 1361 5345 contraveniatur
1390 5285 1772 5362 jurament0.

213 5363 276 5423 Si
305 5383 429 5443 qua
471 5385 618 5428 vero
647 5376 740 5430 est
788 5374 1156 5437 universitas
1184 5396 1323 5456 quae
1353 5396 1468 5440 nec
1488 5379 1776 5459 jurisdic-

209 5457 444 5519 tionem
469 5459 658 5523 habet
680 5464 757 5524 ad
779 5465 1064 5535 facienda
1090 5476 1339 5547 statuta,
1361 5491 1477 5534 nec
1494 5480 1769 5553 pactum,

209 5555 317 5609 aut
341 5557 975 5636 compromissionem,
1000 5579 1110 5624 seu
1127 5563 1558 5643 juramentum
1574 5586 1774 5633 mem·
1810 5644 1815 5649 ,

1927 573 2182 639 brorum
2199 581 2332 660 ejus
2359 584 2436 646 de
2467 586 2563 649 his
2590 590 3006 675 observandis,
3033 621 3171 681 quae
3215 628 3292 670 ex
3322 633 3487 677 com-

1925 670 2103 729 muni
2131 690 2427 738 consensu
2453 681 2552 741 vel
2572 687 2848 749 omnium
2881 693 2980 753 vel
3010 696 3281 775 plurium
3311 727 3486 772 cons-

1926 761 2111 823 tituta
2139 764 2393 846 fuerint,
2448 771 2558 835 illa
2601 785 2821 840 neutro
2870 786 3053 848 modo
3099 799 3324 870 poterit
3360 811 3483 866 sta-

1928 857 2125 931 tuere,
2153 865 2224 919 ut
2262 867 2500 925 constat
2545 867 2621 929 (16
2652 870 2766 932 1160
2811 882 3018 940 nostra
3072 883 3482 960 Universitate

1925 945 2432 1031 conimbricensi,
2466 963 2529 1018 et
2548 959 2716 1023 idem
2758 959 2886 1028 fere
2927 972 3209 1041 existimo
3241 984 3308 1044 in
3344 988 3481 1052 aliis

1922 1039 2135 1101 multis
2149 1043 2480 1112 observari.

2001 1134 2097 1195 14.
2118 1134 2197 1198 Co
2204 1143 2462 1203 mmunis
2478 1150 2768 1211 sententia
2780 1169 2952 1229 posse
2968 1157 3313 1239 Capitulum
3324 1172 3479 1252 loyes

1917 1224 2274 1305 episcopales
2292 1234 2476 1308 serre,
2505 1253 2638 1314 quse
2672 1242 2930 1322 obliqent
2969 1251 3145 1317 donec
3175 1260 3248 1318 ab
3276 1263 3477 1342 Epir-

1918 1333 2055 1394 copo
2093 1324 2423 1387 succedente
2462 1338 2919 1397 rovoomztur.-
2936 1342 3226 1424 Superest
3267 1355 3477 1421 dicen-

1920 1405 2069 1469 dum
2087 1409 2165 1471 de
2188 1412 2489 1493 Capitulo,
2507 1420 2650 1482 sede
2672 1437 2953 1508 vacante,
2975 1453 3057 1497 an
3069 1444 3258 1517 possit
3274 1446 3475 1514 facere

1916 1497 2116 1578 legem
2139 1522 2252 1582 pro
2278 1512 2408 1569 tota
2431 1510 2703 1592 dioecesi,
2733 1537 2859 1581 non
2879 1531 2946 1584 ut
2975 1531 3313 1608 capitulum
3356 1551 3468 1621 est,

1914 1593 2020 1652 sed
2079 1601 2149 1656 ut
2190 1599 2683 1677 jurisdictionem
2724 1616 3127 1698 episcopalem
3166 1646 3277 1707 pro
3322 1641 3472 1699 tunc

1913 1683 2326 1768 administrat,
2355 1695 2534 1773 juxta
2553 1719 2605 1760 c.
2639 1700 2788 1766 Cum
2817 1710 2978 1772 olim.
3008 1714 3086 1773 do
3107 1720 3369 1800 Majorit.
3408 1735 3469 1790 et

1804 1821 1827 1852 ‚
1911 1775 2218 1844 obedient.
2260 1791 2323 1846 et
2351 1805 2485 1868 cap.
2521 1795 2691 1855 unic.
2732 1801 2985 1880 Eodem,
3021 1808 3085 1869 in
3111 1814 3172 1888 6,
3199 1822 3261 1875 et
3289 1837 3344 1879 c.
3384 1822 3468 1885 Si

1908 1869 2274 1953 Episcopus,
2311 1886 2372 1940 et
2413 1900 2547 1963 cap.
2582 1888 2695 1951 ult.
2730 1893 2806 1953 de
2847 1896 3184 1978 Supplend.
3230 1912 3462 1992 neglig.

1907 1960 2147 2026 Praelat.
2178 1968 2245 2029 in
2268 1971 2337 2046 6;
2371 1979 2431 2033 et
2458 1977 2654 2058 Trid.,
2694 2003 2840 2046 sess.
2878 1992 2979 2065 24,
3009 2012 3063 2055 c.
3097 2000 3195 2060 16.
3246 2003 3314 2063 111
3342 2024 3465 2083 qua

1904 2071 1974 2114 re
2011 2055 2164 2119 duas
2207 2061 2457 2127 invenio
2514 2080 2869 2141 sententias.
2912 2085 3139 2166 Prima,
3190 2100 3253 2154 et
3288 2097 3464 2162 valde

1904 2153 2268 2230 communiS,
2297 2164 2578 2239 estposse
2601 2170 2940 2247 capitulum
2968 2176 3133 2257 leges
3152 2187 3464 2269 episcopa-

1904 2239 1992 2301 les
2012 2243 2197 2322 ferre,
2223 2267 2360 2328 quse
2385 2270 2629 2337 semper
2650 2262 2925 2343 obligent
2959 2271 3152 2336 donec
3188 2297 3225 2338 a
3257 2298 3463 2346 succe-

1903 2331 2089 2396 dente
2141 2339 2209 2400 in
2276 2343 2628 2428 episcopatu
2674 2367 3061 2425 revocentur.
3129 2369 3273 2433 Haec
3343 2376 3463 2440 fuit

1901 2427 2112 2505 opinio
2155 2432 2334 2495 Fred.
2369 2439 2514 2502 Seu.
2568 2443 2636 2504 in
2681 2465 2872 2528 cons..
2901 2457 2999 2529 16,
3053 2463 3218 2536 quod
3246 2464 3463 2547 incipit

1903 2517 2253 2597 Capitulum
2271 2528 2585 2611 Ecclesiae,
2599 2554 2784 2615 quam
2798 2547 2988 2605 secuti
3007 2558 3152 2611 sunt
3165 2554 3429 2621 Anchar.
3436 2608 3458 2640 ,

1900 2611 2073 2673 Imol.
2107 2621 2170 2675 et
2195 2617 2453 2700 Anton.,
2476 2644 2630 2704 quos
2653 2631 2845 2694 refert
2872 2642 2935 2697 et
2956 2644 3234 2720 sequitur
3269 2653 3456 2715 etiam

1902 2701 2027 2764 Fel.
2049 2705 2116 2766 in
2145 2707 2206 2768 d.
2234 2728 2288 2786 c,
2316 2712 2468 2777 Cum
2487 2736 2704 2796 omncs,
2734 2725 2812 2787 de
2830 2728 3137 2809 Const.,n.
3154 2740 3214 2798 9.
3244 2742 3458 2823 Sequi-

1900 2796 2005 2853 tur
2030 2797 2221 2861 etiam
2242 2801 2399 2865 Abb.
2435 2807 2505 2867 in
2523 2827 2576 2873 c.
2608 2811 2759 2876 Cum
2803 2820 2968 2898 olim,
2995 2824 3070 2886 de
3095 2829 3360 2909 Majorit.
3395 2845 3457 2899 et

1898 2885 2078 2949 obed.
2086 2933 2108 2966 ,
2137 2910 2202 2951 n.
2226 2895 2336 2973 243
2359 2897 2559 2977 Sylv.,
2589 2905 2757 2969 verb.
2790 2909 3164 2996 Capitulum,
3191 2942 3252 3003 q.
3287 2928 3347 3002 6,
3394 2936 3455 2991 et

1894 2977 2113 3043 Franc.
2142 2984 2385 3064 Pavin.,
2414 2996 2594 3056 tract.
2626 2997 2702 3059 de
2727 3001 2950 3066 Potest.
2977 3011 3248 3091 capituli,
3287 3039 3348 3099 q.
3388 3024 3450 3099 6,

1892 3071 2165 3136 referens
2204 3078 2410 3157 plures
2450 3084 2626 3165 alios,
2667 3098 2730 3153 et
2767 3096 2997 3161 addens
3022 3121 3087 3165 se
3118 3126 3244 3170 non
3279 3114 3453 3177 inve-

1892 3164 2054 3226 nisse
2072 3168 2385 3234 doctorem
2403 3175 2709 3244 famosum
2725 3186 3027 3255 dicentem
3042 3207 3420 3269 contrarium
3430 3254 3445 3271 .

1888 3256 2389 3327 Fundamentum
2402 3271 2787 3347 potissimum
2807 3289 2917 3357 est,
2939 3290 3085 3365 quia
3099 3292 3449 3374 Capitulum

1890 3351 2162 3414 succedit
2190 3354 2257 3416 in
2282 3358 2711 3435 jurisdictione
2728 3372 3006 3456 Episcopi
3032 3389 3234 3461 quoad
3253 3396 3446 3456 totam

1887 3441 2486 3513 administrationem
2514 3456 2581 3517 in
2604 3459 3025 3539 spiritualibus
3053 3482 3115 3535 et
3140 3484 3446 3562 tempora·

1881 3530 2069 3609 libus,
2090 3544 2162 3598 ut
2175 3539 2391 3604 dicunt
2399 3545 2546 3624 jura
2564 3550 2827 3631 allegata
2845 3576 2861 3619 :
2884 3579 3032 3641 ergo
3051 3576 3249 3645 potest
3263 3579 3444 3655 quid-

1880 3626 2029 3703 quid
2049 3629 2379 3714 Episcopus
2397 3646 2618 3719 potest,
2637 3649 2801 3725 quod
2821 3651 2909 3715 illi
2931 3673 3058 3718 non
3076 3662 3155 3722 sit
3169 3670 3443 3744 speciali·

1880 3720 1974 3777 ter
1986 3723 2369 3798 prohibitum
2375 3745 2395 3807 3
2412 3732 2518 3793 sed
2532 3737 2792 3802 condere
2807 3743 3031 3825 legem,
3053 3759 3145 3815 est
3158 3756 3233 3818 de
3244 3769 3441 3839 potes-

1878 3812 2003 3871 tate
2032 3813 2334 3897 Episcopi,
2363 3828 2424 3882 et
2443 3843 2570 3886 non
2597 3828 2913 3897 invenitur
2929 3844 3309 3920 prohibitum
3332 3857 3440 3918 Ca·

1875 3902 2096 3981 pitulo:
2118 3925 2265 3988 ergo
2279 3930 2406 3974 non
2423 3922 2515 3976 est
2524 3918 2613 3978 illi
2626 3921 3059 4003 denegandum
3068 3981 3081 3996 .
3102 3940 3439 4010 Confirma-

1875 3999 2002 4072 tur,
2024 3999 2169 4076 quia
2183 4008 2381 4081 potest
2403 4024 2719 4074 occurrere
2741 4025 3070 4088 necessitas
3091 4037 3440 4116 corrigendi

1873 4087 2108 4167 aliquas
2123 4111 2341 4171 pravas
2359 4106 2861 4171 consuetudines:
2889 4131 3035 4194 ergo
3058 4131 3255 4200 potest
3273 4135 3437 4212 capi-

1874 4179 2079 4242 tulum
2094 4202 2205 4262 per
2220 4191 2447 4251 statuta
2465 4196 2732 4271 poenalia
2744 4202 2854 4262 tali
2873 4215 3218 4278 necessitati
3230 4227 3436 4300 provi-

1874 4271 2019 4334 dere
2038 4289 2054 4333 :
2078 4283 2259 4338 erunt
2277 4296 2426 4358 ergo
2450 4284 2526 4345 de
2544 4305 2607 4348 se
2624 4300 2944 4374 perpetua,
2967 4305 3111 4380 quia
3121 4307 3236 4372 hoc
3250 4322 3342 4375 est
3356 4317 3433 4378 de

1869 4365 2110 4428 ratione
2139 4373 2374 4449 statuti,
2395 4382 2457 4437 et
2470 4379 2617 4457 quia
2640 4383 2800 4446 1111111
2826 4395 3189 4471 praejudicat
3219 4394 3448 4470 futuro·

1871 4456 2190 4540 Episcopo,
2222 4482 2366 4527 cum
2392 4472 2581 4547 possit
2607 4474 2715 4537 illa
2733 4496 3043 4557 revocare.
3061 4492 3114 4552 si
3143 4501 3430 4577 expedire

1869 4556 2193 4618 censuerit.
2225 4558 2316 4619 Ex
2352 4580 2475 4640 quo
2502 4566 2688 4629 etiam
2710 4572 2949 4637 addunt
2971 4581 3211 4664 Pavin.,
3231 4591 3424 4657 Felin.

1871 4647 1933 4703 et
1966 4644 2096 4723 6111,
2130 4667 2304 4728 posse
2331 4654 2680 4735 Capitulum
2708 4682 2996 4733 revocare
3022 4682 3250 4744 statuta
3271 4704 3427 4764 prae-

1866 4735 2137 4800 cedentis
2159 4742 2463 4826 Episcopi,
2499 4752 2552 4810 si
2571 4762 2868 4835 oporteat,
2899 4770 2961 4824 et
2981 4775 3287 4836 contraria
3305 4786 3427 4840 sta-

1864 4833 2060 4905 tuere,
2099 4834 2247 4912 quia
2277 4844 2367 4899 est
2391 4845 2645 4921 aequalis
2680 4848 2773 4911 illi
2795 4853 2861 4913 in
2881 4855 3328 4934 jurisdictione.
3362 4879 3424 4933 et

1865 4928 1954 4982 est
1972 4928 2296 5005 posterius,
2326 4950 2436 4994 seu
2453 4942 2592 4998 actu
2622 4940 2794 5003 illam
2823 4946 3032 5028 habet,
3061 4961 3310 5033 quando
3336 4965 3425 5025 al-

1862 5018 1959 5074 ter
1982 5017 2115 5095 jam
2139 5019 2309 5082 illam
2333 5026 2556 5088 amisit.
2587 5031 2760 5104 Quod
2782 5038 2836 5098 si
2850 5040 3102 5119 objicias
3120 5052 3266 5128 quia
3289 5056 3421 5117 Col-

1861 5103 2096 5184 legium
2140 5114 2554 5180 Cardinalium
2605 5124 2706 5185 vel
2762 5133 3088 5197 consilium
3136 5147 3420 5210 omnium

1859 5199 2295 5281 Episcoporum
2314 5209 2596 5274 Ecclesiae
2614 5233 2739 5276 non
2762 5228 2985 5301 potest,
3002 5239 3256 5296 vacante
3276 5242 3417 5304 sede

1858 5293 2209 5372 apostolica,
2235 5316 2523 5363 revocare
2554 5306 2923 5375 Pontificum
2953 5316 3141 5400 leges,
3171 5345 3284 5390 nec
3306 5351 3416 5394 no-

1856 5404 1966 5448 vas
1993 5387 2371 5453 universales
2394 5394 2593 5459 facere
2621 5419 2732 5479 pro
2755 5410 2882 5468 tota
2909 5411 3190 5496 Ecclesia,
3216 5429 3286 5483 ut
3314 5445 3414 5486 su-

1854 5497 1968 5560 pra
1997 5481 2231 5544 dictum
2268 5495 2399 5560 est;
2450 5506 2597 5569 ergo
2629 5494 2793 5558 idem
2822 5502 2940 5563 erit
2985 5525 3140 5569 cumx
3163 5530 3415 5595 propor-

1853 5573 2025 5637 tione
2045 5576 2114 5639 in
2155 5576 2432 5659 Capitulo
2463 5600 2482 5646 ε
2521 5590 2927 5668 respondetur
2949 5603 3236 5681 negando
3267 5625 3414 5671 con-

2994 5790 3002 5824 f
