3976 6219
432 422 549 485 196

428 530 690 611 populus
708 534 816 591 aut
842 526 1190 606 respublica
1206 525 1379 587 illam
1402 543 1529 584 non
1543 524 1831 597 habebat,
1850 522 1995 583 etin

430 625 546 684 hoc
570 641 776 683 rerum
807 638 1031 699 genere
1059 638 1244 679 nemo
1280 619 1386 679 dat
1414 619 1576 697 quod
1600 636 1728 677 non
1760 615 1947 676 habet
1974 631 1991 674 :

429 715 596 776 unde
620 714 935 792 eleganter
962 714 1219 791 Prosper
1244 711 1354 772 lib.
1388 712 1427 770 2
1451 711 1527 771 de
1564 712 1755 770 Vocat
1792 713 1992 787 gent„

426 827 560 887 cap.
621 809 719 883 16,
763 807 914 866 alias
938 806 1015 865 6:
1075 805 1298 871 Gratia
1350 803 1710 866 Christiana
1742 800 1992 880 (inquit)

426 919 545 962 non
600 904 869 962 contenta
927 905 1013 962 est
1058 898 1277 960 eosdem
1323 896 1550 958 limites
1596 896 1805 957 habere
1852 912 1997 974 quos

427 994 642 1067 Roma,
669 993 997 1071 multosque
1009 991 1259 1070 populos
1277 994 1501 1067 sceptro
1522 987 1738 1052 Crucis
1760 986 1997 1050 Christi

427 1085 718 1159 subdidit,
744 1102 889 1163 quos
911 1083 1104 1144 armis
1134 1082 1265 1144 suis
1302 1082 1440 1160 ipsa
1466 1099 1582 1142 non
1606 1078 1856 1142 domuit.
1884 1077 1994 1138 Cui

427 1182 722 1237 consonat
743 1175 901 1236 illud
927 1174 1145 1236 Leonis
1163 1192 1350 1236 serm.
1383 1177 1413 1233 1
1460 1173 1535 1235 de
1556 1172 1791 1234 Sanctis
1813 1173 1992 1232 Petro

427 1275 490 1330 et
511 1268 733 1330 Paulo:
772 1271 853 1332 Ut
874 1269 1064 1330 latius
1077 1269 1431 1346 proesideres
1450 1267 1738 1344 reliqione
1755 1266 1987 1339 divi-na,

429 1379 606 1440 quam
641 1362 1039 1424 dominatione
1072 1366 1327 1421 terrena.
1380 1358 1815 1433 Confirmatur,
1845 1357 1994 1436 quia

429 1454 676 1533 ipsimet
703 1455 1102 1533 imperatores
1141 1453 1414 1512 fatentur
1451 1470 1578 1514 esse
1619 1451 1858 1530 aliquos
1884 1468 1992 1528 po·

426 1546 605 1625 pulos
646 1547 762 1606 sibi
804 1565 931 1606 non
959 1546 1288 1624 subjectoS,
1324 1546 1367 1605 1.
1402 1547 1789 1618 Mercatores,
1822 1543 1887 1604 C.
1916 1543 1992 1602 de

428 1640 842 1714 CommerciiS,
861 1639 969 1698 ubi
983 1656 1247 1717 regnum
1270 1639 1593 1698 Persarum
1614 1636 1842 1696 dicitur
1864 1654 1993 1695 non

426 1731 613 1792 fuisse
659 1731 1004 1809 subJ'ectum
1036 1731 1328 1791 Romanis
1340 1746 1360 1807 3
1404 1736 1466 1790 et
1508 1729 1574 1789 in
1624 1729 1669 1789 l.
1717 1731 1778 1804 2,
1812 1728 1877 1787 C.
1913 1727 1991 1789 de

427 1824 594 1883 Offie.
629 1823 804 1883 Praef.
856 1822 1144 1883 Praetorio
1188 1821 1431 1898 Africae,
1461 1822 1613 1881 dicit
1631 1822 1987 1900 imperator,

425 1934 639 1995 pacem
681 1934 823 1979 cum
849 1915 1046 1976 Persis
1072 1915 1139 1974 in
1171 1920 1539 1994 perpetuum
1569 1913 1986 1987 confirmasse,

428 2015 489 2069 et
515 2009 583 2068 in
623 2008 668 2068 1.
701 2008 1182 2082 Postliminium,
1211 2007 1276 2066 ff.
1309 2007 1384 2067 de
1407 2007 1695 2086 CaptiviS‚
1728 2006 1799 2066 fit
1818 2023 1992 2065 men-

426 2101 513 2161 tio
556 2119 774 2179 regum
826 2105 889 2160 et
934 2099 1306 2178 populorum
1355 2099 1462 2178 qui
1503 2100 1681 2160 liberi
1728 2104 1907 2160 erant
1951 2116 1993 2158 a

423 2211 686 2254 romano
709 2193 991 2272 imperiO,
1033 2192 1098 2252 id
1127 2198 1239 2267 est,
1270 2192 1337 2251 in
1367 2210 1522 2271 quos
1550 2211 1845 2254 romanus
1873 2193 1992 2252 im-

425 2293 670 2366 perator
696 2305 823 2347 non
852 2285 1120 2346 habebat
1160 2290 1549 2364 potestatem.

507 2382 565 2440 5.
618 2380 930 2443 Secundus
973 2396 1180 2442 sensus
1214 2380 1522 2457 proediotoe
1564 2380 1889 2441 sententiae.
1912 2411 1995 2424 —

423 2474 733 2553 Rejicitur
760 2472 941 2534 etiam
968 2471 1258 2533 secundus
1289 2488 1498 2533 sensus
1533 2471 1840 2549 proediotoe
1865 2489 1995 2533 sen-

426 2564 907 2628 tencioe.—Alter
935 2581 1085 2640 ergo
1112 2581 1323 2623 sensus
1341 2563 1510 2623 illius
1524 2564 1842 2624 sententiae
1863 2581 1994 2624 esse

426 2663 649 2737 potest,
685 2662 756 2717 ut
782 2655 1000 2716 saltem
1026 2661 1167 2733 post
1189 2655 1411 2716 Christi
1432 2656 1770 2717 adventum
1796 2657 1994 2735 impe·

424 2755 596 2810 rator
611 2747 838 2808 habeat
864 2746 1276 2807 universalem
1298 2747 1791 2825 jurisdictionem
1812 2747 1994 2825 legis-

428 2840 686 2901 lativam
718 2840 785 2898 in
815 2844 1014 2898 totum
1051 2836 1268 2913 orben,
1312 2856 1438 2898 non
1460 2839 1603 2917 jure
1645 2839 1992 2917 sanguinis»,

426 2931 600 3007 belli,
629 2937 736 2991 aut
770 2930 891 2991 alio
918 2930 1195 2989 humano
1232 2929 1445 3005 titulo,
1479 2930 1586 2990 sed
1615 2930 1867 3009 speciali
1897 2930 1995 2989 in-

427 3025 745 3085 stitutione
774 3023 1034 3100 Christi3
1067 3028 1128 3082 et
1162 3021 1280 3083 hoc
1318 3023 1506 3083 etiam
1548 3023 1733 3083 sentit
1760 3022 1990 3083 Bartol.

427 3117 495 3179 in
536 3120 861 3195 Extravag.
915 3116 1020 3178 Ad
1054 3116 1495 3195 reprimendum
1513 3163 1533 3192 ‚
1581 3117 1752 3178 verb.
1809 3117 1998 3180 Totus

429 3210 614 3287 orbis,
659 3216 720 3271 et
764 3208 1025 3270 Castald.
1073 3208 1135 3269 d.
1172 3215 1388 3288 quoest.
1422 3211 1523 3286 52,
1565 3229 1630 3271 n.
1686 3211 1762 3270 10
1803 3215 1864 3270 et
1902 3228 1995 3271 se-

429 3310 642 3383 quent.
690 3303 808 3364 Sed
854 3303 917 3364 in
949 3302 1068 3363 hoc
1107 3303 1300 3362 etiam
1328 3321 1512 3364 sensu
1540 3302 1647 3364 illa
1691 3304 1997 3364 sententia

430 3395 763 3477 probabilis
790 3413 917 3455 non
949 3400 1039 3455 est
1051 3410 1072 3471 3
1095 3395 1242 3472 quia
1264 3413 1378 3456 nec
1406 3394 1548 3454 talis
1578 3395 1882 3455 institutio
1905 3401 1997 3456 est

430 3486 790 3550 immediate
839 3504 877 3546 a
921 3485 1163 3546 Christo
1182 3530 1203 3560 ,
1262 3503 1376 3546 nec
1443 3504 1553 3565 per
1610 3487 1991 3548 Pontificem.

433 3582 607 3642 Prior
655 3597 794 3658 pars
846 3583 1014 3656 patet
1075 3578 1314 3638 ratione
1369 3596 1553 3657 supra
1605 3579 1766 3640 facta
1781 3625 1802 3654 ,
1851 3581 1999 3659 quia

434 3674 709 3734 Christus
737 3669 958 3730 nullibi
982 3669 1244 3730 contulit
1276 3670 1633 3732 immediate
1667 3678 1728 3733 et
1770 3691 1884 3752 per
1931 3691 1996 3734 se

432 3763 770 3843 temporale
785 3780 995 3822 rerum
1021 3761 1370 3821 dominium
1388 3768 1496 3823 aut
1509 3763 1996 3841 ,iurisdictionem

435 3855 791 3919 hominibus
817 3872 834 3916 ε
857 3872 1005 3933 ergo
1025 3872 1140 3914 nec
1158 3854 1514 3933 imperatori
1543 3856 1714 3916 illam
1733 3857 1952 3917 tribuit
1975 3877 1991 3916 ε

435 3953 544 4013 ubi
574 3951 741 4012 enim
787 3955 877 4011 est
922 3949 1256 4027 vestigium
1284 3949 1535 4028 aliquod
1584 3950 1722 4011 talis
1753 3952 1999 4012 institu-

436 4045 646 4117 tioniS‚
675 4042 774 4105 vel
821 4042 888 4102 in
945 4042 1279 4120 Scriptura,
1327 4042 1427 4102 vel
1477 4043 1544 4103 in
1579 4043 2002 4105 Ecclesiastica

435 4136 807 4199 traditione?
846 4135 915 4193 In
954 4133 1051 4193 his
1075 4139 1285 4195 autem
1317 4135 1499 4195 rebus
1536 4137 1641 4213 (ut
1677 4136 1836 4213 dixi)
1862 4155 2002 4215 quae

435 4226 932 4307 supernaturales
950 4231 1115 4302 sunt,
1140 4225 1297 4286 nihil
1323 4226 1699 4289 credendum
1729 4234 1821 4289 est
1835 4228 2002 4308 quod

440 4321 735 4382 divinitus
759 4319 1102 4380 revelatum
1140 4337 1268 4379 non
1296 4319 1375 4378 sit
1401 4325 1462 4379 et
1490 4320 1863 4381 sufficienter
1889 4339 2002 4381 no·

438 4414 534 4476 bis
579 4413 959 4494 propositum
1011 4428 1027 4471 ε
1074 4412 1240 4472 unde
1292 4413 1693 4473 manifestum
1748 4420 1839 4474 est
1865 4421 2005 4492 post

439 4508 662 4571 Christi
698 4506 1125 4566 ascensionem
1165 4508 1228 4565 et
1277 4505 1597 4583 Evangelii
1621 4505 2006 4584 praedicatio-

437 4618 584 4661 nem
611 4617 738 4659 non
761 4597 965 4658 statim
985 4595 1273 4656 defecisse
1287 4596 1524 4675 reliqua
1541 4603 1787 4659 terrena
1810 4615 2005 4676 regna

436 4694 537 4756 vel
563 4692 823 4772 imperia
875 4708 891 4751 :
942 4707 1144 4768 neque
1191 4689 1625 4768 imperatorem
1672 4709 2003 4752 romanum

439 4787 691 4865 coepisse
719 4783 902 4842 latius
948 4781 1259 4841 dominari
1287 4801 1474 4861 quam
1502 4789 1684 4845 antea
1738 4784 2003 4863 impera-

437 4884 534 4940 rat
577 4899 591 4937 ε
634 4892 834 4954 neque
883 4891 1097 4951 regem
1138 4875 1462 4934 Persarum
1481 4921 1501 4950 ‚
1551 4876 1723 4937 verbi
1769 4878 2000 4955 gratia,

438 4970 537 5033 vel
557 4987 735 5046 reges
750 4967 1065 5042 Indorum,
1085 4972 1195 5027 aut
1210 4968 1244 5026 J
1247 4968 1634 5046 aponiorum,
1653 4968 1748 5029 vel
1764 4970 1997 5046 Chinae,

437 5062 536 5125 vel
588 5062 740 5122 alios
788 5058 1017 5120 similes
1049 5077 1226 5120 suam
1255 5078 1611 5139 supremam
1638 5066 2002 5140 potestatem

438 5153 842 5234 temporalem
896 5153 1193 5215 amisisse.
1254 5153 1463 5214 Altera
1520 5172 1666 5214 vero
1724 5172 1866 5233 pars
1924 5155 2003 5216 de

437 5246 825 5309 institutione
862 5245 1131 5306 mediata
1159 5252 1221 5307 et
1241 5264 1352 5325 per
1387 5247 1742 5308 Pontificem
1774 5247 1998 5326 proba-

436 5347 541 5402 tur
561 5358 638 5400 ex
661 5338 871 5411 dictis;
902 5338 1049 5417 quia
1074 5345 1388 5400 ostensum
1421 5346 1511 5400 est
1533 5340 1844 5402 Christum
1869 5359 1998 5402 non

437 5432 671 5492 dedisse
696 5427 978 5490 Pontifici
1010 5435 1375 5507 potestatem
1409 5433 1703 5493 directam
1735 5433 1802 5494 in
1832 5439 1997 5494 tem·

436 5523 748 5603 poralibus
779 5537 795 5584 ε
826 5538 975 5601 ergo
996 5540 1110 5584 nec
1134 5524 1416 5586 Pontifex
1448 5525 1578 5604 ipse
1605 5524 1806 5604 potuit
1824 5524 1997 5586 illam

1436 424 1551 475 Lm.
1589 425 1673 475 111.
1710 423 1790 474 DE
1823 419 1982 472 LEGE
2016 417 2274 471 HUMANA
2307 421 2388 472 ΕΤ
2420 419 2625 473 clvlLl.

2074 542 2184 603 per
2209 542 2271 585 se
2292 524 2595 599 conferre,
2619 520 2766 601 quia
2791 535 2918 580 non
2936 521 3136 597 potest
3152 513 3331 577 alteri
3347 512 3640 594 jurisdic-

2075 617 2310 678 tionem
2338 615 2792 677 communicare
2824 629 3012 691 quam
3037 629 3076 671 a
3102 608 3337 670 Christo
3376 627 3503 668 non
3540 626 3638 669 re-

2075 710 2241 789 cipit.
2274 712 2546 771 Potestas
2581 712 2789 769 autem
2816 704 3118 765 indirecta
3138 719 3325 782 quam
3356 701 3638 762 Pontifex

2076 802 2264 863 habet
2312 802 2473 863 circa
2516 797 2878 879 temporalia
2905 797 3121 857 eadem
3150 800 3243 855 est
3267 811 3410 854 cum
3451 793 3639 872 spiri-

2075 896 2252 971 tuali,
2276 902 2346 956 ut
2375 895 2756 956 ostendimus
2789 912 2803 950 ε
2837 890 2942 951 sed
2991 887 3274 949 Pontifex
3313 905 3440 947 non
3470 905 3637 947 com-

2076 990 2354 1050 municat
2399 985 2756 1068 imperatori
2810 982 3194 1062 spiritualem
3248 986 3635 1062 potestatem,

2076 1087 2146 1142 ut
2174 1086 2449 1142 constat:
2482 1098 2629 1159 ergo
2659 1096 2773 1140 nec
2809 1074 3207 1155 temporalem
3233 1072 3633 1150 indirectam;

2073 1180 2135 1234 et
2162 1175 2442 1253 quamvis
2467 1173 2641 1233 illam
2667 1168 3175 1243 communicaret,
3203 1184 3331 1227 non
3352 1172 3512 1226 esset
3527 1185 3636 1246 po-

2072 1272 2259 1328 testas
2288 1266 2631 1345 legislativa
2662 1263 2892 1325 directe
2936 1262 3004 1321 in
3050 1260 3310 1322 materia
3338 1257 3529 1334 civili,
3561 1258 3637 1319 de

2075 1379 2200 1439 qua
2225 1364 2523 1439 potestate
2556 1375 2722 1417 nunc
2747 1361 3103 1416 tractamus.

2155 1456 2213 1514 6.
2261 1453 2524 1518 Nullum
2565 1469 2750 1513 unum
2782 1450 3073 1510 hominem
3118 1445 3330 1508 habero
3367 1450 3632 1525 potesta-

2074 1552 2188 1609 tem
2216 1544 2613 1607 universalem
2637 1544 2720 1605 ad
2749 1541 3032 1620 ferendas
3056 1539 3213 1618 leyes
3244 1538 3449 1600 civiles
3483 1538 3636 1598 obli-

2073 1643 2284 1718 gantes
2312 1638 2656 1699 universum
2694 1635 2906 1697 orbem.
2932 1668 3010 1676 —
3035 1633 3127 1693 Sit
3155 1649 3304 1709 ergo
3332 1629 3636 1710 imprimis

2072 1736 2308 1792 certum
2359 1747 2560 1808 neque
2601 1728 3038 1807 imperatorem
3075 1741 3406 1785 romanum
3436 1740 3636 1801 neque

2071 1823 2340 1903 aliquem
2388 1838 2586 1881 unum
2632 1819 2950 1880 hominem
2996 1817 3098 1878 vel
3150 1834 3364 1895 regem
3411 1815 3637 1878 habere

2070 1920 2435 1996 potestatem
2468 1911 2878 1974 universalem
2908 1910 2988 1971 ad
3014 1909 3298 1970 ferendas
3342 1908 3508 1986 leges
3553 1909 3638 1969 ci-

2071 2008 2224 2070 viles
2263 2007 2608 2085 obligantes
2658 2005 3018 2065 universum
3064 2002 3302 2062 orbem.
3350 2001 3637 2061 Rationes

2072 2102 2241 2163 euim
2267 2101 2440 2161 factae
2486 2101 2565 2161 de
2595 2100 2967 2178 imperatore
3016 2112 3298 2169 romano,
3356 2093 3432 2155 de
3479 2113 3634 2173 quo-

2073 2212 2341 2273 cumque
2384 2193 2506 2254 alio
2561 2210 2707 2270 rege
2743 2190 2841 2252 vel
2878 2189 3157 2270 principe
3192 2187 3468 2248 humano
3496 2204 3636 2265 pro-

2073 2287 2303 2348 cedunt
2341 2285 2562 2365 majori
2591 2284 2855 2345 efficacia
2901 2299 2916 2341 :
2962 2299 3162 2360 neque
3218 2279 3381 2340 ullus
3428 2285 3640 2339 auctor

2075 2385 2167 2441 est
2192 2380 2299 2460 qui
2344 2379 2420 2440 de
2451 2378 2573 2438 alio
2615 2376 2895 2456 principe
2926 2380 3100 2435 extra
3146 2389 3474 2433 romanum
3521 2372 3638 2432 im-

2074 2478 2423 2553 peratorem
2440 2470 2504 2531 id
2520 2469 2904 2548 cogitaverit,
2932 2467 3079 2547 quia
3106 2465 3182 2526 de
3210 2465 3446 2525 caeteris
3469 2464 3641 2525 nulla

2076 2583 2206 2625 esse
2239 2563 2440 2642 potuit
2482 2561 2848 2640 suspicionis
2899 2559 3122 2619 umbra
3164 2579 3178 2618 ε
3213 2576 3327 2619 nec
3355 2574 3503 2618 vero
3529 2574 3640 2636 pro

2074 2656 2444 2736 imperatore
2467 2672 2726 2715 romano
2756 2653 3090 2733 quidquam
3111 2651 3366 2725 faciunt,
3393 2667 3530 2729 quae
3564 2668 3638 2710 ex

2046 2749 2410 2829 Evangelio
2435 2749 2782 2810 afferuntur
2807 2762 2823 2807 ε
2851 2764 2998 2806 nam
3019 2744 3325 2824 imprimis
3348 2744 3414 2803 in
3439 2741 3639 2803 verbis

2074 2845 2252 2903 Lucae
2285 2844 2324 2902 2
2356 2841 2464 2903 illa
2494 2839 2791 2920 particula
2820 2839 3138 2901 universus
3181 2837 3342 2898 orbis
3387 2854 3515 2896 non
3560 2835 3638 2895 si-

2077 2933 2332 3014 gnificat
2358 2934 2716 2995 universum
2735 2938 2913 2994 terrae
2945 2929 3274 3004 ambitum,
3296 2934 3405 2989 aut
3426 2945 3639 2988 omnes

2077 3028 2384 3103 homines,
2421 3032 2529 3088 aut
2572 3044 2766 3104 regna
2810 3043 2948 3104 quae
2984 3024 3050 3085 in
3084 3021 3192 3082 illo
3219 3023 3635 3095 continentur,

2077 3123 2224 3202 quia
2254 3128 2492 3184 constat
2534 3140 2649 3182 nec
2698 3126 2897 3182 totum
2941 3118 3152 3179 orbem
3206 3117 3273 3177 in
3304 3117 3422 3176 hoc
3457 3134 3636 3176 sensu

2076 3216 2263 3276 fuisse
2280 3214 2676 3293 descriptum,
2693 3231 2809 3274 nec
2831 3212 3102 3273 edictum
3116 3209 3367 3272 Caesaris
3386 3209 3639 3269 missum

2077 3308 2262 3368 fuisse
2283 3307 2362 3367 ad
2395 3307 2575 3367 Indos
2601 3305 2700 3368 vel
2723 3305 2874 3366 alias
2901 3309 3117 3384 gentes
3146 3303 3210 3363 in
3238 3302 3461 3381 quibus
3487 3318 3641 3380 prae-

2076 3399 2266 3460 fectos
2302 3405 2363 3459 et
2398 3399 2684 3478 praesides
2721 3398 3030 3476 Augustus
3070 3414 3194 3456 non
3227 3393 3515 3454 habebat.
3549 3393 3641 3453 Si-

2077 3492 2408 3571 gnificatur
2433 3509 2580 3569 ergo
2609 3490 2696 3552 ibi
2731 3491 2983 3552 nomine
3005 3490 3189 3550 totius
3209 3488 3375 3548 orbis
3401 3488 3489 3567 (ut
3511 3504 3643 3546 om-

2077 3603 2187 3645 nes
2227 3586 2593 3663 exponunt),
2646 3601 2756 3663 per
2798 3581 3250 3663 synecdochem
3273 3626 3293 3656 ‚
3341 3598 3484 3659 pars
3535 3578 3643 3639 illa

2078 3676 2245 3738 orbis
2273 3678 2603 3756 praecipua,
2643 3682 2705 3737 et
2754 3676 3097 3750 notissima,
3123 3679 3186 3736 et
3217 3673 3513 3747 maxima,
3544 3671 3644 3732 cui

2079 3769 2480 3847 imperatores
2506 3769 2749 3829 romani
2776 3769 3281 3843 dominabantur,
3313 3772 3373 3826 et
3396 3783 3507 3844 per
3532 3783 3643 3824 an-

2080 3859 2488 3921 tonomasiam
2514 3860 2680 3921 orbis
2708 3860 3072 3940 appellatur.
3099 3858 3214 3921 Vel
3260 3863 3331 3919 ut
3379 3858 3469 3918 ait
3501 3857 3644 3917 Hie-

2081 3971 2327 4033 ronym.
2358 3954 2495 4014 lsai.
2520 3955 2598 4013 13
2622 3969 2637 4012 ε
2665 3954 2906 4015 Idioma
2921 3958 3006 4015 est
3029 3957 3252 4015 sanctoe
3274 3950 3641 4028 Scriptum,

2081 4052 2151 4108 ut
2180 4065 2402 4109 omnem
2432 4052 2656 4109 terram
2707 4046 2822 4107 illa
2866 4046 3171 4125 siqnifioet
3209 4043 3527 4123 provincia
3577 4043 3644 4103 de

2082 4156 2201 4218 qua
2228 4157 2418 4201 sermo
2466 4144 2574 4201 est.
2619 4137 2914 4218 Exempla
2957 4142 3102 4197 sunt
3149 4135 3495 4215 frequentia
3527 4135 3641 4193 Da-

2083 4230 2231 4291 niel.
2277 4232 2352 4306 2,
2389 4233 2430 4290 4
2463 4236 2525 4291 et
2562 4231 2601 4291 5
2650 4235 2711 4290 et
2747 4249 2909 4310 saepe
2949 4229 3124 4291 alias.
3177 4228 3379 4289 Verba
3432 4232 3641 4288 autem

2085 4323 2307 4384 Christi
2334 4341 2412 4384 ex
2437 4322 2560 4383 alio
2579 4321 2711 4382 loeo
2731 4324 2919 4383 citata
2945 4323 3024 4383 ad
3047 4340 3361 4383 summum
3384 4319 3647 4400 probant

2083 4413 2335 4493 regibus
2361 4414 2656 4475 solvenda
2683 4433 2813 4476 esse
2841 4414 3074 4475 tributa
3100 4414 3329 4490 debita,
3346 4431 3472 4473 non
3501 4430 3646 4473 vero

2084 4508 2350 4586 probant
2397 4508 2508 4566 uni
2541 4507 2757 4568 Caesari
2793 4508 3073 4569 debuisse
3109 4525 3326 4569 omues
3363 4506 3647 4566 homines

2083 4601 2273 4660 totius
2322 4600 2539 4659 mundi
2579 4601 2906 4676 tributum,
2941 4602 3046 4662 sed
3094 4619 3199 4663 eos
3244 4605 3489 4662 tantum
3539 4599 3648 4677 qui

2085 4691 2172 4752 illi
2222 4692 2482 4770 subiecti
2524 4699 2724 4754 erant.
2768 4692 2942 4753 Addo
2986 4712 3184 4773 neque
3233 4693 3323 4753 ibi
3370 4690 3646 4752 docuisse

2087 4784 2397 4845 Christum
2432 4786 2765 4866 imperium
2794 4786 3043 4846 Caesaris
3085 4787 3151 4845 in
3188 4786 3432 4847 Judoeos
3461 4784 3647 4844 fuisse

2086 4875 2437 4955 legitimum
2481 4884 2541 4938 et
2575 4879 2813 4956 justum
2861 4895 2876 4938 ε
2909 4897 3055 4938 nam
3086 4880 3165 4938 ab
3199 4897 3272 4939 ea
3311 4876 3648 4957 quaestione

2081 4970 2405 5042 abstinuit,
2430 4970 2896 5050 generatimque
2925 4972 3239 5050 respondit
3261 4970 3648 5032 reddendum

2082 5082 2214 5124 esse
2256 5064 2474 5124 Caesari
2518 5064 2684 5143 quod
2712 5064 2767 5125 ei
2796 5063 3157 5140 debebatur,
3183 5065 3246 5125 id
3276 5070 3392 5139 est,
3422 5063 3473 5123 si
3499 5061 3648 5141 quid

2082 5157 2143 5217 ei
2171 5155 2452 5233 debetur,
2477 5157 2575 5218 vel
2597 5157 2760 5237 quod
2782 5157 2840 5217 ei
2861 5157 3117 5218 debetur
3137 5158 3281 5236 jure
3308 5162 3416 5218 aut
3443 5156 3600 5215 facto
3628 5172 3644 5215 z

2083 5266 2232 5308 nam
2265 5247 2353 5329 (ut
2380 5248 2538 5310 bene
2567 5250 2654 5309 ait
2683 5251 2829 5311 Soto
2858 5250 2991 5310 loco
3020 5251 3228 5329 citato)
3251 5249 3526 5310 Christus
3555 5265 3650 5307 so-

2079 5340 2212 5400 lum
2228 5341 2331 5420 jus
2360 5348 2621 5419 naturae,
2654 5361 2778 5403 non
2797 5342 3104 5421 peculiare
3120 5342 3221 5420 jus
3246 5358 3649 5403 romanorum

2079 5434 2528 5514 imperatorum
2575 5435 2910 5496 declaravit
2927 5457 2943 5510 ;
2977 5442 3039 5497 et
3064 5436 3205 5496 ideo
3236 5435 3379 5496 licet
3407 5453 3484 5496 ex
3524 5433 3648 5493 illis

2078 5526 2286 5610 verbis
2330 5532 2497 5590 reete
2551 5528 2876 5610 colligatur
2922 5528 3222 5609 legitimis
3271 5526 3650 5608 principibus
