3976 6219
705 431 839 482 CAP.
875 432 936 483 11.
973 431 1120 492 Qun)
1152 430 1257 482 ms
1292 429 1652 491 SIGNINICET,
1689 429 1768 480 ET
1801 429 2092 492 QUOMODO
2125 434 2208 485 An
2241 434 2446 487 LEGEM
2480 433 2904 486 COHPARETUR.
3380 427 3418 486 5

310 530 370 587 5.
421 528 683 606 Propria
724 531 986 591 nominis
1026 531 1151 592 «Ius
1196 531 1536 607 appellatio,
1581 563 1663 574 —
1706 530 1782 587 Et

227 622 401 699 juxta
441 623 839 699 posteriorem
882 629 943 682 et
980 624 1251 682 strictam
1282 622 1437 701 juris
1473 622 1779 699 significa·

230 713 461 772 tionem
502 714 652 773 solet
697 716 938 793 proprie
966 716 1064 792 jus
1092 716 1296 774 vocari
1324 716 1580 773 facultas
1619 732 1782 791 (11105-

231 804 372 864 (1010
409 806 679 880 10010115,
729 825 918 884 (10010
965 808 1385 884 unusquisque
1427 806 1634 879 habet,
1682 806 1781 864 vel

231 897 390 956 circa
410 915 542 956 rem
585 916 783 973 suam,
814 898 911 958 vel
949 900 1026 959 ad
1052 917 1187 958 rem
1209 898 1324 957 sibi
1356 898 1623 957 debitam
1646 914 1666 972 ;
1698 897 1782 955 sic

233 990 396 1049 enim
422 990 707 1049 dominus
735 991 826 1050 rei
858 991 1083 1050 dicitur
1110 991 1337 1051 habere
1363 991 1467 1068 jus
1496 990 1560 1048 in
1585 1008 1675 1063 re,
1722 994 1783 1048 et

230 1083 543 1160 operarius
577 1083 802 1141 dicitur
848 1082 1073 1143 11011010
1108 1083 1212 1160 jus
1257 1083 1334 1142 ad
1380 1081 1777 1160 stipendium,

230 1176 466 1234 ratione
497 1177 671 1253 cujus
699 1176 923 1235 dicitur
960 1175 1184 1253 dignus
1221 1176 1499 1237 mercede
1527 1193 1658 1234 sua.
1708 1175 1784 1233 Et

230 1267 357 1327 baec
386 1268 755 1345 significatio
780 1268 946 1328 vocis
982 1268 1168 1346 hujus
1209 1269 1497 1346 frequens
1525 1274 1615 1326 est
1655 1285 1782 1325 non

230 1358 429 1419 solum
454 1362 703 1437 injure,
730 1361 834 1419 sed
863 1361 1051 1420 etiam
1079 1362 1144 1419 in
1168 1360 1516 1438 Scriptura:
1541 1377 1685 1418 nam
1714 1359 1783 1418 in

222 1452 364 1529 jure
390 1452 508 1511 hoc
545 1453 726 1511 modo
760 1453 1224 1530 distinguuntur
1242 1453 1346 1529 jus
1374 1452 1441 1511 in
1464 1471 1552 1525 re,
1576 1452 1676 1512 vel
1702 1451 1781 1510 ad

230 1563 361 1604 rem
388 1561 404 1603 :
453 1545 602 1603 item
627 1546 767 1623 jura
794 1546 1180 1619 servitutum,
1226 1564 1331 1605 seu
1350 1545 1495 1622 jura
1524 1545 1780 1623 11101010-

229 1657 372 1699 rum
401 1639 787 1713 rusticorum,
813 1640 912 1699 vel
934 1640 1336 1714 urbanorum,
1373 1641 1515 1717 jura
1540 1639 1776 1712 utendi,

227 1731 326 1791 vel
350 1731 617 1804 fruendi,
643 1737 704 1790 et
730 1732 972 1803 similia,
1002 1750 1139 1809 quae
1164 1732 1287 1791 late
1316 1732 1510 1792 videri
1529 1736 1783 1810 possunt

233 1823 398 1899 apud
428 1824 828 1896 Brissonium,
845 1823 955 1882 lib.
980 1826 1018 1883 9
1048 1824 1123 1882 de
1141 1825 1323 1884 Verb.
1344 1825 1580 1901 signis„
1603 1824 1777 1883 verb.

232 1915 285 1976 J
287 1933 379 1975 us.
416 1916 484 1972 In
514 1915 824 1992 Scriptura
847 1933 990 1974 vero
1016 1914 1303 1992 legimuS,
1341 1915 1563 1975 dixisse
1596 1916 1786 1974 Abra-

231 2005 376 2063 ham
407 2006 487 2063 ad
518 2004 676 2064 filios
705 2006 888 2080 Heth,
920 2007 1138 2066 Geues,
1170 2008 1287 2065 23:
1326 2008 1479 2067 Date
1508 2008 1657 2065 mihi
1676 2008 1790 2083 jus

230 2097 548 2173 sepulchri,
565 2096 628 2155 id
649 2103 762 2170 est,
779 2098 1132 2159 facultatem
1152 2097 1507 2177 sepeliendi,
1526 2103 1660 2156 etc.
1686 2099 1786 2171 31,

232 2189 305 2248 (10
328 2187 516 2247 Jacob
519 2142 809 2292 ,quando
832 2189 1106 2249 discessit
1127 2208 1164 2249 a
1190 2208 1422 2264 socero,
1450 2190 1672 2248 dicitur
1697 2197 1791 2248 tu-

231 2280 369 2340 lisse
403 2298 610 2338 secum
643 2281 854 2340 omnia
886 2300 1016 2359 quoe
1038 2283 1215 2359 juris
1242 2283 1342 2342 eui
1388 2287 1582 2355 erant,
1622 2287 1683 2339 et
1709 2281 1790 2339 si-

232 2374 405 2434 milia
448 2375 580 2433 loca
614 2380 759 2433 sunt
800 2370 1164 2451 frequentia.
1211 2374 1410 2451 Atque
1443 2374 1559 2432 1100
1605 2374 1787 2433 010ᾶο

230 2468 390 2527 sumi
412 2467 705 2526 videtur
681 2485 785 2542 Jus
817 2466 882 2525 in
909 2466 1017 2526 lib.
1046 2467 1099 2526 J
1100 2467 1341 2539 ustztta,
1376 2465 1440 2524 ff.
1476 2466 1550 2524 de
1574 2466 1780 2525 Justit.

234 2566 295 2619 01
313 2561 465 2638 jur„
491 2577 631 2618 cum
656 2558 880 2618 dicitur
895 2558 1138 2636 justitia
1160 2576 1289 2617 esse
1310 2558 1503 2617 virtus
1526 2576 1662 2635 quae
1679 2558 1784 2633 jus

235 2671 415 2713 suum
461 2652 794 2730 unicuique
837 2652 1077 2724 tribuit,
1122 2649 1183 2709 id
1232 2656 1343 2724 est,
1393 2649 1456 2708 id
1507 2650 1785 2709 tribuens

234 2747 563 2823 unicuique
610 2745 774 2822 quod
822 2745 896 2803 ad
937 2744 1110 2803 illum
1159 2749 1430 2821 spectat;
1484 2742 1592 2802 illa
1642 2761 1790 2819 ergo

237 2841 420 2912 acti0,
454 2857 561 2899 seu
582 2838 832 2898 moralis
859 2838 1140 2912 facultas,
1163 2855 1349 2915 quam
1371 2837 1789 2915 unusquisque

235 2933 425 2993 habet
458 2933 533 2992 ad
565 2951 696 2993 rem
741 2950 939 3005 suam,
981 2932 1079 2991 vel
1107 2931 1185 2991 ad
1222 2949 1353 2990 rem
1383 2931 1461 2991 ad
1490 2949 1553 2990 se
1582 2931 1789 3008 aliquo

236 3026 419 3085 modo
461 3025 897 3103 pertinentem,
942 3028 1195 3083 vocatur
1217 3024 1341 3099 juS,
1374 3029 1434 3081 et
1467 3022 1621 3081 illud
1650 3040 1789 3099 pro-

234 3120 369 3199 prie
384 3120 628 3178 videtur
651 3136 779 3178 esse
804 3117 1114 3194 objectum
1130 3117 1406 3194 justitiae.
1427 3116 1584 3174 Hinc
1605 3116 1791 3174 etiam

236 3213 389 3272 solet
411 3213 515 3289 jus
543 3230 654 3290 pro
683 3210 1128 3270 necessitudine
1149 3209 1362 3287 accipi,
1385 3213 1453 3266 ut
1477 3207 1701 3265 dicitur
1727 3208 1794 3266 in

236 3305 280 3365 l.
314 3306 453 3378 ult.‚
474 3304 538 3364 ff.
567 3304 641 3364 de
669 3303 874 3363 Justit.
908 3308 967 3361 et
990 3304 1152 3381 jur.;
1178 3301 1420 3360 videtur
1448 3301 1615 3359 enim
1644 3306 1792 3359 tunc

238 3418 355 3458 vox
397 3399 504 3458 illa
542 3396 889 3475 significare
922 3396 1244 3473 specialem
1278 3393 1611 3471 quamdam
1638 3392 1792 3451 obli-

241 3493 575 3569 gationem,
602 3495 709 3549 aut
747 3488 1110 3548 relationem
1140 3505 1275 3564 quae
1307 3505 1380 3546 ex
1419 3486 1549 3563 ipsa
1589 3502 1796 3544 neces-

239 3584 509 3643 situdine
558 3581 851 3640 nascitur.
906 3580 1104 3658 Atque
1159 3580 1274 3638 hoc
1333 3578 1515 3637 modo
1567 3576 1795 3636 dicitur

238 3695 401 3736 unus
420 3674 739 3736 succedere
751 3674 891 3751 jure
920 3671 1258 3749 sanguiniS,
1274 3669 1430 3729 alius
1445 3670 1586 3747 jure
1610 3669 1795 3746 adop-

241 3770 453 3843 110015,
491 3768 647 3828 01105
673 3784 821 3826 1010
853 3766 984 3842 jure
1024 3763 1445 3837 institutioniS,
1478 3781 1586 3822 seu
1615 3768 1799 3821 10510-

241 3863 459 3920 menti.
496 3860 593 3920 Sic
622 3862 808 3919 etiam
839 3858 1063 3917 dicitur
1101 3856 1166 3916 in
1206 3855 1250 3915 l.
1290 3857 1441 3930 Jus,
1477 3857 1578 3929 34,
1608 3855 1674 3914 ff.
1721 3855 1797 3915 de

241 3954 463 4027 PactiS,
490 3953 542 4014 J
543 3971 616 4012 us
643 3951 1011 4028 coquatiom's
1037 3968 1152 4010 nou
1169 3966 1339 4025 posse
1371 3949 1683 4026 repudiari
1693 3994 1704 4014 .
1737 3953 1798 4007 et

233 4048 339 4124 jus
365 4043 747 4121 cognationis
775 4042 1013 4101 restitui
1039 4041 1191 4116 filio,
1226 4041 1451 4099 dicitur
1478 4041 1545 4099 in
1577 4039 1619 4099 1.
1653 4039 1796 4112 1111.,

242 4139 308 4199 ff.
341 4138 417 4197 de
444 4138 744 4208 Sentent„
765 4136 1008 4214 passim.
1030 4134 1201 4194 Unde
1231 4133 1540 4210 colligitur
1565 4149 1692 4189 non
1720 4131 1797 4188 si-

241 4230 535 4310 gnificare
555 4230 751 4308 ipsam
771 4227 1224 4304 cognationem,
1248 4224 1354 4282 sed
1378 4222 1677 4282 moralem
1702 4239 1800 4279 ac-

242 4324 500 4397 tionem,
518 4340 623 4381 seu
649 4319 999 4380 facultatem
1025 4335 1161 4396 quae
1189 4335 1267 4376 ex
1293 4315 1399 4375 illa
1427 4315 1720 4387 nascitur,
1739 4317 1801 4371 et

243 4416 331 4475 sic
358 4416 434 4475 de
462 4415 616 4474 aliis.

325 4511 386 4568 6.
430 4507 583 4568 Atia
618 4506 989 4585 siqnifieatio
1031 4504 1293 4563 nominis
1331 4504 1477 4563 Jus.
1510 4532 1591 4545 —
1615 4500 1803 4559 Juxta

243 4601 432 4661 aliam
466 4617 615 4659 vero
657 4597 1122 4676 etymologiam,
1158 4612 1280 4671 qua
1303 4594 1406 4670 jus
1451 4611 1488 4651 a
1530 4591 1802 4669 jubendo

245 4693 496 4764 dicitur,
529 4691 771 4770 proprie
797 4690 1041 4749 videtur
1062 4688 1166 4765 jus
1193 4685 1394 4761 legem
1419 4683 1800 4759 significare:

245 4803 395 4844 nam
424 4785 526 4843 lex
551 4785 615 4842 in
640 4784 913 4860 jussione
940 4799 1046 4839 seu
1075 4778 1336 4856 imperio
1364 4777 1560 4854 posita
1592 4781 1702 4835 est.
1731 4776 1807 4834 Et

247 4878 364 4937 hoc
421 4876 603 4935 modo
664 4877 918 4934 sumunt
971 4873 1324 4950 frequenter
1375 4869 1538 4928 hanc
1593 4885 1805 4926 vocem

242 4967 677 5047 jureconsulti,
713 4972 784 5025 ut
829 4965 1076 5044 quando
1121 4964 1357 5035 dicunt,
1404 4961 1520 5019 hoc
1561 4959 1660 5018 vel
1701 4959 1805 5017 illo

241 5065 388 5141 jure
421 5063 677 5134 utimur,
710 5060 809 5119 vel
834 5060 950 5118 hoc
984 5064 1074 5118 est
1107 5057 1251 5117 certi
1285 5061 1345 5116 01
1374 5053 1673 5133 explorati
1705 5053 1807 5129 ju-

247 5156 359 5227 ris,
392 5160 454 5213 et
497 5152 743 5212 similia.
786 5153 937 5211 Item
977 5151 1220 5209 videtur
1264 5148 1380 5206 hoc
1421 5146 1600 5205 modo
1646 5144 1807 5204 sumi

245 5247 486 5325 quoties
523 5265 560 5304 a
586 5244 747 5303 facto
779 5243 1207 5319 distinguitur,
1235 5246 1306 5299 01
1332 5257 1475 5299 cum
1512 5237 1807 5297 dividitur

245 5337 603 5415 ignorantia
624 5336 783 5412 juris
809 5335 887 5394 ab
916 5334 1264 5412 ignorantia
1291 5332 1458 5406 facti,
1484 5340 1553 5388 ut
1581 5329 1805 5388 051110-

247 5448 448 5508 (10005
476 5429 542 5487 10
564 5429 732 5505 jure,
758 5432 819 5487 et
845 5426 1235 5486 doctoribus:
1259 5430 1471 5501 estque
1498 5421 1714 5480 titulus
1734 5420 1810 5479 de

243 5522 412 5600 juris
441 5527 502 5581 et
518 5521 663 5580 facti
690 5519 1063 5598 ignorantia.
1086 5521 1161 5577 Et
1180 5519 1322 5576 hinc
1349 5515 1537 5575 etiam
1564 5513 1626 5572 id
1649 5511 1812 5591 quod

1863 536 1954 589 est
1995 537 2473 591 consentaneum
2521 534 2767 606 rationi,
2807 534 2946 610 jure
2980 531 3115 592 fieri
3162 531 3414 607 dicitur,

1861 629 2158 701 tanquam
2188 626 2311 701 legi
2341 626 2673 685 conforme.
2705 628 2802 686 Sic
2830 627 3015 685 etiam
3043 626 3285 684 videtur
3313 626 3413 685 de·

1862 717 2066 778 finisse
2095 720 2190 794 jus
2222 720 2541 792 Salustius,
2568 721 2633 778 in
2660 720 3032 793 CatilinariO,
3061 737 3198 777 cum
3222 719 3412 780 dixit:

1859 810 1910 869 J
1913 828 1985 869 us
2034 816 2120 871 est
2173 813 2374 873 civilis
2425 813 2699 888 (equitas,
2745 812 2833 871 vel
2888 811 3133 887 scriptis
3188 810 3418 887 leqioue

1862 903 2120 975 sancitu,
2172 906 2261 964 eet
2309 904 2632 977 institutis,
2687 909 2793 964 aut
2847 904 3110 962 moribus
3160 906 3411 978 recepta.

1862 994 2006 1065 Quae
2043 995 2367 1074 descriptio
2394 995 2697 1073 imprimis
2724 995 2800 1055 de
2830 995 2972 1053 solis
3008 993 3244 1070 legibus
3271 993 3418 1053 civi-

1862 1086 2023 1146 libus
2054 1088 2197 1148 data
2226 1090 2506 1148 videtur:
2537 1090 2586 1147 si
2612 1095 2819 1148 tamen
2851 1087 3146 1165 particula
3188 1086 3293 1145 illa
3326 1088 3413 1147 ei-

1862 1180 2010 1240 vilis
2037 1180 2336 1253 dematur,
2371 1181 2558 1240 etiam
2579 1180 2820 1257 legibus
2850 1179 3157 1239 canonicis
3181 1183 3241 1237 et
3263 1176 3418 1236 divi-

1864 1272 1959 1330 nis
1986 1273 2258 1349 positivis
2281 1273 2450 1332 facile
2473 1274 2696 1350 poterit
2720 1272 3018 1351 adaptari.
3043 1270 3190 1347 Legi
3208 1276 3416 1330 autem

1862 1364 2130 1424 naturali
2164 1383 2291 1424 000
2326 1367 2568 1425 videtur
2607 1368 2955 1437 convenire,
3002 1364 3120 1422 nisi
3156 1381 3293 1423 eam
3323 1362 3416 1420 di-

1863 1474 2074 1517 camus
2116 1476 2244 1517 esse
2281 1460 2570 1536 scriptam
2600 1458 2666 1517 in
2713 1457 3022 1516 mentibus
3050 1455 3415 1515 hominum:

1861 1567 2008 1614 nam
2052 1551 2158 1627 jus
2205 1552 2389 1610 etiam
2433 1552 2508 1611 de
2552 1551 2689 1628 lege
2736 1550 3003 1609 naturali
3051 1548 3298 1621 dicitur,
3346 1550 3418 1605 ut

1861 1649 2099 1702 constat
2130 1662 2205 1702 ex
2228 1644 2409 1703 titulo
2438 1644 2512 1703 de
2535 1644 2674 1721 jure
2703 1642 2995 1716 naturali,
3025 1640 3328 1719 gentium,
3355 1642 3419 1698 01

1830 1771 1835 1777 ι
1863 1735 2051 1808 011111,
2082 1735 2156 1795 (10
2184 1751 2306 1814 qua
2347 1736 2644 1797 divisione
2671 1736 2836 1796 infra
2862 1735 3156 1794 (11000105.
3190 1730 3418 1791 Deinde

1865 1825 1970 1885 illa
1992 1826 2317 1905 descriptio
2345 1829 2541 1906 magis
2564 1829 2803 1888 videtur
2831 1828 2973 1887 data
3002 1845 3110 1905 per
3132 1825 3417 1884 effectum

1864 1917 2040 1992 legis,
2072 1937 2259 1996 quam
2293 1939 2401 1997 per
2426 1921 2737 1999 propriam
2775 1921 2907 1997 ejus
2934 1920 3259 1978 rationem.
3305 1914 3419 1975 Vel

1869 2016 2030 2069 certe
2085 2012 2328 2070 videtur
2383 2014 2580 2088 magis
2638 2030 2763 2071 esse
2818 2011 3141 2089 descriptio
3193 2006 3417 2084 objecti

1870 2100 2183 2159 constituti
2212 2120 2318 2179 per
2347 2102 2573 2178 legem,
2615 2121 2801 2180 quam
2832 2104 3020 2180 ipsius
3054 2101 3239 2177 legis3
3271 2098 3418 2177 quia

1869 2190 1967 2250 lex
2010 2193 2325 2251 constituit
2358 2194 2731 2271 aequitatem,
2771 2194 2866 2253 vel
2898 2199 2990 2252 051
3015 2209 3322 2265 01005010,
3354 2195 3416 2249 01

1868 2283 2083 2358 regula
2109 2284 2280 2360 ejus:
2313 2302 2437 2343 non
2465 2290 2555 2344 est
2589 2285 2832 2363 proprie
2861 2285 2991 2363 ipsa
3021 2284 3293 2360 aequitaS.

1951 2377 2009 2433 7.
2057 2375 2244 2434 Addit
2272 2394 2417 2436 vero
2449 2376 2736 2449 Isidorus,
2762 2377 2924 2435 dicto
2955 2376 3062 2434 lib.
3087 2378 3124 2435 5
3155 2373 3416 2449 Origin.,

1865 2484 2000 2543 cap.
2039 2468 2097 2541 3,
2134 2468 2239 2543 jus
2280 2474 2341 2528 et
2379 2467 2580 2545 legem
2623 2469 2986 2547 comparari,
3018 2473 3088 2526 ut
3136 2484 3328 2542 genus
3360 2470 3422 2524 et

1864 2559 2165 2635 speciem:
2194 2577 2340 2618 nam
2362 2561 2466 2637 jus
2490 2561 2624 2620 vult
2652 2578 2778 2620 esse
2803 2579 3020 2637 genus,
3047 2560 3247 2636 legem
3275 2574 3420 2614 vero

1865 2651 2165 2727 speciem:
2210 2657 2271 2710 et
2315 2653 2619 2711 rationem
2665 2652 2920 2711 reddere
2965 2651 3231 2721 videtur,
3275 2648 3421 2725 quia

1862 2742 1966 2819 jus
1993 2741 2232 2820 legibus
2264 2749 2326 2803 et
2354 2734 2625 2803 moribus
2656 2750 2916 2803 constat.
2950 2744 3071 2803 Lex
3098 2748 3304 2801 autem
3333 2744 3425 2799 est

1869 2835 2224 2895 constitutio
2252 2837 2497 2914 scripta,
2523 2843 2583 2895 et
2608 2836 2871 2895 habetur
2897 2837 2963 2894 in
2996 2834 3176 2914 capit.
3205 2835 3266 2906 2,
3296 2833 3332 2890 3
3361 2838 3423 2890 et

1869 2931 1930 3003 4,
1966 2930 2108 2988 dist.
2153 2933 2208 2989 1.
2257 2932 2332 2988 Et
2372 2930 2616 2989 videtur
2649 2931 2821 3008 sequi
2858 2931 2928 2988 D.
2974 2929 3240 2988 Thomas
3266 2928 3326 2985 2.
3358 2927 3420 2997 2,

1871 3028 2084 3098 quaest.
2120 3023 2219 3093 58,
2257 3028 2374 3081 011.
2405 3026 2463 3094 1,
2498 3022 2575 3081 ad
2602 3024 2663 3096 2,
2695 3022 2902 3081 dicens
2926 3022 3232 3081 rationem
3260 3017 3422 3095 oequi

1872 3121 1933 3175 et
1960 3115 2128 3192 justi,
2167 3117 2217 3173 si
2244 3117 2311 3174 in
2343 3117 2637 3194 scriptum
2671 3117 3009 3193 redigatur,
3043 3133 3168 3172 esse
3195 3113 3418 3188 legem.

1874 3209 1950 3267 Et
1991 3208 2278 3267 videntur
2316 3208 2640 3285 sumpsisse
2686 3226 2760 3266 ex
2810 3207 3171 3283 AugustinO,
3203 3204 3310 3262 lib.
3348 3205 3426 3262 83

1878 3300 2319 3374 Quaestionum,
2353 3306 2563 3378 quaest.
2594 3302 2692 3374 31,
2724 3299 2999 3360 dicente:
3031 3300 3180 3375 Leqe
3196 3299 3310 3375 jus
3345 3301 3429 3356 est

1873 3394 2029 3472 quod
2061 3394 2126 3452 iu
2157 3411 2217 3453 eo
2247 3394 2491 3470 scripte,
2525 3394 2679 3471 quod
2702 3393 2921 3470 populo
2951 3392 3282 3469 expositum
3318 3395 3425 3462 est,

1874 3491 1940 3544 ut
1992 3486 2279 3559 observet,
2329 3486 2680 3547 continetur.
2726 3486 2805 3544 At
2846 3502 2992 3544 vero
3042 3502 3077 3543 0
3121 3481 3431 3543 contrario

1875 3577 2107 3650 Cicero,
2145 3576 2253 3637 lib.
2313 3580 2338 3635 1
2389 3579 2521 3636 012
2563 3577 2638 3636 de
2679 3578 2964 3654 LegibuS,
3018 3576 3213 3635 solam
3259 3575 3429 3633 illam

1876 3677 2051 3750 putat
2101 3689 2227 3730 esse
2274 3672 2587 3748 propriam
2627 3671 2849 3749 legem,
2899 3689 3036 3749 quae
3077 3671 3144 3730 in
3191 3671 3432 3730 ratione

1877 3771 2005 3823 est:
2039 3764 2326 3841 scriptam
2365 3781 2511 3823 vero
2547 3765 2814 3824 exterius
2841 3763 2991 3823 dicit
3027 3781 3154 3822 esse
3181 3761 3433 3840 popula-

1876 3858 2027 3916 riter
2076 3857 2276 3933 legem
2312 3873 2327 3916 :
2387 3857 2551 3916 unde
2601 3857 2876 3916 divinam
2931 3863 3201 3916 mentem
3257 3859 3437 3913 vocat

1878 3967 2186 4008 summam
2226 3945 2450 4024 legem,
2482 3950 2703 4008 deinde
2735 3950 3036 4008 rationem
3073 3949 3436 4007 existentem

1878 4041 1943 4099 in
1960 4050 2168 4100 mente
2189 4041 2514 4116 sapientis:
2535 4041 2736 4114 legem
2761 4059 2906 4099 vero
2933 4042 3219 4118 scriptam
3242 4039 3438 4114 magis

1878 4134 2152 4204 nomine,
2188 4149 2374 4208 quam
2405 4149 2471 4189 10
2500 4131 2700 4204 legem
2747 4131 3061 4208 appellari.
3112 4132 3249 4189 Jam
3290 4147 3436 4187 vero

1880 4242 2025 4282 usus
2051 4222 2340 4295 obtinuit,
2363 4227 2433 4281 ut
2461 4222 2561 4279 lex
2588 4221 2664 4280 de
2698 4222 2941 4298 scripta,
2976 4227 3038 4280 et
3064 4239 3187 4279 non
3217 4220 3439 4296 scripta

1882 4315 2123 4393 proprie
2156 4314 2417 4387 dicatur,
2444 4319 2506 4373 et
2533 4314 2619 4372 ita
2643 4314 2742 4391 jus
2770 4319 2955 4392 prout
2979 4312 3176 4390 legem
3202 4311 3437 4388 signifi-

1883 4413 2002 4481 cat,
2043 4425 2182 4466 cum
2224 4407 2332 4467 illa
2372 4407 2771 4481 convertitur,
2815 4412 2877 4465 et
2915 4411 3207 4483 tanquam
3253 4423 3436 4482 syno-

1882 4517 2075 4576 nyma
2102 4504 2485 4576 reputantur.

1963 4592 2023 4650 8.
2069 4589 2263 4651 Actus
2285 4591 2524 4667 judicis
2563 4591 2690 4650 Jue
2734 4589 3047 4668 siqnifieat
3090 4587 3433 4666 aliquando.

1882 4683 2130 4742 —Hinc
2152 4701 2296 4742 vero
2321 4682 2663 4740 derivatum
2689 4687 2781 4741 est
2801 4699 3031 4741 11001011
3043 4681 3202 4759 juris
3221 4681 3296 4739 ad
3320 4680 3442 4738 alia

1884 4775 2166 4853 quaedam
2200 4772 2568 4851 significata,
2595 4773 2672 4831 ad
2697 4791 2833 4850 quae
2859 4772 3262 4849 significanda
3289 4771 3441 4848 legis

1886 4884 2006 4925 vox
2033 4865 2330 4924 translata
2361 4882 2486 4923 non
2515 4869 2606 4922 est
2630 4880 2645 4922 :
2677 4881 2822 4922 nam
2858 4864 3002 4923 hinc
3028 4870 3197 4923 actus
3217 4863 3441 4940 judicis

1888 4957 2038 5017 solet
2065 4959 2317 5016 nomine
2355 4957 2512 5033 juris
2551 4954 2870 5033 appellari,
2913 4955 3010 5014 vel
3055 4956 3201 5032 quia
3229 4973 3442 5014 secun—

1888 5050 2035 5111 dum
2081 5048 2244 5125 leges
2274 5047 2411 5106 fieri
2453 5046 2654 5118 debet,
2686 5045 2784 5104 vel
2812 5045 2957 5122 quia
2998 5046 3309 5105 interdum
3351 5047 3441 5107 vi-

1888 5141 2069 5201 detur
2114 5140 2287 5219 quasi
2329 5138 2528 5215 legem
2575 5138 2968 5209 constituere,
3003 5143 3066 5197 et
3100 5139 3184 5198 sic
3216 5139 3441 5198 dicitur

1883 5234 2098 5310 judex,
2134 5249 2274 5291 cum
2320 5247 2545 5288 munus
2576 5246 2757 5287 suum
2787 5227 3047 5303 exercet,
3077 5231 3176 5306 jus
3209 5230 3407 5289 dicere
3420 5245 3440 5303 ;

1890 5325 2052 5383 unde
2093 5327 2182 5382 cst
2221 5320 2460 5394 titulus,
2513 5319 2577 5380 ff.
2624 5319 2687 5380 Si
2716 5320 2851 5397 quis
2883 5321 2982 5398 jus
3030 5322 3274 5380 dicendi
3317 5338 3440 5377 non

1892 5412 2429 5491 obtemperaverit,
2475 5417 2535 5473 et
2563 5412 2760 5489 capite
2794 5413 2832 5470 2
2867 5412 2944 5471 de
2972 5413 3252 5482 Constit„
3282 5412 3347 5468 in
3377 5413 3438 5482 6,

1893 5506 2157 5565 dicitur:
2189 5505 2398 5564 Ecetra
2425 5503 2801 5565 territorium
2824 5505 2938 5580 jue
2960 5503 3180 5564 dicenti
3207 5502 3446 5580 impune
