3976 6219
710 402 846 455 CAP.
866 402 1039 456 xvm.
1065 402 1277 455 mlum
1299 400 1494 454 LEGES
1521 396 1924 451 maumam(
1949 397 2253 454 OBLlGENT
2283 402 2347 454 m
2376 401 2798 468 CONSCIENTIA,
2821 405 2961 457 ETC.

214 505 514 579 Summa,
541 501 639 563 tit.
671 502 750 563 de
777 502 1091 579 censibus,
1122 502 1161 583 ξ
1185 502 1297 565 Em
1331 502 1550 582 quibus
1570 505 1797 579 causis,

214 597 292 656 111
324 595 476 671 fine,
506 606 569 657 et
595 593 885 673 reprobat
925 594 1384 656 distinctionem
1419 594 1496 656 de
1531 596 1800 675 antiquis

215 693 288 749 et
317 688 499 750 novis
538 686 963 766 vectigalibus,
1002 704 1192 767 quam
1224 687 1373 748 dicit
1414 686 1602 749 fuisse
1630 689 1801 768 Ray-

219 780 474 841 mundi.
499 780 670 842 Idem
690 780 950 855 Anton.,
974 781 1013 840 2
1031 784 1190 859 part.
1196 826 1218 857 ,
1242 780 1407 842 titul.
1439 784 1498 855 1,
1528 799 1668 861 cap.
1696 782 1797 858 13,

218 872 261 953 ἓ
282 874 326 934 8
353 887 375 950 3
404 872 784 949 Bertachin.,
817 872 1089 935 referens
1115 872 1319 952 plures
1345 874 1414 934 10
1431 878 1696 935 tractatu
1723 874 1800 936 de

219 965 523 1042 Gabellis,
554 984 617 1046 p.
648 969 710 1042 9,
736 984 803 1030 11.
839 971 870 1028 1
903 972 964 1028 01
992 967 1052 1027 3.
1097 966 1391 1046 Sequitur
1432 968 1679 1029 Covarr.
1727 968 1797 1030 in

218 1059 432 1139 regul.
476 1060 818 1136 Peccatum,
852 1062 898 1121 2
931 1065 1121 1140 part„
1161 1058 1288 1140 ὃὸ,
1326 1078 1394 1121 0.
1428 1062 1490 1136 5,
1538 1066 1602 1123 et
1650 1061 1799 1124 dicit

221 1169 364 1214 esse
387 1170 782 1215 communem
806 1154 1267 1215 canonistarum
1285 1154 1352 1213 in
1372 1171 1507 1234 cap.
1535 1155 1798 1218 Innova-

222 1262 391 1320 mm,
420 1245 497 1314 de
530 1245 821 1308 censibus
837 1267 858 1322 3
885 1251 1057 1308 tenet
1080 1246 1266 1308 etiam
1305 1246 1537 1323 Castro,
1572 1246 1615 1309 1.
1661 1252 1692 1308 1
1722 1248 1799 1311 (10

224 1337 395 1416 Lege
414 1338 642 1417 poenal.
650 1383 671 1414 ,
694 1356 830 1418 cap.
865 1340 943 1399 10
958 1353 979 1416 ;
1018 1339 1274 1409 Medin..
1300 1357 1356 1401 0.
1382 1339 1462 1402 (10
1479 1340 1795 1419 Restitut.,

226 1436 452 1510 quaest.
490 1434 568 1493 13
589 1437 652 1492 et
681 1433 798 1506 153
827 1432 1131 1509 Ledesm.,
1157 1433 1221 1508 Ξ,
1241 1450 1306 1511 p.
1343 1434 1407 1507 4,
1432 1451 1493 1512 q.
1528 1433 1630 1509 18,
1650 1451 1709 1495 a.
1736 1436 1795 1510 3,

227 1523 385 1585 dub.
416 1525 515 1600 10,
547 1524 616 1585 111
644 1523 769 1586 fine
787 1539 812 1602 3
840 1525 1088 1591 Navar..
1120 1525 1166 1586 l.
1199 1526 1238 1586 3
1269 1525 1346 1587 de
1374 1526 1793 1603 Restitution„

227 1634 371 1697 cap.
413 1620 473 1693 1,
521 1635 585 1679 0.
629 1618 771 1678 263.
819 1616 1319 1680 Fundamentum
1358 1623 1473 1694 est,
1509 1619 1656 1698 quia
1696 1620 1799 1681 lex

224 1709 403 1787 justa
424 1709 656 1789 obligat
674 1711 744 1772 in
759 1711 1135 1773 conscientia
1156 1716 1227 1772 ut
1248 1710 1602 1791 impleatur,
1623 1713 1798 1775 nullo

230 1802 607 1865 admonente
633 1819 654 1881 3
695 1803 804 1866 sed
827 1803 929 1865 lex
977 1802 1283 1865 tributum
1327 1804 1652 1884 imponens
1705 1810 1800 1867 est

226 1895 419 1973 justa,
445 1902 517 1957 ut
541 1898 946 1979 supponimus
957 1919 978 1973 3
1009 1914 1156 1978 ergo
1182 1896 1420 1976 obligat
1444 1898 1524 1959 ad
1548 1898 1798 1961 solutio-

231 2005 406 2063 nem,
437 1989 620 2051 nullo
645 1990 833 2053 etiam
868 1994 1133 2070 petente.
1182 1989 1303 2052 Sed
1345 1989 1434 2050 ait
1459 1990 1684 2052 Bartol.
1722 1989 1800 2055 (10

232 2081 463 2144 Medin.
493 2101 623 2146 non
652 2085 856 2147 teneri
876 2089 1163 2146 externos
1204 2083 1360 2146 scire
1399 2083 1567 2163 leges
1594 2086 1795 2164 regni.

234 2174 599 2253 Respondeo
621 2176 927 2258 imprimis
947 2178 1050 2239 1110
1076 2195 1204 2238 non
1231 2176 1487 2238 tractari
1513 2195 1596 2239 an
1624 2178 1802 2257 igno-

234 2268 442 2329 rantia
484 2275 755 2346 excuset,
781 2270 881 2332 vel
923 2289 1008 2333 an
1052 2269 1426 2332 intervenire
1456 2270 1667 2349 possit,
1692 2270 1801 2332 sed

237 2360 532 2440 explicari
582 2361 1027 2441 obligationem
1071 2382 1259 2443 quam
1292 2381 1406 2444 per
1442 2382 1506 2425 se
1533 2364 1802 2443 imponit

238 2453 380 2513 talis
408 2453 529 2516 lex.
559 2455 788 2517 Deinde
817 2455 954 2516 dico
981 2461 1306 2518 extraneos
1349 2456 1550 2518 teneri
1582 2457 1801 2519 saltem

238 2545 318 2605 ad
340 2547 797 2626 procedendum
821 2547 924 2610 via
940 2551 1115 2628 regia
1140 2548 1275 2611 sine
1294 2548 1539 2625 fraude,
1560 2554 1624 2611 et
1647 2556 1802 2611 tunc

237 2640 290 2699 si
322 2640 527 2702 nullus
565 2648 757 2720 petat,
802 2641 1206 2723 probabiliter
1249 2649 1544 2723 poterunt
1572 2663 1803 2724 praesu-

238 2750 410 2794 mere
437 2733 682 2795 nullum
707 2735 920 2797 deberi
940 2736 1272 2813 tributum,
1294 2743 1355 2798 et
1381 2736 1527 2799 inde
1554 2755 1803 2799 excusa-

238 2826 295 2886 ri
320 2842 338 2886 z
368 2826 736 2904 regulariter
751 2844 901 2889 vero
927 2846 1025 2889 res
1047 2834 1141 2889 est
1160 2828 1313 2889 adeo
1332 2835 1480 2890 nota
1498 2830 1565 2889 in
1586 2829 1804 2908 hujus-

240 2918 410 2980 modi
436 2919 610 2995 locis,
643 2926 716 2982 ut
735 2920 841 2982 vix
861 2921 1053 3002 possit
1078 2919 1410 3001 probabilis
1450 2921 1805 3000 ignorantia

241 3013 639 3075 intervenire.

324 3108 383 3167 7.
414 3105 695 3169 Secundo
728 3104 1026 3187 probatur
1054 3104 1272 3169 eadem
1300 3106 1628 3183 sententia,
1659 3106 1808 3186 quia

242 3200 550 3261 tributum
573 3201 816 3278 justum
843 3205 934 3262 est
959 3217 1036 3260 ex
1077 3199 1321 3277 justitia
1354 3198 1665 3276 debitum3
1698 3198 1805 3260 sed

243 3295 663 3374 unusquisque
684 3299 931 3356 tenetur
952 3293 1188 3355 solvere
1223 3292 1502 3354 debitum
1522 3292 1802 3371 justitias,

245 3387 488 3448 etiamsi
525 3405 653 3448 non
680 3392 925 3466 petatur
935 3410 955 3463 3
992 3402 1163 3465 ergo.
1200 3385 1370 3447 Dicet
1396 3384 1555 3446 forte
1582 3385 1807 3465 aliquis

244 3498 371 3541 non
393 3498 522 3541 esse
553 3479 834 3541 debitum
861 3496 939 3541 ex
957 3479 1224 3557 justitia,
1248 3478 1354 3540 sed
1380 3477 1460 3538 ad
1489 3495 1806 3538 summum

245 3591 324 3636 ex
344 3574 693 3635 obedientia
710 3573 886 3652 legis.
912 3572 1032 3634 Sed
1067 3571 1186 3632 1100
1217 3571 1404 3651 plane
1434 3569 1661 3632 falsum
1689 3575 1804 3645 est,

247 3672 309 3729 et
347 3673 560 3728 contra
602 3684 817 3728 omnes
862 3667 1164 3741 doctores,
1200 3665 1310 3745 qui
1342 3664 1618 3725 fatentur
1646 3663 1810 3724 110110

249 3747 994 3838 obligationem⁰solvendi
1014 3758 1272 3834 tributa,
1305 3756 1414 3818 ubi
1445 3757 1804 3833 intervenit,

248 3871 372 3914 esse
392 3852 669 3930 justitiae.
694 3853 771 3913 Et
782 3869 968 3932 supra
984 3851 1048 3912 id
1071 3850 1399 3929 probatum
1413 3855 1505 3911 est
1530 3867 1608 3910 ex
1621 3849 1803 3910 Rom.

250 3947 347 4021 13,
402 3951 465 4007 et
495 3944 663 4008 idem
701 3945 976 4007 sumitur
1007 3961 1087 4006 ex
1121 3943 1244 4002 illis
1281 3941 1486 4004 verbis
1534 3940 1760 4001 Christi
1787 3957 1806 4002 z

246 4040 493 4103 Reddite
510 4058 641 4120 quoe
665 4044 809 4102 sumt
836 4037 1125 4110 Goesaris,
1159 4034 1419 4110 Goesari,
1443 4033 1661 4097 Matth.
1701 4035 1804 4095 22.

247 4133 483 4212 Agebat
501 4134 671 4192 enim
689 4132 766 4192 de
785 4128 1132 4192 redditione
1146 4127 1390 4202 tributi,
1415 4133 1476 4187 et
1500 4126 1811 4205 significat

248 4245 372 4288 esse
419 4224 805 4287 reddendum
851 4223 1047 4282 instar
1070 4220 1160 4281 rei
1187 4218 1429 4282 alienoe.
1462 4220 1615 4281 Item
1661 4220 1811 4299 quia

248 4317 547 4380 tributum
602 4321 696 4376 est
738 4313 1018 4376 debitum
1065 4329 1184 4392 per*
1210 4312 1468 4374 modum
1518 4311 1810 4392 stipendii

243 4409 396 4490 justi
422 4408 589 4489 quod
607 4426 683 4470 ex
713 4407 949 4486 justitia
976 4405 1257 4482 debetur,
1280 4405 1435 4468 sicut
1457 4405 1534 4467 de
1552 4403 1809 4466 decimis

250 4521 358 4564 suo
387 4502 523 4563 loco
545 4501 853 4579 diximus3
885 4505 976 4562 est
1000 4504 1213 4561 autem
1237 4498 1454 4562 eadem
1477 4497 1639 4562 ratio
1665 4515 1809 4560 cum

249 4596 644 4676 proportione
659 4594 729 4656 111
754 4594 1062 4675 praesenti.
1079 4593 1358 4674 Denique
1390 4594 1494 4657 lex
1531 4594 1809 4654 humana

250 4708 373 4753 non
391 4689 624 4769 obligat
641 4689 998 4753 immediate
1015 4708 1095 4751 ex
1115 4687 1245 4749 sola
1265 4689 1491 4750 virtute
1518 4688 1808 4750 obedien-

252 4786 369 4862 tioe,
396 4784 504 4846 sed
520 4785 765 4865 reponit
790 4796 1000 4846 actum
1027 4784 1096 4845 in
1121 4782 1375 4863 propria
1394 4781 1594 4861 specie
1614 4781 1812 4841 virtu-

252 4878 326 4938 tis
346 4878 526 4956 juxta
551 4877 825 4940 materioe
847 4877 1272 4958 capacitatem,
1295 4880 1358 4936 et
1374 4874 1679 4936 motivum
1700 4889 1811 4933 seu

251 4970 549 5032 rationem
587 4970 1024 5051 praecipiendi3
1055 4969 1158 5030 1110
1184 4974 1393 5030 autem
1425 4966 1688 5029 materia
1721 4965 1810 5040 le-

252 5062 341 5142 gis
364 5063 741 5143 imponentis
773 5063 1082 5124 tributum
1112 5065 1204 5123 est
1240 5061 1501 5122 materia
1526 5057 1807 5138 justitias,

254 5164 313 5216 et
355 5157 517 5217 ratio
553 5155 945 5236 praecipiendi
989 5161 1081 5217 est
1122 5160 1195 5216 ut
1238 5157 1515 5215 servetur
1554 5152 1811 5231 aequitas

253 5248 638 5310 subditorum
664 5249 742 5310 ad
760 5248 1129 5329 principem,
1160 5252 1224 5309 et
1249 5246 1328 5307 ad
1360 5263 1551 5307 onera
1578 5244 1713 5323 ejus
1739 5261 1812 5303 00

254 5342 426 5419 regni
453 5341 895 5404 sustentanda:
932 5358 1080 5420 ergo
1106 5340 1247 5401 talis
1272 5339 1375 5402 lex
1410 5356 1541 5399 non
1570 5355 1647 5400 ex
1670 5336 1813 5398 obe-

255 5433 482 5496 dientia
507 5440 777 5511 tantum,
825 5433 930 5496 sed
962 5432 1303 5513 exjustitia
1347 5431 1605 5511 obligat,
1648 5447 1812 5510 prae-

3323 404 3444 465 495

1879 506 2016 563 tum
2047 509 2305 583 possunt
2334 504 2675 566 secundum
2719 505 3096 584 exigentiam
3123 508 3439 570 materian:

1879 602 2138 676 possunt
2164 602 2373 658 autem
2394 616 2472 659 ex
2491 598 2734 677 justitia
2759 598 3072 677 obligare3
3106 617 3275 679 ergo,

1958 689 2018 751 8.
2065 691 2239 751 Dices
2266 690 2385 751 1100
2418 709 2547 753 esse
2565 709 2784 752 verum
2806 691 2858 751 si
2876 690 2978 752 lex
3004 691 3139 770 ipsa
3162 711 3448 773 expresse

1880 783 2200 863 praecipiat
2248 783 2487 845 solvere
2530 783 2857 858 tributum,
2906 783 3082 845 nulla
3125 792 3450 865 expectata

1880 875 2177 954 petitione
2191 898 2209 951 3
2223 874 2392 955 leges
2405 882 2615 938 autem
2631 876 3006 938 tributorum
3022 878 3252 938 nonita
3271 879 3445 957 ferri,

1881 972 1944 1029 et
1970 986 2049 1029 ex
2079 967 2352 1047 benigna
2384 974 2447 1030 et
2470 974 2763 1030 consueta
2793 970 3296 1050 interpretatione
3318 991 3447 1033 non

1879 1061 1944 1122 id
1972 1061 2330 1142 praecipere,
2367 1061 2473 1123 sed
2502 1068 2747 1124 tantum
2774 1069 2847 1124 ut
2887 1063 3080 1142 petita
3101 1063 3440 1127 solvantur.

1883 1154 2003 1216 Sed
2031 1161 2244 1216 contra
2279 1154 2399 1216 1100
2426 1160 2517 1217 est
2550 1156 2777 1235 primo,
2804 1155 2951 1235 quia
2979 1156 3166 1217 etiam
3193 1158 3262 1218 id’
3282 1158 3447 1237 quod

1880 1247 2216 1309 assumitur
2252 1265 2381 1308 11011
2417 1253 2508 1309 est
2546 1247 2981 1310 universaliter
3007 1265 3261 1311 verum:
3297 1269 3448 1312 nam

1879 1337 1946 1398 in
1974 1338 2021 1399 l.
2055 1341 2116 1416 5,
2147 1345 2194 1400 t.
2231 1342 2295 1417 7,
2330 1340 2569 1419 partit„
2603 1359 2884 1420 expresse
2905 1342 3259 1421 praecipitur
3285 1360 3449 1404 mer-

1881 1433 2191 1495 catoribus
2234 1439 2306 1494 ut
2343 1434 2445 1495 via
2490 1440 2657 1495 recta
2701 1434 2992 1496 incedant
3029 1452 3143 1514 per
3172 1435 3309 1496 loca
3336 1436 3447 1497 ubi

1882 1526 2081 1588 solent
2097 1525 2332 1588 tributa
2350 1527 2540 1604 exigi,
2564 1532 2627 1588 et
2643 1528 2965 1589 veritatem
2983 1528 3268 1607 aperiant
3287 1529 3447 1590 nihil

1878 1618 2267 1695 occultando,
2289 1625 2354 1681 et
2373 1620 2585 1681 multae
2610 1621 2777 1700 leges
2798 1621 3029 1683 similes
3049 1621 3358 1683 habentur
3376 1624 3446 1684 in

1880 1730 2041 1774 nova
2066 1713 2526 1792 recopilatione,
2551 1713 2595 1774 l.
2628 1714 2689 1788 9,
2719 1718 2766 1774 1.
2801 1715 2901 1789 19,
2932 1713 2976 1774 l.
3007 1715 3107 1789 13,
3141 1716 3240 1790 14,
3274 1717 3351 1776 18
3383 1721 3446 1777 01

1880 1806 1982 1881 32,
2013 1804 2123 1866 ubi
2154 1805 2478 1867 afferentes
2506 1823 2740 1867 merces
2780 1805 3134 1885 obligantur
3169 1825 3281 1887 per
3316 1826 3447 1869 cer-

1880 1904 1974 1960 tas
1987 1899 2119 1960 vias
2139 1898 2448 1975 incedere,
2466 1904 2528 1959 et
2539 1917 2651 1978 per
2663 1897 2946 1960 definitas
2961 1906 3164 1978 partes
3177 1901 3443 1980 ingredi,

1882 1997 1945 2052 et
1966 1991 2231 2070 emptori
2245 1991 2601 2071 praecipitur
2618 1992 3015 2053 manifestare
3034 1998 3443 2071 contractum,
3509 2054 3522 2068 ,

1882 2082 1981 2144 vel
2004 2091 2242 2144 certum
2263 2083 2398 2145 fieri
2419 2084 2497 2145 de
2518 2084 2823 2146 solutione
2846 2071 3126 2164 gabelloe,
3147 2091 3210 2147 et
3237 2086 3304 2146 in
3333 2087 3375 2146 l.
3403 2089 3444 2148 9

1881 2181 1944 2236 01
1973 2178 2074 2251 10,
2109 2177 2205 2236 111.
2236 2179 2295 2252 1,
2325 2176 2370 2237 1.
2412 2178 2452 2237 6
2493 2176 2798 2253 ordinat„
2829 2178 3123 2238 statuitur
3152 2185 3223 2239 ut
3250 2186 3448 2241 trans-

1879 2269 2135 2330 mittens
2161 2288 2392 2331 meroes
2412 2288 2524 2349 per
2548 2270 2684 2331 loca
2709 2271 2978 2350 publica,
3004 2271 3057 2332 si
3080 2271 3325 2334 nullum
3349 2275 3447 2335 in-

1879 2362 2093 2423 veniat
2139 2362 2457 2425 custodem
2503 2369 2816 2443 petentem
2849 2364 3133 2443 vectigal,
3179 2384 3306 2426 non
3353 2367 3448 2427 10-

1880 2458 2090 2515 currat
2114 2471 2386 2534 poenam,
2419 2455 2661 2516 etiamsi
2689 2460 2962 2517 transeat
2985 2456 3117 2518 sine
3143 2456 3449 2519 solutione

1882 2546 2221 2626 vectigalis,
2274 2552 2338 2631 et
2388 2547 2798 2611 nihilominus
2846 2552 3133 2610 teneatur
3171 2550 3248 2610 ad
3293 2549 3449 2611 illud

1880 2638 2279 2702 solvendum:
2319 2639 2430 2701 ubi
2456 2640 2604 2702 satis
2630 2646 2841 2720 aperte
2868 2640 3217 2703 declaratur
3243 2643 3448 2721 legem

1880 2731 2157 2813 obligare
2183 2734 2266 2797 ad
2297 2733 2665 2797 solvendum
2692 2732 3020 2810 tributum,
3051 2736 3293 2798 etiamsi
3319 2753 3448 2797 non

1882 2832 2153 2906 petatur.

1962 2922 2026 2981 9.
2073 2922 2374 2982 Praeterea
2418 2921 2713 2982 dicimus:
2751 2919 2996 2983 etiamsi
3036 2921 3140 2983 lex
3174 2940 3302 2984 non
3343 2923 3448 2985 de-

1883 3012 2074 3073 claret
2117 3030 2401 3092 expresse
2427 3018 2501 3072 ut
2528 3013 2834 3073 tributum
2861 3031 2989 3075 non
3025 3016 3290 3094 petitum
3330 3016 3451 3077 sol-

1883 3111 2088 3180 vatm,
2119 3105 2222 3166 sed
2254 3104 2613 3184 simpliciter
2635 3109 2706 3166 ut
2733 3104 3028 3183 solvatur,
3057 3107 3121 3169 id
3149 3109 3296 3169 satis
3320 3127 3450 3169 esse

1885 3203 1957 3258 ut
1983 3198 2050 3258 in
2079 3198 2457 3259 conscicntia
2484 3199 2565 3259 sit
2589 3197 2998 3276 reddendum,
3040 3201 3280 3262 etiamsi
3321 3220 3450 3263 non

1884 3296 2131 3371 petatur
2146 3337 2169 3368 ,
2223 3293 2460 3371 quoties
2509 3291 2613 3353 lex
2655 3310 2783 3352 non
2835 3293 3115 3354 concedit
3167 3312 3450 3373 expresse

1884 3384 2046 3446 11000
2077 3402 2345 3461 moram,
2374 3384 2474 3446 vel
2501 3389 2771 3445 coarctat
2797 3403 2869 3447 ac
2895 3385 3125 3447 limitat
3166 3404 3451 3466 expresse

1884 3485 2285 3558 proeceptum,
2332 3477 2499 3557 quod
2544 3483 2708 3539 certe
2752 3496 3077 3559 nunquam
3128 3479 3293 3542 facit.
3341 3480 3452 3541 As-

1883 3577 2203 3651 sumptum
2225 3569 2522 3650 probatur
2542 3571 2764 3650 primo,
2788 3573 2936 3650 quia
2955 3573 3089 3634 sine
3110 3572 3300 3634 dubio
3317 3573 3452 3634 hoec

1885 3670 1977 3726 est
2002 3682 2180 3725 mens
2210 3664 2601 3744 principum3
2637 3682 2787 3724 nam
2813 3664 3148 3727 intendunt
3178 3664 3359 3746 plene
3388 3670 3451 3727 et

1883 3758 2128 3836 integre
2161 3756 2438 3817 obtinere
2467 3755 2589 3817 tale
2634 3755 2960 3834 tributum,
3010 3763 3073 3818 et
3117 3758 3453 3820 intendunt

1885 3849 2165 3927 obligare
2192 3854 2497 3928 quantum
2524 3856 2799 3928 possunt.
2822 3850 3127 3926 Secundo,
3153 3852 3300 3930 quia
3319 3869 3452 3912 ma-

1888 3941 2044 4002 teria
2070 3941 2205 4020 ipsa
2237 3940 2508 4020 postulat
2551 3939 2670 4020 hoc
2710 3959 2904 4020 genus
2932 3941 3348 4020 obligationis,
3381 3949 3453 4004 ut

1886 4039 2203 4095 ostensum
2231 4038 2344 4109 est,
2374 4034 2521 4112 quia
2551 4039 2643 4094 est
2669 4034 2930 4096 materia
2957 4036 3215 4112 justitiae
3250 4041 3312 4096 et
3349 4036 3454 4098 de-

1886 4126 2003 4186 biti
2035 4126 2351 4203 solvendi3
2389 4143 2536 4205 ergo
2561 4126 2614 4186 si
2635 4125 2737 4187 lex
2762 4126 3125 4206 simpliciter
3150 4129 3451 4208 praecipit,

1886 4218 2250 4298 simpliciter
2276 4218 2468 4280 etiam
2500 4217 2756 4298 obligat.
2802 4220 2923 4281 Nec
2962 4219 3104 4281 licet
3138 4221 3318 4281 nobis
3342 4222 3456 4282 ali-

1889 4310 2041 4392 quid
2068 4311 2293 4373 addere
2317 4311 2465 4390 legi,
2495 4313 2659 4390 quod
2699 4313 2833 4392 ipsa
2858 4331 2987 4373 non
3013 4313 3207 4389 addit,
3250 4332 3454 4394 neque

1886 4406 1955 4465 in
1987 4406 2249 4467 materia
2275 4404 2430 4485 legis
2458 4403 2645 4467 habet
2678 4405 3193 4468 fundamentum:
3226 4425 3453 4486 suppo-

1886 4497 2096 4558 nimus
2121 4498 2291 4560 enim
2314 4497 2617 4559 tributum
2640 4499 2773 4560 sine
2798 4498 2911 4560 tali
2939 4500 3294 4562 conditione
3323 4519 3454 4562 esse

1887 4608 2137 4671 aequum
2178 4596 2239 4652 et
2281 4591 2540 4671 justum,
2587 4591 2739 4653 alias
2774 4590 2951 4653 nulla
2986 4598 3144 4654 esset
3170 4595 3448 4673 quaestiO.

1885 4684 2162 4764 Denique
2209 4703 2412 4764 neque
2445 4686 2822 4747 consuetudo
2870 4685 3098 4747 sufficit
3138 4688 3217 4748 ad
3259 4686 3449 4750 talem

1886 4776 2375 4838 moderationem
2424 4778 2872 4840 admittendam
2898 4801 2916 4855 3
2966 4779 3113 4859 quia
3156 4779 3263 4840 illa
3309 4797 3454 4840 con-

1887 4871 2148 4933 suetudo
2178 4871 2253 4950 (si
2281 4871 2390 4953 est)
2420 4890 2548 4933 non
2576 4879 2667 4935 est
2692 4874 2832 4934 talis
2851 4877 2924 4934 ut
2951 4873 3138 4953 possit
3154 4873 3453 4952 derogare

1886 4963 2035 5043 legi,
2063 4964 2212 5044 quia
2242 4982 2370 5026 non
2398 4971 2489 5028 est
2514 4965 2763 5028 vidente
2791 4971 2853 5028 et
2882 4966 3251 5029 connivente
3282 4967 3455 5047 prin-

1891 5057 2052 5138 cipe,
2080 5057 2187 5119 sed
2212 5058 2420 5138 potius
2447 5059 2791 5134 resistente,
2825 5063 2888 5119 et
2915 5059 3211 5138 puniente
3238 5078 3455 5121 omnes

1889 5151 1999 5230 qui
2027 5168 2091 5211 se
2119 5151 2448 5230 occultant,
2479 5158 2589 5214 aut
2629 5152 2752 5214 alio
2780 5151 2968 5215 modo
2994 5152 3322 5231 vectigalia
3347 5152 3455 5215 de-

1889 5241 2203 5304 fraudant.

1973 5337 2074 5398 10.
2121 5337 2189 5395 111
2236 5334 2355 5396 hoc
2399 5342 2649 5415 puncto,
2699 5353 2842 5397 cum
2878 5336 2984 5414 jus
3024 5336 3309 5399 videatur
3333 5337 3455 5399 cla-

1887 5446 2055 5505 rum,
2089 5427 2526 5490 difficillimum
2552 5434 2645 5491 est
2663 5428 2742 5491 de
2767 5429 2935 5491 facto
2966 5429 3099 5510 ipso
3126 5429 3454 5492 definitum

255 5527 461 5590 sertim
482 5528 630 5610 qnia
645 5528 952 5608 principes
969 5526 1304 5591 intendunt
1322 5524 1600 5605 obligare
1613 5540 1812 5606 quan-
1884 5521 2193 5602 judicium
2213 5521 2399 5600 serre,
2425 5528 2488 5592 01
2512 5523 2676 5586 10101·
2696 5540 2914 5588 omnes
2933 5530 3216 5588 auctores
3238 5524 3343 5588 vix
3364 5528 3457 5588 est
