3976 6219
750 399 885 451 m.
920 399 1001 450 Ἦ.
1037 396 1252 450 U'rmm
1282 397 1364 448 DE
1393 394 1663 447 RATIONE
1694 392 1873 446 LEGIS
1905 392 2020 455 SIT,
2056 392 2138 443 UT
2170 391 2289 443 PRO
2322 391 2780 453 commum,
2814 392 2951 444 E‘rc.

3358 388 3436 448 25

254 491 492 552 tionum
514 491 803 568 hominiS,
834 499 904 552 ut
928 511 1085 571 saepe
1115 492 1349 552 dictum
1373 496 1462 550 est
1490 512 1503 548 :
1539 490 1644 549 sed
1672 507 1801 549 non
1850 562 1857 565 ‚
1881 495 2099 549 rantur
2124 490 2260 565 (hoc
2287 490 2453 550 enim
2482 491 2894 550 necessarium
2922 506 3048 547 non
3076 494 3189 561 est,
3216 506 3330 547 nec
3357 490 3436 548 ad

254 590 495 644 tantum
533 586 944 645 communitas
971 586 1329 658 hominum,
1371 600 1587 642 verum
1615 583 1803 641 etiam
1882 583 2036 660 legis
2074 584 2375 643 rationem
2412 584 2701 661 pertinet)
2746 584 2851 643 sed
2892 581 3054 660 quod
3094 581 3239 641 licet
3274 582 3439 641 inter

254 677 479 753 singuli
508 678 788 737 homines
814 678 1095 755 indigent
1122 678 1235 737 hac
1258 676 1511 753 regula:
1537 693 1686 752 ergo
1705 675 1806 735 lex

254 787 362 846 per
393 788 455 828 se
483 788 609 828 non
637 769 783 828 dicit
809 776 1150 849 respectum
1190 769 1267 829 ad
1305 769 1498 828 solam
1528 786 1804 828 commu-

254 861 512 920 nitatem
540 862 900 933 humanam,
933 863 1036 921 sed
1065 864 1251 923 etiam
1275 862 1352 920 ad
1373 862 1646 938 singulas
1668 879 1807 939 per·-

253 970 431 1013 sonas
457 954 778 1014 humanas.
804 956 1033 1030 Tertio,
1059 956 1204 1034 quia
1231 954 1331 1015 lex
1358 954 1552 1013 fertur
1573 954 1650 1013 ad
1669 972 1807 1032 per-

253 1063 506 1105 sonam:
542 1064 689 1124 ergo
712 1064 836 1106 non
868 1048 1094 1121 minus,
1124 1048 1253 1106 imo
1279 1064 1391 1124 per
1417 1047 1588 1124 prius
1609 1046 1807 1106 fertur

254 1139 332 1197 ad
367 1157 690 1217 personam
733 1157 946 1200 veram
993 1158 1180 1217 quam
1225 1140 1303 1199 ad
1349 1138 1559 1198 fictam
1598 1154 1614 1196 ε
1664 1140 1811 1216 quia

251 1248 492 1308 semper
520 1231 684 1291 fictio
706 1232 996 1311 supponit
1015 1233 1363 1305 veritatem,
1395 1249 1581 1308 quam
1602 1231 1809 1291 imita-

250 1327 375 1382 tur.
420 1323 501 1382 At
529 1325 939 1384 communitas
979 1330 1070 1384 est
1101 1342 1362 1402 persona
1395 1323 1559 1397 ficta,
1602 1342 1804 1383 unus-

254 1414 514 1491 quisque
555 1422 762 1475 autem
792 1415 1179 1494 particularis
1204 1416 1392 1475 homo
1424 1421 1514 1475 est
1545 1433 1809 1494 persona

255 1522 407 1564 vera
433 1522 449 1565 ε
485 1524 634 1583 ergo
661 1526 786 1567 non
810 1513 901 1567 est
924 1509 1129 1567 minus
1153 1527 1344 1587 capax
1365 1508 1519 1587 legis
1543 1510 1809 1587 particu-

255 1595 404 1657 laris
456 1615 715 1675 persona
741 1645 760 1673 ,
812 1618 999 1677 quam
1059 1602 1486 1662 communitas».
1549 1602 1800 1675 Quart0,

259 1690 509 1767 quando
533 1689 630 1750 lex
649 1692 842 1752 fertur
862 1712 973 1771 pro
996 1695 1459 1769 communitate,
1485 1695 1583 1754 vel
1606 1695 1807 1755 solum

260 1780 495 1857 obligat
522 1785 1042 1857 communitatem,
1077 1792 1147 1845 ut
1173 1786 1282 1861 sic,
1310 1787 1410 1846 vel
1438 1788 1626 1846 etiam
1656 1786 1812 1846 obli-

261 1879 368 1949 gat
390 1873 665 1950 singulos
690 1877 764 1935 de
798 1878 1262 1937 communitate.
1308 1879 1584 1937 Primum
1612 1896 1814 1956 neque

259 1970 352 2024 est
379 1968 820 2040 necessarium,
853 1986 965 2027 nec
991 1968 1357 2045 regulariter
1385 1970 1471 2028 ita
1496 1969 1589 2041 fit,
1617 1975 1687 2027 ut
1709 1987 1818 2046 per

259 2074 324 2115 se
357 2061 595 2116 constat
627 2073 642 2115 :
679 2060 807 2117 imo
848 2060 901 2117 si
940 2059 1087 2133 fiat,
1131 2067 1281 2119 tnnc
1312 2061 1721 2120 communitas
1758 2077 1822 2120 se

265 2154 437 2224 geret
474 2154 545 2206 ut
585 2149 976 2225 particularis
1011 2170 1305 2229 persona,
1350 2158 1411 2211 et
1448 2153 1594 2212 inde
1636 2153 1821 2212 etiam

264 2238 647 2299 concluditur
667 2240 866 2317 legem
892 2260 1065 2319 posse
1085 2244 1234 2301 ferri
1262 2243 1340 2302 ad
1361 2261 1548 2302 unam
1575 2250 1821 2304 tantum

264 2350 637 2410 personam:
694 2335 745 2391 si
785 2352 931 2392 vero
978 2335 1218 2393 dicatur
1266 2336 1629 2410 secundum,
1678 2338 1821 2396 inde

262 2423 448 2482 etiam
490 2423 752 2482 infertur
775 2469 793 2497 ‚
829 2442 1002 2502 posse
1031 2426 1230 2502 legem
1266 2445 1378 2503 pro
1417 2444 1540 2485 uno
1576 2433 1821 2486 tantum

265 2514 433 2587 ferri,
465 2514 516 2572 si
540 2514 630 2573 illi
655 2516 961 2594 expediat,
988 2522 1051 2577 et
1077 2537 1187 2596 pro
1216 2518 1320 2577 illo
1346 2524 1588 2578 tantum
1613 2537 1820 2579 neces-

268 2607 429 2665 saria
458 2606 557 2664 sit.

346 2698 406 2757 8.
454 2699 802 2773 Proesertur
845 2701 1134 2761 sententia
1180 2718 1309 2779 quoe
1354 2702 1575 2763 asserit
1611 2704 1678 2762 de
1713 2720 1815 2762 ra-

268 2794 422 2853 tione
450 2791 600 2868 leyz's
622 2808 742 2851 esse
768 2796 836 2851 ut
861 2794 1104 2866 feratur
1128 2809 1238 2868 pro
1277 2793 1712 2855 communitate.
1736 2825 1818 2839 —

268 2886 409 2944 Haec
449 2884 862 2943 controversia
898 2889 1097 2961 potest
1135 2884 1401 2944 multum
1438 2885 1704 2963 pendere
1741 2904 1819 2946 ex

268 2994 385 3035 usu
411 2975 598 3034 vociS.
641 2974 1055 3034 Nihilominus
1093 2975 1452 3053 simpliciter
1489 2977 1817 3036 dicendum

270 3074 384 3144 est,
416 3069 492 3128 de
519 3069 757 3129 ratione
787 3068 962 3146 legia,
994 3074 1064 3128 ut
1092 3068 1208 3129 hoc
1234 3069 1486 3130 nomine
1517 3070 1823 3148 significa-

268 3169 396 3237 tur,
440 3181 593 3238 esse,
631 3168 702 3223 ut
730 3164 807 3222 sit
840 3169 1212 3240 praeceptum
1240 3182 1587 3239 commune,
1618 3165 1681 3223 id
1710 3170 1821 3238 est,

270 3256 726 3328 communitati,
768 3272 875 3314 seu
917 3254 1301 3314 multitudini
1343 3255 1667 3315 hominum
1712 3257 1828 3314 im-

268 3349 560 3426 positum.
630 3349 759 3406 Hoc
813 3353 1169 3424 supponunt
1226 3347 1492 3407 Isidorus
1541 3354 1601 3407 et
1647 3347 1825 3427 divus

266 3440 535 3499 Thomas
551 3485 570 3514 ,
599 3457 808 3517 supra,
850 3443 912 3498 et
937 3438 1074 3497 aliis
1100 3439 1246 3498 locis
1271 3439 1434 3499 infra
1460 3439 1821 3499 referendis,

266 3532 622 3608 Docentque
642 3531 1138 3604 PanormitanuS,
1162 3531 1228 3590 in
1249 3530 1418 3590 rubr.
1434 3531 1510 3590 de
1536 3531 1794 3590 Constit.
1805 3575 1825 3604 ,

266 3622 498 3698 Felin.,
534 3624 599 3682 in
644 3642 776 3701 cap.
825 3623 973 3684 Cum
1004 3641 1200 3684 omne-5
1231 3623 1306 3682 de
1344 3624 1622 3696 constit„
1655 3642 1718 3683 n.
1763 3627 1823 3683 5.

264 3717 458 3776 Jason
482 3715 877 3791 cumFulgOS.
905 3715 973 3774 in
995 3715 1054 3774 d.
1078 3714 1122 3772 l.
1154 3719 1212 3789 1,
1235 3714 1301 3773 ff.
1326 3714 1401 3773 de
1421 3715 1631 3791 Legib.
1640 3731 1659 3791 3
1686 3715 1831 3775 licet

266 3807 444 3867 enim
467 3806 677 3866 dicant
697 3806 897 3883 legem
920 3823 1090 3883 posse
1111 3806 1231 3865 dici
1259 3813 1638 3885 praeceptum
1667 3825 1832 3866 com-

265 3917 489 3974 mune,
533 3905 595 3959 et
625 3918 698 3958 ex
728 3899 1090 3959 habitudine
1123 3899 1200 3958 ad
1230 3916 1373 3958 eum
1401 3918 1438 3958 a
1466 3919 1611 3977 quo,
1659 3907 1721 3960 et
1748 3901 1828 3960 ad

265 3992 467 4052 finem
494 3997 744 4070 propter
772 4008 954 4068 quem
986 3991 1204 4066 fertur,
1249 3996 1311 4051 et
1344 3992 1423 4050 ad
1444 3991 1581 4050 illos
1603 3993 1829 4069 quibus

264 4084 655 4162 imponitur3
683 4083 828 4142 satis
863 4100 1006 4142 vere
1042 4083 1318 4142 indicant
1358 4082 1490 4142 haec
1526 4084 1668 4158 tria,
1703 4103 1830 4143 non

265 4175 546 4247 divisim,
595 4173 698 4234 sed
741 4174 1118 4252 conjunctim
1164 4174 1230 4232 in
1271 4173 1407 4249 lege
1450 4175 1695 4251 propria
1736 4193 1831 4235 re-

267 4267 466 4346 quiri.
502 4266 667 4326 Idem
696 4265 885 4325 sensit
916 4265 1220 4325 Antonius
1252 4264 1495 4338 Gomez,
1531 4267 1597 4323 in
1624 4264 1731 4323 lib.
1768 4268 1827 4339 1,

265 4359 531 4420 Taurin.
557 4403 577 4432 ,
620 4377 683 4418 n.
715 4361 786 4432 5,
820 4357 930 4416 ubi
958 4357 1037 4417 ad
1070 4358 1372 4416 rationem
1397 4355 1551 4434 legis
1575 4357 1833 4434 requirit

266 4458 345 4511 ιιι
373 4451 454 4510 sit
492 4450 858 4523 communiS,
895 4456 956 4508 et
983 4467 1109 4508 non
1138 4448 1519 4526 particularis
1554 4455 1834 4527 respectu

265 4544 540 4620 alicujus
570 4560 845 4620 personae
862 4586 882 4615 ,
914 4547 975 4601 et
1001 4541 1109 4600 alii
1135 4559 1289 4620 quos
1316 4540 1481 4599 infra
1499 4585 1518 4616 ,
1551 4546 1613 4600 et
1635 4541 1835 4619 capite

265 4637 558 4717 sequenti
586 4636 943 4695 referemus,

354 4733 419 4790 9.
468 4730 790 4807 Potestque
819 4727 935 4786 hoc
965 4725 1213 4804 probari
1240 4725 1444 4803 primo
1479 4723 1839 4786 inductione

268 4821 592 4901 quadam3
642 4837 788 4878 nam
832 4818 935 4878 lex
987 4823 1217 4877 aeterna
1258 4826 1319 4877 et
1361 4816 1657 4877 naturalis
1697 4817 1841 4876 satis

268 4913 631 4978 communis
667 4918 780 4986 est,
813 4917 883 4972 ut
918 4916 1156 4972 constat
1188 4929 1204 4971 ε
1241 4911 1342 4971 lex
1369 4911 1556 4971 etiam
1598 4910 1833 4984 divina,

266 5015 410 5069 tam
451 5010 629 5064 vetus
674 5021 861 5082 quam
903 5022 1087 5078 nova,
1130 5021 1244 5081 pro
1290 5002 1839 5063 communitatibus

267 5101 421 5162 latae
461 5104 629 5170 sunt,
679 5095 787 5155 illa
825 5114 936 5174 pro
967 5095 1216 5174 judaico
1257 5095 1507 5173 populo,
1558 5094 1690 5155 hoec
1727 5111 1839 5172 pro

269 5190 545 5253 ecclesia
588 5186 899 5248 Catholica
946 5193 1007 5247 et
1051 5187 1341 5247 universo
1389 5187 1643 5246 mund0.
1717 5188 1836 5246 Nec

271 5285 487 5344 solum
531 5286 661 5340 tota
700 5280 825 5353 lex,
869 5279 975 5339 sed
1017 5279 1206 5339 etiam
1250 5279 1495 5356 singula
1536 5284 1837 5357 praecepta

271 5380 416 5457 ejus
454 5374 823 5451 generaliter
850 5374 976 5433 lata
1004 5379 1147 5433 sunt
1181 5395 1195 5431 τ
1233 5391 1358 5432 non
1392 5373 1552 5450 quod
1594 5372 1839 5450 singula

271 5471 537 5533 illorum
575 5483 688 5549 pro
727 5466 1013 5528 omnibus
1044 5472 1106 5535 et
1137 5465 1396 5548 singulis
1427 5463 1718 5525 membris
1743 5464 1837 5524 fe-

1885 676 2238 735 communia
2262 681 2584 754 praecepta,
2606 674 2772 753 leges
2790 673 3090 752 impositae
3113 674 3256 748 sint,
3284 673 3438 733 obli-

1886 774 2104 844 gantes
2149 768 2302 841 haec,
2351 768 2448 828 vel
2495 766 2603 827 illa
2649 768 2951 839 membra,
2992 768 3173 844 juxta
3222 784 3438 826 eorum

1885 877 2149 919 munera
2180 866 2240 920 et
2281 860 2702 937 capacitatem,
2749 878 2989 939 semper
3023 859 3299 919 ferantur
3325 860 3439 917 sub

1886 951 2164 1029 generali
2183 958 2244 1012 et
2272 953 2585 1011 communi
2613 953 2872 1013 ratione.
2913 953 3044 1012 Imo
3071 952 3255 1011 etiam
3285 970 3443 1029 pree-

1887 1052 2131 1122 ceptum
2170 1044 2449 1105 divinum
2486 1045 2846 1123 impositum
2889 1045 3034 1105 Adae
3065 1044 3128 1102 in
3156 1049 3317 1103 statu
3348 1045 3445 1102 in-

1891 1138 2211 1212 nocentiae,
2248 1155 2372 1196 non
2401 1137 2511 1197 soli
2540 1137 2628 1196 illi
2656 1155 2765 1215 pro
2790 1154 2900 1196 sua
2927 1154 3211 1214 persona,
3246 1136 3349 1195 sed
3374 1140 3445 1195 ut

1889 1230 2073 1308 capiti
2103 1229 2291 1288 totius
2325 1235 2562 1289 naturae
2601 1229 2960 1308 impositum
2996 1228 3135 1299 fuit,
3177 1233 3239 1287 et
3264 1228 3447 1287 dura-

1888 1330 2099 1384 turum
2126 1342 2365 1403 semper
2380 1325 2593 1385 fuisset
2613 1324 2678 1382 in
2707 1323 2815 1383 illo
2841 1328 3026 1396 statu,
3059 1328 3121 1381 et
3140 1320 3446 1398 obligatu-

1888 1436 2029 1477 rum
2070 1435 2309 1491 omneS,
2356 1427 2417 1477 et
2461 1417 2529 1477 in
2575 1421 2824 1476 tantum
2870 1414 3088 1474 habuit
3131 1413 3446 1492 propriam

1886 1510 2189 1570 rationem
2223 1509 2399 1588 legiS.
2448 1509 2634 1588 Cujus
2674 1509 2925 1585 signum
2971 1513 3085 1580 est,
3131 1506 3278 1584 quia
3305 1504 3448 1564 licet

1888 1603 2047 1663 Deus
2083 1603 2444 1680 imposuerit
2483 1608 2858 1681 praeceptum
2898 1600 3014 1660 soli
3042 1598 3212 1671 Adae,
3251 1597 3450 1675 prius-

1887 1712 2076 1772 quam
2100 1696 2288 1753 Evam
2318 1695 2632 1764 formaret,
2666 1693 3076 1752 nihilominus
3106 1692 3296 1750 etiam
3322 1691 3452 1749 Eva

1889 1807 2001 1866 per
2030 1787 2180 1847 illud
2212 1787 2483 1865 obligata
2511 1787 2652 1861 fuit,
2693 1792 2763 1845 ut
2791 1790 3030 1845 constat
3062 1801 3139 1843 ex
3166 1783 3350 1860 capit.
3386 1783 3445 1842 3.

1893 1880 1971 1939 At
1999 1898 2144 1939 vero
2177 1886 2550 1958 proeceptum
2578 1879 2741 1957 quod
2769 1880 2929 1938 Deus
2955 1876 3160 1955 posuit
3187 1874 3452 1935 Abrahae
3480 1925 3486 1929 .

1897 1971 1972 2029 de
2012 1971 2391 2031 immolando
2434 1972 2584 2045 filio,
2632 1990 2758 2032 non
2805 1974 3003 2049 potest
3041 1969 3162 2028 dici
3209 1967 3452 2045 proprie

1898 2063 2021 2136 lex,
2049 2063 2154 2121 sed
2173 2070 2566 2141 praeceptum,
2587 2065 2766 2141 juxta
2788 2079 3179 2123 communem
3201 2059 3453 2138 loquen-

1901 2154 1964 2212 di
1995 2154 2272 2214 modum.

1985 2247 2085 2304 10.
2132 2245 2215 2305 De
2253 2247 2389 2324 jure
2418 2251 2626 2305 autem
2672 2245 2836 2305 civili
2869 2245 3115 2304 videtur
3154 2244 3269 2302 hoc
3309 2243 3456 2303 satis

1904 2355 2263 2415 expressum
2305 2339 2372 2396 in
2403 2336 2446 2397 l.
2479 2340 2532 2399 J
2533 2356 2671 2411 ura,
2703 2339 2765 2410 2,
2801 2336 2854 2395 ff
2879 2336 2955 2395 de
2983 2334 3269 2410 Legibus.
3303 2334 3457 2392 Dici-

1904 2434 2007 2486 tur
2030 2429 2197 2487 enim
2228 2429 2314 2487 ibi
2349 2448 2364 2489 :
2393 2432 2446 2491 J
2448 2448 2565 2488 ura
2590 2448 2705 2488 non
2730 2430 2796 2488 in
2836 2427 3115 2504 sinyulas
3147 2442 3454 2503 personas,

1901 2523 2006 2582 sed
2023 2522 2383 2596 yeneraliter
2403 2522 2868 2581 constituuntur.
2901 2520 2984 2577 De
3005 2516 3245 2594 legibus
3271 2517 3461 2575 etiam

1902 2612 2211 2671 canonicis
2230 2612 2292 2670 id
2320 2611 2567 2689 probari
2592 2617 2813 2688 potest,
2841 2629 2913 2670 ex
2938 2610 3084 2669 dict.
3135 2626 3264 2685 cap.
3303 2609 3460 2669 Duoe

1894 2710 2059 2776 sunt,
2085 2709 2388 2780 quatenus
2408 2704 2472 2761 in
2498 2721 2571 2762 eo
2600 2703 2826 2762 dicitur
2843 2720 3106 2761 canones
3130 2706 3191 2761 et
3215 2701 3459 2759 decreta

1896 2814 1934 2855 a
1962 2796 2242 2855 Patribus
2261 2796 2423 2855 edita
2444 2813 2572 2854 esse
2593 2795 2759 2872 leges
2781 2795 3075 2873 publicas,
3106 2796 3229 2853 Lex
3249 2798 3458 2853 autem

1894 2888 2158 2966 privata,
2191 2906 2377 2965 quam
2404 2887 2491 2946 ibi
2528 2887 2836 2964 adjungit,
2870 2906 2997 2946 non
3027 2893 3118 2946 est
3141 2885 3243 2945 lex
3274 2902 3457 2944 cano-

1901 2980 2060 3051 nica,
2104 2979 2209 3038 sed
2245 2985 2333 3038 est
2359 2979 2543 3054 longe
2587 2980 2844 3039 diversae
2875 2980 3155 3053 rationis,
3195 2983 3264 3036 ut
3299 2976 3460 3035 dice-

1903 3089 2064 3131 mus».
2115 3071 2271 3131 Hinc
2310 3071 2496 3131 etiam
2543 3071 2871 3149 Gregorius
2905 3072 3016 3146 IX,
3056 3072 3123 3131 in
3159 3068 3459 3149 prooemio

1905 3164 2138 3223 Decret.
2168 3163 2370 3240 inquit
2399 3182 2420 3223 ·.
2450 3165 2592 3225 Ideo
2622 3165 2714 3224 lex
2730 3165 3036 3241 proditur,
3066 3169 3134 3223 ut
3158 3163 3459 3239 appetitus

1906 3261 2123 3316 noxius
2161 3257 2268 3316 sub
2286 3256 2462 3332 juris
2504 3256 2715 3334 rapula
2757 3256 3052 3315 limitetur
3079 3301 3093 3323 ‚
3130 3270 3239 3332 per
3278 3270 3461 3330 quam

1906 3365 2092 3424 ρεπιιε
2116 3348 2463 3421 humanum,
2499 3353 2566 3408 ut
2590 3349 2822 3408 honesto
2844 3347 3032 3420 vivat,
3071 3346 3456 3421 informetur.

1908 3439 2261 3498 Aristoteles
2312 3440 2523 3513 etiam,
2570 3439 2679 3499 lib.
2729 3439 2768 3497 6
2805 3438 2984 3497 Ethic
3013 3483 3033 3512 ,
3079 3438 3236 3496 dixit
3266 3435 3461 3494 facul-

1907 3537 2120 3606 tatem,
2145 3550 2251 3592 seu
2271 3532 2664 3610 prudentiam
2685 3531 3080 3591 serendarum
3099 3530 3311 3607 legum
3332 3546 3462 3589 esse

1909 3624 2466 3696 architectonicam,
2493 3642 2601 3683 seu
2623 3623 2917 3700 regalem,
2945 3624 3089 3701 quia
3108 3621 3465 3701 principalis

1910 3723 2080 3775 actus
2107 3716 2273 3775 illius
2301 3717 2640 3795 prudentiae
2663 3722 2755 3775 est
2781 3717 2948 3792 leges
2977 3715 3159 3789 ferre,
3186 3720 3257 3774 ut
3280 3732 3465 3791 expo-

1912 3808 2036 3867 suit
2055 3810 2126 3868 D.
2157 3809 2422 3869 Thomas
2445 3813 2504 3870 2.
2531 3812 2591 3881 2,
2619 3810 2936 3886 quaestion.
2963 3810 3065 3881 50,
3091 3813 3209 3866 art.
3240 3810 3266 3866 1
3299 3807 3376 3865 ad
3402 3808 3459 3868 3.

1914 3902 2247 3961 Prudentia
2279 3908 2487 3961 autem
2517 3902 2624 3961 illa
2657 3903 2899 3979 respicit
2928 3900 3461 3973 communitatem,

1910 3999 1972 4053 et
1994 3994 2153 4052 circa
2181 3992 2351 4053 illam
2373 4000 2652 4053 versatur
2675 4015 2688 4051 ε
2723 4012 2872 4070 ergo
2892 3995 3079 4053 etiam
3104 3992 3204 4050 lex
3233 4009 3310 4050 ex
3330 4008 3467 4050 sen-

1909 4085 2106 4144 tentia
2169 4084 2510 4143 Aristotelis
2576 4086 3088 4143 communitatem
3156 4083 3402 4160 respicit
3447 4103 3461 4141 :

1912 4175 2078 4233 unde
2106 4174 2171 4231 in
2206 4177 2235 4232 1
2274 4175 2376 4233 lib.
2415 4174 2665 4233 Rhetor.
2691 4218 2710 4247 ,
2766 4192 2817 4233 c.
2869 4177 2928 4245 4,
2981 4174 3176 4247 dixit,
3218 4174 3471 4234 salutem

1914 4265 2186 4327 civitatis
2210 4266 2278 4324 in
2300 4265 2530 4341 leyibus
2547 4263 2811 4341 positam
2837 4281 2978 4324 esse.
3009 4265 3086 4323 Et
3112 4265 3177 4322 in
3207 4280 3466 4342 prooem.

1915 4356 2166 4418 Rhetor.
2198 4356 2274 4417 ad
2305 4356 2477 4416 Alex.
2501 4401 2520 4429 ,
2566 4355 2722 4414 dixit
2765 4356 2966 4433 legem
3011 4373 3139 4416 esse
3177 4357 3473 4417 rationem

1916 4451 2209 4512 communi
2261 4466 2543 4512 consensu
2589 4449 2862 4510 civitatis
2901 4449 3210 4523 definitam
3241 4497 3257 4521 ‚
3309 4454 3421 4509 etc.
3448 4494 3469 4523 ‚

1918 4560 2269 4621 supponens
2294 4559 2409 4620 pro
2437 4540 2653 4601 eadem
2681 4542 3124 4601 communitate
3152 4540 3476 4617 dirigenda

1917 4636 2088 4695 ferri.
2138 4634 2305 4694 Idem
2339 4652 2496 4712 saepe
2537 4634 2756 4711 repetit
2789 4633 2962 4693 Plato
2994 4633 3069 4693 de
3106 4632 3370 4711 legibuS,
3414 4644 3475 4694 et

1920 4745 2134 4787 omnes
2153 4726 2500 4805 philosophi
2522 4727 2608 4786 ita
2627 4727 2991 4804 loquuntur.
3020 4727 3195 4786 Unde
3219 4726 3472 4802 Biesius,

1921 4820 2030 4881 lib.
2065 4822 2104 4879 4
2133 4819 2209 4878 de
2247 4818 2483 4896 Repub.
2512 4835 2529 4878 ι
2563 4819 2745 4898 Leyes
2769 4818 2894 4898 (ait)
2919 4818 3313 4897 suntpublica
3334 4820 3477 4880 vitoe

1912 4917 2232 4991 praecepta,
2266 4911 2479 4989 quibus
2496 4929 2602 4972 nos
2621 4929 2815 4972 omnes
2835 4911 3230 4988 obtemperare
3250 4928 3477 4991 semper

1919 5010 2166 5084 oportet,
2216 5008 2332 5064 etc.
2383 5003 2592 5081 Itaque
2626 5003 2805 5080 juxta
2850 5018 3249 5062 communem
3294 5022 3476 5066 usum

1914 5097 2155 5176 jurium
2201 5100 2263 5155 et
2307 5095 2682 5172 sapientum,
2723 5111 2852 5153 non
2899 5100 2990 5154 est
3025 5094 3284 5154 dubium
3325 5098 3477 5174 quin

1920 5190 2174 5249 nomine
2194 5187 2350 5262 legis
2369 5185 2748 5262 significetur
2766 5191 3137 5264 praeceptum
3162 5187 3476 5266 publicum

1918 5278 2351 5340 communitati
2395 5277 2578 5336 alicui
2601 5322 2621 5351 ,
2665 5282 2726 5336 et
2768 5295 2892 5336 non
2929 5283 3171 5338 tantum
3205 5281 3340 5355 uni,
3378 5281 3478 5340 vel
3590 5321 3604 5334 .

1918 5373 2094 5432 alteri
2128 5386 2401 5449 personae
2426 5369 2824 5445 singulariter
2851 5370 3232 5447 impositum.

2005 5469 2103 5524 11.
2153 5461 2567 5538 Confirmata·
2606 5463 2897 5530 sententia
2938 5464 3201 5546 amptius
3228 5480 3298 5526 ea>
3325 5462 3478 5546 leyis
