3976 6219
762 373 897 425 CAP.
933 373 1082 425 xxn.
1121 371 1333 425 trram!
1365 372 1488 424 Lux
1520 370 1655 424 n>so
1686 369 1836 423 JURE
1869 369 2157 423 IRRITANS
2191 369 2416 431 ACTUH.
2453 370 2743 435 mentm,
2780 371 2915 424 E'rc.

3331 371 3450 431 515

247 476 424 533 actus
455 488 473 533 t
505 489 677 550 ergo,
723 490 758 532 e
802 471 1134 546 contrario,
1175 477 1247 532 ut
1291 471 1494 532 valere
1522 469 1710 550 possit
1737 468 1804 528 in
1884 468 2047 529 hanc
2067 468 2477 530 irritationem
2498 487 2536 529 a
2555 487 2761 548 poena,
2786 475 2857 530 ut
2878 488 3061 550 supra
3073 473 3280 535 retuli.
3296 476 3452 537 Con-

250 565 460 645 aliquo
493 584 660 639 casu,
683 583 926 626 necesse
960 570 1142 625 estut
1166 583 1279 644 pro
1312 565 1419 624 illo
1437 582 1566 624 non
1596 564 1676 623 sit
1700 580 1809 641 po-

249 658 370 718 sita
395 656 519 718 lex.
552 658 751 717 Minor
776 663 984 719 autem
1006 657 1322 737 probatur,
1346 657 1494 736 quia
1523 662 1645 716 tres
1671 660 1808 715 tan-

249 754 389 810 tum
422 749 520 810 vel
542 754 808 829 quatuor
829 767 1025 810 causae
1058 749 1157 809 vel
1189 749 1534 810 occasiones
1561 748 1812 826 excogi-

249 843 666 921 taripossunt,
695 842 775 904 ob
804 861 958 922 quas
983 845 1050 903 in
1071 842 1428 922 particulari
1455 860 1598 903 casu
1619 841 1812 921 possit

250 934 359 995 illa
389 936 812 1014 interpretatio
841 934 975 996 fieri
1006 935 1074 995 in
1106 934 1219 994 tali
1239 934 1398 1013 lege.
1425 934 1562 995 Una
1589 938 1679 995 est
1705 932 1811 1023 de-

252 1025 451 1089 fectus
477 1027 810 1088 voluntatis
847 1028 917 1087 in
945 1045 1019 1088 eo
1042 1027 1151 1106 qui
1187 1026 1337 1086 facit
1380 1030 1594 1086 contra
1620 1024 1807 1086 talem

250 1119 455 1199 legem
484 1139 594 1200 per
617 1121 1059 1200 ignorantiam;
1077 1119 1199 1180 alia
1220 1119 1339 1180 erit
1365 1118 1582 1179 similis
1610 1118 1810 1179 defec-

252 1219 357 1274 tus
398 1221 650 1293 propter
698 1220 932 1274 metum
947 1230 967 1291 3
1016 1212 1201 1273 tertia
1227 1229 1356 1272 esse
1396 1216 1618 1291 potest,
1664 1211 1812 1290 quia

254 1306 622 1367 contrahens
645 1324 754 1367 seu
792 1324 1054 1385 operans
1081 1304 1244 1366 cedit
1266 1304 1397 1383 juri
1420 1318 1568 1379 suo;
1594 1312 1814 1382 quarta

253 1417 384 1460 esse
427 1404 627 1480 potoet
669 1399 996 1461 necessitas
1033 1398 1243 1479 aliqua
1295 1415 1433 1476 quoe
1477 1403 1657 1475 cogat
1703 1414 1815 1475 per

254 1490 549 1570 epiikiam
562 1491 957 1572 interpretari
982 1509 1107 1552 non
1131 1489 1317 1551 fuisse
1345 1493 1618 1550 mentem
1647 1488 1819 1567 prin-

254 1583 406 1663 cipis
426 1602 537 1663 pro
559 1602 633 1645 eo
669 1602 811 1646 casu
835 1583 1111 1663 obligare
1129 1598 1151 1660 3
1179 1581 1422 1662 quinto,
1455 1580 1598 1642 addi
1619 1586 1819 1660 potest

255 1677 512 1738 cessatio
530 1695 727 1738 causae
749 1682 812 1738 et
836 1676 1093 1737 rationis
1119 1675 1293 1754 legis.
1315 1674 1435 1735 Sed
1452 1673 1528 1734 de
1549 1671 1647 1733 his
1665 1673 1817 1734 dua-

259 1768 374 1831 bus
406 1770 679 1833 dicemus
709 1770 932 1833 melius
964 1769 1164 1850 capite
1193 1766 1506 1846 sequenti,
1553 1766 1719 1845 quia,
1764 1766 1818 1826 si

256 1881 418 1924 verae
440 1869 608 1939 sunt,
639 1863 707 1924 in
738 1863 826 1924 eis
847 1861 1182 1923 intervenit
1213 1860 1494 1940 quaedam
1518 1859 1819 1939 interpre-

257 1956 449 2016 tativa
495 1955 867 2036 dispensatio
913 1955 1087 2034 legis.
1127 1956 1219 2015 Ex
1259 1952 1396 2014 aliis
1443 1969 1590 2013 vero
1617 1951 1818 2013 tribus

258 2047 457 2108 causis
483 2048 657 2109 nulla
685 2053 777 2109 est
804 2047 1131 2108 sufficiens.

344 2144 404 2201 7.
447 2142 527 2201 Et
557 2140 889 2218 imprimis,
918 2140 1083 2219 quod
1111 2137 1463 2217 ignorantia
1501 2136 1656 2215 legis
1681 2134 1821 2197 irri-

258 2232 449 2294 tantis
488 2250 618 2293 non
664 2232 962 2311 impediat
989 2231 1401 2292 irritationem
1427 2235 1601 2290 actus
1619 2274 1637 2304 ‚
1694 2229 1823 2291 sive

265 2324 620 2404 ignorantia
646 2323 726 2383 sit
758 2323 833 2384 de
869 2323 1000 2385 sola
1031 2324 1095 2384 vi
1122 2322 1408 2383 irritandi
1435 2322 1590 2407 legis
1622 2367 1642 2397 ,
1693 2323 1822 2384 sive

262 2417 536 2479 absolute
587 2416 664 2477 de
704 2419 836 2476 tota
864 2415 1034 2493 lege,
1079 2413 1497 2475 indubitatum
1528 2419 1620 2473 est
1656 2413 1822 2492 apud

263 2527 501 2583 omnes,
547 2512 619 2568 ut
661 2512 831 2586 patet
880 2524 954 2567 ex
998 2506 1209 2567 Glossa
1252 2506 1320 2565 in
1348 2506 1642 2566 Clement.
1678 2508 1714 2566 2
1743 2504 1821 2566 de

264 2603 572 2678 Haeretic.,
622 2600 793 2663 verb.
824 2601 935 2662 Em
978 2605 1140 2674 tunc,
1188 2615 1377 2676 quam
1406 2598 1583 2658 Cord.
1615 2603 1677 2659 et
1713 2598 1821 2658 alii

263 2694 674 2757 communiter
691 2692 780 2752 ibi
805 2697 1150 2771 sequuntur
1160 2706 1180 2767 3
1202 2690 1419 2751 Decius
1441 2691 1506 2750 in
1522 2706 1657 2765 cap.
1688 2691 1727 2750 2
1748 2689 1826 2751 de

263 2788 620 2860 Constitut„
649 2784 789 2845 lect.
812 2785 875 2858 2,
904 2802 970 2843 n.
1000 2784 1070 2856 ὃς
1101 2788 1164 2843 et
1186 2782 1275 2841 ibi
1299 2781 1525 2857 Abbas,
1551 2779 1824 2856 Felinus,

182 2945 196 2958 .
268 2884 329 2939 et
352 2877 482 2951 alii,
533 2877 700 2950 Soto,
737 2873 848 2935 lib.
898 2876 921 2934 1
966 2873 1043 2933 de
1087 2872 1358 2946 Iustitia,
1390 2890 1453 2951 q.
1504 2875 1565 2947 1,
1608 2877 1726 2933 art.
1758 2874 1823 2946 4,

266 2988 407 3033 cum
448 2968 660 3030 multis
711 2983 866 3046 quos
913 2964 1077 3025 infra
1126 2964 1463 3025 referemus
1504 2963 1824 3024 tractando

265 3063 341 3124 de
368 3060 860 3143 promulgatione
881 3057 1036 3137 legis
1056 3056 1358 3117 irritantis
1375 3056 1720 3118 necessaria
1744 3055 1824 3116 ad

265 3156 554 3218 effectum
585 3150 870 3214 irritandi
880 3166 901 3227 3
934 3155 997 3212 et
1017 3149 1222 3229 plures
1245 3148 1434 3209 etiam
1464 3147 1654 3209 refert
1675 3149 1829 3208 San-

268 3249 371 3323 ci.,
401 3248 443 3309 1.
482 3249 517 3306 7
545 3246 623 3307 de
641 3243 1062 3318 Matrimonio,
1090 3240 1248 3320 disp.
1279 3242 1342 3316 9,
1373 3258 1439 3301 n.
1474 3242 1573 3302 10.
1605 3237 1832 3300 Proba-

267 3345 492 3418 turque
520 3335 894 3398 sufficienter
924 3352 1003 3396 ex
1045 3351 1100 3394 c.
1159 3336 1189 3393 1
1242 3332 1321 3393 de
1364 3331 1639 3393 concess,
1664 3348 1829 3410 prae·

267 3432 480 3507 bend„
530 3437 593 3492 et
618 3447 695 3490 ex
735 3447 787 3489 c.
816 3428 1084 3502 Dudum,
1127 3430 1189 3487 et
1225 3442 1360 3504 cap.
1396 3424 1725 3499 Quoddam,
1751 3422 1829 3484 de

269 3522 612 3599 Praebend.,
643 3522 712 3582 in
738 3522 800 3581 6.
837 3519 1015 3581 Ratio
1049 3523 1261 3580 autem
1292 3522 1384 3576 est
1409 3533 1595 3595 supra
1641 3519 1826 3590 tacta,

267 3617 416 3695 quia
431 3614 785 3695 ignorantia
809 3611 1010 3672 solum
1031 3614 1232 3691 potest
1257 3625 1548 3669 excusare
1566 3625 1605 3666 a
1623 3605 1826 3685 culpa3

267 3707 400 3767 haec
461 3711 674 3767 antem
744 3703 1011 3765 irritatio
1065 3720 1194 3763 non
1248 3699 1475 3781 pendet
1523 3716 1561 3758 a
1613 3698 1826 3776 culpa,

269 3800 417 3879 quia
434 3817 561 3860 non
590 3803 682 3858 est
702 3814 910 3876 poena,
932 3800 1004 3855 ut
1025 3813 1160 3875 cap.
1188 3795 1266 3856 19
1293 3793 1529 3874 dictum
1552 3796 1665 3865 est,
1684 3789 1831 3869 quia

269 3910 396 3954 non
420 3892 488 3952 in
513 3890 748 3963 odium,
784 3906 893 3949 seu
919 3887 1260 3949 vindictam
1290 3884 1525 3965 peccati
1550 3883 1826 3961 ponitur,

268 3985 372 4046 sed
409 4001 520 4063 per
547 3999 612 4043 se
661 3990 913 4060 propter
956 3995 1283 4039 commune
1331 3975 1567 4035 bonum
1617 3991 1633 4034 ε
1680 3990 1830 4050 ergo

269 4074 621 4155 ignorantia
659 4089 789 4133 non
835 4075 1036 4150 potest
1075 4069 1315 4130 obstare
1366 4065 1516 4126 huic
1559 4063 1825 4125 effectui.

270 4168 441 4229 Dices
488 4182 505 4226 ε
541 4162 790 4244 quando
833 4167 1007 4222 actus
1059 4158 1421 4239 simpliciter
1470 4156 1834 4235 prohibetur

269 4277 380 4339 per
405 4257 631 4334 legem,
661 4259 810 4313 tunc
826 4253 1091 4313 irritatio
1109 4268 1296 4331 poena
1323 4255 1414 4311 est
1430 4248 1705 4327 ejusdem
1731 4265 1831 4309 ac-

269 4356 370 4410 tus
401 4352 615 4408 contra
639 4345 843 4424 legem
867 4345 1035 4407 facti.
1057 4343 1415 4424 Respondeo
1442 4343 1631 4403 etiam
1656 4341 1830 4402 illam

271 4458 400 4500 non
447 4455 576 4499 esse
622 4437 867 4516 proprie
912 4453 1160 4516 poenam
1192 4453 1265 4497 ex
1295 4434 1590 4515 primaria
1628 4433 1831 4494 inten-

271 4532 438 4593 tione
468 4529 664 4609 legis;
694 4546 843 4589 nam
869 4546 980 4608 per
1011 4545 1077 4589 se
1114 4527 1383 4589 intendit
1418 4524 1828 4587 irritationem

271 4629 520 4705 propter
567 4623 802 4683 bonum
835 4637 1199 4696 commune3
1229 4625 1300 4680 ut
1351 4624 1520 4698 patet
1568 4618 1645 4678 de
1691 4617 1828 4696 lege

273 4718 556 4778 irritante
583 4713 1053 4774 matrimonium
1095 4713 1263 4773 inter
1309 4709 1826 4787 consanguineos,

273 4814 336 4870 et
361 4808 498 4869 aliis
524 4805 846 4867 similibus.
874 4805 1023 4879 Quae
1049 4806 1240 4866 etiam
1272 4802 1475 4882 quoad
1497 4803 1660 4862 hanc
1691 4819 1831 4880 par-

272 4908 400 4963 tem
427 4901 593 4980 leges
620 4899 884 4960 morales
927 4903 1072 4959 sunt
1097 4904 1160 4959 et
1181 4897 1511 4970 directivae,
1542 4900 1615 4955 ut
1648 4911 1835 4973 supra

273 4995 427 5069 dixi,
462 4999 525 5054 et
549 4992 690 5053 ideo
712 4991 1069 5069 ignorantia
1090 5009 1216 5051 non
1244 4988 1501 5072 impedit
1525 4986 1715 5048 talem
1745 4986 1833 5047 ef-

273 5087 528 5149 fectum.
554 5084 728 5146 Unde
759 5084 949 5144 etiam
989 5089 1266 5144 auctores
1291 5081 1400 5162 qui
1427 5081 1588 5141 hanc
1610 5084 1834 5140 vocant

276 5196 524 5260 poenam
564 5178 776 5237 dicunt
814 5194 941 5237 esse
977 5176 1130 5237 adeo
1165 5176 1597 5248 intrinsecam,
1627 5179 1696 5233 ut
1722 5191 1834 5253 per

276 5270 694 5352 ignorantiam
719 5285 845 5328 non
868 5269 1265 5348 impediatur,
1295 5273 1365 5327 ut
1392 5284 1468 5327 ex
1500 5265 1713 5325 multis
1739 5283 1837 5326 re-

279 5366 396 5425 fert
424 5363 657 5436 Sanci.,
701 5361 746 5421 l.
776 5362 813 5420 3
845 5361 921 5420 de
961 5363 1256 5436 Matrim.,
1283 5361 1438 5440 disp.
1473 5361 1572 5432 17,
1618 5377 1680 5419 n.
1717 5361 1833 5437 103

1886 559 2175 621 firmatur
2187 579 2225 620 a
2240 561 2451 636 simili,
2471 580 2619 621 nam
2630 562 3048 641 irregularitas
3070 584 3209 644 quae
3220 584 3346 626 non
3361 572 3454 629 est

1889 671 2075 732 poena
2123 654 2466 714 incurritur
2503 673 2628 715 non
2677 655 2959 717 obstante
2980 659 3352 735 ignorantia,
3383 665 3453 720 ut

1891 763 1969 807 ex
1993 746 2241 825 propria
2268 747 2530 807 materia
2552 754 2811 824 constat,
2840 753 2904 809 et
2930 749 3092 812 idem
3131 757 3222 811 est
3259 752 3334 813 de
3362 753 3457 813 in·

1890 838 2361 918 habilitatequae
2384 856 2511 900 non
2543 844 2635 900 est
2653 858 2860 920 poena‚
2891 849 2962 901 ut
2983 848 3155 921 patet
3178 844 3255 904 de
3276 845 3455 905 inha-

1889 929 2129 992 bilitate
2146 931 2225 992 ad
2242 931 2712 993 matrimonium
2735 939 3049 995 contracta
3066 953 3143 996 ex
3157 936 3457 999 affinitate

1890 1023 1991 1083 vel
2020 1024 2416 1102 cognatione:
2456 1042 2605 1102 ergo
2631 1024 2797 1086 idem
2826 1026 2943 1086 erit
2968 1027 3035 1086 in
3063 1030 3372 1107 praesenti.

1889 1132 1894 1153 ³
1967 1116 2031 1177 8.
2075 1116 2361 1178 Diluitur
2398 1117 2661 1195 objectiO.
2683 1119 3055 1199 —Denique
3090 1126 3258 1199 patet
3307 1139 3458 1182 con-

1890 1206 2084 1268 clusio
2109 1207 2469 1269 inductione
2502 1209 2570 1269 in
2601 1215 2972 1271 testamento
3004 1212 3212 1273 minus
3236 1213 3460 1274 solem·-

1893 1299 1984 1374 ni,
2007 1304 2069 1360 et
2091 1298 2419 1361 similibus.
2446 1301 2711 1361 Unicum
2739 1307 2949 1364 tamen
2972 1304 3326 1383 exemplum
3345 1323 3459 1384 pro

1896 1391 2111 1453 multis
2138 1392 2366 1453 sufficit
2396 1393 2472 1453 de
2501 1394 2888 1456 solemnitate
2920 1397 3217 1476 requisita
3251 1398 3329 1457 ad
3357 1417 3461 1459 va·

1895 1484 2092 1546 lorem
2151 1486 2538 1547 matrimonii
2572 1505 2684 1567 per
2728 1488 3071 1550 Concilium
3112 1491 3457 1552 Tridentin.

1895 1578 2002 1638 Est
2024 1576 2193 1637 enim
2229 1578 2637 1640 certissimum
2670 1580 2723 1640 si
2753 1580 2984 1660 absque
3016 1581 3124 1643 illa
3150 1601 3317 1643 nunc
3353 1583 3465 1645 fiat

1898 1670 2371 1731 matrimonium
2390 1671 2553 1732 inter
2580 1672 2958 1751 ignorantes,
2990 1674 3093 1734 ubi
3124 1675 3464 1737 Concilium

1897 1769 1990 1825 est
2017 1763 2479 1844 promulgatum
2498 1765 2650 1826 illud
2673 1784 2803 1829 esse
2830 1767 3096 1844 nullum,
3136 1774 3209 1829 ut
3249 1786 3466 1835 omnes

1898 1858 2179 1919 moderni
2202 1859 2280 1921 de
2308 1860 2711 1922 matrimonio
2737 1860 3071 1923 scribentes
3097 1862 3463 1940 docuerunt,

1898 1957 1960 2012 et
1992 1950 2219 2013 Medin.
2256 1955 2313 2013 1.
2345 1955 2409 2029 2,
2443 1953 2766 2033 quaestion.
2801 1955 2903 2029 90,
2929 1954 3103 2016 artic.
3135 1956 3197 2014 4.
3229 1957 3306 2016 Et
3332 1972 3467 2016 om-

1901 2062 2012 2105 nes
2039 2043 2312 2124 theologi
2344 2047 2761 2123 consentiunt,
2800 2046 2949 2126 quia
2988 2048 3176 2108 verba
3212 2048 3470 2110 Concilii

1901 2136 2359 2198 absolutissima
2380 2143 2545 2215 sunt,
2581 2145 2642 2200 et
2686 2138 2861 2200 illam
2892 2139 3119 2201 addere
3164 2141 3469 2220 exceptio-

1903 2247 2050 2290 nem
2073 2229 2248 2290 valde
2271 2232 2672 2292 temerarium
2711 2238 2886 2293 esset.
2922 2234 3051 2294 Imo
3094 2233 3235 2294 ideo
3257 2234 3471 2296 Conci-

1902 2320 2061 2382 lium
2088 2321 2284 2382 voluit
2305 2324 2715 2384 necessariam
2744 2342 2873 2386 esse
2900 2325 3471 2404 promulgationem

1901 2413 2070 2474 illius
2093 2413 2321 2475 decreti
2343 2415 2411 2475 in
2441 2415 2703 2494 singulis
2730 2416 3035 2495 parochiis
3064 2417 3142 2478 ad
3182 2419 3470 2480 effectum

1901 2506 2214 2583 irritandi,
2246 2515 2307 2568 et
2332 2514 2468 2588 post
2499 2508 2673 2569 illam
2722 2511 2909 2570 unius
2952 2510 3182 2572 mensis
3226 2517 3473 2592 tempus

1901 2601 2220 2674 concessit,
2252 2617 2333 2660 ne
2361 2601 2765 2661 matrimonia
2788 2601 2918 2662 ulla
2940 2602 3105 2664 inter
3120 2603 3477 2682 ignorantes

1905 2688 2042 2750 fieri
2072 2691 2475 2770 contingeret.
2504 2693 2861 2771 Ignorantia
2883 2712 3034 2773 ergo
3060 2712 3187 2755 non
3214 2695 3475 2775 impedit

1903 2780 2068 2849 hanc
2092 2781 2467 2844 nullitatem.
2500 2783 2670 2845 Idem
2696 2785 2906 2847 videre
2926 2786 3073 2848 licet
3100 2787 3170 2847 in
3188 2787 3328 2848 aliis
3355 2790 3475 2849 im-

1906 2876 2278 2953 pedimentis
2305 2876 2695 2938 irritantibus
2721 2878 2821 2940 vel
2855 2880 3348 2957 matrimonium,
3373 2881 3477 2944 vel

1908 2967 2372 3045 professionem,
2417 2975 2480 3029 et
2505 2970 2781 3031 similias
2803 2972 3016 3033 Dices:
3051 2972 3185 3034 haec
3208 2974 3477 3036 irritatio

1912 3075 2073 3138 saepe
2098 3056 2170 3119 fit
2201 3058 2281 3119 -in
2333 3059 2597 3137 gratiam
2645 3063 3106 3142 contrahentis3
3140 3071 3205 3126 at
3234 3064 3477 3128 benefi-

1913 3151 2083 3211 cium
2100 3169 2229 3211 non
2242 3151 2555 3212 confertur
2572 3153 2790 3230 invito,
2811 3156 3011 3236 qualis
3038 3162 3131 3218 est
3143 3157 3437 3237 ignorans
3454 3176 3472 3221 τ

1915 3258 2086 3320 ergo.
2119 3242 2476 3323 Respondeo
2508 3246 2707 3323 primo
2743 3265 2854 3326 per
2905 3254 3269 3328 potestatem
3293 3269 3476 3331 supe-

1907 3334 2136 3396 riorem
2150 3335 2339 3396 etiam
2362 3335 2558 3397 invito
2578 3338 2844 3400 conferri
2862 3339 3254 3415 beneficium,
3276 3362 3477 3422 quan·

1908 3426 1988 3486 do
2030 3426 2122 3486 illi
2173 3426 2271 3487 vel
2319 3431 2637 3489 communi
2669 3430 2833 3491 bono
2883 3433 3132 3511 expedit
3140 3449 3161 3510 3
3204 3436 3476 3496 secundo

1909 3517 2048 3577 dico
2079 3516 2259 3578 illum
2282 3537 2410 3579 non
2437 3538 2569 3581 esse
2596 3522 2889 3598 invitum,
2924 3524 3030 3585 sed
3058 3525 3138 3584 ad
3159 3543 3477 3588 summum

1909 3625 2039 3668 non
2057 3609 2389 3686 volentem,
2412 3613 2577 3690 quod
2590 3614 2768 3675 valde
2790 3616 3101 3677 diversum
3131 3624 3223 3677 est
3249 3634 3265 3679 ε
3298 3620 3476 3696 igno-

1908 3702 2113 3762 rantia
2136 3703 2304 3763 enim
2339 3705 2591 3783 praecise
2622 3714 2866 3786 sumpta
2894 3727 3021 3769 non
3049 3716 3261 3770 causat
3297 3711 3476 3773 invo-

1909 3791 2251 3855 luntarium
2291 3797 2551 3874 positive
2583 3799 2685 3874 (ut
2710 3800 2795 3860 sic
2817 3800 3088 3878 dicam),
3135 3804 3241 3863 sed
3274 3805 3476 3867 solum

1910 3903 2038 3945 non
2059 3887 2502 3962 voluntarium,
2535 3894 2598 3948 et
2626 3907 2783 3969 saepe
2807 3891 2878 3951 fit
2899 3892 3271 3954 beneficium
3300 3897 3475 3975 igno-

1908 3976 2098 4053 ranti,
2128 3982 2190 4037 et
2220 3978 2351 4038 sine
2401 3996 2703 4040 consensu
2734 3982 2867 4059 ejus
2895 4002 3178 4062 expresso
3205 3986 3302 4046 vel
3330 3989 3477 4049 taci-

1909 4073 1996 4129 to.
2025 4069 2154 4128 Dici
2175 4069 2327 4128 item
2352 4075 2555 4149 potest
2591 4089 2913 4151 nunquam
2947 4075 3155 4136 deesse
3177 4094 3476 4155 praesum-

1911 4168 2087 4240 ptum
2149 4177 2554 4240 consensum3
2607 4166 2894 4243 quamvis
2935 4184 3151 4229 revera
3200 4188 3315 4231 nec
3370 4172 3476 4234 ille

1911 4252 2285 4314 necessarius
2312 4253 2413 4328 sit,
2444 4254 2592 4334 quia
2625 4274 2736 4335 per
2761 4256 2873 4318 has
2902 4259 3071 4338 leges
3102 4278 3213 4339 per
3239 4279 3306 4322 se
3333 4281 3476 4324 con-

1908 4343 2134 4407 sulitur
2157 4347 2473 4406 communi
2511 4345 2699 4409 bono.

1987 4439 2051 4500 9.
2095 4438 2187 4499 De
2226 4439 2602 4500 contrahente
2630 4441 3084 4505 matrimonium
3126 4437 3195 4507 'ob
3226 4451 3470 4509 metum.

1908 4530 2239 4591 —Deinde
2286 4533 2450 4611 quod
2479 4539 2683 4594 metus
2733 4552 2859 4595 non
2901 4535 3220 4616 impediat,
3256 4541 3477 4603 eodem

1910 4623 2195 4704 exemplo
2230 4624 2409 4685 facile
2436 4626 2674 4687 ostendi
2701 4633 2921 4706 potest,
2943 4630 3091 4709 quia
3116 4632 3169 4691 si
3195 4633 3336 4711 quis
3364 4653 3475 4713 per

1910 4723 2150 4777 metum
2191 4718 2408 4777 mortis
2443 4724 2699 4797 cogatur
2725 4738 2893 4781 nunc
2942 4722 3301 4784 contrahere
3342 4744 3476 4787 ma·

1909 4808 2278 4869 trimonium
2309 4809 2443 4870 sine
2474 4810 2739 4888 parocho
2768 4818 2828 4872 et
2858 4813 3138 4889 testibus,
3169 4816 3326 4876 nihil
3345 4818 3476 4878 effi-

1911 4902 2056 4976 ciet,
2085 4905 2148 4960 et
2171 4900 2337 4960 idem
2365 4900 2432 4959 in
2448 4902 2808 4963 universum
2830 4922 2961 4965 esse
2980 4906 3055 4967 de
3076 4908 3476 4971 contrahente

1910 5010 2024 5072 per
2049 4997 2286 5052 metum
2311 5009 2453 5052 cum
2497 4994 2943 5073 impedimento
2983 4997 3266 5059 irritante
3301 5001 3478 5062 docet

1910 5085 2185 5163 Cajetan.
2214 5087 2270 5144 1.
2294 5086 2357 5159 2,
2379 5103 2441 5164 q.
2473 5088 2577 5161 96,
2602 5093 2721 5148 art.
2745 5089 2816 5165 43
2838 5094 2901 5149 et
2919 5089 3006 5149 ibi
3024 5091 3252 5151 Medin.
3281 5099 3344 5154 et
3368 5093 3478 5154 alii

1914 5176 2233 5254 moderni3
2263 5177 2431 5253 soto,
2463 5177 2574 5238 lib.
2610 5181 2637 5238 1
2673 5179 2750 5240 de
2777 5180 3049 5256 Justiti'a,
3078 5200 3138 5261 q.
3171 5183 3235 5260 6,
3266 5190 3380 5245 art.
3408 5187 3473 5261 4,

1916 5275 1978 5329 et
2004 5269 2071 5329 in
2098 5270 2161 5342 4,
2204 5269 2265 5329 d.
2318 5270 2419 5344 22,
2461 5288 2524 5349 q.
2581 5272 2639 5345 1,
2674 5277 2793 5331 art.
2843 5273 2923 5347 43
2968 5274 3221 5350 Navar.,
3265 5294 3319 5335 c.
3370 5277 3473 5352 27,

1919 5379 1982 5420 n.
2014 5362 2149 5421 141.
2184 5361 2353 5421 Idem
2376 5379 2524 5440 ergo
2546 5363 2666 5422 erit
2689 5363 2757 5423 in
2784 5382 3170 5444 quacumque
3189 5367 3312 5427 alia
3337 5367 3477 5445 lege

278 5473 634 5538 quanquam
651 5453 856 5534 plures
874 5472 951 5514 ex
974 5455 1092 5514 illis
1116 5455 1322 5534 potius
1342 5452 1842 5532 condistinguant
1918 5454 2221 5517 irritante.
2258 5455 2430 5516 Dices
2474 5456 2541 5516 in
2578 5457 2974 5518 matrimonio
3001 5458 3155 5529 illud
3184 5460 3475 5538 inveniri,
