3976 6219
528 379 651 439 446

1429 384 1549 436 LIB.
1587 384 1647 436 V.
1682 384 1764 436 1)ss
1795 383 2155 438 vammum
2181 383 2395 438 mmm
2422 386 2831 440 nummum.

533 481 976 557 controversia,
1010 487 1072 543 et
1098 498 1212 560 pro
1233 482 1476 544 ratione
1495 481 1747 558 sufficst,
1776 484 1939 564 quod
1961 501 2097 546 ver·
2175 485 2437 549 verbum
2473 486 2791 565 propriam
2826 484 2955 545 vim
2996 489 3059 545 et
3085 483 3622 562 significationem
3649 481 3763 544 ha-

532 577 615 638 ba
641 575 750 636 illa
778 576 847 634 in
874 574 1081 653 rigore
1114 574 1435 636 sufficiunt
1470 577 1550 638 ad
1587 575 1706 636 hoc
1742 575 2099 656 significan·
2175 578 2301 652 bet,
2327 579 2570 641 etiamsi
2597 596 2794 640 unum
2820 582 3069 638 tantum
3095 576 3339 655 signum
3369 582 3659 656 ponatur
3686 577 3762 637 de

531 669 708 743 dum,
756 674 819 728 et
858 667 1022 747 quod
1070 669 1420 729 eommunis
1461 687 1630 744 usuS,
1651 676 1726 750 ‘et
1750 687 1985 745 sensus,
2025 687 2099 731 ac

532 760 928 822 observantia
941 760 1160 847 talium
1190 761 1401 841 legum
1419 762 1707 837 ostendit,
1731 763 1799 823 in
1827 763 1945 824 1100
1963 780 2101 824 sen-

536 871 609 914 su
635 854 943 933 usurpari,
973 871 1173 933 neque
1195 854 1264 914 in
1297 854 1397 915 his
1428 854 1768 915 canonibus
1800 861 2105 934 tempera-

541 954 682 1008 tum
706 965 837 1008 esse
860 947 1065 1027 aliquo
1089 948 1273 1008 modo
1301 949 1572 1025 rigorem
1600 948 1820 1009 talium
1852 965 2100 1008 vocum.

539 1041 727 1119 Cujus
780 1039 939 1101 ratio
984 1058 1116 1101 esse
1165 1042 1388 1120 potuit,
1418 1041 1519 1101 vel
1564 1042 1711 1120 quia
1757 1041 1855 1101 hae
1904 1058 2104 1120 poenae

536 1139 685 1195 sunt
715 1134 1085 1213 spirituales»,
1125 1139 1186 1196 et
1222 1134 1639 1211 medicinaleS,
1674 1141 1738 1197 et
1778 1135 1918 1198 ideo
1963 1135 2097 1197 ani-

537 1245 708 1289 mam
730 1228 940 1289 statim
982 1227 1178 1306 ligare
1214 1234 1570 1304 censentur,
1600 1234 1662 1289 et
1688 1247 1828 1289 cum
1852 1229 1968 1291 hac
1996 1248 2098 1290 ve-

537 1320 883 1397 neratione,
903 1327 965 1382 et
982 1321 1205 1382 timore
1231 1338 1474 1400 semper
1492 1327 1787 1401 susceptas
1809 1328 1977 1399 sunt,
1998 1322 2098 1383 vel

541 1414 691 1493 quia
715 1432 824 1494 per
851 1432 1142 1475 censuras
1169 1419 1489 1492 separatur
1515 1414 1654 1493 quis
1680 1433 1719 1476 a
1753 1417 2101 1476 communi-

542 1505 658 1567 bus
685 1506 866 1568 bonis
888 1507 1166 1569 Ecclesioe
1201 1512 1503 1587 tanquam
1536 1507 1853 1587 indignuS,
1878 1514 1940 1569 et
1964 1509 2106 1570 ideo

539 1601 751 1663 statim
798 1600 1108 1681 obligatur
1149 1601 1216 1661 in
1250 1601 1624 1663 conscientia
1649 1608 1721 1663 ut
1761 1621 1826 1663 se
1866 1607 2108 1681 separet

542 1699 606 1756 et
632 1694 956 1755 abstineat.
986 1694 1257 1757 Pertinet
1283 1694 1452 1758 enim
1471 1695 1551 1756 ad
1569 1702 1877 1775 pastorem
1903 1697 2107 1757 Eccle-

544 1788 653 1847 siae
675 1805 957 1866 separare
985 1787 1297 1867 indignoS,
1337 1794 1399 1849 et
1429 1788 1550 1848 illis
1577 1789 1906 1868 praecipere
1932 1795 2003 1849 ut
2043 1808 2108 1850 se

545 1886 851 1958 separent,
876 1880 1040 1959 quod
1074 1887 1450 1960 praeceptum
1478 1880 1547 1941 in
1574 1881 1705 1960 ipsa
1734 1900 1993 1943 censura
2014 1882 2110 1942 in-

547 1971 836 2036 cluditur.

625 2069 684 2127 2.
736 2068 821 2129 In
858 2067 1309 2146 privationibus
1355 2073 1410 2129 et
1458 2068 1951 2132 inhabilitatibus
1999 2087 2110 2149 per

540 2159 903 2238 particulas,
940 2159 1072 2239 ipso
1090 2160 1252 2239 jure,
1283 2179 1356 2221 eo
1380 2160 1536 2239 ipso.
1559 2196 1639 2207 -
1666 2162 1917 2223 Omissis
1963 2179 2110 2239 ergo

547 2252 818 2311 censuris
844 2269 916 2312 ac
946 2251 1356 2329 irregularite,
1387 2253 1463 2314 de
1492 2253 1631 2314 aliis
1664 2253 2112 2333 privationibus

549 2348 610 2404 et
651 2342 1145 2405 inhabilitatibus
1185 2346 1265 2406 sit
1319 2346 1520 2425 prima
1581 2348 1886 2425 generalis
1930 2366 2113 2425 regu-

546 2435 626 2497 la.
656 2437 902 2510 Quoties
920 2436 1165 2514 inlege,
1200 2455 1312 2515 per
1342 2455 1530 2517 quam
1552 2438 1910 2518 hujusmodi
1930 2457 2113 2518 poena

546 2529 911 2609 imponitur,
938 2530 1146 2608 aliqua
1173 2549 1251 2592 ex
1279 2530 1378 2591 bis
1399 2531 1742 2610 particulis,
1763 2534 1894 2611 ipso
1918 2536 2108 2609 fa0t0,

546 2623 679 2700 ipso
698 2623 869 2701 jure,
896 2642 966 2686 ex
987 2642 1166 2698 nuno,
1193 2641 1252 2685 eo
1277 2624 1432 2702 ipsO,
1461 2624 1561 2684 vel
1585 2624 1709 2685 alia
1735 2624 2110 2704 aequivalens

549 2715 825 2793 ponitur,
862 2733 1046 2795 poena
1077 2715 1149 2775 fit
1185 2714 1393 2794 aliquo
1422 2716 1607 2776 modo
1642 2735 1753 2795 per
1791 2717 1990 2794 ipsam
2025 2717 2113 2779 le-

553 2824 723 2884 gem,
749 2812 810 2867 et
837 2807 968 2867 haec
996 2807 1269 2867 continet
1293 2809 1665 2868 sententiam
1693 2808 1884 2869 latam
1906 2810 2112 2888 quoad

545 2897 801 2976 aliquid,
835 2904 897 2959 et
924 2898 1129 2977 quoad
1155 2899 1309 2960 illud
1331 2900 1460 2960 vim
1487 2900 1676 2962 habet
1703 2901 2019 2980 obligandi
2044 2904 2110 2964 in

549 2991 922 3076 conscientia
961 2991 1037 3052 ad
1078 3010 1348 3071 poenam.
1395 2994 1568 3054 Hanc
1604 2994 1886 3073 regulam
1931 3013 2111 3058 sumo

457 3161 458 3164 Ἴ
550 3101 629 3146 ex
652 3084 970 3146 communi
998 3085 1306 3148 sententia
1329 3086 1651 3149 doctorum
1673 3106 1826 3168 quos
1847 3088 2113 3168 allegavi

549 3178 617 3240 in
654 3197 788 3261 cap.
832 3182 891 3257 5,
924 3185 986 3241 et
1021 3179 1213 3241 refert
1246 3181 1434 3241 etiam
1470 3182 1678 3262 Tiraq.
1724 3181 1888 3244 dicto
1923 3183 2114 3245 verbo

553 3270 936 3349 Revertatur,
968 3291 1032 3335 n.
1066 3274 1208 3349 259,
1235 3279 1297 3334 et
1323 3280 1523 3353 potest
1551 3276 1712 3337 sumi
1737 3293 1815 3336 ex
1833 3294 1965 3355 cap.
1990 3276 2108 3337 ult.

550 3363 625 3424 de
650 3365 1020 3445 Praescript.,
1048 3366 1117 3426 in
1138 3366 1199 3441 6,
1243 3366 1354 3426 ubi
1380 3366 1619 3428 duobus
1658 3367 1858 3429 modis
1885 3368 2113 3430 dicitur

547 3456 683 3535 quis
727 3457 958 3536 privari
985 3458 1165 3518 bonis
1193 3458 1261 3518 in
1290 3477 1562 3538 poenam,
1593 3459 1846 3536 scilicet,
1876 3461 1972 3522 vel
1999 3479 2111 3540 per

546 3549 944 3623 sententiam,
981 3549 1082 3610 vel
1113 3549 1246 3629 ipso
1274 3552 1441 3629 jure.
1482 3551 1631 3611 Inde
1674 3552 1842 3613 enim
1873 3553 2109 3631 colligi-

546 3656 686 3699 mus
707 3641 1078 3719 particulam
1106 3643 1236 3721 ipso
1261 3643 1431 3722 juro,
1462 3660 1703 3721 semper
1729 3644 1967 3705 efficere
1995 3646 2107 3706 ali-

547 3733 697 3810 quid
716 3734 783 3793 in
807 3750 930 3811 quo
957 3750 1084 3794 non
1113 3740 1467 3813 expectetur
1494 3737 1800 3797 sententia
1825 3737 2102 3800 ferenda.

547 3824 722 3885 Unde
744 3826 902 3886 ratio
932 3826 1159 3905 regulae
1183 3833 1298 3902 est,
1324 3827 1472 3908 quia
1499 3827 1688 3891 verba
1713 3829 1781 3891 in
1813 3830 1950 3909 lege
1978 3850 2108 3893 non

546 3922 692 3977 sunt
716 3918 1031 3998 superflua
1056 3939 1172 3981 nec
1216 3920 1410 3999 falsa3
1450 3939 1576 3982 non
1617 3929 1872 4002 possunt
1895 3930 2108 3987 autem

547 4027 676 4072 esse
705 4030 852 4073 vera
880 4018 942 4073 et
964 4012 1165 4089 utilia,
1187 4014 1309 4073 nisi
1337 4013 1572 4094 aliquid
1600 4021 1936 4093 operentur
1960 4026 2107 4081 ante

550 4106 920 4167 sententiam
945 4122 967 4184 3
1007 4125 1154 4185 ergo
1183 4106 1455 4186 aliquem
1483 4107 1769 4170 effectum
1793 4109 1980 4171 habet
2009 4111 2109 4173 lex

545 4197 610 4257 vi
646 4198 867 4260 talium
903 4200 1236 4262 verborum
1278 4201 1437 4263 circa
1475 4219 1726 4281 poenam
1758 4220 1946 4281 quam
1992 4204 2110 4264 im-

546 4291 744 4370 ponit.
786 4292 958 4353 Dices
992 4293 1140 4373 poni
1167 4293 1243 4354 ad
1274 4300 1598 4370 terrorem,
1627 4295 1726 4357 vel
1749 4295 1828 4356 ad
1855 4314 2110 4357 moven-

547 4383 700 4445 dum
717 4385 1014 4465 judicem,
1045 4392 1115 4446 ut
1139 4404 1280 4447 cum
1306 4388 1511 4465 rigore
1539 4405 1723 4466 poena
1745 4400 2107 4468 exequatur.

550 4477 670 4539 Sed
693 4485 927 4555 contra,
952 4480 1100 4558 quia
1118 4480 1236 4541 1100
1259 4480 1445 4541 modo
1468 4480 1752 4542 enervari
1774 4488 2026 4560 possent
2051 4488 2113 4545 et

546 4569 830 4636 trustrari
870 4590 1086 4633 omnes
1126 4571 1293 4651 leges
1337 4573 1632 4652 poenales,
1674 4593 1825 4636 nam
1865 4593 2111 4654 semper

549 4662 669 4723 dici
690 4671 916 4745 posset,
949 4664 1138 4726 verba
1176 4665 1325 4745 poni
1357 4666 1438 4727 ad
1463 4673 1785 4730 terrorem.
1829 4670 1936 4728 Est
1962 4686 2110 4747 ergo

549 4755 820 4819 absurda
853 4758 963 4819 illa
997 4759 1447 4838 interpretatiO,
1490 4771 1552 4821 et
1578 4767 1793 4823 eontra
1832 4779 2111 4846 commu-

548 4868 696 4911 nem
742 4868 927 4911 usum
980 4851 1339 4927 verborum,
1396 4871 1534 4932 quse
1584 4872 1938 4933 synonyma
1979 4872 2109 4915 non

547 4948 716 5019 sunt,
738 4948 800 5004 et
820 4943 1024 5024 potius
1053 4948 1145 5006 est
1171 4943 1503 5005 verborum
1528 4948 1860 5027 corruptio.
1881 4947 2109 5020 Quam-

548 5037 640 5097 vis
668 5037 836 5098 enim
862 5036 1174 5116 legislator
1193 5036 1509 5098 interdum
1533 5039 1902 5119 multiplicet
1923 5057 2111 5119 syno-

549 5148 743 5209 nyma
791 5130 1002 5206 verba,
1048 5131 1196 5210 quia
1245 5149 1360 5194 nec
1403 5138 1710 5211 repugnat
1758 5133 2003 5194 veritati
2053 5139 2115 5195 et

552 5223 835 5288 efficaciae
860 5226 1034 5305 legis,
1057 5225 1346 5287 eumdem
1374 5224 1658 5287 eflectum
1683 5226 1897 5288 multis
1915 5226 2115 5289 modis

551 5315 923 5395 significare,
969 5338 1085 5382 nec
1118 5325 1211 5383 est
1245 5319 1500 5402 omnino
1532 5321 1936 5400 superfluum,
1965 5322 2116 5400 quia

551 5407 623 5469 fit
645 5409 724 5470 ad
744 5410 1148 5473 indicandum
1174 5413 1468 5491 rigorem,
1486 5418 1549 5474 et
1567 5414 1641 5473 ad
1664 5414 1964 5493 majorem
1985 5431 2115 5475 cer-

550 5502 885 5570 titudinem
907 5511 971 5570 et
998 5504 1379 5585 claritatem3
1408 5506 1836 5582 nihilominus,
1859 5505 2113 5587 quando

2178 691 2241 734 se
2275 672 2582 735 sufficiens
2610 672 2689 733 ad
2724 670 3121 742 indicandam
3152 669 3542 732 voluntatem
3574 670 3763 747 legis-

2181 765 2418 841 latoris,
2453 766 2601 826 satis
2639 766 2757 827 erit
2790 764 2870 825 ad
2907 763 3195 826 effectum
3229 762 3405 841 legis,
3444 765 3605 842 quia
3636 781 3763 824 nen

2182 863 2331 920 sunt
2366 858 2626 937 cogendi
2662 857 3041 936 legislatores
3082 858 3160 918 ad
3202 858 3763 936 exaggerationem

2182 951 2516 1012 verborum
2564 969 2807 1030 semper
2849 950 3314 1029 adjungendam
3343 967 3360 1010 ι
3414 952 3538 1011 hoc
3584 951 3763 1011 enim

2184 1050 2402 1105 contra
2427 1046 2736 1105 rationem
2763 1050 2876 1119 est,
2921 1048 2986 1104 et
3013 1043 3369 1123 frequenter
3405 1061 3537 1103 non
3571 1061 3767 1122 expe-

2180 1138 2293 1197 dit.
2336 1138 2426 1198 Sit
2455 1155 2605 1215 ergo
2633 1143 2900 1212 certum,
2928 1136 3285 1215 hujusmodi
3311 1137 3483 1216 leges
3510 1153 3771 1214 semper

2177 1233 2422 1312 operari
2445 1231 2675 1310 aliquid
2696 1231 2936 1291 ratione
2958 1230 3179 1291 talium
3201 1231 3572 1291 verborum:
3610 1229 3769 1308 quid

2181 1343 2327 1386 vero
2353 1324 2508 1384 illud
2536 1324 2616 1383 sit
2637 1325 2706 1384 in
2731 1323 2829 1385 his
2858 1323 3058 1403 poenis
3086 1323 3406 1403 privativis
3434 1322 3770 1403 explican-

2185 1418 2336 1478 dum
2364 1422 2661 1497 superest.

2269 1513 2326 1573 3.
2378 1511 2655 1574 Secunda
2679 1510 2914 1589 remla.
2956 1543 3039 1556 —
3066 1510 3160 1571 Sit
3188 1527 3335 1588 ergo
3361 1508 3647 1570 secunda
3670 1527 3771 1569 re-

2189 1604 2358 1683 gula.
2401 1603 2651 1677 Quoties
2682 1604 2782 1664 lex
2816 1603 2936 1663 fert
2976 1620 3225 1681 poenam
3257 1602 3632 1682 privationis
3674 1602 3771 1662 rei

2188 1695 2471 1776 propiae,
2497 1702 2560 1757 et
2578 1696 2710 1774 jam
2731 1695 3022 1770 obtentas,
3052 1714 3191 1774 quae
3217 1695 3350 1757 sine
3372 1696 3629 1755 actione
3654 1693 3769 1754 ho—

2187 1789 2376 1851 minis
2420 1807 2547 1849 non
2584 1793 2784 1867 potest
2823 1787 3004 1867 plene
3048 1787 3335 1848 mandari
3373 1787 3765 1860 executioni,

2187 1891 2336 1945 tune
2356 1881 2498 1943 talis
2519 1882 2643 1957 lex,
2671 1882 2813 1942 licet
2835 1881 3108 1960 aliquem
3130 1880 3419 1943 effectum
3441 1881 3766 1960 poenalem

2187 1995 2299 2055 per
2325 1994 2390 2037 se
2419 1976 2606 2037 faciat
2619 2020 2640 2051 ,
2671 1993 2799 2035 non
2827 1980 3039 2036 tamen
3065 1974 3306 2035 inducit
3330 1975 3542 2035 statim
3576 1973 3767 2035 abso-

2190 2069 2388 2130 lutam
2415 2068 2852 2148 privationem,
2883 2086 2999 2128 nec
3019 2066 3255 2145 obligat
3282 2067 3348 2127 in
3373 2067 3768 2128 conscientia

2190 2162 2269 2223 ad
2295 2161 2466 2222 illam
2494 2161 2918 2241 exequendam
2949 2179 3087 2240 quae
3108 2178 3187 2221 ex
3216 2161 3455 2221 actione
3482 2161 3578 2221 rei
3606 2178 3766 2239 pen-

2192 2255 2297 2317 det
2315 2300 2336 2330 ,
2367 2263 2512 2316 ante
2541 2254 2915 2315 sententiam
2950 2253 3418 2316 declaratoriam
3447 2253 3760 2328 criminis,

2192 2348 2309 2409 nisi
2339 2367 2418 2410 ex
2443 2347 2581 2408 aliis
2607 2347 2810 2408 verbis
2840 2347 3031 2425 legis,
3070 2347 3170 2408 vel
3197 2365 3271 2408 ex
3302 2348 3563 2407 materia
3580 2390 3604 2420 ,
3650 2353 3767 2406 aut

2191 2441 2634 2503 consuetudine
2663 2440 2898 2519 aliquid
2927 2440 3195 2519 amplius
3231 2438 3576 2517 colligatur.
3616 2440 3765 2499 Haec

2190 2534 2407 2612 regula
2433 2540 2679 2613 sumpta
2714 2541 2806 2594 est
2845 2551 2922 2594 ex
2952 2532 3235 2593 doctrina
3275 2532 3475 2610 magis
3508 2537 3765 2610 recepta

2189 2626 2589 2687 scribentium
2620 2627 2689 2686 in
2716 2626 2834 2686 hac
2862 2625 3145 2687 materia.
3181 2624 3390 2684 Prima
3408 2643 3560 2703 ergo
3590 2644 3761 2704 pam,

2191 2718 2505 2781 affirmans
2533 2719 2710 2780 illam
2750 2719 2955 2797 legem
2985 2717 3219 2796 aliquid
3252 2736 3366 2797 per
3396 2737 3459 2778 se
3486 2719 3761 2797 operari,

2190 2812 2489 2891 probatur
2530 2812 2903 2873 sufficienter
2951 2830 3031 2873 ex
3066 2811 3350 2889 proxima
3387 2811 3764 2889 praecedenti

2190 2904 2454 2982 regula3
2498 2905 2861 2966 ostendetur
2891 2910 3102 2965 autem
3135 2903 3361 2963 elarius
3387 2903 3765 2964 declarando

2195 2997 2345 3076 quid
2373 3004 2678 3077 operetur.
2697 2999 2854 3059 Nam
2872 2999 3074 3078 primo
3093 3015 3170 3058 ex
3196 2997 3261 3057 vi
3284 2996 3450 3056 illius
3472 2996 3657 3074 legis,
3679 2996 3765 3056 ad

2194 3091 2634 3153 incurrendam
2670 3090 2860 3153 talem
2888 3107 3140 3171 poenam
3164 3136 3185 3167 ,
3234 3095 3295 3150 et
3314 3088 3763 3168 obligationem

2194 3184 2351 3263 ejus,
2391 3203 2520 3247 non
2547 3191 2638 3247 est
2675 3186 3021 3247 necessaria
3045 3184 3353 3246 sententia
3379 3184 3760 3245 condemna-

2194 3279 2377 3355 toria,
2413 3279 2522 3340 sed
2549 3279 2774 3341 sufficit
2808 3279 3244 3353 declaratoria,
3288 3295 3437 3339 nam
3465 3279 3757 3338 condem-

2191 3372 2437 3434 natoria
2455 3390 2565 3451 per
2584 3373 2788 3449 legem
2809 3373 3007 3451 ipsam
3028 3372 3242 3433 fertur.
3271 3370 3429 3445 Quia
3448 3388 3532 3431 ex
3548 3372 3614 3430 vi
3633 3371 3759 3431 dic-

2191 3468 2398 3526 torum
2437 3464 2767 3527 verborum
2795 3465 3006 3544 aliqua
3050 3465 3355 3527 sententia
3399 3464 3604 3524 fertur
3628 3510 3650 3539 ‚
3701 3468 3762 3524 et

2191 3575 2321 3619 non
2362 3557 2766 3620 declaratoria
2813 3559 3092 3618 criminis
3117 3603 3137 3632 ,
3181 3563 3252 3617 ut
3295 3575 3407 3635 per
3444 3576 3514 3617 se
3545 3563 3757 3635 patet:

2191 3667 2340 3728 ergo
2379 3650 2885 3713 condemnatoria
2913 3668 3024 3730 pro
3055 3651 3167 3711 tali
3195 3658 3472 3728 tempore
3506 3650 3613 3710 vel
3650 3649 3760 3709 sub

2185 3742 2298 3803 tali
2326 3744 2702 3819 conditione,
2754 3744 2806 3804 si
2833 3742 2911 3805 de
2936 3743 3159 3804 delicto
3178 3742 3447 3821 juridice
3496 3748 3757 3803 constet.

2188 3834 2553 3897 Confirmari
2569 3836 2688 3897 hoc
2704 3842 2906 3915 potest
2926 3854 3004 3897 ex
3024 3836 3070 3896 1.
3094 3837 3262 3915 Ejus
3280 3837 3387 3916 qui
3410 3835 3753 3909 delatorem,

2187 3928 2256 3989 ff.
2288 3929 2365 3990 de
2386 3930 2522 3991 Jur.
2549 3928 2715 4006 fisci,
2751 3928 2860 3990 11111
2894 3931 3061 3990 Bart.
3100 3929 3166 3989 id
3189 3928 3495 4001 advertit,
3540 3934 3604 3987 et
3636 3927 3758 3988 late

2186 4021 2360 4082 Felin
2382 4067 2403 4096 ,
2445 4022 2719 4083 relerens
2754 4022 2963 4103 plures
2992 4022 3083 4082 in.
3106 4040 3159 4083 0.
3202 4021 3317 4081 1111.
3361 4020 3439 4081 de
3475 4021 3755 4098 Raeerip.

2187 4132 2252 4175 n.
2282 4114 2382 4173 37.
2412 4113 2697 4176 Secundo
2713 4159 2733 4190 ,
2775 4114 2923 4175 hinc
2948 4114 3024 4174 fit
3052 4119 3123 4173 ut
3147 4111 3289 4173 talis
3320 4110 3757 4174 condemnatio

2188 4212 2327 4286 post
2351 4206 2579 4267 factam
2600 4207 3080 4269 declarationem
3121 4204 3491 4267 extendatur
3524 4222 3637 4265 seu
3661 4222 3758 4264 re-

2189 4299 2572 4360 trotrahatur
2602 4319 2793 4380 usque
2822 4300 2902 4361 ad
2929 4299 3096 4360 diem
3119 4298 3430 4359 commissi
3452 4297 3754 4370 criminis,

2193 4391 2341 4471 quia
2359 4410 2438 4452 ex
2455 4397 2608 4453 tunc
2626 4392 2752 4453 lata
2769 4399 2859 4454 est
2881 4393 3213 4467 sententia,
3237 4398 3299 4452 et
3314 4395 3572 4470 propter
3592 4389 3755 4449 hune

2192 4484 2482 4547 effectum
2509 4486 2710 4565 posita
2739 4493 2832 4546 est
2859 4486 2966 4547 illa
3001 4485 3327 4564 particula,
3362 4484 3543 4545 etita
3567 4482 3756 4542 sumi·

2192 4583 2296 4639 tur
2315 4595 2393 4638 ex
2418 4576 2463 4639 1.
2496 4579 2607 4639 ult.
2632 4596 2688 4639 c.
2715 4579 2795 4639 ad
2813 4580 2958 4657 Leg.
2982 4577 3106 4639 Jul.
3136 4578 3377 4656 majest.
3385 4580 3481 4651 ,et
3502 4575 3760 4635 tradunt

2191 4670 2473 4733 doctores
2498 4671 2671 4732 citati
2700 4676 2762 4733 et
2786 4671 3115 4733 referendi.
3144 4670 3376 4745 Tertio,
3405 4667 3553 4728 hinc
3571 4668 3758 4727 etiam

2190 4764 2263 4826 fit
2286 4770 2379 4840 ut,
2409 4764 2555 4826 licet
2580 4764 2718 4826 talis
2749 4766 2852 4827 lex
2881 4782 3010 4825 non
3031 4763 3265 4842 obliget
3290 4763 3359 4823 in
3385 4761 3759 4822 conscientia

2190 4863 2334 4919 ante
2383 4855 2864 4920 declarationem
2915 4855 3124 4918 delicti
3180 4856 3261 4916 ad
3318 4853 3758 4915 dimittendam

2188 4969 2323 5013 rem
2366 4968 2500 5029 qua.
2522 4951 2744 5029 privat,
2769 4951 2871 5013 vel
2891 4949 3329 5011 abstinendum
3350 4947 3431 5009 ab
3457 4965 3577 5008 usu
3596 4947 3757 5025 ejus,

2192 5043 2599 5105 nihilominus
2615 5044 2823 5124 aliquo
2847 5043 3031 5104 modo
3059 5041 3371 5103 diminuat
3389 5045 3451 5102 et
3482 5038 3763 5100 infirmet

2189 5137 2294 5217 jus
2325 5136 2488 5198 cirea
2514 5135 2700 5198 talem
2726 5154 2861 5198 rem
2890 5142 2952 5198 et
2977 5140 3345 5218 potestatem
3377 5132 3596 5195 utendi
3626 5132 3758 5193 illa.

2198 5231 2328 5292 Hoc
2346 5236 2538 5310 patet,
2568 5230 2738 5311 quia,
2767 5247 2843 5291 eo
2867 5229 3001 5308 ipso
3029 5228 3195 5309 quod
3217 5232 3421 5307 potest
3445 5244 3637 5306 poena
3662 5226 3766 5286 illa

2196 5323 2537 5385 retrotrahi
2556 5328 2767 5402 postea
2782 5340 2988 5402 -usque
3010 5321 3091 5382 ad
3111 5320 3277 5383 diem
3304 5318 3622 5381 commissi
3652 5319 3765 5380 eri-

2195 5416 2399 5491 minis,
2424 5433 2667 5478 necesse
2691 5421 2784 5477 est
2802 5421 2873 5476 ut
2897 5419 3165 5494 potestas
3182 5412 3403 5474 utendi
3421 5412 3532 5474 illa
3552 5430 3625 5472 re
3637 5429 3761 5472 non

2191 5508 2590 5590 maneatjam
2608 5507 2887 5582 libemet
2902 5506 3205 5584 absoluta,
3218 5505 3581 5569 sieutantea
3600 5509 3758 5580 erat,

3709 5716 3806 5989 l
