3976 6219
581 486 689 547 bus
721 482 1068 561 approbari,
1111 501 1243 563 cap.
1276 486 1356 545 29
1394 483 1471 546 de
1511 485 1732 564 Regul.
1775 487 1928 565 jur„
1967 485 2036 545 in
2064 485 2134 559 6,

577 594 715 656 quae
738 575 953 654 regula
990 581 1084 637 est
1111 577 1292 639 valde
1337 585 1753 640 consentanea
1791 579 1918 657 juri
1954 582 2138 638 natu-

576 668 736 743 rali;
786 687 936 747 ergo
983 671 1255 732 maxime
1301 672 1482 733 debet
1522 674 1755 733 servari
1792 673 1860 732 in
1895 690 1963 732 16
2004 677 2135 732 tam

577 762 773 822 ardua
798 780 986 840 quam
1009 769 1098 824 est
1126 763 1502 825 tributorum
1532 767 1866 846 impositio·

660 857 718 915 3.
763 856 910 919 Non
937 874 1058 918 esse
1090 875 1236 935 opus
1259 861 1342 920 ad
1360 860 1654 922 tributum
1681 879 2021 923 consensum
2039 880 2139 924 re-

578 947 711 1025 qui,
755 947 882 1008 nisi
927 966 998 1009 ex
1051 949 1412 1029 beniynitate
1454 954 1640 1032 reglis.
1670 987 1753 999 —
1778 955 1953 1014 Hanc
1994 972 2140 1015 vero

577 1040 946 1100 sententiam
971 1040 1059 1101 516
1086 1042 1453 1121 explicatam
1477 1063 1602 1106 non
1627 1046 1877 1129 invenio
1906 1048 1971 1107 in
2006 1048 2142 1126 jure

578 1133 917 1207 communi,
949 1135 1263 1211 canonico,
1299 1137 1398 1197 vel
1438 1138 1627 1215 civili,
1659 1158 1858 1219 neque
1899 1140 1966 1199 in
1998 1158 2142 1200 666-

578 1224 814 1285 toribus
841 1227 1134 1305 antiquie,
1160 1235 1221 1290 et
1247 1230 1386 1290 ideo
1408 1248 1537 1291 non
1564 1250 1780 1292 censeo
1807 1232 1967 1294 hanc
1997 1252 2143 1294 con·-

579 1316 880 1378 ditionem
902 1338 1032 1380 esse
1050 1324 1459 1384 necessariam
1478 1343 1557 1384 61
1578 1326 1641 1385 11
1660 1326 1822 1403 juris
1839 1326 2142 1386 naturalis

580 1416 687 1470 aut
716 1412 1022 1488 gentium,
1055 1432 1255 1493 neque
1293 1416 1482 1477 etiam
1522 1436 1598 1478 ex
1619 1417 1763 1496 jure
1789 1418 2140 1494 communi;

578 1505 706 1565 imo
748 1524 950 1585 neque
977 1525 1052 1567 61
1087 1509 1230 1587 jure
1275 1509 1532 1589 antiquo
1576 1513 1909 1591 Hispaniae.
1944 1513 2141 1573 Probo

581 1596 854 1675 singulas
880 1605 1107 1677 parteS,
1148 1607 1210 1661 et
1238 1603 1441 1681 primo
1482 1604 1559 1665 de
1587 1605 1726 1683 jure
1754 1606 2023 1665 naturali
2051 1606 2143 1665 vi·

581 1687 762 1749 detur
779 1707 888 1769 per
906 1710 971 1752 se
986 1693 1257 1770 eviden8‚
1274 1697 1421 1774 quia
1436 1698 1790 1759 constitutio
1807 1716 2144 1777 regnorum

581 1787 642 1841 et
669 1788 936 1861 potestas
975 1803 1193 1864 regum
1235 1805 1363 1848 non
1394 1795 1486 1849 est
1518 1790 1875 1852 immediate
1902 1791 1979 1852 de
2001 1792 2144 1869 jure

582 1876 874 1951 naturali,
893 1878 997 1938 sed
1014 1880 1323 1942 mediante
1342 1884 1730 1945 concessione
1745 1885 2142 1964 populorum,

582 1973 653 2026 ut
698 1987 885 2049 supra
926 1977 1241 2033 ostensum
1287 1981 1377 2035 est
1392 1998 1410 2050 3
1462 1994 1610 2055 ergo
1654 1978 1997 2057 amplitudo
2047 1977 2146 2038 vel

579 2063 884 2123 restrictio
915 2067 1228 2144 potestatis
1258 2069 1420 2129 circa
1459 2087 1534 2130 ea
1559 2089 1697 2149 quae
1739 2088 1850 2151 per
1887 2089 1951 2131 se
1980 2071 2145 2132 mala

581 2154 681 2214 vel
707 2155 939 2234 injusta
978 2176 1107 2219 non
1147 2167 1312 2236 sunt,
1343 2181 1468 2222 non
1506 2170 1705 2242 potest
1733 2182 1862 2224 esse
1891 2165 1968 2225 de
2002 2166 2144 2243 jure

581 2249 875 2325 naturali,
906 2251 1011 2312 sed
1040 2254 1267 2331 pendet
1303 2273 1380 2315 ex
1407 2256 1664 2317 arbitrio
1700 2257 2050 2332 hominum,
2082 2262 2146 2319 et

582 2358 660 2400 ex
684 2342 942 2421 antiqua
968 2347 1399 2425 conventione,
1424 2350 1522 2410 vel
1549 2356 1726 2429 pacto
1753 2352 1917 2411 inter
1932 2369 2145 2430 regem

583 2439 645 2495 et
676 2453 960 2514 regnum.
993 2438 1073 2498 At
1108 2458 1257 2500 vero
1305 2447 1669 2520 potestatem
1697 2445 1774 2504 ad
1820 2445 2146 2524 imponen-

581 2527 731 2588 dum
762 2530 1065 2591 tributum
1112 2533 1276 2595 intra
1317 2534 1544 2596 limites
1577 2537 1834 2615 justitiae
1865 2537 2144 2598 absolute

579 2622 846 2684 residere
895 2624 960 2683 in
1006 2625 1136 2685 solo
1179 2628 1457 2707 principe
1505 2648 1632 2689 non
1681 2636 1773 2690 est
1813 2631 2145 2691 intrinsece

580 2714 842 2791 malum,
874 2734 988 2777 nec
1037 2725 1252 2779 contra
1284 2720 1476 2782 bonos
1522 2739 1751 2800 mores3
1782 2723 1883 2783 vel
1918 2742 1953 2783 6
2001 2741 2143 2783 666-

580 2824 758 2868 16156
798 2809 962 2886 quod
998 2812 1349 2888 requiratur
1388 2832 1716 2875 consensus
1752 2816 1986 2895 populi,
2018 2834 2144 2875 non

581 2905 674 2959 est
700 2918 811 2979 per
838 2919 902 2962 se
925 2905 1338 2966 necessarium
1364 2907 1442 2967 ad
1461 2908 1768 2986 justitiam
1796 2915 1859 2969 et
1885 2908 2143 2986 6166116-

582 2998 747 3055 tem:
783 3012 932 3073 ergo
976 3015 1177 3076 neque
1224 2998 1378 3060 illud
1423 3001 1595 3080 prius
1642 3006 1735 3062 est
1783 3009 1999 3062 contra
2038 3004 2145 3081 jus

580 3090 883 3166 naturale,
924 3109 1125 3171 neque
1153 3092 1270 3153 hoc
1301 3096 1602 3174 posterius
1632 3101 1723 3156 est
1751 3095 1827 3158 de
1868 3097 2145 3175 ejusdem

572 3183 734 3263 juris
769 3192 1095 3266 praecepto.
1127 3188 1336 3267 Neque
1371 3189 1598 3249 sufficit
1633 3189 1834 3251 dicere
1869 3191 1986 3251 hoc
2016 3210 2144 3254 esse

579 3275 778 3356 magis
812 3280 1182 3344 conveniens
1206 3281 1450 3360 populis
1478 3286 1539 3342 et
1565 3283 1771 3361 regnis
1783 3300 1804 3360 3
1833 3290 1969 3344 tum
1998 3285 2145 3364 quia

580 3389 654 3433 61
699 3374 920 3453 majori
948 3374 1380 3435 convenientia
1418 3394 1542 3436 non
1571 3382 1772 3456 potest
1803 3378 2007 3458 colligi
2035 3398 2146 3441 ne·-

579 3467 824 3527 cessitas
859 3468 1186 3546 proecepti3
1217 3474 1352 3529 tum
1399 3469 1587 3530 etiam
1629 3470 1776 3549 quia
1815 3471 1968 3531 illud
2017 3492 2143 3535 non

579 3565 671 3621 est
699 3566 959 3635 certum,
983 3561 1153 3640 quia,
1174 3562 1225 3621 si
1253 3562 1619 3640 conjecturis
1636 3570 1698 3623 et
1725 3568 2146 3642 congruentiis

579 3653 883 3713 utendum
911 3659 1024 3728 est,
1051 3661 1306 3734 possunt
1337 3655 1510 3715 facile
1542 3674 1650 3734 pro
1680 3665 1940 3736 utraque
1966 3667 2144 3739 parte

578 3746 808 3806 afferri.

659 3841 717 3899 4.
765 3839 917 3899 Nam
941 3845 1179 3900 constat
1204 3858 1281 3902 61
1311 3858 1498 3920 supra
1519 3841 1700 3904 dictis
1721 3846 2143 3909 monarchiam

576 3951 754 4013 posse
785 3939 1049 4014 utroque
1085 3936 1268 3996 modo
1296 3937 1613 4013 constitui,
1645 3939 1893 4016 scilicet,
1922 3942 2023 4003 161
2057 3943 2144 4003 116

578 4033 649 4087 61
694 4027 975 4108 princeps
1015 4029 1083 4089 111
1128 4029 1465 4091 condendis
1507 4031 1748 4110 legibus
1796 4034 2062 4113 pendeat
2105 4053 2139 4094 a

577 4140 876 4183 consensu
912 4123 1122 4203 populi
1158 4142 1268 4184 seu
1300 4131 1569 4200 senatus,
1597 4131 1897 4206 tanquam
1926 4128 2007 4188 ab
2033 4128 2145 4188 ha-

576 4216 865 4277 bentibus
907 4216 1272 4295 suffragium
1322 4217 1738 4294 definitivum,
1788 4220 1888 4281 vel
1936 4221 2025 4281 ita
2073 4227 2145 4282 ut

574 4314 844 4389 potestas
885 4310 1244 4389 simpliciter
1275 4310 1353 4371 sit
1390 4312 1459 4371 in
1504 4311 1633 4371 solo
1666 4312 1965 4392 principe,
1997 4313 2143 4374 licet

574 4401 671 4461 uti
698 4401 916 4462 debeat
957 4420 1211 4464 suorum
1240 4404 1516 4466 consilio,
1548 4405 1624 4486 Et
1648 4405 1812 4465 hunc
1849 4407 2143 4485 posterio-

573 4512 710 4556 rem
725 4496 980 4556 modum
1006 4495 1276 4557 diximus
1294 4515 1423 4558 esse
1438 4497 1634 4575 magis
1655 4504 2140 4560 consentaneum

575 4591 970 4652 monarchico
992 4592 1310 4670 regimini,
1327 4597 1390 4651 61
1410 4585 1616 4668 magis
1630 4593 1948 4667 usitatum,
1969 4594 2144 4654 satis-

575 4704 695 4765 que
722 4703 1061 4765 consonum
1089 4685 1433 4765 prudentiae
1456 4690 1519 4744 et
1537 4685 1814 4763 justitiae,
1839 4693 1901 4748 et
1921 4705 2143 4748 conve-

577 4778 776 4839 nienti
818 4778 1113 4857 regimini
1146 4783 1208 4839 et
1234 4777 1598 4840 obedientiae
1626 4779 2035 4844 subditorum.
2079 4780 2143 4842 Si

577 4891 727 4950 ergo
755 4873 888 4935 haec
910 4875 1176 4952 potestas
1195 4877 1284 4932 est
1302 4872 1447 4932 data
1469 4872 1611 4933 solis
1634 4873 1884 4952 regibus
1909 4875 1977 4936 in
2005 4874 2143 4935 aliis

575 4965 819 5045 legibus
847 4965 1136 5041 ferendis,
1168 4964 1409 5025 etiamsi
1437 4967 1815 5044 gravissimae
1853 4968 2002 5044 sint,
2032 4986 2145 5030 661

576 5078 706 5121 666
733 5059 961 5139 poterit
979 5045 1125 5119 ‘eise
1153 5057 1343 5118 etiam
1369 5058 1437 5118 in
1473 5058 1714 5139 legibus
1737 5060 2138 5139 tributorum,

576 5154 679 5214 vel
725 5171 836 5213 cur
881 5151 1022 5212 1166·
1043 5151 1416 5231 repugnabit
1454 5153 1584 5232 juri
1628 5153 1937 5215 naturali?
1987 5157 2142 5217 Item

578 5247 862 5327 princeps
887 5262 1206 5324 supremus
1225 5245 1303 5304 ad
1323 5244 1740 5305 inducendum
1763 5245 1993 5307 bellum
2016 5268 2144 5310 non

579 5340 818 5417 indiget
843 5356 1139 5399 consensu
1167 5338 1409 5419 populi,
1442 5356 1641 5417 neque
1667 5340 1744 5399 ad
1778 5340 2144 5404 reficiendos

579 5439 820 5515 ponteS,
849 5432 1004 5508 vias,
1035 5438 1255 5507 665116,
1288 5433 1540 5507 6166616,
1573 5438 1724 5510 etc.;
1751 5452 1861 5494 cur
1887 5453 2037 5515 ergo
2067 5456 2147 5498 61

581 5534 809 5593 natura
831 5526 926 5590 rei
952 5526 1071 5587 erit
1095 5526 1188 5587 illi
1216 5526 1558 5589 necessaria
1582 5528 1955 5611 populorum
1975 5549 2147 5594 acce-

1477 385 1593 439 Lm.
1632 386 1689 438 V.
1726 386 1807 438 DE
1839 385 2195 437 VARIETATE
2226 385 2439 438 LEGmt
2469 383 2877 440 numanum.

2217 486 2413 565 ptatio
2438 487 2505 546 in
2520 486 2900 547 tributorum
2925 482 3337 561 impositione,
3364 502 3513 545 cum
3543 492 3811 564 propter

2217 580 2331 641 has
2358 599 2569 641 causas
2595 580 2902 661 praecipue
2928 577 3065 637 fieri
3093 578 3317 639 soleat?
3348 581 3642 659 Denique
3678 599 3809 641 mo-

2219 674 2476 735 narchia
2502 676 2746 752 integra
2770 678 2832 732 et
2869 671 3143 752 perfecta
3178 690 3300 732 non
3327 680 3419 733 est
3455 680 3691 733 contra
3710 674 3809 751 jus

2220 767 2527 843 naturale,
2569 771 2641 827 61
2680 784 2790 845 per
2831 783 2895 825 se
2941 771 3162 825 notum
3209 773 3329 841 est3
3372 767 3481 828 sed
3528 785 3671 826 non
3723 776 3809 828 est

2219 859 2490 939 perfecta
2511 866 2573 920 et
2598 861 2844 938 integra
2870 857 3255 930 monarchia,
3282 859 3402 918 nisi
3428 859 3675 919 habeat
3706 878 3807 938 po-

2219 960 2504 1015 testatem
2533 954 2783 1033 plenam
2819 953 2899 1013 ad
2933 952 3297 1031 imperanda
3325 952 3564 1013 tributa
3595 954 3776 1032 justa
3786 972 3804 1029 3

2221 1053 2357 1108 tum
2384 1048 2532 1127 quia
2561 1052 2865 1126 quantum
2892 1045 3119 1125 pendet
3153 1046 3221 1104 in
3261 1045 3379 1105 hoc
3411 1063 3450 1104 a
3489 1063 3809 1105 consensu

2222 1140 2424 1218 regni,
2459 1146 2704 1201 tantum
2745 1140 2956 1200 deficit
2999 1157 3037 1198 a
3076 1138 3346 1217 perfecta
3391 1138 3806 1215 monarchia3

2226 1239 2363 1294 tum
2409 1234 2597 1294 etiam
2638 1234 2806 1314 quia,
2837 1232 2890 1292 si
2926 1232 2994 1291 16
3029 1231 3147 1311 1166
3189 1231 3419 1311 pendet
3445 1231 3556 1290 illo
3586 1231 3806 1306 modo,

2228 1345 2608 1405 consequens
2644 1331 2735 1386 est
2761 1330 2831 1385 ut
2871 1325 3059 1385 etiam
3103 1325 3369 1404 pendeat
3406 1325 3476 1383 in
3502 1324 3808 1383 omnibus

2228 1416 2363 1478 61115
2391 1436 2529 1495 quae
2556 1418 2689 1478 sine
2722 1416 2972 1476 tributis
2997 1414 3134 1476 fieri
3165 1433 3291 1475 non
3320 1419 3621 1493 possunt3
3653 1432 3807 1492 ergo

2228 1511 2589 1572 monarchia
2612 1527 2754 1570 cum
2791 1508 2904 1570 tali
2930 1514 3228 1587 potestate
3264 1524 3393 1567 non
3434 1512 3645 1586 potest
3675 1525 3805 1567 esse

2227 1609 2442 1664 contra
2461 1604 2567 1682 jus
2595 1608 2856 1677 naturae,
2887 1620 2959 1661 66
2988 1601 3250 1661 subinde
3284 1618 3489 1679 neque
3517 1599 3634 1658 illa
3660 1618 3805 1659 con·

2226 1697 2380 1758 ditio
2407 1715 2513 1757 seu
2543 1695 2955 1774 dependentia
2971 1699 3176 1775 potest
3200 1711 3329 1754 esse
3361 1711 3440 1754 ex
3462 1692 3805 1753 dictamine

2226 1790 2567 1853 necessario
2590 1789 2751 1867 juris
2777 1794 3036 1848 6616116.

2308 1886 2365 1945 5.
2411 1883 2610 1961 Atque
2646 1882 2742 1942 hae
2789 1882 3059 1941 rationes
3100 1878 3266 1940 idem
3306 1878 3695 1938 convincunt
3726 1878 3801 1938 de

2219 1978 2361 2056 jure
2389 1976 2692 2055 gentium.
2719 1977 2806 2036 Eo
2833 1974 2931 2035 vel
2959 1974 3229 2033 maxime
3256 1972 3420 2051 quod
3448 1972 3681 2032 creatio
3708 1989 3801 2030 re-

2227 2089 2378 2150 gum
2423 2076 2486 2131 et
2512 2075 2780 2150 potestas
2808 2085 3023 2129 eorum
3066 2086 3192 2127 non
3231 2072 3322 2126 est
3349 2066 3424 2126 de
3464 2067 3608 2145 jure
3649 2084 3800 2143 gen·

2225 2166 2406 2239 tium,
2452 2164 2559 2225 sed
2596 2167 2688 2224 est
2714 2162 2917 2241 potius
2945 2160 3021 2221 de
3056 2161 3200 2238 jure
3241 2158 3434 2234 civili,
3466 2158 3567 2219 vel
3599 2159 3796 2218 natio-

2227 2258 2355 2318 nali
2404 2259 2498 2334 (ut
2541 2257 2628 2316 516
2674 2256 2897 2330 dicam)
2932 2253 3418 2331 uniuscujusque
3470 2254 3651 2329 regni
3698 2252 3794 2312 161

2224 2350 2580 2431 provinciae.
2609 2349 2810 2422 Unde,
2838 2347 2982 2407 licet
3012 2347 3077 2405 in
3107 2346 3424 2407 communi
3454 2345 3578 2404 dici
3611 2345 3794 2423 possit

2227 2444 2303 2504 de
2329 2445 2472 2522 jure
2500 2442 2782 2521 gentium
2811 2440 3029 2501 divisio
3055 2456 3418 2516 regnorum,
3445 2438 3789 2513 civitatum,

2226 2542 2289 2598 et
2329 2536 2826 2613 magistratuum,
2871 2538 2979 2593 aut
3004 2532 3383 2609 regiminum
3394 2548 3415 2607 3
3453 2531 3681 2591 modus
3706 2537 3792 2590 ta·

2227 2647 2372 2689 men
2400 2627 2813 2688 constituendi
2852 2625 3132 2703 regimen
3175 2625 3268 2684 161
3303 2643 3417 2703 per
3438 2624 3664 2702 plures
3692 2631 3792 2683 ant

2224 2722 2564 2802 paucioreS,
2591 2721 2690 2781 vel
2713 2738 2822 2799 per
2846 2735 3043 2779 unum
3071 2736 3210 2777 cum
3239 2723 3412 2777 tanta
3435 2717 3541 2776 161
3570 2717 3790 2794 majori

2224 2820 2547 2895 potestate,
2586 2802 2653 2874 61
2692 2830 2831 2874 6661
2869 2812 2969 2872 1115
3006 2811 3104 2871 161
3148 2810 3268 2869 11115
3307 2809 3788 2883 conditionibus,

2225 2927 2353 2970 non
2382 2914 2474 2970 est
2500 2909 2575 2968 de
2608 2908 2749 2987 jure
2776 2905 3081 2984 gentium,
3122 2902 3230 2964 sed
3271 2920 3346 2963 ex
3372 2902 3626 2981 proprio
3652 2903 3790 2979 jure

2225 3001 2612 3080 singularum
2642 2999 3185 3072 communitatum,
3209 3002 3271 3057 et
3293 3013 3331 3054 a
3350 2994 3652 3074 principio
3672 2994 3794 3053 fuit

2227 3101 2334 3158 661
2361 3113 2437 3156 ex
2462 3101 2638 3175 pacto
2661 3094 3030 3165 voluntariO,
3057 3095 3167 3153 6111
3193 3109 3271 3151 ex
3287 3090 3450 3170 justo
3473 3088 3666 3164 bello,
3692 3087 3792 3149 161

2225 3189 2670 3250 consuetudine
2689 3187 3107 3263 introductus;
3130 3202 3277 3264 ergo
3296 3202 3422 3244 non
3442 3189 3642 3263 potest
3661 3182 3790 3241 haec

2225 3283 2549 3344 necessitas
2583 3281 2834 3341 fundari
2862 3281 2926 3340 in
2950 3281 3091 3359 jure
3121 3278 3425 3357 gentium.
3459 3275 3654 3337 Multo
3682 3293 3787 3334 au-

2224 3381 2351 3437 tem
2379 3376 2586 3436 minus
2601 3379 2803 3454 potest
2827 3372 3076 3433 fundari
3094 3373 3159 3431 in
3175 3373 3311 3452 jure
3335 3369 3598 3450 positivo
3624 3387 3790 3429 com-

2225 3470 2404 3530 muni
2431 3491 2445 3529 :
2480 3487 2625 3529 nam
2657 3468 2745 3548 (ut
2769 3467 3062 3543 vidimus)
3086 3466 3155 3525 in
3174 3466 3316 3543 jure
3339 3463 3639 3524 canonico
3662 3462 3788 3522 haec

2223 3570 2489 3645 potestas
2516 3563 2871 3624 conceditur
2903 3560 3260 3640 simpliciter
3286 3557 3784 3638 imperatoribus,

2223 3676 2295 3719 66
2334 3658 2607 3735 regihuS,
2638 3663 2701 3718 et
2740 3655 3119 3736 principibus
3157 3654 3477 3733 supremis,
3522 3653 3634 3732 qui
3672 3651 3789 3711 illis

2224 3754 2710 3832 aequiparantur,
2746 3758 2809 3813 et
2836 3751 3008 3811 nulla
3048 3749 3336 3809 limitatio
3370 3748 3621 3809 additur
3630 3764 3652 3824 3
3687 3765 3790 3807 ne·

2223 3864 2343 3926 que
2405 3845 2749 3924 postulatur
2804 3843 2984 3922 regni
3033 3859 3378 3904 6665611565.
3434 3840 3791 3918 Eodemque

2224 3939 2408 4000 modo
2445 3938 2718 4018 loquitur
2742 3939 2842 4017 jus
2875 3936 3077 4012 civile,
3104 3941 3175 3996 ut
3202 3935 3387 3995 etiam
3424 3933 3757 3993 citavimus
3768 3946 3788 4008 3

2225 4050 2373 4111 ergo
2400 4031 2509 4093 1116
2539 4031 2807 4092 conditio
2848 4049 2975 4091 non
3007 4029 3207 4089 solum
3238 4046 3365 4087 non
3414 4031 3618 4105 potest
3652 4025 3792 4084 fun-

2224 4126 2358 4187 dari
2385 4125 2452 4186 in
2477 4126 2620 4204 jure
2648 4124 2986 4198 communi,
3017 4139 3239 4183 verum
3267 4123 3454 4181 etiam
3486 4120 3579 4180 illi
3607 4137 3791 4197 repu-

2223 4225 2397 4298 gnat,
2422 4219 2573 4279 dum
2601 4217 2961 4297 simpliciter
2985 4217 3255 4296 loquitur
3282 4231 3299 4274 t
3329 4233 3478 4274 nam
3514 4214 3789 4273 limitan-

2225 4313 2376 4373 dum
2401 4331 2527 4374 non
2548 4318 2638 4374 est
2659 4312 2791 4371 sine
2809 4310 2934 4371 alio
2945 4311 3110 4389 jure,
3132 4309 3490 4371 1611611666
3508 4312 3783 4384 cogente.

2223 4410 2298 4469 Et
2319 4409 2407 4467 ita
2432 4407 2706 4467 doctores
2727 4406 3202 4483 interpretantes
3222 4403 3329 4464 illa
3343 4404 3490 4482 jura
3509 4400 3786 4461 absolute

2225 4501 2441 4562 dicunt
2465 4518 2595 4561 esse
2616 4500 2683 4559 in
2713 4498 2990 4578 principe
3014 4496 3177 4556 hanc
3203 4502 3596 4575 potestatem,
3618 4494 3789 4554 nulla

2221 4594 2384 4655 facta
2423 4594 2736 4655 mentione
2777 4609 3109 4653 consensus
3136 4590 3372 4669 populi,
3405 4595 3476 4649 ut
3517 4595 3689 4667 patet
3716 4607 3790 4648 ex

2227 4692 2435 4750 Innoc.
2468 4688 2536 4748 in
2571 4687 2632 4748 d.
2666 4705 2719 4747 c.
2756 4686 2926 4759 Quod
2962 4702 3142 4763 super
3172 4685 3294 4758 1ιὶ3,
3325 4688 3387 4743 61
3414 4681 3651 4742 ibidem
3681 4681 3790 4740 Pa-

2228 4799 2430 4843 norm.
2440 4826 2460 4857 ,
2490 4785 2553 4841 et
2578 4780 2646 4840 in
2672 4779 2837 4840 dicto
2865 4796 3000 4857 cap.
3035 4778 3424 4850 lamnarum,
3462 4773 3694 4835 Bartol.
3732 4777 3790 4833 et

2228 4876 2364 4937 aliis
2407 4875 2476 4935 16
2503 4873 2667 4935 dicta
2705 4872 2748 4933 l.
2794 4872 3148 4952 Vectiqalia,
3180 4875 3243 4931 et
3285 4870 3351 4930 in
3392 4869 3437 4929 1.
3474 4872 3504 4929 1
3540 4874 3603 4928 61
3629 4871 3693 4942 2,
3734 4885 3782 4926 6.

2225 4971 2395 5032 Nova
2424 4966 2739 5046 vectigal„
2785 4970 2927 5040 etc„
2973 4965 3138 5024 Bart.
3172 4963 3361 5025 etiam
3406 4964 3474 5023 in
3513 4962 3560 5023 l.
3592 4961 3784 5036 unic„

2222 5063 2289 5124 ff.
2322 5063 2400 5124 ad
2429 5062 2472 5123 l.
2503 5061 2732 5122 Juliam
2758 5059 2834 5120 de
2863 5058 3139 5118 Ambitu.

2303 5161 2362 5220 6.
2407 5157 2460 5220 J
2461 5174 2534 5217 us
2574 5150 3291 5232 Hispanioe.—Tandem
3332 5168 3535 5230 neque
3567 5167 3648 5210 ex
3681 5168 3787 5210 an-

2223 5252 2396 5331 tiquo
2417 5250 2559 5330 jure
2591 5245 2898 5326 Hispaniae
2939 5244 3078 5304 talis
3110 5243 3522 5323 dependentia
3560 5245 3727 5321 regis
3752 5262 3786 5303 a

2223 5363 2439 5423 regno,
2469 5360 2576 5403 seu
2605 5339 2931 5401 necessitas
2953 5338 3093 5398 talis
3119 5338 3487 5398 conditionis
3511 5335 3591 5396 ad
3618 5337 3784 5416 justi-

2222 5440 2376 5500 tiam
2416 5435 2517 5497 vel
2543 5434 2815 5496 valorem
2861 5432 3080 5493 tributi
3127 5431 3337 5509 colligi
3384 5438 3603 5511 potest.
3638 5432 3787 5492 Nam

2223 5538 2293 5601 in
2316 5533 2360 5596 l.
2388 5533 2452 5611 2,
2483 5531 2582 5592 tit.
2622 5533 2682 5607 1,
2713 5547 2777 5609 p.
2807 5530 2872 5605 Ξ,
2916 5527 3087 5608 prius
3114 5526 3343 5588 dicitur
3368 5527 3648 5589 absolute
3676 5530 3788 5590 im·
3868 5593 3875 5600 ‚
