3976 6219
887 419 1022 474 GAP.
1058 421 1166 476 xn.
1203 423 1418 478 mmm
1448 422 1766 479 pomus
1797 418 2281 475 msssusncll
2312 420 2698 487 EFFICACIAM,
2733 423 2870 475 E'rc.

253 525 414 587 alios
424 540 447 602 3
473 521 641 585 idem
668 521 736 583 in
763 522 961 602 princ.
991 523 1069 585 de
1093 526 1316 588 Poenit.
1341 529 1402 604 5,
1429 547 1496 589 n.
1524 529 1604 591 23
1618 543 1639 604 ;
1661 526 1832 588 Dric-

256 619 366 693 do,
405 617 513 679 lib.
548 619 587 677 3
620 616 698 677 de
727 615 957 678 Libert.
1014 617 1381 695 Christiana,
1430 639 1564 701 cap.
1625 623 1695 698 53
1742 619 1835 681 Si-

254 727 533 784 1666666,
550 709 628 770 (16
652 708 891 769 Cathol.
917 709 1145 784 instit„
1166 710 1264 771 tit.
1288 714 1393 788 42,
1426 731 1491 773 n.
1528 715 1567 773 3
1577 729 1599 789 3
1634 712 1827 790 Ang„

254 800 433 862 verb.
460 801 830 876 Hoeretiom,
846 799 960 861 ubi
981 800 1169 862 refert
1188 804 1558 881 canonistas,
1574 810 1638 865 et
1650 803 1824 866 verb.

257 895 466 970 Hora,
498 911 565 954 n.
591 895 694 968 27,
723 893 1013 972 Sylvest„
1039 893 1215 955 verb.
1241 896 1826 972 Eoeeommaemioatio,

257 991 322 1064 7,
337 1006 403 1048 n.
423 989 484 1063 3,
506 986 617 1047 ubi
637 985 801 1048 male
820 986 1049 1065 allegat
1073 987 1294 1068 Angel.
1326 989 1397 1050 in
1422 989 1826 1065 contrarium,

253 1087 333 1142 ut
357 1080 523 1141 infra
543 1079 911 1156 videbimus,
946 1086 1010 1142 et
1035 1081 1208 1144 verb.
1247 1082 1454 1158 Hora,
1477 1090 1693 1162 quoest.
1726 1087 1754 1143 1
1769 1086 1792 1143 1
1807 1128 1828 1159 ,

255 1179 322 1234 et
347 1172 524 1234 verb.
558 1173 861 1248 Haeo-esis,
896 1175 956 1248 1,
979 1179 1199 1252 quaest.
1225 1175 1264 1235 8
1276 1190 1297 1252 ;
1327 1175 1577 1251 Armil„
1611 1175 1831 1238 eodem

255 1282 439 1328 num.
471 1269 530 1340 1,
555 1269 619 1327 et
647 1264 806 1326 bene
836 1264 1096 1328 Tabien.
1128 1268 1301 1329 verb.
1322 1268 1832 1332 Eoeoommmioa-

257 1360 369 1434 tio,
402 1358 465 1433 ὃ,
489 1374 632 1418 casu
663 1358 728 1432 4,
758 1375 938 1418 num.
972 1359 1034 1418 4.

341 1453 402 1512 δ.
447 1450 742 1512 Humana
780 1455 1047 1529 potestas
1086 1466 1207 1513 non
1229 1457 1423 1531 potul
1449 1453 1734 1532 ‚iudicare
1763 1452 1833 1516 do

258 1543 495 1607 aclibus
519 1560 685 1605 more·
706 1542 988 1614 internis,
1020 1560 1124 1605 neo
1157 1545 1401 1622 punire,
1429 1562 1561 1608 oum
1583 1550 1832 1626 neqmt

257 1638 415 1699 scire
456 1635 619 1698 illos.
648 1666 732 1680 —
746 1634 1249 1697 Fundamentum
1276 1637 1668 1716 potissimum
1699 1637 1830 1698 divi

258 1727 512 1789 Thomas
540 1732 655 1803 est,
693 1726 842 1805 quia
873 1726 1152 1788 humana
1186 1729 1531 1807 jurisdictio
1558 1747 1684 1790 non
1713 1747 1826 1810 po·

257 1825 381 1881 test
401 1820 561 1881 ferre
579 1819 745 1897 leges
764 1817 840 1880 de
858 1820 1098 1882 actibus
1119 1820 1195 1882 de
1219 1821 1444 1902 quibus
1472 1840 1600 1884 non
1627 1827 1829 1903 potest

251 1912 559 1992 Judicare,
591 1928 705 1973 nec
717 1910 974 1990 punire3
1005 1912 1111 1973 sed
1129 1919 1396 1993 potestas
1420 1913 1832 1976 ecclesiastica

258 2005 539 2065 humana
576 2021 704 2065 non
740 2009 938 2083 potest
974 2005 1250 2084 judicare
1292 2007 1368 2068 de
1398 2007 1636 2069 actibus
1657 2025 1829 2069 mere

257 2096 547 2171 internis,
591 2111 793 2174 neque
832 2095 970 2156 illos
1009 2098 1275 2176 punire;
1322 2117 1472 2179 ergo
1498 2118 1610 2161 nec
1632 2105 1833 2180 potest

254 2189 338 2250 de
381 2188 504 2249 illis
539 2187 708 2267 leges
742 2188 925 2250 ferre.
964 2191 1168 2252 Minor
1192 2237 1200 2245 .
1220 2211 1500 2272 expresse
1536 2194 1832 2255 asseritur

254 2282 328 2343 in
354 2299 487 2361 cap.
521 2281 706 2345 Sicut
729 2283 877 2358 tuis,
909 2287 973 2343 et
1004 2300 1060 2343 c.
1100 2283 1239 2346 Tua
1278 2303 1409 2360 nos,
1436 2286 1513 2347 (16
1541 2287 1778 2347 Simon.
1812 2302 1829 2347 ι

253 2375 480 2448 Nobis,
498 2373 706 2452 inquit
723 2373 1032 2451 Pontifex,
1053 2376 1247 2438 solum
1273 2378 1480 2440 datum
1508 2383 1597 2441 ost
1615 2380 1682 2441 de
1704 2396 1833 2440 ma-

254 2467 509 2543 nifestis
521 2466 808 2545 judicare
825 2489 853 2536 ,·
877 2467 1147 2527 sumitur
1173 2467 1365 2528 etiam
1391 2487 1469 2530 ex
1499 2488 1634 2549 cap.
1661 2471 1832 2532 Eru-

258 2559 517 2634 boseant,
546 2558 608 2618 d.
641 2559 740 2619 32.
771 2560 848 2619 Et
868 2559 1026 2620 ratio
1053 2565 1166 2636 est,
1196 2560 1343 2639 quia
1349 2561 1663 2639 judicium
1685 2579 1832 2642 sup-

252 2650 436 2731 ponit
470 2669 666 2713 causae
697 2652 1150 2731 cognitionem3
1194 2658 1369 2713 actus
1411 2658 1625 2714 autem
1668 2654 1829 2714 inte-

254 2744 452 2805 riores
486 2751 630 2806 sunt
658 2745 915 2806 omnino
948 2750 1121 2806 extra
1151 2744 1574 2824 cognitionem
1598 2744 1827 2806 huma-

258 2856 434 2912 nam,
480 2844 544 2899 et
589 2839 730 2900 ideo
763 2839 1064 2917 judicium
1100 2839 1176 2899 de
1210 2839 1471 2901 internis
1507 2839 1587 2901 ad
1627 2840 1829 2901 solum

258 2933 458 2992 Deum
475 2931 775 3010 pertinet:
797 2931 996 2992 Homo
1016 2931 1173 2993 enim
1189 2931 1346 2992 videt
1357 2949 1426 2993 ea
1443 2949 1575 3010 quoe
1584 2938 1827 3010 parcnt,

261 3027 429 3086 Deus
466 3029 665 3087 autem
695 3024 964 3085 ἐπικαίων
996 3040 1119 3096 cor,
1161 3027 1191 3083 1
1235 3023 1388 3102 Reg.
1436 3024 1514 3083 16
1540 3045 1558 3096 ;
1590 3028 1653 3084 61
1693 3024 1832 3084 ideo

262 3116 505 3178 dicebat
548 3117 719 3178 Paul.
735 3123 741 3130 “
760 3118 790 3175 1
828 3115 909 3176 6(1
939 3115 1213 3177 Corinth.
1262 3117 1384 3177 14:
1444 3117 1656 3182 Nolite
1696 3122 1835 3179 anco

261 3214 494 3288 tempus
523 3209 809 3287 judicare
843 3207 1039 3287 quoad
1067 3225 1251 3287 usque
1285 3209 1489 3271 veniat
1511 3210 1830 3284 Dominus,

261 3303 370 3382 qui
417 3307 473 3363 et
522 3300 897 3363 illuminabit
941 3298 1289 3362 abscondita
1330 3302 1727 3377 tenebrarum,
1780 3306 1836 3364 et

261 3392 687 3469 manifestabit
731 3390 987 3455 emilia
1034 3391 1326 3453 cordium.
1377 3392 1576 3471 Major
1623 3400 1833 3454 autem

259 3485 530 3545 sumitur
556 3501 633 3545 ex
675 3483 892 3557 Arist„
939 3485 1017 3543 10
1059 3482 1358 3557 Ethicor„
1398 3500 1453 3545 c.
1490 3485 1552 3560 5,
1589 3484 1832 3546 dicente

259 3581 628 3657 potestatem
654 3573 1065 3653 legislativam
1084 3574 1423 3636 necessario
1441 3575 1671 3638 debere
1692 3594 1834 3637 con-

254 3670 542 3748 junctam
593 3666 823 3727 habere
869 3671 1234 3746 potestatem
1280 3667 1641 3744 coactivam,
1686 3669 1834 3748 quia

261 3760 417 3822 alias
443 3765 604 3821 esset
625 3757 863 3820 inutilis
888 3765 953 3819 et
981 3757 1303 3820 inefficax:
1328 3758 1496 3820 unde
1523 3758 1595 3821 fit
1628 3759 1834 3822 homi-

259 3869 410 3913 nem
449 3851 650 3912 solum
680 3866 858 3929 posse
890 3849 1128 3928 661636
1163 3850 1518 3930 praecipere,
1550 3870 1689 3930 quae
1722 3871 1831 3933 po-

262 3950 382 4006 test
403 3943 644 4023 punire,
679 3942 732 4002 si
775 3941 957 4003 aliter
997 3941 1153 4003 fiant
1177 3959 1199 4019 3
1245 3959 1374 4004 non
1408 3943 1593 4022 punit
1616 3950 1831 4007 autem

261 4038 381 4099 nisi
405 4035 744 4116 judicando
776 4058 794 4110 ;
817 4054 967 4114 ergo
992 4036 1153 4097 circa
1178 4054 1254 4097 ea
1276 4042 1524 4097 tantum
1548 4044 1831 4100 versatur

260 4130 363 4192 lex
389 4129 692 4204 humana,
722 4128 886 4189 circa
911 4146 1051 4207 quoe
1071 4134 1273 4208 potest
1292 4127 1638 4189 humanum
1664 4130 1832 4208 judi-

262 4223 429 4284 cium
455 4222 708 4284 versari.
742 4222 947 4282 Potest
973 4222 1164 4282 etiam
1196 4220 1364 4282 idem
1382 4220 1634 4301 probari
1664 4241 1703 4284 a
1724 4241 1832 4302 pa-

261 4317 445 4376 ritate
486 4314 764 4390 rationis‚
787 4313 887 4376 vel
918 4314 1106 4375 etiam
1137 4332 1175 4375 a
1210 4313 1476 4389 fortiori,
1510 4315 1657 4394 quia
1689 4316 1829 4395 plus

263 4414 354 4469 est
381 4406 585 4485 legem
610 4405 772 4467 ferre
798 4422 987 4484 quam
1009 4406 1312 4485 judicare,
1344 4409 1406 4467 et
1428 4406 1575 4485 quia
1585 4406 1687 4469 lex
1700 4425 1829 4470 esse

264 4499 418 4561 solet
447 4497 664 4577 regula
679 4498 941 4559 humani
962 4499 1202 4577 judicii.

342 4591 404 4652 6.
450 4591 841 4668 Difficultas.
873 4623 955 4636 —
993 4592 1121 4652 Hoc
1162 4610 1310 4654 vero
1353 4591 1833 4654 fundamentum

263 4682 624 4745 difficultate
649 4699 777 4743 non
805 4688 996 4743 caret.
1049 4683 1368 4763 Interrogo
1403 4684 1574 4746 enim
1605 4684 1680 4746 de
1709 4702 1833 4763 quo

257 4775 489 4855 judicio
532 4774 614 4834 sit
650 4790 854 4835 sermo
889 4774 958 4834 in
996 4775 1219 4853 majori
1247 4783 1584 4857 assumpta,
1619 4783 1728 4838 aut
1754 4776 1832 4839 de

259 4868 491 4947 judicio
517 4864 681 4946 quod
709 4865 1021 4946 profer-mr
1055 4868 1135 4928 ab
1163 4868 1418 4930 homine
1447 4887 1559 4949 per
1588 4874 1829 4931 senten·

261 4960 437 5035 tiam,
467 4963 579 5020 aut
616 4957 780 5038 quod
811 4958 1072 5038 proferri
1103 4967 1303 5040 potest
1321 4961 1445 5023 ab
1426 4979 1561 5042 ipso
1587 4961 1832 5040 legisla-

261 5059 395 5115 tore
422 5070 535 5132 per
551 5051 800 5129 legem:
822 5053 1139 5115 interdum
1153 5056 1325 5117 enim
1342 5056 1430 5117 ita
1450 5057 1646 5118 fertur
1660 5056 1828 5135 judi-

262 5146 469 5206 cium·
450 5189 468 5219 ‚
491 5144 766 5224 quando,
800 5145 1108 5223 videlicet,
1133 5147 1270 5210 lex'
1252 5165 1386 5227 ipsa
1405 5167 1518 5229 per
1542 5167 1608 5210 se
1631 5149 1829 5228 ipsam

261 5237 444 5316 punit
461 5236 782 5312 delictum,
813 5236 1091 5314 ferendo,
1121 5239 1296 5301 verbi
1328 5240 1552 5319 gratia,
1584 5257 1829 5303 excom·

261 5328 747 5390 municationem
789 5328 926 5410 ipso
967 5330 1133 5393 facto
1181 5332 1651 5409 incurrendam,
1691 5350 1832 5413 quae

261 5425 587 5502 propterea
608 5427 864 5484 vocatur
883 5421 1027 5485 16166
1051 5423 1394 5502 sententiae,
1418 5426 1566 5505 quia
1590 5425 1714 5487 fert
1729 5425 1833 5486 lex

262 5515 398 5599 ipsa
440 5515 836 5580 sententiam.
875 5515 943 5580 si
977 5516 1365 5600 intelligatur
1399 5518 1592 5602 priori
1618 5518 1828 5594 modo,

3362 419 3481 482 375

1911 521 2158 584 videtur
2201 521 2356 584 falsa
2399 523 2506 585 illa
2544 524 2766 603 major,
2801 523 2949 603 quia
2979 523 3180 586 multa
3223 533 3481 604 possunt

1909 614 2226 694 prohiberi
2262 621 2324 676 et
2355 617 2565 694 puniri
2600 633 2712 696 per
2749 615 2953 695 legem
2979 616 3475 693 ecclesiasticam,

1909 726 2049 787 quae
2070 724 2198 768 non
2217 714 2472 786 possunt
2496 727 2608 788 per
2630 708 3001 772 sententiam
3028 708 3301 770 hominis
3335 728 3480 770 con-
3574 784 3589 797 .

1912 800 2221 874 demnari,
2255 807 2326 861 ut
2354 806 2499 862 sunt
2518 801 2733 862 omnia
2763 801 2850 862 ita
2878 801 3138 878 occulta,
3166 807 3238 862 ut
3258 801 3483 881 proba-

1911 893 1970 953 ri
1996 910 2123 953 non
2151 893 2422 972 possint3
2466 902 2529 954 et
2553 893 2712 954 ratio
2741 899 2856 967 est,
2886 893 3033 972 quia
3064 898 3135 953 ut
3159 892 3349 954 homo
3373 895 3479 972 ju-

1910 985 2099 1060 dicet,
2123 985 2363 1064 indiget
2393 985 2650 1047 testibus
2678 992 2739 1046 et
2778 984 3141 1064 probatione
3176 985 3323 1046 facti
3350 1008 3365 1045 ε
3410 992 3482 1047 61

1910 1082 2124 1138 autem
2148 1076 2249 1137 lex
2270 1077 2508 1155 judicet
2534 1084 2596 1138 et
2618 1077 2874 1156 puniat,
2917 1094 3046 1138 non
3079 1094 3325 1156 semper
3364 1077 3482 1139 hoc

1913 1176 2005 1232 est
2030 1171 2466 1246 necessarium,
2497 1170 2605 1231 sed
2632 1169 2857 1230 sufficit
2889 1170 3264 1232 conscientia
3286 1170 3481 1232 delin-

1912 1263 2184 1342 quentis,
2214 1269 2285 1323 ut
2310 1269 2479 1342 patet
2500 1262 2569 1323 in
2590 1262 2881 1324 exteriori
2908 1262 3194 1325 haeretico
3221 1264 3480 1326 omnino

1908 1354 2171 1431 occulto,
2198 1355 2307 1434 qui
2323 1355 2534 1416 statim
2552 1359 2764 1416 manet
2791 1353 3386 1431 excommunicatus,
3419 1364 3482 1417 et

1912 1447 1980 1509 in
2017 1447 2390 1508 conscientia
2410 1452 2657 1508 tenetur
2681 1446 3013 1510 abstinere.
3057 1447 3125 1509 Si
3150 1452 3362 1510 autem
3375 1448 3481 1526 ju-

1909 1539 2143 1601 dicium
2175 1539 2244 1600 in
2269 1539 2496 1618 majori
2533 1540 2948 1619 propositione
2969 1544 3254 1600 sumatur
3278 1545 3481 1620 poste-

1909 1632 2087 1708 riori,
2121 1632 2222 1695 vel
2248 1632 2526 1711 generali
2566 1632 2774 1708 modo,
2809 1633 2896 1693 616
2927 1633 2993 1693 16
3020 1631 3238 1694 eadem
3259 1651 3480 1713 propo-

1908 1726 2131 1788 sitione
2157 1726 2389 1805 petitur
2405 1726 2782 1806 principium
2800 1749 2817 1801 3
2844 1744 2991 1787 nam
3004 1726 3121 1788 hoc
3145 1732 3237 1788 est
3259 1727 3335 1788 de
3355 1745 3481 1806 quo

1910 1820 2178 1898 6311666,
2209 1818 2462 1894 66111661,
2491 1837 2575 1880 66
2605 1818 2708 1880 lex
2725 1819 2860 1898 ipsa
2882 1837 2992 1899 per
3017 1837 3082 1881 se
3104 1819 3293 1899 possit
3309 1820 3480 1898 judi-

1911 1930 2049 1974 care
2077 1912 2154 1973 de
2184 1911 2423 1973 actibus
2456 1910 2715 1973 occultis
2741 1929 2854 1990 per
2885 1929 2975 1986 se,
3005 1911 3163 1972 sicut
3180 1916 3380 1990 potest
3402 1912 3479 1973 de

1909 2023 2023 2085 per
2053 2005 2335 2067 accidens
2363 2005 2620 2066 occultis
2650 2025 2668 2079 ;
2698 2010 2764 2065 et
2801 2005 2889 2065 616
2928 2004 3108 2065 facile
3147 2004 3481 2083 negabitur

1910 2099 2118 2159 minor
2139 2097 2217 2158 de
2257 2098 2476 2159 eodem
2492 2096 2730 2176 judicio
2762 2097 3114 2159 intellecta:
3149 2114 3298 2158 nam
3332 2098 3480 2176 jura

1910 2208 2051 2270 quae
2078 2191 2147 2251 in
2173 2188 2604 2270 probationem
2632 2188 3026 2250 adducuntur
3052 2207 3181 2249 non
3212 2195 3356 2250 sunt
3400 2189 3480 2250 ad

1909 2301 2068 2354 rem,
2127 2282 2275 2362 quia
2311 2281 2654 2361 loquuntur
2695 2280 2773 2342 de
2815 2281 3051 2360 judicio
3088 2281 3344 2343 ferendo
3371 2300 3483 2361 per

1911 2378 2287 2439 sententiam
2339 2375 2633 2437 hominis.
2685 2378 2762 2437 Et
2797 2382 3094 2455 praeterea
3147 2377 3482 2455 propositio

1912 2469 2045 2545 1116,
2092 2468 2257 2548 quod
2283 2475 2554 2547 potestas
2597 2469 2942 2547 legislativa
2977 2486 3106 2529 non
3132 2469 3326 2547 possit
3351 2487 3482 2531 esse

1911 2560 2078 2621 circa
2098 2560 2369 2639 aliquem
2388 2567 2596 2622 actum
2618 2562 2753 2621 sine
2771 2562 3069 2635 coactiva,
3088 2579 3218 2621 non
3236 2561 3482 2622 videtur

1910 2670 2024 2733 per
2066 2671 2132 2713 se
2181 2654 2546 2728 necessaria,
2590 2654 2643 2713 si
2676 2670 2881 2713 sermo
2914 2652 2994 2713 sit
3029 2653 3105 2714 de
3142 2654 3480 2730 coactione,

1911 2749 1983 2804 ut
2009 2744 2414 2823 distinguitur
2444 2744 2524 2805 ab
2565 2744 2945 2823 obligatione
2980 2744 3050 2804 in
3077 2746 3478 2822 conscientia,

1911 2855 2100 2916 quam
2152 2838 2407 2898 fortasse
2461 2837 2819 2898 Aristoteles
2872 2838 3207 2914 ignoravit,
3256 2843 3318 2898 et
3342 2838 3483 2899 ideo

1911 2930 2247 3010 postulavit
2273 2936 2592 2991 externam
2620 2930 3022 3006 coactionem,
3064 2947 3203 3009 quae
3230 2930 3335 2991 det
3355 2931 3482 2992 effi-

1912 3022 2147 3083 caciam
2169 3022 2317 3100 legi.
2344 3021 2425 3082 At
2446 3039 2594 3082 vero
2621 3022 2791 3083 silex
2814 3022 3049 3101 obligat
3076 3022 3145 3082 in
3172 3024 3483 3085 conscien-

1912 3115 2026 3190 tia,
2055 3120 2127 3175 ut
2153 3117 2423 3176 maxime
2455 3115 2531 3175 de
2560 3114 2961 3176 ecclesiastica
2991 3115 3158 3176 infra
3200 3117 3484 3178 ostende-

1913 3223 2090 3280 mus,
2137 3205 2248 3265 illa
2298 3210 2389 3266 est
2432 3204 2742 3265 sufficiens
2778 3204 3051 3266 efficacia
3098 3206 3253 3284 legis
3282 3228 3300 3281 3
3353 3208 3483 3268 imo

1915 3316 2139 3378 poenoe,
2163 3298 2264 3360 vel
2294 3315 2589 3373 censurae,
2620 3316 2759 3377 quae
2789 3299 2921 3377 ipso
2940 3299 3085 3377 jure
3109 3298 3188 3359 ab
3216 3299 3488 3361 Ecclesia

1912 3391 2343 3469 imponuntur,
2375 3391 2647 3452 maxime
2678 3390 2912 3452 habent
2936 3391 3271 3453 efficaciam
3299 3410 3378 3453 ex
3411 3392 3486 3452 li·

1914 3483 2166 3561 gamine
2188 3482 2574 3544 conscientiae
2592 3505 2609 3558 3
2637 3499 2785 3561 ergo
2800 3501 2927 3544 non
2949 3490 3261 3562 repugnat
3280 3485 3487 3545 Eccle-

1914 3576 2073 3635 siam
2098 3574 2329 3637 habere
2344 3580 2711 3655 potestatem
2731 3575 2811 3637 ad
2830 3575 3114 3637 ferendas
3131 3576 3322 3654 leges,
3349 3594 3507 3655 quae·

1914 3667 1983 3728 in
2034 3668 2408 3729 conscientia
2443 3667 2724 3747 obligent
2770 3686 2884 3748 pro
2924 3668 3165 3729 actibus
3198 3669 3480 3744 internis,

1911 3759 2157 3822 etiamsi
2186 3778 2314 3821 non
2344 3765 2547 3839 posset
2581 3760 2662 3821 ad
2688 3760 2825 3822 illos
2852 3761 3122 3824 exterius
3150 3766 3212 3821 et
3238 3779 3350 3841 per
3374 3762 3487 3823 ho-

1913 3854 2102 3914 minis
2123 3854 2434 3915 actionem
2462 3870 2703 3933 cogere.

1994 3951 2052 4009 7.
2098 3948 2247 4013 Non
2272 3966 2394 4010 esse
2420 3946 2849 4026 impossibilem
2881 3947 3342 4010 ecclesiasticam
3378 3965 3488 4027 po-

1912 4044 2186 4103 testatem
2212 4039 2281 4101 in
2319 4055 2477 4102 mere
2505 4039 2747 4101 interna
2760 4063 2784 4098 .·
2834 4039 2901 4100 de
2944 4039 3110 4115 facto
3143 4044 3342 4101 tamen
3368 4058 3489 4103 nem

1911 4133 2076 4206 dari,
2106 4149 2224 4192 non
2253 4132 2411 4193 euim
2443 4135 2673 4193 constat
2699 4129 2806 4191 ubi
2824 4132 2991 4192 data.
3014 4162 3097 4177 -
3120 4131 3487 4210 Priusquam

1914 4222 1997 4284 ad
2028 4222 2162 4282 haec
2185 4220 2617 4301 respondeam,
2664 4238 2884 4283 censeo
2919 4221 3297 4300 proecipuam
3343 4241 3484 4302 pro-

1913 4313 2232 4375 bationem
2263 4312 2371 4391 huj
2379 4331 2451 4374 us
2479 4314 2801 4375 sententiae
2814 4330 2942 4374 non
2965 4331 3093 4374 esse
3117 4315 3486 4376 sumendam

1912 4425 1993 4469 ex
2024 4406 2517 4485 impossibilitate
2541 4406 2633 4467 rei
2664 4406 3003 4467 secundum
3029 4425 3118 4482 se,
3139 4406 3303 4468 hanc
3317 4408 3489 4469 enim

1912 4499 2099 4579 plane
2126 4517 2255 4559 non
2287 4498 2490 4574 video,
2521 4498 2688 4577 quod
2720 4504 2782 4559 et
2816 4504 3256 4575 argumentum
3279 4500 3488 4579 proxi-

1913 4609 2015 4653 me
2046 4591 2303 4665 factum,
2330 4598 2393 4652 et
2419 4591 2688 4651 rationes
2709 4590 2776 4657 in
2798 4590 3101 4670 principio
3118 4591 3331 4670 positoe
3347 4610 3488 4670 per-

1915 4684 2175 4746 suadere
2202 4684 2526 4758 videntum
2568 4684 2867 4763 potuisset
2893 4684 3064 4745 enim
3102 4685 3401 4760 Christus,
3432 4686 3486 4746 si

1910 4777 2225 4850 voluisset,
2250 4775 2412 4836 hanc
2431 4779 2796 4854 potestatem
2816 4775 3100 4838 Ecclesioe
3113 4776 3284 4837 dare.
3302 4779 3487 4839 Trac-

1911 4868 2103 4929 tanda
2134 4872 2226 4929 est
2252 4885 2403 4946 ergo
2429 4886 2528 4929 res
2570 4867 2648 4928 de
2673 4868 2858 4944 facto,
2885 4874 2949 4930 et
2972 4867 3377 4947 probandum
3392 4876 3483 4930 est

1912 4978 2043 5021 non
2073 4960 2344 5022 dedisse.
2376 4977 2524 5020 nam
2551 4959 2669 5021 hoc
2696 4960 2850 5021 mihi
2866 4960 3065 5022 multo
3085 4959 3485 5022 verismihus

1913 5062 2027 5114 est.
2062 5055 2138 5113 Et
2163 5053 2439 5132 primum
2462 5058 2901 5130 argumentum
2925 5052 3029 5128 sit,
3054 5053 3255 5131 quod
3238 5071 3305 5113 16
3320 5030 3488 5114 Scri-

1913 5150 2099 5224 ptura
2125 5162 2253 5206 non
2277 5149 2370 5206 est
2397 5143 2647 5223 aliquod
2674 5144 2976 5206 indicium
3000 5144 3188 5223 hujus
3214 5149 3482 5224 potesta-

1915 5238 2034 5298 tis·
2016 5283 2034 5312 ‚
2085 5237 2193 5298 sed
2241 5236 2374 5298 hoec
2416 5236 2655 5297 occulta
2690 5237 2988 5297 interiora
3026 5254 3265 5315 semper
3291 5254 3485 5299 reser-

1911 5338 2141 5392 vantur
2185 5331 2332 5403 Deo‚
2381 5332 2445 5389 et
2485 5328 2564 5390 ad
2618 5329 2733 5390 hoc
2787 5328 3027 5390 faciunt
3061 5328 3254 5390 verba
3296 5346 3485 5408 supra

1913 5422 2182 5485 adducta
2204 5439 2283 5483 ex
2312 5418 2524 5481 Pau10.
2555 5421 2768 5500 Neque
2796 5421 2984 5482 etiam
3016 5421 3245 5482 summi
3272 5420 3480 5480 Ponti-

1910 5514 2056 5582 fices
2085 5514 2163 5578 de
2188 5514 2307 5580 hac
2339 5517 2638 5595 potestate
2663 5514 3046 5578 mentionem
3080 5514 3351 5593 aliquam
3388 5510 3479 5578 fe-
