<?xml version="1.0" encoding="UTF-8"?>
<!DOCTYPE html PUBLIC "-//W3C//DTD XHTML 1.0 Transitional//EN"
    "http://www.w3.org/TR/xhtml1/DTD/xhtml1-transitional.dtd">
<html xmlns="http://www.w3.org/1999/xhtml" xml:lang="en" lang="en">
 <head>
  <title>
</title>
<meta http-equiv="Content-Type" content="text/html;charset=utf-8" />
  <meta name='ocr-system' content='tesseract 3.04.00' />
  <meta name='ocr-capabilities' content='ocr_page ocr_carea ocr_par ocr_line ocrx_word'/>
</head>
<body>
  <div class='ocr_page' id='page_1' title='image "./rpfranciscisuar02duvagoog_0354.png"; bbox 0 0 3976 6219; ppageno 0'>
   <div class='ocr_carea' id='block_1_1' title="bbox 465 509 2064 5623">
    <p class='ocr_par' dir='ltr' id='par_1_1' title="bbox 483 509 2064 3373">
     <span class='ocr_line' id='line_1_1' title="bbox 507 509 2063 588; baseline -0.006 -9"><span class='ocrx_word' id='word_1_1' title='bbox 507 515 776 579; x_wconf 88' lang='lat' dir='ltr'><strong>distinct.</strong></span> <span class='ocrx_word' id='word_1_2' title='bbox 801 514 906 587; x_wconf 72' lang='lat'><strong>21,</strong></span> <span class='ocrx_word' id='word_1_3' title='bbox 931 515 993 573; x_wconf 91' lang='lat' dir='ltr'><strong>et</strong></span> <span class='ocrx_word' id='word_1_4' title='bbox 1011 510 1278 574; x_wconf 88' lang='lat' dir='ltr'><strong>habetur</strong></span> <span class='ocrx_word' id='word_1_5' title='bbox 1303 509 1493 573; x_wconf 90' lang='lat' dir='ltr'><strong>etiam</strong></span> <span class='ocrx_word' id='word_1_6' title='bbox 1511 510 1580 570; x_wconf 90' lang='lat' dir='ltr'><strong>in</strong></span> <span class='ocrx_word' id='word_1_7' title='bbox 1603 509 1784 588; x_wconf 89' lang='lat' dir='ltr'><strong>capit.</strong></span> <span class='ocrx_word' id='word_1_8' title='bbox 1809 510 2063 572; x_wconf 73' lang='lat' dir='ltr'><strong>Funda-</strong></span> 
     </span>
     <span class='ocr_line' id='line_1_2' title="bbox 501 601 2063 683; baseline -0.006 -11"><span class='ocrx_word' id='word_1_9' title='bbox 501 614 741 682; x_wconf 77' lang='lat' dir='ltr'><strong>menta,</strong></span> <span class='ocrx_word' id='word_1_10' title='bbox 783 605 863 666; x_wconf 90' lang='lat' dir='ltr'><strong>de</strong></span> <span class='ocrx_word' id='word_1_11' title='bbox 904 604 1094 665; x_wconf 88' lang='lat' dir='ltr'><strong>Elect.</strong></span> <span class='ocrx_word' id='word_1_12' title='bbox 1121 650 1140 679; x_wconf 92' lang='lat'><strong>,</strong></span> <span class='ocrx_word' id='word_1_13' title='bbox 1180 604 1247 665; x_wconf 92' lang='lat' dir='ltr'><strong>in</strong></span> <span class='ocrx_word' id='word_1_14' title='bbox 1281 604 1320 665; x_wconf 88' lang='grc'><strong>6</strong></span> <span class='ocrx_word' id='word_1_15' title='bbox 1357 624 1373 665; x_wconf 76' lang='lat' dir='ltr'>e</span> <span class='ocrx_word' id='word_1_16' title='bbox 1424 621 1572 683; x_wconf 89' lang='lat' dir='ltr'><strong>ergo</strong></span> <span class='ocrx_word' id='word_1_17' title='bbox 1605 601 1826 681; x_wconf 80' lang='lat' dir='ltr'>reliqui</span> <span class='ocrx_word' id='word_1_18' title='bbox 1871 602 2063 664; x_wconf 90' lang='lat' dir='ltr'><strong>etiam</strong></span> 
     </span>
     <span class='ocr_line' id='line_1_3' title="bbox 502 693 2061 780; baseline -0.004 -17"><span class='ocrx_word' id='word_1_19' title='bbox 502 698 780 780; x_wconf 82' lang='lat' dir='ltr'><strong>Apostoli</strong></span> <span class='ocrx_word' id='word_1_20' title='bbox 807 696 888 758; x_wconf 88' lang='lat' dir='ltr'><strong>ab</strong></span> <span class='ocrx_word' id='word_1_21' title='bbox 919 696 1136 758; x_wconf 90' lang='lat' dir='ltr'><strong>eodem</strong></span> <span class='ocrx_word' id='word_1_22' title='bbox 1168 696 1408 759; x_wconf 88' lang='lat' dir='ltr'><strong>Christo</strong></span> <span class='ocrx_word' id='word_1_23' title='bbox 1439 700 1806 775; x_wconf 88' lang='lat' dir='ltr'><strong>acceperunt</strong></span> <span class='ocrx_word' id='word_1_24' title='bbox 1841 693 2061 756; x_wconf 90' lang='lat' dir='ltr'><strong>imme-</strong></span> 
     </span>
     <span class='ocr_line' id='line_1_4' title="bbox 497 789 2061 871; baseline -0.004 -17"><span class='ocrx_word' id='word_1_25' title='bbox 497 794 661 854; x_wconf 90' lang='lat' dir='ltr'><strong>diate</strong></span> <span class='ocrx_word' id='word_1_26' title='bbox 681 790 1174 871; x_wconf 87' lang='lat' dir='ltr'><strong>jurisdictionem</strong></span> <span class='ocrx_word' id='word_1_27' title='bbox 1201 789 1278 851; x_wconf 90' lang='lat' dir='ltr'><strong>ad</strong></span> <span class='ocrx_word' id='word_1_28' title='bbox 1307 806 1492 850; x_wconf 89' lang='lat' dir='ltr'><strong>suum</strong></span> <span class='ocrx_word' id='word_1_29' title='bbox 1528 806 1755 849; x_wconf 89' lang='lat' dir='ltr'><strong>munus</strong></span> <span class='ocrx_word' id='word_1_30' title='bbox 1779 804 2061 849; x_wconf 87' lang='lat' dir='ltr'><strong>necessa-</strong></span> 
     </span>
     <span class='ocr_line' id='line_1_5' title="bbox 498 880 2064 961; baseline -0.005 -13"><span class='ocrx_word' id='word_1_31' title='bbox 498 886 682 948; x_wconf 89' lang='lat' dir='ltr'><strong>riam.</strong></span> <span class='ocrx_word' id='word_1_32' title='bbox 729 884 904 946; x_wconf 88' lang='lat' dir='ltr'><strong>Unde</strong></span> <span class='ocrx_word' id='word_1_33' title='bbox 930 884 1120 945; x_wconf 87' lang='lat' dir='ltr'><strong>etiam</strong></span> <span class='ocrx_word' id='word_1_34' title='bbox 1161 887 1400 944; x_wconf 88' lang='lat' dir='ltr'><strong>constat</strong></span> <span class='ocrx_word' id='word_1_35' title='bbox 1433 880 1752 961; x_wconf 78' lang='lat' dir='ltr'><strong>Apostolos</strong></span> <span class='ocrx_word' id='word_1_36' title='bbox 1773 897 1902 942; x_wconf 90' lang='lat' dir='ltr'><strong>non</strong></span> <span class='ocrx_word' id='word_1_37' title='bbox 1925 886 2064 941; x_wconf 89' lang='lat' dir='ltr'><strong>tan-</strong></span> 
     </span>
     <span class='ocr_line' id='line_1_6' title="bbox 500 971 2063 1055; baseline -0.003 -16"><span class='ocrx_word' id='word_1_38' title='bbox 500 983 636 1039; x_wconf 90' lang='lat' dir='ltr'><strong>tum</strong></span> <span class='ocrx_word' id='word_1_39' title='bbox 667 976 1006 1052; x_wconf 74' lang='lat' dir='ltr'><strong>collective,</strong></span> <span class='ocrx_word' id='word_1_40' title='bbox 1038 992 1148 1037; x_wconf 87' lang='lat' dir='ltr'><strong>sen</strong></span> <span class='ocrx_word' id='word_1_41' title='bbox 1173 992 1285 1055; x_wconf 90' lang='lat' dir='ltr'><strong>per</strong></span> <span class='ocrx_word' id='word_1_42' title='bbox 1311 974 1568 1035; x_wconf 89' lang='lat' dir='ltr'><strong>modum</strong></span> <span class='ocrx_word' id='word_1_43' title='bbox 1600 973 1787 1035; x_wconf 88' lang='lat' dir='ltr'><strong>unius</strong></span> <span class='ocrx_word' id='word_1_44' title='bbox 1815 971 2063 1051; x_wconf 87' lang='lat' dir='ltr'><strong>collegii</strong></span> 
     </span>
     <span class='ocr_line' id='line_1_7' title="bbox 498 1065 2061 1151; baseline -0.004 -18"><span class='ocrx_word' id='word_1_45' title='bbox 498 1071 802 1151; x_wconf 87' lang='lat' dir='ltr'><strong>accepisse</strong></span> <span class='ocrx_word' id='word_1_46' title='bbox 849 1069 1024 1131; x_wconf 90' lang='lat' dir='ltr'><strong>illam</strong></span> <span class='ocrx_word' id='word_1_47' title='bbox 1071 1072 1462 1148; x_wconf 87' lang='lat' dir='ltr'><strong>potestatem,</strong></span> <span class='ocrx_word' id='word_1_48' title='bbox 1509 1066 1617 1127; x_wconf 88' lang='lat' dir='ltr'><strong>sed</strong></span> <span class='ocrx_word' id='word_1_49' title='bbox 1663 1065 1936 1141; x_wconf 82' lang='lat' dir='ltr'>divisim,</span> <span class='ocrx_word' id='word_1_50' title='bbox 1984 1083 2061 1128; x_wconf 90' lang='lat' dir='ltr'><strong>ac</strong></span> 
     </span>
     <span class='ocr_line' id='line_1_8' title="bbox 497 1159 2061 1247; baseline -0.004 -21"><span class='ocrx_word' id='word_1_51' title='bbox 497 1163 924 1247; x_wconf 76' lang='lat' dir='ltr'><strong>personaliter,</strong></span> <span class='ocrx_word' id='word_1_52' title='bbox 948 1162 1096 1242; x_wconf 91' lang='lat' dir='ltr'><strong>quia</strong></span> <span class='ocrx_word' id='word_1_53' title='bbox 1113 1180 1188 1223; x_wconf 88' lang='lat' dir='ltr'><strong>ex</strong></span> <span class='ocrx_word' id='word_1_54' title='bbox 1205 1162 1271 1223; x_wconf 93' lang='lat' dir='ltr'><strong>vi</strong></span> <span class='ocrx_word' id='word_1_55' title='bbox 1289 1162 1387 1222; x_wconf 88' lang='lat' dir='ltr'><strong>sui</strong></span> <span class='ocrx_word' id='word_1_56' title='bbox 1409 1160 1687 1222; x_wconf 89' lang='lat' dir='ltr'><strong>muneris</strong></span> <span class='ocrx_word' id='word_1_57' title='bbox 1708 1165 1772 1222; x_wconf 88' lang='lat' dir='ltr'><strong>et</strong></span> <span class='ocrx_word' id='word_1_58' title='bbox 1794 1159 2061 1221; x_wconf 86' lang='lat' dir='ltr'><strong>vocatio-</strong></span> 
     </span>
     <span class='ocr_line' id='line_1_9' title="bbox 496 1252 2059 1339; baseline -0.004 -19"><span class='ocrx_word' id='word_1_59' title='bbox 496 1259 596 1321; x_wconf 87' lang='lat' dir='ltr'><strong>nis</strong></span> <span class='ocrx_word' id='word_1_60' title='bbox 615 1256 942 1339; x_wconf 87' lang='lat' dir='ltr'><strong>separandi</strong></span> <span class='ocrx_word' id='word_1_61' title='bbox 961 1262 1159 1332; x_wconf 89' lang='lat' dir='ltr'><strong>erant,</strong></span> <span class='ocrx_word' id='word_1_62' title='bbox 1185 1259 1249 1317; x_wconf 88' lang='lat' dir='ltr'><strong>et</strong></span> <span class='ocrx_word' id='word_1_63' title='bbox 1265 1252 1656 1334; x_wconf 87' lang='lat' dir='ltr'><strong>dispergendi</strong></span> <span class='ocrx_word' id='word_1_64' title='bbox 1677 1271 1789 1334; x_wconf 91' lang='lat' dir='ltr'><strong>per</strong></span> <span class='ocrx_word' id='word_1_65' title='bbox 1806 1252 2059 1314; x_wconf 88' lang='lat' dir='ltr'><strong>univer·</strong></span> 
     </span>
     <span class='ocr_line' id='line_1_10' title="bbox 497 1344 2059 1428; baseline -0.006 -14"><span class='ocrx_word' id='word_1_66' title='bbox 497 1369 636 1414; x_wconf 84' lang='lat' dir='ltr'><strong>sum</strong></span> <span class='ocrx_word' id='word_1_67' title='bbox 668 1350 974 1413; x_wconf 88' lang='lat' dir='ltr'><strong>mundum</strong></span> <span class='ocrx_word' id='word_1_68' title='bbox 1010 1369 1027 1408; x_wconf 73' lang='grc' dir='ltr'><strong>ε</strong></span> <span class='ocrx_word' id='word_1_69' title='bbox 1077 1366 1226 1428; x_wconf 89' lang='lat' dir='ltr'><strong>ergo</strong></span> <span class='ocrx_word' id='word_1_70' title='bbox 1249 1364 1491 1409; x_wconf 87' lang='lat' dir='ltr'><strong>necesse</strong></span> <span class='ocrx_word' id='word_1_71' title='bbox 1519 1351 1680 1422; x_wconf 89' lang='lat' dir='ltr'><strong>erat,</strong></span> <span class='ocrx_word' id='word_1_72' title='bbox 1724 1351 1798 1407; x_wconf 91' lang='lat' dir='ltr'><strong>ut</strong></span> <span class='ocrx_word' id='word_1_73' title='bbox 1827 1344 2059 1425; x_wconf 77' lang='lat' dir='ltr'><strong>singuli</strong></span> 
     </span>
     <span class='ocr_line' id='line_1_11' title="bbox 494 1438 2059 1522; baseline -0.004 -15"><span class='ocrx_word' id='word_1_74' title='bbox 494 1444 661 1507; x_wconf 87' lang='lat' dir='ltr'><strong>irent</strong></span> <span class='ocrx_word' id='word_1_75' title='bbox 678 1462 819 1507; x_wconf 91' lang='lat' dir='ltr'><strong>cum</strong></span> <span class='ocrx_word' id='word_1_76' title='bbox 837 1447 1137 1522; x_wconf 76' lang='lat' dir='ltr'><strong>potestate</strong></span> <span class='ocrx_word' id='word_1_77' title='bbox 1156 1440 1480 1521; x_wconf 90' lang='lat' dir='ltr'><strong>plantandi</strong></span> <span class='ocrx_word' id='word_1_78' title='bbox 1501 1438 1820 1515; x_wconf 70' lang='lat' dir='ltr'><strong>Ecclaeias,</strong></span> <span class='ocrx_word' id='word_1_79' title='bbox 1845 1455 2059 1500; x_wconf 87' lang='lat' dir='ltr'><strong>crean-</strong></span> 
     </span>
     <span class='ocr_line' id='line_1_12' title="bbox 494 1530 2056 1618; baseline -0.006 -18"><span class='ocrx_word' id='word_1_80' title='bbox 494 1539 558 1599; x_wconf 91' lang='lat' dir='ltr'><strong>di</strong></span> <span class='ocrx_word' id='word_1_81' title='bbox 575 1539 928 1618; x_wconf 89' lang='lat' dir='ltr'><strong>Episcopos,</strong></span> <span class='ocrx_word' id='word_1_82' title='bbox 949 1541 1010 1597; x_wconf 90' lang='lat' dir='ltr'><strong>et</strong></span> <span class='ocrx_word' id='word_1_83' title='bbox 1031 1533 1380 1605; x_wconf 86' lang='lat' dir='ltr'><strong>ordinandi,</strong></span> <span class='ocrx_word' id='word_1_84' title='bbox 1407 1551 1479 1594; x_wconf 91' lang='lat' dir='ltr'><strong>ac</strong></span> <span class='ocrx_word' id='word_1_85' title='bbox 1502 1530 1893 1613; x_wconf 78' lang='lat' dir='ltr'><strong>praecipiendi</strong></span> <span class='ocrx_word' id='word_1_86' title='bbox 1920 1545 2056 1591; x_wconf 90' lang='lat' dir='ltr'><strong>om·</strong></span> 
     </span>
     <span class='ocr_line' id='line_1_13' title="bbox 493 1623 2057 1711; baseline -0.006 -18"><span class='ocrx_word' id='word_1_87' title='bbox 493 1632 603 1693; x_wconf 88' lang='lat' dir='ltr'><strong>nia</strong></span> <span class='ocrx_word' id='word_1_88' title='bbox 636 1648 777 1711; x_wconf 84' lang='lat' dir='ltr'><strong>quse</strong></span> <span class='ocrx_word' id='word_1_89' title='bbox 818 1634 1022 1692; x_wconf 91' lang='lat' dir='ltr'><strong>essent</strong></span> <span class='ocrx_word' id='word_1_90' title='bbox 1053 1626 1398 1688; x_wconf 87' lang='lat' dir='ltr'><strong>necessaria</strong></span> <span class='ocrx_word' id='word_1_91' title='bbox 1429 1642 1451 1703; x_wconf 99' lang='lat'>3</span> <span class='ocrx_word' id='word_1_92' title='bbox 1498 1642 1648 1703; x_wconf 86' lang='lat' dir='ltr'><strong>ergo</strong></span> <span class='ocrx_word' id='word_1_93' title='bbox 1679 1623 1868 1685; x_wconf 89' lang='lat' dir='ltr'><strong>etiam</strong></span> <span class='ocrx_word' id='word_1_94' title='bbox 1907 1640 2057 1684; x_wconf 89' lang='lat' dir='ltr'><strong>cum</strong></span> 
     </span>
     <span class='ocr_line' id='line_1_14' title="bbox 493 1716 2056 1805; baseline -0.006 -19"><span class='ocrx_word' id='word_1_95' title='bbox 493 1729 790 1805; x_wconf 78' lang='lat' dir='ltr'><strong>potestate</strong></span> <span class='ocrx_word' id='word_1_96' title='bbox 815 1721 1164 1803; x_wconf 87' lang='lat' dir='ltr'><strong>legislativa</strong></span> <span class='ocrx_word' id='word_1_97' title='bbox 1187 1720 1256 1780; x_wconf 91' lang='lat' dir='ltr'><strong>in</strong></span> <span class='ocrx_word' id='word_1_98' title='bbox 1285 1717 1552 1781; x_wconf 87' lang='lat' dir='ltr'><strong>solidum</strong></span> <span class='ocrx_word' id='word_1_99' title='bbox 1579 1721 1826 1796; x_wconf 89' lang='lat' dir='ltr'><strong>accepta</strong></span> <span class='ocrx_word' id='word_1_100' title='bbox 1851 1717 1947 1792; x_wconf 89' lang='lat' dir='ltr'><strong>(ut</strong></span> <span class='ocrx_word' id='word_1_101' title='bbox 1967 1716 2056 1777; x_wconf 90' lang='lat' dir='ltr'><strong>sic</strong></span> 
     </span>
     <span class='ocr_line' id='line_1_15' title="bbox 493 1809 2063 1897; baseline -0.005 -18"><span class='ocrx_word' id='word_1_102' title='bbox 493 1815 738 1897; x_wconf 86' lang='lat' dir='ltr'><strong>dicam):</strong></span> <span class='ocrx_word' id='word_1_103' title='bbox 763 1821 826 1877; x_wconf 88' lang='lat' dir='ltr'><strong>et</strong></span> <span class='ocrx_word' id='word_1_104' title='bbox 842 1816 961 1876; x_wconf 89' lang='lat' dir='ltr'><strong>hoc</strong></span> <span class='ocrx_word' id='word_1_105' title='bbox 974 1812 1324 1893; x_wconf 86' lang='lat' dir='ltr'><strong>significant</strong></span> <span class='ocrx_word' id='word_1_106' title='bbox 1341 1811 1530 1873; x_wconf 87' lang='lat' dir='ltr'><strong>verba</strong></span> <span class='ocrx_word' id='word_1_107' title='bbox 1547 1809 1771 1872; x_wconf 82' lang='lat' dir='ltr'><strong>Christi</strong></span> <span class='ocrx_word' id='word_1_108' title='bbox 1792 1810 2063 1885; x_wconf 64' lang='lat' dir='ltr'><strong>Euneos,</strong></span> 
     </span>
     <span class='ocr_line' id='line_1_16' title="bbox 495 1902 2057 1985; baseline -0.006 -14"><span class='ocrx_word' id='word_1_109' title='bbox 495 1914 611 1971; x_wconf 90' lang='lat' dir='ltr'><strong>etc.</strong></span> <span class='ocrx_word' id='word_1_110' title='bbox 619 1954 641 1985; x_wconf 90' lang='lat'><strong>,</strong></span> <span class='ocrx_word' id='word_1_111' title='bbox 667 1910 852 1971; x_wconf 76' lang='lat' dir='ltr'><strong>Mitto</strong></span> <span class='ocrx_word' id='word_1_112' title='bbox 877 1926 979 1969; x_wconf 70' lang='lat' dir='ltr'><strong>vos</strong></span> <span class='ocrx_word' id='word_1_113' title='bbox 994 1952 1016 1983; x_wconf 92' lang='grc'>,</span> <span class='ocrx_word' id='word_1_114' title='bbox 1041 1910 1153 1967; x_wconf 87' lang='lat' dir='ltr'><strong>etc.</strong></span> <span class='ocrx_word' id='word_1_115' title='bbox 1187 1904 1485 1978; x_wconf 88' lang='lat' dir='ltr'><strong>Quocirca</strong></span> <span class='ocrx_word' id='word_1_116' title='bbox 1503 1950 1522 1976; x_wconf 95' lang='lat'><strong>,</strong></span> <span class='ocrx_word' id='word_1_117' title='bbox 1563 1903 1710 1963; x_wconf 86' lang='lat' dir='ltr'><strong>licet</strong></span> <span class='ocrx_word' id='word_1_118' title='bbox 1737 1902 1944 1963; x_wconf 82' lang='lat' dir='ltr'><strong>Actor.</strong></span> <span class='ocrx_word' id='word_1_119' title='bbox 1979 1903 2057 1963; x_wconf 76' lang='lat'><strong>15</strong></span> 
     </span>
     <span class='ocr_line' id='line_1_17' title="bbox 495 1994 2060 2081; baseline -0.005 -19"><span class='ocrx_word' id='word_1_120' title='bbox 495 1999 772 2081; x_wconf 89' lang='lat' dir='ltr'><strong>Apostoli</strong></span> <span class='ocrx_word' id='word_1_121' title='bbox 799 1998 1158 2077; x_wconf 88' lang='lat' dir='ltr'><strong>congregati</strong></span> <span class='ocrx_word' id='word_1_122' title='bbox 1203 1996 1435 2058; x_wconf 83' lang='lat' dir='ltr'><strong>fuerint</strong></span> <span class='ocrx_word' id='word_1_123' title='bbox 1475 1996 1544 2055; x_wconf 90' lang='lat' dir='ltr'><strong>in</strong></span> <span class='ocrx_word' id='word_1_124' title='bbox 1582 2011 1784 2055; x_wconf 89' lang='lat' dir='ltr'><strong>unum</strong></span> <span class='ocrx_word' id='word_1_125' title='bbox 1818 1994 1898 2055; x_wconf 87' lang='lat' dir='ltr'><strong>ad</strong></span> <span class='ocrx_word' id='word_1_126' title='bbox 1933 2000 2060 2056; x_wconf 88' lang='lat' dir='ltr'><strong>sta-</strong></span> 
     </span>
     <span class='ocr_line' id='line_1_18' title="bbox 494 2087 2056 2171; baseline -0.006 -15"><span class='ocrx_word' id='word_1_127' title='bbox 494 2094 796 2156; x_wconf 89' lang='lat' dir='ltr'><strong>tuendum</strong></span> <span class='ocrx_word' id='word_1_128' title='bbox 829 2092 906 2153; x_wconf 89' lang='lat' dir='ltr'><strong>de</strong></span> <span class='ocrx_word' id='word_1_129' title='bbox 932 2090 1258 2171; x_wconf 80' lang='lat' dir='ltr'><strong>legalibus,</strong></span> <span class='ocrx_word' id='word_1_130' title='bbox 1308 2108 1434 2150; x_wconf 92' lang='lat' dir='ltr'><strong>non</strong></span> <span class='ocrx_word' id='word_1_131' title='bbox 1462 2087 1529 2149; x_wconf 89' lang='lat' dir='ltr'><strong>id</strong></span> <span class='ocrx_word' id='word_1_132' title='bbox 1554 2087 1858 2163; x_wconf 83' lang='lat' dir='ltr'><strong>fecerunt,</strong></span> <span class='ocrx_word' id='word_1_133' title='bbox 1905 2088 2056 2167; x_wconf 89' lang='lat' dir='ltr'><strong>quia</strong></span> 
     </span>
     <span class='ocr_line' id='line_1_19' title="bbox 493 2182 2051 2266; baseline -0.004 -18"><span class='ocrx_word' id='word_1_134' title='bbox 493 2188 574 2248; x_wconf 87' lang='lat' dir='ltr'><strong>ad</strong></span> <span class='ocrx_word' id='word_1_135' title='bbox 599 2205 781 2248; x_wconf 89' lang='lat' dir='ltr'><strong>usum</strong></span> <span class='ocrx_word' id='word_1_136' title='bbox 802 2184 1248 2266; x_wconf 83' lang='lat' dir='ltr'><strong>jurisdictionis</strong></span> <span class='ocrx_word' id='word_1_137' title='bbox 1271 2201 1399 2244; x_wconf 80' lang='lat' dir='ltr'><strong>suae</strong></span> <span class='ocrx_word' id='word_1_138' title='bbox 1427 2187 1584 2244; x_wconf 85' lang='lat' dir='ltr'><strong>esset</strong></span> <span class='ocrx_word' id='word_1_139' title='bbox 1610 2182 2051 2257; x_wconf 88' lang='lat' dir='ltr'><strong>necessarium,</strong></span> 
     </span>
     <span class='ocr_line' id='line_1_20' title="bbox 492 2275 2053 2358; baseline -0.004 -16"><span class='ocrx_word' id='word_1_140' title='bbox 492 2281 597 2342; x_wconf 88' lang='lat' dir='ltr'><strong>sed</strong></span> <span class='ocrx_word' id='word_1_141' title='bbox 628 2280 708 2342; x_wconf 91' lang='lat' dir='ltr'><strong>ad</strong></span> <span class='ocrx_word' id='word_1_142' title='bbox 739 2280 1042 2358; x_wconf 86' lang='lat' dir='ltr'><strong>majorem</strong></span> <span class='ocrx_word' id='word_1_143' title='bbox 1065 2276 1546 2338; x_wconf 82' lang='lat' dir='ltr'><strong>satisfactionem</strong></span> <span class='ocrx_word' id='word_1_144' title='bbox 1566 2275 1869 2351; x_wconf 88' lang='lat' dir='ltr'><strong>fidelium,</strong></span> <span class='ocrx_word' id='word_1_145' title='bbox 1895 2292 2053 2355; x_wconf 78' lang='lat' dir='ltr'><strong>prse-</strong></span> 
     </span>
     <span class='ocr_line' id='line_1_21' title="bbox 491 2368 2047 2451; baseline -0.004 -15"><span class='ocrx_word' id='word_1_146' title='bbox 491 2374 943 2451; x_wconf 70' lang='lat' dir='ltr'><strong>sertimeorum</strong></span> <span class='ocrx_word' id='word_1_147' title='bbox 964 2371 1073 2450; x_wconf 91' lang='lat' dir='ltr'><strong>qui</strong></span> <span class='ocrx_word' id='word_1_148' title='bbox 1095 2389 1173 2432; x_wconf 85' lang='lat' dir='ltr'><strong>ex</strong></span> <span class='ocrx_word' id='word_1_149' title='bbox 1195 2370 1469 2431; x_wconf 80' lang='lat' dir='ltr'><strong>Hebraeis</strong></span> <span class='ocrx_word' id='word_1_150' title='bbox 1485 2369 1764 2431; x_wconf 90' lang='lat' dir='ltr'><strong>conversi</strong></span> <span class='ocrx_word' id='word_1_151' title='bbox 1775 2368 2047 2446; x_wconf 86' lang='lat' dir='ltr'><strong>fuerant3</strong></span> 
     </span>
     <span class='ocr_line' id='line_1_22' title="bbox 489 2461 2052 2545; baseline -0.004 -16"><span class='ocrx_word' id='word_1_152' title='bbox 489 2470 642 2530; x_wconf 89' lang='lat' dir='ltr'><strong>item</strong></span> <span class='ocrx_word' id='word_1_153' title='bbox 682 2467 761 2529; x_wconf 87' lang='lat' dir='ltr'><strong>ad</strong></span> <span class='ocrx_word' id='word_1_154' title='bbox 803 2468 1105 2545; x_wconf 84' lang='lat' dir='ltr'><strong>majorem</strong></span> <span class='ocrx_word' id='word_1_155' title='bbox 1144 2465 1442 2526; x_wconf 89' lang='lat' dir='ltr'><strong>unionem</strong></span> <span class='ocrx_word' id='word_1_156' title='bbox 1480 2470 1543 2525; x_wconf 91' lang='lat' dir='ltr'><strong>et</strong></span> <span class='ocrx_word' id='word_1_157' title='bbox 1586 2480 1826 2543; x_wconf 76' lang='lat' dir='ltr'><strong>pacem,</strong></span> <span class='ocrx_word' id='word_1_158' title='bbox 1873 2469 1935 2524; x_wconf 91' lang='lat' dir='ltr'><strong>et</strong></span> <span class='ocrx_word' id='word_1_159' title='bbox 1969 2461 2052 2523; x_wconf 89' lang='lat' dir='ltr'><strong>ad</strong></span> 
     </span>
     <span class='ocr_line' id='line_1_23' title="bbox 489 2556 2051 2638; baseline -0.004 -15"><span class='ocrx_word' id='word_1_160' title='bbox 489 2579 799 2622; x_wconf 89' lang='lat' dir='ltr'><strong>summam</strong></span> <span class='ocrx_word' id='word_1_161' title='bbox 815 2559 1202 2638; x_wconf 80' lang='lat' dir='ltr'><strong>diligentiam</strong></span> <span class='ocrx_word' id='word_1_162' title='bbox 1219 2563 1283 2619; x_wconf 92' lang='lat' dir='ltr'><strong>et</strong></span> <span class='ocrx_word' id='word_1_163' title='bbox 1299 2556 1763 2636; x_wconf 87' lang='lat' dir='ltr'><strong>inquisitionem</strong></span> <span class='ocrx_word' id='word_1_164' title='bbox 1783 2574 1860 2617; x_wconf 85' lang='lat' dir='ltr'><strong>ex</strong></span> <span class='ocrx_word' id='word_1_165' title='bbox 1881 2560 2051 2635; x_wconf 85' lang='lat' dir='ltr'><strong>parte</strong></span> 
     </span>
     <span class='ocr_line' id='line_1_24' title="bbox 491 2648 2051 2735; baseline -0.005 -19"><span class='ocrx_word' id='word_1_166' title='bbox 491 2672 602 2715; x_wconf 84' lang='lat' dir='ltr'><strong>sua</strong></span> <span class='ocrx_word' id='word_1_167' title='bbox 627 2652 1063 2735; x_wconf 71' lang='lat' dir='ltr'><strong>praestandam.</strong></span> <span class='ocrx_word' id='word_1_168' title='bbox 1095 2651 1265 2712; x_wconf 88' lang='lat' dir='ltr'><strong>Sicut</strong></span> <span class='ocrx_word' id='word_1_169' title='bbox 1289 2648 1513 2711; x_wconf 88' lang='lat' dir='ltr'><strong>Paulus</strong></span> <span class='ocrx_word' id='word_1_170' title='bbox 1537 2648 1812 2710; x_wconf 91' lang='lat' dir='ltr'><strong>ascendit</strong></span> <span class='ocrx_word' id='word_1_171' title='bbox 1833 2648 2051 2709; x_wconf 89' lang='lat' dir='ltr'><strong>Hiero-</strong></span> 
     </span>
     <span class='ocr_line' id='line_1_25' title="bbox 490 2740 2053 2828; baseline -0.003 -20"><span class='ocrx_word' id='word_1_172' title='bbox 490 2747 796 2828; x_wconf 83' lang='lat' dir='ltr'><strong>solymam</strong></span> <span class='ocrx_word' id='word_1_173' title='bbox 824 2746 903 2807; x_wconf 89' lang='lat' dir='ltr'><strong>ad</strong></span> <span class='ocrx_word' id='word_1_174' title='bbox 941 2741 1387 2806; x_wconf 84' lang='lat' dir='ltr'><strong>conferendum</strong></span> <span class='ocrx_word' id='word_1_175' title='bbox 1422 2759 1605 2802; x_wconf 89' lang='lat' dir='ltr'><strong>suum</strong></span> <span class='ocrx_word' id='word_1_176' title='bbox 1645 2740 2053 2820; x_wconf 87' lang='lat' dir='ltr'><strong>Evangelium</strong></span> 
     </span>
     <span class='ocr_line' id='line_1_26' title="bbox 491 2836 2055 2916; baseline -0.004 -14"><span class='ocrx_word' id='word_1_177' title='bbox 491 2859 633 2902; x_wconf 89' lang='lat' dir='ltr'><strong>cum</strong></span> <span class='ocrx_word' id='word_1_178' title='bbox 662 2841 843 2902; x_wconf 89' lang='lat' dir='ltr'><strong>Petro</strong></span> <span class='ocrx_word' id='word_1_179' title='bbox 869 2844 934 2901; x_wconf 90' lang='lat' dir='ltr'><strong>et</strong></span> <span class='ocrx_word' id='word_1_180' title='bbox 963 2838 1100 2899; x_wconf 86' lang='lat' dir='ltr'><strong>aliis</strong></span> <span class='ocrx_word' id='word_1_181' title='bbox 1114 2882 1136 2914; x_wconf 94' lang='lat'><strong>,</strong></span> <span class='ocrx_word' id='word_1_182' title='bbox 1175 2856 1304 2898; x_wconf 91' lang='lat' dir='ltr'><strong>non</strong></span> <span class='ocrx_word' id='word_1_183' title='bbox 1329 2836 1479 2916; x_wconf 89' lang='lat' dir='ltr'><strong>quia</strong></span> <span class='ocrx_word' id='word_1_184' title='bbox 1509 2836 1604 2897; x_wconf 93' lang='lat' dir='ltr'><strong>illi</strong></span> <span class='ocrx_word' id='word_1_185' title='bbox 1643 2836 2055 2897; x_wconf 85' lang='lat' dir='ltr'><strong>necessarium</strong></span> 
     </span>
     <span class='ocr_line' id='line_1_27' title="bbox 489 2928 2055 3005; baseline -0.003 -10"><span class='ocrx_word' id='word_1_186' title='bbox 489 2939 649 2996; x_wconf 89' lang='lat' dir='ltr'><strong>esset</strong></span> <span class='ocrx_word' id='word_1_187' title='bbox 677 2934 754 2995; x_wconf 87' lang='lat' dir='ltr'><strong>ad</strong></span> <span class='ocrx_word' id='word_1_188' title='bbox 788 2950 916 2994; x_wconf 90' lang='lat' dir='ltr'><strong>non</strong></span> <span class='ocrx_word' id='word_1_189' title='bbox 943 2930 1300 3005; x_wconf 90' lang='lat' dir='ltr'><strong>errandum,</strong></span> <span class='ocrx_word' id='word_1_190' title='bbox 1333 2928 1604 2990; x_wconf 84' lang='lat' dir='ltr'><strong>habebat</strong></span> <span class='ocrx_word' id='word_1_191' title='bbox 1627 2929 1798 2989; x_wconf 90' lang='lat' dir='ltr'><strong>enim</strong></span> <span class='ocrx_word' id='word_1_192' title='bbox 1823 2928 2055 2990; x_wconf 81' lang='lat' dir='ltr'><strong>infalli-</strong></span> 
     </span>
     <span class='ocr_line' id='line_1_28' title="bbox 486 3021 2050 3103; baseline -0.003 -15"><span class='ocrx_word' id='word_1_193' title='bbox 486 3026 677 3088; x_wconf 85' lang='lat' dir='ltr'><strong>bilem</strong></span> <span class='ocrx_word' id='word_1_194' title='bbox 701 3024 1112 3087; x_wconf 87' lang='lat' dir='ltr'><strong>assistentiam</strong></span> <span class='ocrx_word' id='word_1_195' title='bbox 1134 3023 1399 3103; x_wconf 89' lang='lat' dir='ltr'><strong>Spiritus</strong></span> <span class='ocrx_word' id='word_1_196' title='bbox 1423 3022 1644 3098; x_wconf 86' lang='lat' dir='ltr'><strong>sancti,</strong></span> <span class='ocrx_word' id='word_1_197' title='bbox 1670 3021 1776 3083; x_wconf 90' lang='lat' dir='ltr'><strong>sed</strong></span> <span class='ocrx_word' id='word_1_198' title='bbox 1794 3028 2050 3103; x_wconf 89' lang='lat' dir='ltr'><strong>propter</strong></span> 
     </span>
     <span class='ocr_line' id='line_1_29' title="bbox 485 3116 2047 3200; baseline -0.003 -18"><span class='ocrx_word' id='word_1_199' title='bbox 485 3119 863 3200; x_wconf 85' lang='lat' dir='ltr'><strong>exemplum,</strong></span> <span class='ocrx_word' id='word_1_200' title='bbox 892 3125 957 3181; x_wconf 91' lang='lat' dir='ltr'><strong>et</strong></span> <span class='ocrx_word' id='word_1_201' title='bbox 980 3118 1060 3180; x_wconf 89' lang='lat' dir='ltr'><strong>ad</strong></span> <span class='ocrx_word' id='word_1_202' title='bbox 1091 3118 1395 3198; x_wconf 76' lang='lat' dir='ltr'><strong>majorem</strong></span> <span class='ocrx_word' id='word_1_203' title='bbox 1431 3116 1725 3178; x_wconf 89' lang='lat' dir='ltr'><strong>unionem</strong></span> <span class='ocrx_word' id='word_1_204' title='bbox 1741 3161 1763 3192; x_wconf 90' lang='lat'><strong>,</strong></span> <span class='ocrx_word' id='word_1_205' title='bbox 1797 3121 1861 3178; x_wconf 90' lang='lat' dir='ltr'><strong>et</strong></span> <span class='ocrx_word' id='word_1_206' title='bbox 1895 3133 2047 3196; x_wconf 80' lang='lat' dir='ltr'><strong>prae-</strong></span> 
     </span>
     <span class='ocr_line' id='line_1_30' title="bbox 483 3210 2051 3296; baseline -0.003 -20"><span class='ocrx_word' id='word_1_207' title='bbox 483 3216 666 3296; x_wconf 87' lang='lat' dir='ltr'><strong>cipue</strong></span> <span class='ocrx_word' id='word_1_208' title='bbox 701 3218 774 3276; x_wconf 89' lang='lat' dir='ltr'><strong>ut</strong></span> <span class='ocrx_word' id='word_1_209' title='bbox 812 3212 1386 3277; x_wconf 87' lang='lat' dir='ltr'><strong>subordinationem</strong></span> <span class='ocrx_word' id='word_1_210' title='bbox 1421 3210 1501 3274; x_wconf 87' lang='lat' dir='ltr'><strong>ad</strong></span> <span class='ocrx_word' id='word_1_211' title='bbox 1549 3211 1803 3274; x_wconf 85' lang='lat' dir='ltr'><strong>Petrum</strong></span> <span class='ocrx_word' id='word_1_212' title='bbox 1844 3216 2051 3273; x_wconf 85' lang='lat' dir='ltr'><strong>osten·</strong></span> 
     </span>
     <span class='ocr_line' id='line_1_31' title="bbox 484 3310 677 3373; baseline 0 -2"><span class='ocrx_word' id='word_1_213' title='bbox 484 3310 677 3373; x_wconf 85' lang='lat' dir='ltr'><strong>deret.</strong></span> 
     </span>
    </p>

    <p class='ocr_par' dir='ltr' id='par_1_2' title="bbox 465 3398 2049 5623">
     <span class='ocr_line' id='line_1_32' title="bbox 563 3398 2048 3482; baseline -0.004 -17"><span class='ocrx_word' id='word_1_214' title='bbox 563 3407 625 3466; x_wconf 80' lang='lat'><strong>7.</strong></span> <span class='ocrx_word' id='word_1_215' title='bbox 670 3403 986 3468; x_wconf 72' lang='lat' dir='ltr'><strong>Posterior</strong></span> <span class='ocrx_word' id='word_1_216' title='bbox 1001 3419 1158 3482; x_wconf 73' lang='lat' dir='ltr'><strong>pars</strong></span> <span class='ocrx_word' id='word_1_217' title='bbox 1191 3399 1587 3464; x_wconf 66' lang='lat' dir='ltr'><strong>conclusionis</strong></span> <span class='ocrx_word' id='word_1_218' title='bbox 1618 3398 1937 3478; x_wconf 76' lang='lat' dir='ltr'><strong>probatwr.</strong></span> <span class='ocrx_word' id='word_1_219' title='bbox 1967 3431 2048 3444; x_wconf 91' lang='lat'><em>-</em></span> 
     </span>
     <span class='ocr_line' id='line_1_33' title="bbox 482 3491 2049 3574; baseline -0.004 -14"><span class='ocrx_word' id='word_1_220' title='bbox 482 3497 790 3560; x_wconf 77' lang='lat' dir='ltr'><strong>Posterior</strong></span> <span class='ocrx_word' id='word_1_221' title='bbox 815 3513 964 3574; x_wconf 90' lang='lat' dir='ltr'><strong>ergo</strong></span> <span class='ocrx_word' id='word_1_222' title='bbox 989 3511 1133 3574; x_wconf 89' lang='lat' dir='ltr'><strong>pars</strong></span> <span class='ocrx_word' id='word_1_223' title='bbox 1173 3491 1525 3554; x_wconf 84' lang='lat' dir='ltr'><strong>assertionis</strong></span> <span class='ocrx_word' id='word_1_224' title='bbox 1553 3491 1820 3552; x_wconf 85' lang='lat' dir='ltr'><strong>sumitur</strong></span> <span class='ocrx_word' id='word_1_225' title='bbox 1845 3509 1923 3553; x_wconf 85' lang='lat' dir='ltr'><strong>ex</strong></span> <span class='ocrx_word' id='word_1_226' title='bbox 1949 3509 2049 3553; x_wconf 86' lang='lat' dir='ltr'><strong>ca·</strong></span> 
     </span>
     <span class='ocr_line' id='line_1_34' title="bbox 481 3583 2046 3672; baseline -0.004 -20"><span class='ocrx_word' id='word_1_227' title='bbox 481 3589 715 3672; x_wconf 84' lang='lat' dir='ltr'><strong>pitibus</strong></span> <span class='ocrx_word' id='word_1_228' title='bbox 741 3605 926 3668; x_wconf 89' lang='lat' dir='ltr'><strong>supra</strong></span> <span class='ocrx_word' id='word_1_229' title='bbox 945 3585 1148 3648; x_wconf 88' lang='lat' dir='ltr'><strong>citatis</strong></span> <span class='ocrx_word' id='word_1_230' title='bbox 1167 3631 1189 3661; x_wconf 96' lang='lat'><strong>,</strong></span> <span class='ocrx_word' id='word_1_231' title='bbox 1217 3583 1632 3646; x_wconf 78' lang='lat' dir='ltr'><strong>asserentibus</strong></span> <span class='ocrx_word' id='word_1_232' title='bbox 1653 3583 1817 3645; x_wconf 90' lang='lat' dir='ltr'><strong>hanc</strong></span> <span class='ocrx_word' id='word_1_233' title='bbox 1843 3590 2046 3664; x_wconf 88' lang='lat' dir='ltr'><strong>potes-</strong></span> 
     </span>
     <span class='ocr_line' id='line_1_35' title="bbox 477 3676 2043 3758; baseline -0.004 -13"><span class='ocrx_word' id='word_1_234' title='bbox 477 3689 671 3746; x_wconf 87' lang='lat' dir='ltr'><strong>tatem</strong></span> <span class='ocrx_word' id='word_1_235' title='bbox 694 3682 903 3743; x_wconf 87' lang='lat' dir='ltr'><strong>datam</strong></span> <span class='ocrx_word' id='word_1_236' title='bbox 922 3697 1051 3741; x_wconf 87' lang='lat' dir='ltr'><strong>esse</strong></span> <span class='ocrx_word' id='word_1_237' title='bbox 1077 3678 1259 3740; x_wconf 88' lang='lat' dir='ltr'><strong>Petro</strong></span> <span class='ocrx_word' id='word_1_238' title='bbox 1280 3683 1350 3738; x_wconf 90' lang='lat' dir='ltr'><strong>ut</strong></span> <span class='ocrx_word' id='word_1_239' title='bbox 1369 3676 1579 3758; x_wconf 90' lang='lat' dir='ltr'><strong>capiti,</strong></span> <span class='ocrx_word' id='word_1_240' title='bbox 1605 3677 1742 3738; x_wconf 86' lang='lat' dir='ltr'><strong>aliis</strong></span> <span class='ocrx_word' id='word_1_241' title='bbox 1758 3683 1831 3738; x_wconf 90' lang='lat' dir='ltr'><strong>ut</strong></span> <span class='ocrx_word' id='word_1_242' title='bbox 1847 3695 2043 3740; x_wconf 91' lang='lat' dir='ltr'><strong>mem-</strong></span> 
     </span>
     <span class='ocr_line' id='line_1_36' title="bbox 475 3769 2039 3852; baseline -0.004 -13"><span class='ocrx_word' id='word_1_243' title='bbox 475 3777 604 3839; x_wconf 87' lang='lat' dir='ltr'><strong>bris</strong></span> <span class='ocrx_word' id='word_1_244' title='bbox 625 3797 640 3836; x_wconf 72' lang='grc' dir='ltr'><strong><em>ε</em></strong></span> <span class='ocrx_word' id='word_1_245' title='bbox 676 3792 826 3836; x_wconf 87' lang='lat' dir='ltr'><strong>nam</strong></span> <span class='ocrx_word' id='word_1_246' title='bbox 857 3772 974 3835; x_wconf 84' lang='lat' dir='ltr'><strong>sub</strong></span> <span class='ocrx_word' id='word_1_247' title='bbox 998 3771 1098 3834; x_wconf 89' lang='lat' dir='ltr'><strong>his</strong></span> <span class='ocrx_word' id='word_1_248' title='bbox 1121 3771 1414 3834; x_wconf 88' lang='lat' dir='ltr'><strong>membris</strong></span> <span class='ocrx_word' id='word_1_249' title='bbox 1439 3770 1630 3832; x_wconf 88' lang='lat' dir='ltr'><strong>etiam</strong></span> <span class='ocrx_word' id='word_1_250' title='bbox 1651 3769 1758 3832; x_wconf 90' lang='lat' dir='ltr'><strong>alii</strong></span> <span class='ocrx_word' id='word_1_251' title='bbox 1785 3771 2039 3852; x_wconf 89' lang='lat' dir='ltr'><strong>Aposto-</strong></span> 
     </span>
     <span class='ocr_line' id='line_1_37' title="bbox 475 3863 2040 3948; baseline -0.003 -17"><span class='ocrx_word' id='word_1_252' title='bbox 475 3869 521 3931; x_wconf 90' lang='lat' dir='ltr'><strong>li</strong></span> <span class='ocrx_word' id='word_1_253' title='bbox 547 3864 1180 3948; x_wconf 86' lang='lat' dir='ltr'><strong>comprehenduntur,</strong></span> <span class='ocrx_word' id='word_1_254' title='bbox 1215 3865 1384 3945; x_wconf 91' lang='lat' dir='ltr'><strong>quia,</strong></span> <span class='ocrx_word' id='word_1_255' title='bbox 1407 3869 1478 3925; x_wconf 89' lang='lat' dir='ltr'><strong>ut</strong></span> <span class='ocrx_word' id='word_1_256' title='bbox 1497 3864 1735 3941; x_wconf 75' lang='lat' dir='ltr'><strong>notavi,</strong></span> <span class='ocrx_word' id='word_1_257' title='bbox 1764 3863 2040 3928; x_wconf 88' lang='lat' dir='ltr'><strong>Christus</strong></span> 
     </span>
     <span class='ocr_line' id='line_1_38' title="bbox 476 3957 2037 4042; baseline -0.003 -18"><span class='ocrx_word' id='word_1_258' title='bbox 476 3959 836 4042; x_wconf 87' lang='lat' dir='ltr'><strong>simpliciter</strong></span> <span class='ocrx_word' id='word_1_259' title='bbox 863 3958 1022 4021; x_wconf 83' lang='lat' dir='ltr'><strong>dixit</strong></span> <span class='ocrx_word' id='word_1_260' title='bbox 1052 3980 1068 4019; x_wconf 91' lang='lat'><strong>:</strong></span> <span class='ocrx_word' id='word_1_261' title='bbox 1107 3958 1299 4021; x_wconf 66' lang='lat' dir='ltr'><strong>Pasce</strong></span> <span class='ocrx_word' id='word_1_262' title='bbox 1339 3975 1470 4021; x_wconf 77' lang='lat' dir='ltr'><strong>oves</strong></span> <span class='ocrx_word' id='word_1_263' title='bbox 1507 3975 1692 4032; x_wconf 73' lang='lat' dir='ltr'><strong>meas,</strong></span> <span class='ocrx_word' id='word_1_264' title='bbox 1723 3957 1833 4019; x_wconf 88' lang='lat' dir='ltr'><strong>ubi</strong></span> <span class='ocrx_word' id='word_1_265' title='bbox 1871 3957 2037 4020; x_wconf 88' lang='lat' dir='ltr'><strong>inter</strong></span> 
     </span>
     <span class='ocr_line' id='line_1_39' title="bbox 473 4051 2035 4135; baseline -0.003 -18"><span class='ocrx_word' id='word_1_266' title='bbox 473 4073 619 4118; x_wconf 90' lang='lat' dir='ltr'><strong>oves</strong></span> <span class='ocrx_word' id='word_1_267' title='bbox 642 4052 919 4135; x_wconf 82' lang='lat' dir='ltr'><strong>Apostoli</strong></span> <span class='ocrx_word' id='word_1_268' title='bbox 941 4051 1131 4114; x_wconf 88' lang='lat' dir='ltr'><strong>etiam</strong></span> <span class='ocrx_word' id='word_1_269' title='bbox 1162 4056 1593 4113; x_wconf 85' lang='lat' dir='ltr'><strong>numerantur.</strong></span> <span class='ocrx_word' id='word_1_270' title='bbox 1635 4051 1897 4131; x_wconf 89' lang='lat' dir='ltr'><strong>Fuitque</strong></span> <span class='ocrx_word' id='word_1_271' title='bbox 1925 4069 2035 4113; x_wconf 89' lang='lat' dir='ltr'><strong>ne-</strong></span> 
     </span>
     <span class='ocr_line' id='line_1_40' title="bbox 473 4143 2033 4210; baseline -0.001 0"><span class='ocrx_word' id='word_1_272' title='bbox 473 4148 806 4210; x_wconf 87' lang='lat' dir='ltr'><strong>cessarium</strong></span> <span class='ocrx_word' id='word_1_273' title='bbox 851 4147 930 4208; x_wconf 89' lang='lat' dir='ltr'><strong>ad</strong></span> <span class='ocrx_word' id='word_1_274' title='bbox 977 4145 1286 4207; x_wconf 89' lang='lat' dir='ltr'><strong>unitatem</strong></span> <span class='ocrx_word' id='word_1_275' title='bbox 1329 4143 1610 4206; x_wconf 79' lang='lat' dir='ltr'><strong>Ecclesiae</strong></span> <span class='ocrx_word' id='word_1_276' title='bbox 1655 4143 2033 4208; x_wconf 88' lang='lat' dir='ltr'><strong>constituen-</strong></span> 
     </span>
     <span class='ocr_line' id='line_1_41' title="bbox 474 4239 2032 4322; baseline -0.001 -18"><span class='ocrx_word' id='word_1_277' title='bbox 474 4242 643 4318; x_wconf 85' lang='lat' dir='ltr'><strong>dam,</strong></span> <span class='ocrx_word' id='word_1_278' title='bbox 671 4241 822 4322; x_wconf 88' lang='lat' dir='ltr'><strong>quia</strong></span> <span class='ocrx_word' id='word_1_279' title='bbox 848 4259 963 4302; x_wconf 92' lang='lat' dir='ltr'><strong>nec</strong></span> <span class='ocrx_word' id='word_1_280' title='bbox 988 4244 1231 4320; x_wconf 89' lang='lat' dir='ltr'><strong>poterat</strong></span> <span class='ocrx_word' id='word_1_281' title='bbox 1255 4257 1386 4300; x_wconf 87' lang='lat' dir='ltr'><strong>esse</strong></span> <span class='ocrx_word' id='word_1_282' title='bbox 1415 4255 1618 4299; x_wconf 90' lang='lat' dir='ltr'><strong>unum</strong></span> <span class='ocrx_word' id='word_1_283' title='bbox 1644 4255 1866 4317; x_wconf 86' lang='lat' dir='ltr'><strong>corpus</strong></span> <span class='ocrx_word' id='word_1_284' title='bbox 1895 4239 2032 4302; x_wconf 87' lang='lat' dir='ltr'><strong>sine</strong></span> 
     </span>
     <span class='ocr_line' id='line_1_42' title="bbox 472 4329 2037 4416; baseline -0.003 -18"><span class='ocrx_word' id='word_1_285' title='bbox 472 4336 672 4416; x_wconf 89' lang='lat' dir='ltr'><strong>capite</strong></span> <span class='ocrx_word' id='word_1_286' title='bbox 697 4381 718 4410; x_wconf 91' lang='lat'>‚</span> <span class='ocrx_word' id='word_1_287' title='bbox 768 4351 974 4414; x_wconf 90' lang='lat' dir='ltr'><strong>neque</strong></span> <span class='ocrx_word' id='word_1_288' title='bbox 1023 4350 1170 4394; x_wconf 90' lang='lat' dir='ltr'><strong>cum</strong></span> <span class='ocrx_word' id='word_1_289' title='bbox 1215 4330 1431 4393; x_wconf 86' lang='lat' dir='ltr'><strong>multis</strong></span> <span class='ocrx_word' id='word_1_290' title='bbox 1471 4329 1774 4411; x_wconf 85' lang='lat' dir='ltr'><strong>capitibus</strong></span> <span class='ocrx_word' id='word_1_291' title='bbox 1819 4347 1836 4392; x_wconf 75' lang='lat' dir='ltr'><strong>t</strong></span> <span class='ocrx_word' id='word_1_292' title='bbox 1878 4329 2037 4393; x_wconf 89' lang='lat' dir='ltr'><strong>illud</strong></span> 
     </span>
     <span class='ocr_line' id='line_1_43' title="bbox 472 4420 2031 4506; baseline -0.003 -16"><span class='ocrx_word' id='word_1_293' title='bbox 472 4427 641 4490; x_wconf 88' lang='lat' dir='ltr'><strong>enim</strong></span> <span class='ocrx_word' id='word_1_294' title='bbox 673 4425 1128 4506; x_wconf 82' lang='lat' dir='ltr'><strong>imperfectum,</strong></span> <span class='ocrx_word' id='word_1_295' title='bbox 1156 4424 1276 4486; x_wconf 88' lang='lat' dir='ltr'><strong>hoc</strong></span> <span class='ocrx_word' id='word_1_296' title='bbox 1303 4427 1760 4484; x_wconf 88' lang='lat' dir='ltr'><strong>monstruosum</strong></span> <span class='ocrx_word' id='word_1_297' title='bbox 1793 4420 2031 4498; x_wconf 83' lang='lat' dir='ltr'><strong>fuisset,</strong></span> 
     </span>
     <span class='ocr_line' id='line_1_44' title="bbox 471 4505 2030 4602; baseline -0.003 -19"><span class='ocrx_word' id='word_1_298' title='bbox 471 4520 639 4602; x_wconf 89' lang='lat' dir='ltr'><strong>quod</strong></span> <span class='ocrx_word' id='word_1_299' title='bbox 657 4505 1202 4600; x_wconf 57' lang='lat' dir='ltr'><strong>notavifcyprian.</strong></span> <span class='ocrx_word' id='word_1_300' title='bbox 1228 4515 1337 4579; x_wconf 85' lang='lat' dir='ltr'><strong>lib.</strong></span> <span class='ocrx_word' id='word_1_301' title='bbox 1355 4517 1433 4578; x_wconf 88' lang='lat' dir='ltr'><strong>de</strong></span> <span class='ocrx_word' id='word_1_302' title='bbox 1459 4515 1706 4578; x_wconf 88' lang='lat' dir='ltr'><strong>Unitate</strong></span> <span class='ocrx_word' id='word_1_303' title='bbox 1727 4511 2030 4593; x_wconf 78' lang='lat' dir='ltr'><strong>Ecclesioe,</strong></span> 
     </span>
     <span class='ocr_line' id='line_1_45' title="bbox 470 4608 2035 4698; baseline -0.003 -21"><span class='ocrx_word' id='word_1_304' title='bbox 470 4632 580 4677; x_wconf 88' lang='lat' dir='ltr'><strong>sen</strong></span> <span class='ocrx_word' id='word_1_305' title='bbox 601 4613 678 4676; x_wconf 87' lang='lat' dir='ltr'><strong>de</strong></span> <span class='ocrx_word' id='word_1_306' title='bbox 713 4613 1117 4694; x_wconf 85' lang='lat' dir='ltr'><strong>Simplicitate</strong></span> <span class='ocrx_word' id='word_1_307' title='bbox 1145 4609 1541 4683; x_wconf 87' lang='lat' dir='ltr'><strong>Clericorum,</strong></span> <span class='ocrx_word' id='word_1_308' title='bbox 1579 4613 1641 4670; x_wconf 90' lang='lat' dir='ltr'><strong>et</strong></span> <span class='ocrx_word' id='word_1_309' title='bbox 1667 4608 1933 4698; x_wconf 62' lang='lat' dir='ltr'><strong>sumitur</strong></span> <span class='ocrx_word' id='word_1_310' title='bbox 1953 4627 2035 4672; x_wconf 83' lang='lat' dir='ltr'><strong>ex</strong></span> 
     </span>
     <span class='ocr_line' id='line_1_46' title="bbox 471 4701 2026 4787; baseline -0.003 -18"><span class='ocrx_word' id='word_1_311' title='bbox 471 4706 817 4787; x_wconf 78' lang='lat' dir='ltr'><strong>Augustino</strong></span> <span class='ocrx_word' id='word_1_312' title='bbox 843 4710 1019 4767; x_wconf 88' lang='lat' dir='ltr'><strong>tract.</strong></span> <span class='ocrx_word' id='word_1_313' title='bbox 1051 4705 1132 4766; x_wconf 76' lang='lat'><strong>50</strong></span> <span class='ocrx_word' id='word_1_314' title='bbox 1157 4708 1222 4764; x_wconf 90' lang='lat' dir='ltr'><strong>et</strong></span> <span class='ocrx_word' id='word_1_315' title='bbox 1245 4702 1357 4764; x_wconf 90' lang='lat' dir='ltr'><strong>ult.</strong></span> <span class='ocrx_word' id='word_1_316' title='bbox 1401 4702 1470 4762; x_wconf 89' lang='lat' dir='ltr'><strong>in</strong></span> <span class='ocrx_word' id='word_1_317' title='bbox 1505 4702 1714 4778; x_wconf 85' lang='lat' dir='ltr'><strong>Joan.,</strong></span> <span class='ocrx_word' id='word_1_318' title='bbox 1748 4706 1811 4764; x_wconf 88' lang='lat' dir='ltr'><strong>et</strong></span> <span class='ocrx_word' id='word_1_319' title='bbox 1845 4701 1953 4764; x_wconf 91' lang='lat' dir='ltr'><strong>lib.</strong></span> <span class='ocrx_word' id='word_1_320' title='bbox 1995 4704 2026 4764; x_wconf 80' lang='lat'><strong>1</strong></span> 
     </span>
     <span class='ocr_line' id='line_1_47' title="bbox 468 4795 2030 4875; baseline -0.004 -11"><span class='ocrx_word' id='word_1_321' title='bbox 468 4803 545 4864; x_wconf 87' lang='lat' dir='ltr'><strong>de</strong></span> <span class='ocrx_word' id='word_1_322' title='bbox 559 4801 848 4863; x_wconf 88' lang='lat' dir='ltr'><strong>Doctrina</strong></span> <span class='ocrx_word' id='word_1_323' title='bbox 865 4798 1233 4873; x_wconf 87' lang='lat' dir='ltr'><strong>Christiana,</strong></span> <span class='ocrx_word' id='word_1_324' title='bbox 1258 4813 1393 4875; x_wconf 87' lang='lat' dir='ltr'><strong>cap.</strong></span> <span class='ocrx_word' id='word_1_325' title='bbox 1419 4797 1494 4856; x_wconf 85' lang='lat'><strong>17</strong></span> <span class='ocrx_word' id='word_1_326' title='bbox 1510 4840 1532 4872; x_wconf 95' lang='lat'><strong>,</strong></span> <span class='ocrx_word' id='word_1_327' title='bbox 1553 4800 1617 4857; x_wconf 85' lang='lat' dir='ltr'><strong>et</strong></span> <span class='ocrx_word' id='word_1_328' title='bbox 1637 4795 2030 4875; x_wconf 73' lang='lat' dir='ltr'><strong>Hieronym„</strong></span> 
     </span>
     <span class='ocr_line' id='line_1_48' title="bbox 467 4887 2033 4970; baseline -0.006 -11"><span class='ocrx_word' id='word_1_329' title='bbox 467 4895 579 4958; x_wconf 86' lang='lat' dir='ltr'><strong>lib.</strong></span> <span class='ocrx_word' id='word_1_330' title='bbox 605 4899 637 4958; x_wconf 77' lang='lat'><strong>1</strong></span> <span class='ocrx_word' id='word_1_331' title='bbox 667 4900 882 4957; x_wconf 88' lang='lat' dir='ltr'><strong>contra</strong></span> <span class='ocrx_word' id='word_1_332' title='bbox 905 4890 1246 4966; x_wconf 66' lang='lat' dir='ltr'><strong>savinian„</strong></span> <span class='ocrx_word' id='word_1_333' title='bbox 1264 4895 1327 4952; x_wconf 87' lang='lat' dir='ltr'><strong>et</strong></span> <span class='ocrx_word' id='word_1_334' title='bbox 1346 4889 1548 4951; x_wconf 86' lang='lat' dir='ltr'><strong>Leone</strong></span> <span class='ocrx_word' id='word_1_335' title='bbox 1579 4887 1763 4970; x_wconf 85' lang='lat' dir='ltr'><strong>Papa,</strong></span> <span class='ocrx_word' id='word_1_336' title='bbox 1781 4907 1967 4952; x_wconf 90' lang='lat' dir='ltr'><strong>serm.</strong></span> <span class='ocrx_word' id='word_1_337' title='bbox 1993 4891 2033 4951; x_wconf 86' lang='grc'><strong>3</strong></span> 
     </span>
     <span class='ocr_line' id='line_1_49' title="bbox 468 4982 2029 5070; baseline -0.005 -18"><span class='ocrx_word' id='word_1_338' title='bbox 468 4987 904 5070; x_wconf 86' lang='lat' dir='ltr'><strong>assumptionis</strong></span> <span class='ocrx_word' id='word_1_339' title='bbox 937 5003 1084 5048; x_wconf 80' lang='lat' dir='ltr'><strong>suoe.</strong></span> <span class='ocrx_word' id='word_1_340' title='bbox 1112 4985 1204 5046; x_wconf 82' lang='lat' dir='ltr'><strong>Ex</strong></span> <span class='ocrx_word' id='word_1_341' title='bbox 1225 4982 1344 5044; x_wconf 85' lang='lat' dir='ltr'><strong>hac</strong></span> <span class='ocrx_word' id='word_1_342' title='bbox 1361 4989 1571 5044; x_wconf 91' lang='lat' dir='ltr'><strong>autem</strong></span> <span class='ocrx_word' id='word_1_343' title='bbox 1590 4982 1941 5044; x_wconf 87' lang='lat' dir='ltr'><strong>diversitate</strong></span> <span class='ocrx_word' id='word_1_344' title='bbox 1964 4987 2029 5045; x_wconf 87' lang='lat' dir='ltr'><strong>et</strong></span> 
     </span>
     <span class='ocr_line' id='line_1_50' title="bbox 468 5075 2023 5156; baseline -0.005 -12"><span class='ocrx_word' id='word_1_345' title='bbox 468 5079 975 5144; x_wconf 87' lang='lat' dir='ltr'><strong>subordinatione</strong></span> <span class='ocrx_word' id='word_1_346' title='bbox 1002 5075 1240 5156; x_wconf 81' lang='lat' dir='ltr'><strong>colligit</strong></span> <span class='ocrx_word' id='word_1_347' title='bbox 1265 5075 1552 5137; x_wconf 87' lang='lat' dir='ltr'><strong>Richard.</strong></span> <span class='ocrx_word' id='word_1_348' title='bbox 1571 5121 1592 5151; x_wconf 94' lang='lat'><strong>,</strong></span> <span class='ocrx_word' id='word_1_349' title='bbox 1631 5076 1672 5136; x_wconf 71' lang='lat'>4</span> <span class='ocrx_word' id='word_1_350' title='bbox 1685 5120 1708 5152; x_wconf 95' lang='lat'><strong>,</strong></span> <span class='ocrx_word' id='word_1_351' title='bbox 1751 5075 2023 5136; x_wconf 89' lang='lat' dir='ltr'><strong>distinct.</strong></span> 
     </span>
     <span class='ocr_line' id='line_1_51' title="bbox 467 5167 2028 5255; baseline -0.006 -18"><span class='ocrx_word' id='word_1_352' title='bbox 467 5177 571 5251; x_wconf 70' lang='lat'><strong>24,</strong></span> <span class='ocrx_word' id='word_1_353' title='bbox 607 5181 722 5237; x_wconf 90' lang='lat' dir='ltr'><strong>art.</strong></span> <span class='ocrx_word' id='word_1_354' title='bbox 752 5176 814 5251; x_wconf 75' lang='lat'><strong>5,</strong></span> <span class='ocrx_word' id='word_1_355' title='bbox 844 5177 1059 5255; x_wconf 78' lang='lat' dir='ltr'><strong>quaest.</strong></span> <span class='ocrx_word' id='word_1_356' title='bbox 1097 5171 1157 5244; x_wconf 83' lang='lat'><strong>3,</strong></span> <span class='ocrx_word' id='word_1_357' title='bbox 1188 5170 1270 5231; x_wconf 86' lang='lat' dir='ltr'><strong>ad</strong></span> <span class='ocrx_word' id='word_1_358' title='bbox 1299 5170 1364 5246; x_wconf 70' lang='lat'><strong>4,</strong></span> <span class='ocrx_word' id='word_1_359' title='bbox 1394 5167 1702 5250; x_wconf 89' lang='lat' dir='ltr'><strong>apostolos</strong></span> <span class='ocrx_word' id='word_1_360' title='bbox 1730 5167 2028 5248; x_wconf 89' lang='lat' dir='ltr'><strong>recepisse</strong></span> 
     </span>
     <span class='ocr_line' id='line_1_52' title="bbox 467 5262 2028 5346; baseline -0.005 -16"><span class='ocrx_word' id='word_1_361' title='bbox 467 5268 825 5331; x_wconf 84' lang='lat' dir='ltr'><strong>immediate</strong></span> <span class='ocrx_word' id='word_1_362' title='bbox 847 5286 888 5330; x_wconf 92' lang='lat' dir='ltr'><strong>a</strong></span> <span class='ocrx_word' id='word_1_363' title='bbox 911 5265 1154 5330; x_wconf 89' lang='lat' dir='ltr'><strong>Christo</strong></span> <span class='ocrx_word' id='word_1_364' title='bbox 1185 5267 1549 5346; x_wconf 89' lang='lat' dir='ltr'><strong>potestatem</strong></span> <span class='ocrx_word' id='word_1_365' title='bbox 1575 5262 1866 5338; x_wconf 89' lang='lat' dir='ltr'><strong>clavium,</strong></span> <span class='ocrx_word' id='word_1_366' title='bbox 1897 5279 2028 5324; x_wconf 90' lang='lat' dir='ltr'><strong>non</strong></span> 
     </span>
     <span class='ocr_line' id='line_1_53' title="bbox 465 5354 2029 5440; baseline -0.006 -17"><span class='ocrx_word' id='word_1_367' title='bbox 465 5371 679 5424; x_wconf 86' lang='lat' dir='ltr'><strong>tamen</strong></span> <span class='ocrx_word' id='word_1_368' title='bbox 717 5365 1085 5440; x_wconf 90' lang='lat' dir='ltr'><strong>potestatem</strong></span> <span class='ocrx_word' id='word_1_369' title='bbox 1108 5356 1584 5438; x_wconf 87' lang='lat' dir='ltr'><strong>jurisdictionis.</strong></span> <span class='ocrx_word' id='word_1_370' title='bbox 1630 5355 1750 5417; x_wconf 89' lang='lat' dir='ltr'><strong>Sed</strong></span> <span class='ocrx_word' id='word_1_371' title='bbox 1780 5354 1900 5415; x_wconf 86' lang='lat' dir='ltr'><strong>boc</strong></span> <span class='ocrx_word' id='word_1_372' title='bbox 1931 5371 2029 5415; x_wconf 87' lang='lat' dir='ltr'><strong>re-</strong></span> 
     </span>
     <span class='ocr_line' id='line_1_54' title="bbox 465 5446 2028 5537; baseline -0.007 -19"><span class='ocrx_word' id='word_1_373' title='bbox 465 5460 708 5537; x_wconf 89' lang='lat' dir='ltr'><strong>pugnat</strong></span> <span class='ocrx_word' id='word_1_374' title='bbox 746 5453 938 5535; x_wconf 87' lang='lat' dir='ltr'><strong>priori</strong></span> <span class='ocrx_word' id='word_1_375' title='bbox 962 5453 1145 5532; x_wconf 87' lang='lat' dir='ltr'><strong>parti,</strong></span> <span class='ocrx_word' id='word_1_376' title='bbox 1179 5454 1243 5512; x_wconf 91' lang='lat' dir='ltr'><strong>et</strong></span> <span class='ocrx_word' id='word_1_377' title='bbox 1277 5449 1566 5511; x_wconf 89' lang='lat' dir='ltr'><strong>omnibus</strong></span> <span class='ocrx_word' id='word_1_378' title='bbox 1590 5467 1729 5529; x_wconf 72' lang='lat' dir='ltr'><strong>quse</strong></span> <span class='ocrx_word' id='word_1_379' title='bbox 1756 5448 1824 5508; x_wconf 91' lang='lat' dir='ltr'><strong>in</strong></span> <span class='ocrx_word' id='word_1_380' title='bbox 1859 5446 2028 5508; x_wconf 89' lang='lat' dir='ltr'><strong>illius</strong></span> 
     </span>
     <span class='ocr_line' id='line_1_55' title="bbox 467 5540 2029 5623; baseline -0.007 -9"><span class='ocrx_word' id='word_1_381' title='bbox 467 5547 1004 5614; x_wconf 85' lang='lat' dir='ltr'><strong>confirmationem</strong></span> <span class='ocrx_word' id='word_1_382' title='bbox 1023 5543 1399 5608; x_wconf 79' lang='lat' dir='ltr'><strong>adduximus</strong></span> <span class='ocrx_word' id='word_1_383' title='bbox 1417 5558 1440 5623; x_wconf 93' lang='lat'>3</span> <span class='ocrx_word' id='word_1_384' title='bbox 1460 5547 1524 5606; x_wconf 87' lang='lat' dir='ltr'><strong>et</strong></span> <span class='ocrx_word' id='word_1_385' title='bbox 1549 5542 1628 5604; x_wconf 87' lang='lat' dir='ltr'><strong>ad</strong></span> <span class='ocrx_word' id='word_1_386' title='bbox 1650 5540 2029 5605; x_wconf 86' lang='lat' dir='ltr'><strong>constituen-</strong></span> 
     </span>
    </p>
   </div>
   <div class='ocr_carea' id='block_1_2' title="bbox 1501 404 2722 469">
    <p class='ocr_par' dir='ltr' id='par_1_3' title="bbox 1501 404 2722 469">
     <span class='ocr_line' id='line_1_56' title="bbox 1501 404 2722 469; baseline 0.006 -9"><span class='ocrx_word' id='word_1_387' title='bbox 1501 408 1621 461; x_wconf 80' lang='lat' dir='ltr'><strong>Lm.</strong></span> <span class='ocrx_word' id='word_1_388' title='bbox 1655 406 1738 461; x_wconf 77' lang='lat' dir='ltr'><strong>w.</strong></span> <span class='ocrx_word' id='word_1_389' title='bbox 1773 406 1856 459; x_wconf 79' lang='lat' dir='ltr'><strong>DE</strong></span> <span class='ocrx_word' id='word_1_390' title='bbox 1885 404 2049 461; x_wconf 73' lang='lat' dir='ltr'><strong>malt</strong></span> <span class='ocrx_word' id='word_1_391' title='bbox 2074 404 2362 461; x_wconf 73' lang='lat' dir='ltr'><strong>1³08va</strong></span> <span class='ocrx_word' id='word_1_392' title='bbox 2392 407 2722 469; x_wconf 58' lang='lat' dir='ltr'><strong>camma·</strong></span> 
     </span>
    </p>
   </div>
   <div class='ocr_carea' id='block_1_3' title="bbox 2104 509 3722 5621">
    <p class='ocr_par' dir='ltr' id='par_1_4' title="bbox 2141 509 3722 784">
     <span class='ocr_line' id='line_1_57' title="bbox 2143 509 3722 589; baseline 0.006 -19"><span class='ocrx_word' id='word_1_393' title='bbox 2143 509 2291 570; x_wconf 90' lang='lat' dir='ltr'><strong>dam</strong></span> <span class='ocrx_word' id='word_1_394' title='bbox 2334 510 2749 574; x_wconf 82' lang='lat' dir='ltr'><strong>differentiam</strong></span> <span class='ocrx_word' id='word_1_395' title='bbox 2767 556 2789 589; x_wconf 88' lang='lat'><strong>,</strong></span> <span class='ocrx_word' id='word_1_396' title='bbox 2828 515 2893 574; x_wconf 90' lang='lat' dir='ltr'><strong>et</strong></span> <span class='ocrx_word' id='word_1_397' title='bbox 2936 510 3211 577; x_wconf 88' lang='lat' dir='ltr'><strong>debitam</strong></span> <span class='ocrx_word' id='word_1_398' title='bbox 3256 514 3722 579; x_wconf 84' lang='lat' dir='ltr'><strong>subordinatio-</strong></span> 
     </span>
     <span class='ocr_line' id='line_1_58' title="bbox 2144 604 3721 689; baseline 0.004 -25"><span class='ocrx_word' id='word_1_399' title='bbox 2144 620 2289 665; x_wconf 91' lang='lat' dir='ltr'><strong>nem</strong></span> <span class='ocrx_word' id='word_1_400' title='bbox 2317 604 2485 667; x_wconf 89' lang='lat' dir='ltr'><strong>inter</strong></span> <span class='ocrx_word' id='word_1_401' title='bbox 2524 608 2773 667; x_wconf 88' lang='lat' dir='ltr'><strong>Petrum</strong></span> <span class='ocrx_word' id='word_1_402' title='bbox 2804 611 2868 667; x_wconf 90' lang='lat' dir='ltr'><strong>et</strong></span> <span class='ocrx_word' id='word_1_403' title='bbox 2890 606 3045 668; x_wconf 89' lang='lat' dir='ltr'><strong>alios</strong></span> <span class='ocrx_word' id='word_1_404' title='bbox 3072 608 3394 689; x_wconf 87' lang='lat' dir='ltr'><strong>Apostolos</strong></span> <span class='ocrx_word' id='word_1_405' title='bbox 3424 628 3721 673; x_wconf 88' lang='lat' dir='ltr'><strong>necessa-</strong></span> 
     </span>
     <span class='ocr_line' id='line_1_59' title="bbox 2141 697 3591 784; baseline 0.005 -26"><span class='ocrx_word' id='word_1_406' title='bbox 2141 697 2307 759; x_wconf 90' lang='lat' dir='ltr'><strong>rium</strong></span> <span class='ocrx_word' id='word_1_407' title='bbox 2334 717 2461 759; x_wconf 89' lang='lat' dir='ltr'><strong>non</strong></span> <span class='ocrx_word' id='word_1_408' title='bbox 2482 706 2595 776; x_wconf 88' lang='lat' dir='ltr'><strong>est,</strong></span> <span class='ocrx_word' id='word_1_409' title='bbox 2622 705 2693 761; x_wconf 90' lang='lat' dir='ltr'><strong>nt</strong></span> <span class='ocrx_word' id='word_1_410' title='bbox 2718 700 2897 761; x_wconf 80' lang='lat' dir='ltr'><strong>facile</strong></span> <span class='ocrx_word' id='word_1_411' title='bbox 2923 719 3002 762; x_wconf 82' lang='lat' dir='ltr'><strong>ex</strong></span> <span class='ocrx_word' id='word_1_412' title='bbox 3027 701 3305 765; x_wconf 88' lang='lat' dir='ltr'><strong>dicendis</strong></span> <span class='ocrx_word' id='word_1_413' title='bbox 3330 705 3591 784; x_wconf 89' lang='lat' dir='ltr'><strong>patebit.</strong></span> 
     </span>
    </p>

    <p class='ocr_par' dir='ltr' id='par_1_5' title="bbox 2111 791 3721 4971">
     <span class='ocr_line' id='line_1_60' title="bbox 2222 791 3721 873; baseline 0.007 -22"><span class='ocrx_word' id='word_1_414' title='bbox 2222 791 2284 851; x_wconf 88' lang='lat'><strong>8.</strong></span> <span class='ocrx_word' id='word_1_415' title='bbox 2330 792 2552 853; x_wconf 75' lang='lat' dir='ltr'><strong>Prima</strong></span> <span class='ocrx_word' id='word_1_416' title='bbox 2578 794 2904 857; x_wconf 71' lang='lat' dir='ltr'><strong>diversitas</strong></span> <span class='ocrx_word' id='word_1_417' title='bbox 2928 795 3391 873; x_wconf 67' lang='lat' dir='ltr'><strong>jwisdiocionis</strong></span> <span class='ocrx_word' id='word_1_418' title='bbox 3437 797 3621 860; x_wconf 71' lang='lat' dir='ltr'><strong>Petri</strong></span> <span class='ocrx_word' id='word_1_419' title='bbox 3660 802 3721 861; x_wconf 76' lang='lat' dir='ltr'><strong>ct</strong></span> 
     </span>
     <span class='ocr_line' id='line_1_61' title="bbox 2142 885 3721 969; baseline 0.003 -22"><span class='ocrx_word' id='word_1_420' title='bbox 2142 886 2511 967; x_wconf 74' lang='lat' dir='ltr'><strong>reliquorum</strong></span> <span class='ocrx_word' id='word_1_421' title='bbox 2529 885 2976 966; x_wconf 72' lang='lat' dir='ltr'><strong>Apostolorum,</strong></span> <span class='ocrx_word' id='word_1_422' title='bbox 2998 895 3293 969; x_wconf 73' lang='lat' dir='ltr'><strong>perpetua</strong></span> <span class='ocrx_word' id='word_1_423' title='bbox 3312 892 3721 955; x_wconf 72' lang='lat' dir='ltr'><strong>successio.—</strong></span> 
     </span>
     <span class='ocr_line' id='line_1_62' title="bbox 2142 978 3719 1063; baseline 0.003 -22"><span class='ocrx_word' id='word_1_424' title='bbox 2142 978 2430 1041; x_wconf 80' lang='lat' dir='ltr'><strong>Consistit</strong></span> <span class='ocrx_word' id='word_1_425' title='bbox 2464 997 2613 1059; x_wconf 89' lang='lat' dir='ltr'><strong>ergo</strong></span> <span class='ocrx_word' id='word_1_426' title='bbox 2656 978 2765 1041; x_wconf 88' lang='lat' dir='ltr'><strong>illa</strong></span> <span class='ocrx_word' id='word_1_427' title='bbox 2796 980 3115 1043; x_wconf 84' lang='lat' dir='ltr'><strong>diversitas</strong></span> <span class='ocrx_word' id='word_1_428' title='bbox 3148 982 3356 1062; x_wconf 87' lang='lat' dir='ltr'><strong>primo</strong></span> <span class='ocrx_word' id='word_1_429' title='bbox 3394 988 3458 1044; x_wconf 89' lang='lat' dir='ltr'><strong>et</strong></span> <span class='ocrx_word' id='word_1_430' title='bbox 3487 984 3719 1063; x_wconf 78' lang='lat' dir='ltr'><strong>praeci-</strong></span> 
     </span>
     <span class='ocr_line' id='line_1_63' title="bbox 2140 1071 3717 1155; baseline 0.004 -24"><span class='ocrx_word' id='word_1_431' title='bbox 2140 1089 2263 1152; x_wconf 90' lang='lat' dir='ltr'><strong>pne</strong></span> <span class='ocrx_word' id='word_1_432' title='bbox 2279 1072 2350 1132; x_wconf 90' lang='lat' dir='ltr'><strong>in</strong></span> <span class='ocrx_word' id='word_1_433' title='bbox 2368 1071 2509 1148; x_wconf 91' lang='lat' dir='ltr'><strong>hoc,</strong></span> <span class='ocrx_word' id='word_1_434' title='bbox 2538 1071 2709 1153; x_wconf 88' lang='lat' dir='ltr'><strong>quod</strong></span> <span class='ocrx_word' id='word_1_435' title='bbox 2739 1078 3009 1153; x_wconf 87' lang='lat' dir='ltr'><strong>potestas</strong></span> <span class='ocrx_word' id='word_1_436' title='bbox 3035 1074 3291 1155; x_wconf 72' lang='lat' dir='ltr'><strong>data2est</strong></span> <span class='ocrx_word' id='word_1_437' title='bbox 3314 1076 3517 1151; x_wconf 81' lang='lat' dir='ltr'><strong>Petro,</strong></span> <span class='ocrx_word' id='word_1_438' title='bbox 3542 1081 3615 1137; x_wconf 91' lang='grc' dir='ltr'><strong>ιιι</strong></span> <span class='ocrx_word' id='word_1_439' title='bbox 3642 1076 3717 1137; x_wconf 91' lang='lat' dir='ltr'><strong>in</strong></span> 
     </span>
     <span class='ocr_line' id='line_1_64' title="bbox 2138 1165 3715 1248; baseline 0.001 -19"><span class='ocrx_word' id='word_1_440' title='bbox 2138 1165 2248 1229; x_wconf 87' lang='lat' dir='ltr'><strong>illa</strong></span> <span class='ocrx_word' id='word_1_441' title='bbox 2293 1165 2351 1228; x_wconf 88' lang='lat' dir='ltr'><strong>ei</strong></span> <span class='ocrx_word' id='word_1_442' title='bbox 2392 1166 2844 1244; x_wconf 87' lang='lat' dir='ltr'><strong>succederetur,</strong></span> <span class='ocrx_word' id='word_1_443' title='bbox 2890 1175 2954 1229; x_wconf 87' lang='lat' dir='ltr'><strong>et</strong></span> <span class='ocrx_word' id='word_1_444' title='bbox 2994 1168 3083 1229; x_wconf 90' lang='lat' dir='ltr'><strong>ita</strong></span> <span class='ocrx_word' id='word_1_445' title='bbox 3116 1186 3230 1248; x_wconf 89' lang='lat' dir='ltr'><strong>per</strong></span> <span class='ocrx_word' id='word_1_446' title='bbox 3262 1169 3715 1230; x_wconf 87' lang='lat' dir='ltr'><strong>successionem</strong></span> 
     </span>
     <span class='ocr_line' id='line_1_65' title="bbox 2138 1260 3715 1343; baseline 0 -20"><span class='ocrx_word' id='word_1_447' title='bbox 2138 1264 2439 1342; x_wconf 87' lang='lat' dir='ltr'><strong>perpetuo</strong></span> <span class='ocrx_word' id='word_1_448' title='bbox 2464 1261 2533 1321; x_wconf 90' lang='lat' dir='ltr'><strong>in</strong></span> <span class='ocrx_word' id='word_1_449' title='bbox 2556 1260 2823 1323; x_wconf 65' lang='lat' dir='ltr'><strong>Ecclesia</strong></span> <span class='ocrx_word' id='word_1_450' title='bbox 2844 1260 3095 1324; x_wconf 86' lang='lat' dir='ltr'><strong>duraret</strong></span> <span class='ocrx_word' id='word_1_451' title='bbox 3105 1276 3131 1341; x_wconf 89' lang='lat'>3</span> <span class='ocrx_word' id='word_1_452' title='bbox 3162 1260 3301 1323; x_wconf 89' lang='lat' dir='ltr'><strong>aliis</strong></span> <span class='ocrx_word' id='word_1_453' title='bbox 3324 1279 3474 1323; x_wconf 83' lang='lat' dir='ltr'><strong>vero</strong></span> <span class='ocrx_word' id='word_1_454' title='bbox 3512 1262 3715 1343; x_wconf 89' lang='lat' dir='ltr'><strong>Apos-</strong></span> 
     </span>
     <span class='ocr_line' id='line_1_66' title="bbox 2137 1353 3715 1435; baseline -0.001 -18"><span class='ocrx_word' id='word_1_455' title='bbox 2137 1354 2279 1417; x_wconf 89' lang='lat' dir='ltr'><strong>tolis</strong></span> <span class='ocrx_word' id='word_1_456' title='bbox 2302 1353 2503 1416; x_wconf 91' lang='lat' dir='ltr'><strong>solum</strong></span> <span class='ocrx_word' id='word_1_457' title='bbox 2529 1353 2674 1415; x_wconf 89' lang='lat' dir='ltr'><strong>data</strong></span> <span class='ocrx_word' id='word_1_458' title='bbox 2704 1360 2797 1415; x_wconf 91' lang='lat' dir='ltr'><strong>est</strong></span> <span class='ocrx_word' id='word_1_459' title='bbox 2837 1372 2951 1435; x_wconf 92' lang='lat' dir='ltr'><strong>per</strong></span> <span class='ocrx_word' id='word_1_460' title='bbox 2975 1353 3233 1416; x_wconf 89' lang='lat' dir='ltr'><strong>modum</strong></span> <span class='ocrx_word' id='word_1_461' title='bbox 3259 1353 3579 1434; x_wconf 88' lang='lat' dir='ltr'><strong>cujusdam</strong></span> <span class='ocrx_word' id='word_1_462' title='bbox 3616 1355 3715 1417; x_wconf 89' lang='lat' dir='ltr'><strong>le-</strong></span> 
     </span>
     <span class='ocr_line' id='line_1_67' title="bbox 2137 1445 3713 1529; baseline -0.001 -19"><span class='ocrx_word' id='word_1_463' title='bbox 2137 1448 2425 1529; x_wconf 87' lang='lat' dir='ltr'><strong>gationis,</strong></span> <span class='ocrx_word' id='word_1_464' title='bbox 2473 1453 2536 1509; x_wconf 91' lang='lat' dir='ltr'><strong>et</strong></span> <span class='ocrx_word' id='word_1_465' title='bbox 2574 1448 2913 1528; x_wconf 88' lang='lat' dir='ltr'><strong>personalis</strong></span> <span class='ocrx_word' id='word_1_466' title='bbox 2952 1448 3225 1509; x_wconf 88' lang='lat' dir='ltr'><strong>muneris</strong></span> <span class='ocrx_word' id='word_1_467' title='bbox 3270 1445 3531 1509; x_wconf 86' lang='lat' dir='ltr'><strong>finiendi</strong></span> <span class='ocrx_word' id='word_1_468' title='bbox 3560 1466 3713 1509; x_wconf 90' lang='lat' dir='ltr'><strong>cum</strong></span> 
     </span>
     <span class='ocr_line' id='line_1_68' title="bbox 2136 1538 3713 1615; baseline -0.001 -12"><span class='ocrx_word' id='word_1_469' title='bbox 2136 1542 2267 1604; x_wconf 89' lang='lat' dir='ltr'><strong>vita</strong></span> <span class='ocrx_word' id='word_1_470' title='bbox 2285 1558 2524 1603; x_wconf 88' lang='lat' dir='ltr'><strong>eorum.</strong></span> <span class='ocrx_word' id='word_1_471' title='bbox 2565 1541 2657 1601; x_wconf 87' lang='lat' dir='ltr'><strong>Ita</strong></span> <span class='ocrx_word' id='word_1_472' title='bbox 2687 1540 2955 1601; x_wconf 88' lang='lat' dir='ltr'><strong>sumitur</strong></span> <span class='ocrx_word' id='word_1_473' title='bbox 2979 1559 3053 1601; x_wconf 88' lang='lat' dir='ltr'><strong>ex</strong></span> <span class='ocrx_word' id='word_1_474' title='bbox 3086 1538 3368 1603; x_wconf 76' lang='lat' dir='ltr'><strong>Patribus</strong></span> <span class='ocrx_word' id='word_1_475' title='bbox 3388 1539 3612 1615; x_wconf 88' lang='lat' dir='ltr'><strong>citatis,</strong></span> <span class='ocrx_word' id='word_1_476' title='bbox 3644 1546 3713 1601; x_wconf 89' lang='lat' dir='ltr'><strong>et</strong></span> 
     </span>
     <span class='ocr_line' id='line_1_69' title="bbox 2135 1631 3711 1715; baseline -0.003 -18"><span class='ocrx_word' id='word_1_477' title='bbox 2135 1633 2605 1697; x_wconf 84' lang='lat' dir='ltr'><strong>confirmabitur</strong></span> <span class='ocrx_word' id='word_1_478' title='bbox 2647 1631 2929 1715; x_wconf 88' lang='lat' dir='ltr'><strong>pluribus</strong></span> <span class='ocrx_word' id='word_1_479' title='bbox 2976 1632 3324 1694; x_wconf 91' lang='lat' dir='ltr'><strong>testimonis</strong></span> <span class='ocrx_word' id='word_1_480' title='bbox 3364 1632 3711 1694; x_wconf 84' lang='lat' dir='ltr'><strong>assertione</strong></span> 
     </span>
     <span class='ocr_line' id='line_1_70' title="bbox 2136 1725 3709 1807; baseline -0.002 -17"><span class='ocrx_word' id='word_1_481' title='bbox 2136 1725 2436 1807; x_wconf 86' lang='lat' dir='ltr'><strong>sequenti,</strong></span> <span class='ocrx_word' id='word_1_482' title='bbox 2488 1731 2555 1787; x_wconf 89' lang='lat' dir='ltr'><strong>et</strong></span> <span class='ocrx_word' id='word_1_483' title='bbox 2600 1743 2679 1787; x_wconf 83' lang='lat' dir='ltr'><strong>ex</strong></span> <span class='ocrx_word' id='word_1_484' title='bbox 2720 1726 2854 1805; x_wconf 90' lang='lat' dir='ltr'><strong>ipso</strong></span> <span class='ocrx_word' id='word_1_485' title='bbox 2902 1743 3019 1786; x_wconf 88' lang='lat' dir='ltr'><strong>usu</strong></span> <span class='ocrx_word' id='word_1_486' title='bbox 3059 1730 3325 1805; x_wconf 87' lang='lat' dir='ltr'><strong>utraque</strong></span> <span class='ocrx_word' id='word_1_487' title='bbox 3372 1742 3516 1805; x_wconf 80' lang='lat' dir='ltr'><strong>pars</strong></span> <span class='ocrx_word' id='word_1_488' title='bbox 3556 1725 3709 1787; x_wconf 88' lang='lat' dir='ltr'><strong>satis</strong></span> 
     </span>
     <span class='ocr_line' id='line_1_71' title="bbox 2136 1816 3703 1899; baseline -0.002 -17"><span class='ocrx_word' id='word_1_489' title='bbox 2136 1825 2393 1882; x_wconf 86' lang='lat' dir='ltr'><strong>constat.</strong></span> <span class='ocrx_word' id='word_1_490' title='bbox 2415 1820 2573 1881; x_wconf 91' lang='lat' dir='ltr'><strong>Nam</strong></span> <span class='ocrx_word' id='word_1_491' title='bbox 2590 1817 2869 1899; x_wconf 90' lang='lat' dir='ltr'><strong>Apostoli</strong></span> <span class='ocrx_word' id='word_1_492' title='bbox 2886 1836 3013 1880; x_wconf 91' lang='lat' dir='ltr'><strong>non</strong></span> <span class='ocrx_word' id='word_1_493' title='bbox 3034 1816 3330 1881; x_wconf 83' lang='lat' dir='ltr'><strong>creabant</strong></span> <span class='ocrx_word' id='word_1_494' title='bbox 3352 1817 3703 1898; x_wconf 79' lang='lat' dir='ltr'><strong>Apostolos,</strong></span> 
     </span>
     <span class='ocr_line' id='line_1_72' title="bbox 2137 1910 3705 1994; baseline -0.002 -20"><span class='ocrx_word' id='word_1_495' title='bbox 2137 1913 2242 1974; x_wconf 90' lang='lat' dir='ltr'><strong>sed</strong></span> <span class='ocrx_word' id='word_1_496' title='bbox 2281 1912 2616 1994; x_wconf 88' lang='lat' dir='ltr'><strong>episcopos,</strong></span> <span class='ocrx_word' id='word_1_497' title='bbox 2647 1929 2849 1991; x_wconf 85' lang='lat' dir='ltr'><strong>neque</strong></span> <span class='ocrx_word' id='word_1_498' title='bbox 2876 1911 2967 1973; x_wconf 91' lang='lat' dir='ltr'><strong>eis</strong></span> <span class='ocrx_word' id='word_1_499' title='bbox 2994 1910 3284 1973; x_wconf 71' lang='lat' dir='ltr'><strong>successit</strong></span> <span class='ocrx_word' id='word_1_500' title='bbox 3308 1910 3531 1990; x_wconf 85' lang='lat' dir='ltr'><strong>aliquis</strong></span> <span class='ocrx_word' id='word_1_501' title='bbox 3554 1928 3705 1971; x_wconf 89' lang='lat' dir='ltr'><strong>eum</strong></span> 
     </span>
     <span class='ocr_line' id='line_1_73' title="bbox 2132 2002 3707 2085; baseline -0.001 -20"><span class='ocrx_word' id='word_1_502' title='bbox 2132 2004 2560 2085; x_wconf 88' lang='lat' dir='ltr'><strong>jurisdictione</strong></span> <span class='ocrx_word' id='word_1_503' title='bbox 2582 2004 2651 2065; x_wconf 91' lang='lat' dir='ltr'><strong>in</strong></span> <span class='ocrx_word' id='word_1_504' title='bbox 2674 2003 3033 2065; x_wconf 89' lang='lat' dir='ltr'><strong>universum</strong></span> <span class='ocrx_word' id='word_1_505' title='bbox 3055 2003 3271 2065; x_wconf 89' lang='lat' dir='ltr'><strong>orbem</strong></span> <span class='ocrx_word' id='word_1_506' title='bbox 3297 2018 3319 2081; x_wconf 91' lang='lat'>3</span> <span class='ocrx_word' id='word_1_507' title='bbox 3339 2008 3404 2064; x_wconf 90' lang='lat' dir='ltr'><strong>at</strong></span> <span class='ocrx_word' id='word_1_508' title='bbox 3419 2020 3567 2063; x_wconf 89' lang='lat' dir='ltr'><strong>vero</strong></span> <span class='ocrx_word' id='word_1_509' title='bbox 3589 2002 3707 2063; x_wconf 89' lang='lat' dir='ltr'><strong>Pe-</strong></span> 
     </span>
     <span class='ocr_line' id='line_1_74' title="bbox 2132 2094 3707 2176; baseline -0.004 -15"><span class='ocrx_word' id='word_1_510' title='bbox 2132 2104 2229 2161; x_wconf 91' lang='lat' dir='ltr'><strong>tro</strong></span> <span class='ocrx_word' id='word_1_511' title='bbox 2264 2096 2553 2158; x_wconf 88' lang='lat' dir='ltr'><strong>successit</strong></span> <span class='ocrx_word' id='word_1_512' title='bbox 2576 2114 2820 2176; x_wconf 91' lang='lat' dir='ltr'><strong>semper</strong></span> <span class='ocrx_word' id='word_1_513' title='bbox 2851 2103 3059 2176; x_wconf 91' lang='lat' dir='ltr'><strong>pastor</strong></span> <span class='ocrx_word' id='word_1_514' title='bbox 3106 2094 3494 2172; x_wconf 89' lang='lat' dir='ltr'><strong>universalis,</strong></span> <span class='ocrx_word' id='word_1_515' title='bbox 3525 2096 3707 2174; x_wconf 74' lang='lat' dir='ltr'><strong>cnjus</strong></span> 
     </span>
     <span class='ocr_line' id='line_1_75' title="bbox 2131 2188 3705 2271; baseline -0.003 -17"><span class='ocrx_word' id='word_1_516' title='bbox 2131 2191 2305 2254; x_wconf 88' lang='lat' dir='ltr'><strong>sedes</strong></span> <span class='ocrx_word' id='word_1_517' title='bbox 2329 2196 2656 2271; x_wconf 84' lang='lat' dir='ltr'><strong>propterea</strong></span> <span class='ocrx_word' id='word_1_518' title='bbox 2684 2208 2929 2270; x_wconf 89' lang='lat' dir='ltr'><strong>semper</strong></span> <span class='ocrx_word' id='word_1_519' title='bbox 2958 2190 3217 2251; x_wconf 87' lang='lat' dir='ltr'><strong>retinuit</strong></span> <span class='ocrx_word' id='word_1_520' title='bbox 3238 2206 3469 2251; x_wconf 90' lang='lat' dir='ltr'><strong>nomen</strong></span> <span class='ocrx_word' id='word_1_521' title='bbox 3504 2188 3705 2268; x_wconf 86' lang='lat' dir='ltr'><strong>Apos-</strong></span> 
     </span>
     <span class='ocr_line' id='line_1_76' title="bbox 2130 2282 3705 2361; baseline -0.002 -15"><span class='ocrx_word' id='word_1_522' title='bbox 2130 2283 2347 2346; x_wconf 79' lang='lat' dir='ltr'><strong>tolicoe.</strong></span> <span class='ocrx_word' id='word_1_523' title='bbox 2388 2283 2567 2344; x_wconf 87' lang='lat' dir='ltr'><strong>Ratio</strong></span> <span class='ocrx_word' id='word_1_524' title='bbox 2612 2284 2802 2345; x_wconf 86' lang='lat' dir='ltr'><strong>etiam</strong></span> <span class='ocrx_word' id='word_1_525' title='bbox 2829 2282 2947 2344; x_wconf 90' lang='lat' dir='ltr'><strong>hoc</strong></span> <span class='ocrx_word' id='word_1_526' title='bbox 2976 2282 3311 2358; x_wconf 84' lang='lat' dir='ltr'><strong>convincit,</strong></span> <span class='ocrx_word' id='word_1_527' title='bbox 3344 2282 3515 2361; x_wconf 90' lang='lat' dir='ltr'><strong>quia,</strong></span> <span class='ocrx_word' id='word_1_528' title='bbox 3548 2298 3705 2343; x_wconf 89' lang='lat' dir='ltr'><strong>cum</strong></span> 
     </span>
     <span class='ocr_line' id='line_1_77' title="bbox 2131 2374 3705 2456; baseline -0.003 -17"><span class='ocrx_word' id='word_1_529' title='bbox 2131 2376 2398 2439; x_wconf 82' lang='lat' dir='ltr'><strong>Ecclesia</strong></span> <span class='ocrx_word' id='word_1_530' title='bbox 2423 2375 2637 2437; x_wconf 85' lang='lat' dir='ltr'><strong>futura</strong></span> <span class='ocrx_word' id='word_1_531' title='bbox 2660 2381 2823 2437; x_wconf 89' lang='lat' dir='ltr'><strong>esset</strong></span> <span class='ocrx_word' id='word_1_532' title='bbox 2840 2380 3158 2456; x_wconf 90' lang='lat' dir='ltr'><strong>perpetua,</strong></span> <span class='ocrx_word' id='word_1_533' title='bbox 3182 2374 3317 2455; x_wconf 86' lang='lat' dir='ltr'><strong>ejus</strong></span> <span class='ocrx_word' id='word_1_534' title='bbox 3332 2374 3613 2453; x_wconf 88' lang='lat' dir='ltr'><strong>regimen</strong></span> <span class='ocrx_word' id='word_1_535' title='bbox 3634 2378 3705 2435; x_wconf 85' lang='lat' dir='ltr'><strong>et</strong></span> 
     </span>
     <span class='ocr_line' id='line_1_78' title="bbox 2130 2468 3699 2552; baseline -0.004 -20"><span class='ocrx_word' id='word_1_536' title='bbox 2130 2470 2515 2552; x_wconf 87' lang='lat' dir='ltr'><strong>principatus</strong></span> <span class='ocrx_word' id='word_1_537' title='bbox 2556 2469 2647 2530; x_wconf 90' lang='lat' dir='ltr'><strong>ita</strong></span> <span class='ocrx_word' id='word_1_538' title='bbox 2684 2468 2979 2530; x_wconf 88' lang='lat' dir='ltr'><strong>constitui</strong></span> <span class='ocrx_word' id='word_1_539' title='bbox 3018 2468 3253 2545; x_wconf 89' lang='lat' dir='ltr'><strong>debuit,</strong></span> <span class='ocrx_word' id='word_1_540' title='bbox 3284 2473 3355 2529; x_wconf 90' lang='grc' dir='ltr'><strong>ιιι</strong></span> <span class='ocrx_word' id='word_1_541' title='bbox 3394 2474 3699 2547; x_wconf 88' lang='lat' dir='ltr'><strong>perpetuo</strong></span> 
     </span>
     <span class='ocr_line' id='line_1_79' title="bbox 2130 2560 3701 2641; baseline -0.002 -18"><span class='ocrx_word' id='word_1_542' title='bbox 2130 2562 2404 2624; x_wconf 86' lang='lat' dir='ltr'><strong>duraret.</strong></span> <span class='ocrx_word' id='word_1_543' title='bbox 2440 2562 2555 2623; x_wconf 91' lang='lat' dir='ltr'><strong>Hic</strong></span> <span class='ocrx_word' id='word_1_544' title='bbox 2582 2566 2792 2624; x_wconf 86' lang='lat' dir='ltr'><strong>autem</strong></span> <span class='ocrx_word' id='word_1_545' title='bbox 2812 2561 3191 2641; x_wconf 86' lang='lat' dir='ltr'><strong>principatus</strong></span> <span class='ocrx_word' id='word_1_546' title='bbox 3214 2562 3394 2622; x_wconf 78' lang='lat' dir='ltr'><strong>Petro</strong></span> <span class='ocrx_word' id='word_1_547' title='bbox 3412 2560 3534 2621; x_wconf 80' lang='lat' dir='ltr'><strong>fuit</strong></span> <span class='ocrx_word' id='word_1_548' title='bbox 3550 2578 3701 2639; x_wconf 88' lang='lat' dir='ltr'><strong>pro-</strong></span> 
     </span>
     <span class='ocr_line' id='line_1_80' title="bbox 2128 2654 3695 2734; baseline -0.002 -17"><span class='ocrx_word' id='word_1_549' title='bbox 2128 2656 2352 2717; x_wconf 91' lang='lat' dir='ltr'><strong>missus</strong></span> <span class='ocrx_word' id='word_1_550' title='bbox 2377 2654 2499 2716; x_wconf 91' lang='lat' dir='ltr'><strong>illis</strong></span> <span class='ocrx_word' id='word_1_551' title='bbox 2521 2654 2760 2715; x_wconf 89' lang='lat' dir='ltr'><strong>verbis:</strong></span> <span class='ocrx_word' id='word_1_552' title='bbox 2796 2654 3003 2734; x_wconf 75' lang='lat' dir='ltr'><strong>Super</strong></span> <span class='ocrx_word' id='word_1_553' title='bbox 3030 2656 3185 2717; x_wconf 70' lang='lat' dir='ltr'><strong>hanc</strong></span> <span class='ocrx_word' id='word_1_554' title='bbox 3204 2654 3454 2716; x_wconf 76' lang='lat' dir='ltr'><strong>Petram</strong></span> <span class='ocrx_word' id='word_1_555' title='bbox 3486 2654 3695 2730; x_wconf 77' lang='lat' dir='ltr'><strong>oedifi-</strong></span> 
     </span>
     <span class='ocr_line' id='line_1_81' title="bbox 2132 2744 3697 2821; baseline -0.004 -9"><span class='ocrx_word' id='word_1_556' title='bbox 2132 2750 2270 2813; x_wconf 77' lang='lat' dir='ltr'><strong>cabo</strong></span> <span class='ocrx_word' id='word_1_557' title='bbox 2295 2748 2635 2812; x_wconf 73' lang='lat' dir='ltr'><strong>Ecclesiam</strong></span> <span class='ocrx_word' id='word_1_558' title='bbox 2657 2765 2850 2811; x_wconf 76' lang='lat' dir='ltr'><strong>meam</strong></span> <span class='ocrx_word' id='word_1_559' title='bbox 2865 2773 2892 2821; x_wconf 88' lang='lat'><strong>,·</strong></span> <span class='ocrx_word' id='word_1_560' title='bbox 2920 2746 3027 2809; x_wconf 91' lang='lat' dir='ltr'><strong>sed</strong></span> <span class='ocrx_word' id='word_1_561' title='bbox 3052 2746 3385 2808; x_wconf 79' lang='lat' dir='ltr'><strong>oedificium</strong></span> <span class='ocrx_word' id='word_1_562' title='bbox 3404 2744 3697 2807; x_wconf 78' lang='lat' dir='ltr'><strong>Ecclesioe</strong></span> 
     </span>
     <span class='ocr_line' id='line_1_82' title="bbox 2130 2840 3699 2923; baseline -0.002 -19"><span class='ocrx_word' id='word_1_563' title='bbox 2130 2847 2428 2923; x_wconf 87' lang='lat' dir='ltr'><strong>perpetuo</strong></span> <span class='ocrx_word' id='word_1_564' title='bbox 2454 2846 2589 2903; x_wconf 89' lang='lat' dir='ltr'><strong>erat</strong></span> <span class='ocrx_word' id='word_1_565' title='bbox 2614 2840 2982 2901; x_wconf 87' lang='lat' dir='ltr'><strong>duraturum</strong></span> <span class='ocrx_word' id='word_1_566' title='bbox 3003 2862 3023 2917; x_wconf 90' lang='lat'>3</span> <span class='ocrx_word' id='word_1_567' title='bbox 3048 2858 3198 2921; x_wconf 91' lang='lat' dir='ltr'><strong>ergo</strong></span> <span class='ocrx_word' id='word_1_568' title='bbox 3228 2846 3294 2903; x_wconf 91' lang='lat' dir='ltr'><strong>et</strong></span> <span class='ocrx_word' id='word_1_569' title='bbox 3322 2840 3699 2903; x_wconf 85' lang='lat' dir='ltr'><strong>fundamen-</strong></span> 
     </span>
     <span class='ocr_line' id='line_1_83' title="bbox 2130 2932 3697 3015; baseline -0.001 -19"><span class='ocrx_word' id='word_1_570' title='bbox 2130 2941 2293 3011; x_wconf 88' lang='lat' dir='ltr'><strong>tum,</strong></span> <span class='ocrx_word' id='word_1_571' title='bbox 2326 2934 2491 3015; x_wconf 91' lang='lat' dir='ltr'><strong>quod</strong></span> <span class='ocrx_word' id='word_1_572' title='bbox 2519 2938 2654 2996; x_wconf 89' lang='lat' dir='ltr'><strong>erat</strong></span> <span class='ocrx_word' id='word_1_573' title='bbox 2680 2933 2915 3005; x_wconf 86' lang='lat' dir='ltr'><strong>Petrus,</strong></span> <span class='ocrx_word' id='word_1_574' title='bbox 2946 2950 3055 2995; x_wconf 88' lang='lat' dir='ltr'><strong>sen</strong></span> <span class='ocrx_word' id='word_1_575' title='bbox 3086 2932 3257 2995; x_wconf 87' lang='lat' dir='ltr'><strong>sedes</strong></span> <span class='ocrx_word' id='word_1_576' title='bbox 3284 2933 3471 2996; x_wconf 88' lang='lat' dir='ltr'><strong>Petri.</strong></span> <span class='ocrx_word' id='word_1_577' title='bbox 3516 2934 3697 3008; x_wconf 87' lang='lat' dir='ltr'><strong>Quod</strong></span> 
     </span>
     <span class='ocr_line' id='line_1_84' title="bbox 2130 3026 3697 3107; baseline 0 -18"><span class='ocrx_word' id='word_1_578' title='bbox 2130 3028 2278 3089; x_wconf 87' lang='lat' dir='ltr'><strong>satis</strong></span> <span class='ocrx_word' id='word_1_579' title='bbox 2298 3027 2631 3089; x_wconf 84' lang='lat' dir='ltr'><strong>declaravit</strong></span> <span class='ocrx_word' id='word_1_580' title='bbox 2651 3026 2923 3087; x_wconf 86' lang='lat' dir='ltr'><strong>Christus</strong></span> <span class='ocrx_word' id='word_1_581' title='bbox 2944 3026 3359 3107; x_wconf 86' lang='lat' dir='ltr'><strong>subjungens:</strong></span> <span class='ocrx_word' id='word_1_582' title='bbox 3388 3026 3485 3090; x_wconf 72' lang='lat' dir='ltr'><strong>Et</strong></span> <span class='ocrx_word' id='word_1_583' title='bbox 3500 3033 3697 3107; x_wconf 60' lang='grc' dir='ltr'>ρον-ιω</span> 
     </span>
     <span class='ocr_line' id='line_1_85' title="bbox 2126 3119 3696 3202; baseline -0.002 -17"><span class='ocrx_word' id='word_1_584' title='bbox 2126 3122 2321 3201; x_wconf 72' lang='lat' dir='ltr'><strong>inseri</strong></span> <span class='ocrx_word' id='word_1_585' title='bbox 2360 3139 2483 3184; x_wconf 68' lang='lat' dir='ltr'><strong>aon</strong></span> <span class='ocrx_word' id='word_1_586' title='bbox 2525 3121 2931 3202; x_wconf 68' lang='lat' dir='ltr'><strong>prevalebunt</strong></span> <span class='ocrx_word' id='word_1_587' title='bbox 2976 3121 3265 3184; x_wconf 63' lang='lat' dir='ltr'><strong>adver-m</strong></span> <span class='ocrx_word' id='word_1_588' title='bbox 3304 3137 3467 3184; x_wconf 63' lang='lat' dir='ltr'><strong>eam.</strong></span> <span class='ocrx_word' id='word_1_589' title='bbox 3516 3119 3696 3182; x_wconf 90' lang='lat' dir='ltr'><strong>Unde</strong></span> 
     </span>
     <span class='ocr_line' id='line_1_86' title="bbox 2126 3213 3695 3297; baseline -0.001 -21"><span class='ocrx_word' id='word_1_590' title='bbox 2126 3215 2284 3277; x_wconf 79' lang='lat' dir='ltr'><strong>dixit</strong></span> <span class='ocrx_word' id='word_1_591' title='bbox 2310 3215 2626 3294; x_wconf 85' lang='lat' dir='ltr'><strong>eleganter</strong></span> <span class='ocrx_word' id='word_1_592' title='bbox 2650 3215 2965 3278; x_wconf 86' lang='lat' dir='ltr'><strong>Innocent.</strong></span> <span class='ocrx_word' id='word_1_593' title='bbox 2998 3215 3080 3275; x_wconf 83' lang='lat' dir='ltr'><strong>IV</strong></span> <span class='ocrx_word' id='word_1_594' title='bbox 3120 3214 3189 3275; x_wconf 89' lang='lat' dir='ltr'><strong>in</strong></span> <span class='ocrx_word' id='word_1_595' title='bbox 3212 3232 3345 3297; x_wconf 85' lang='lat' dir='ltr'><strong>cap.</strong></span> <span class='ocrx_word' id='word_1_596' title='bbox 3380 3217 3405 3276; x_wconf 76' lang='grc'><strong>4</strong></span> <span class='ocrx_word' id='word_1_597' title='bbox 3450 3213 3530 3276; x_wconf 88' lang='lat' dir='ltr'><strong>de</strong></span> <span class='ocrx_word' id='word_1_598' title='bbox 3568 3215 3695 3276; x_wconf 89' lang='lat' dir='ltr'><strong>Ho-</strong></span> 
     </span>
     <span class='ocr_line' id='line_1_87' title="bbox 2127 3306 3691 3384; baseline -0.001 -15"><span class='ocrx_word' id='word_1_599' title='bbox 2127 3306 2369 3384; x_wconf 89' lang='lat' dir='ltr'><strong>micid.,</strong></span> <span class='ocrx_word' id='word_1_600' title='bbox 2388 3308 2457 3368; x_wconf 90' lang='lat' dir='ltr'><strong>in</strong></span> <span class='ocrx_word' id='word_1_601' title='bbox 2478 3309 2539 3384; x_wconf 84' lang='lat'><strong>6,</strong></span> <span class='ocrx_word' id='word_1_602' title='bbox 2562 3307 2869 3370; x_wconf 87' lang='lat' dir='ltr'><strong>Christum</strong></span> <span class='ocrx_word' id='word_1_603' title='bbox 2904 3325 3301 3370; x_wconf 87' lang='lat' dir='ltr'><strong>ascensurum</strong></span> <span class='ocrx_word' id='word_1_604' title='bbox 3316 3307 3397 3367; x_wconf 87' lang='lat' dir='ltr'><strong>ad</strong></span> <span class='ocrx_word' id='word_1_605' title='bbox 3418 3307 3691 3384; x_wconf 84' lang='lat' dir='ltr'><strong>Patrem,</strong></span> 
     </span>
     <span class='ocr_line' id='line_1_88' title="bbox 2127 3401 3691 3482; baseline -0.001 -18"><span class='ocrx_word' id='word_1_606' title='bbox 2127 3419 2201 3464; x_wconf 73' lang='lat' dir='ltr'><strong>ne</strong></span> <span class='ocrx_word' id='word_1_607' title='bbox 2229 3402 2571 3466; x_wconf 71' lang='lat' dir='ltr'><strong>Ecclesiam</strong></span> <span class='ocrx_word' id='word_1_608' title='bbox 2596 3420 2771 3465; x_wconf 73' lang='lat' dir='ltr'><strong>suam</strong></span> <span class='ocrx_word' id='word_1_609' title='bbox 2798 3403 2930 3466; x_wconf 72' lang='lat' dir='ltr'><strong>sino</strong></span> <span class='ocrx_word' id='word_1_610' title='bbox 2950 3407 3196 3482; x_wconf 73' lang='lat' dir='ltr'><strong>pastore</strong></span> <span class='ocrx_word' id='word_1_611' title='bbox 3223 3401 3517 3476; x_wconf 47' lang='lat' dir='ltr'><strong>deserere&amp;</strong></span> <span class='ocrx_word' id='word_1_612' title='bbox 3542 3418 3691 3461; x_wconf 90' lang='lat' dir='ltr'><strong>eam</strong></span> 
     </span>
     <span class='ocr_line' id='line_1_89' title="bbox 2126 3493 3689 3576; baseline -0.002 -20"><span class='ocrx_word' id='word_1_613' title='bbox 2126 3495 2307 3556; x_wconf 86' lang='lat' dir='ltr'><strong>Petro</strong></span> <span class='ocrx_word' id='word_1_614' title='bbox 2326 3495 2728 3572; x_wconf 89' lang='lat' dir='ltr'><strong>commisisse,</strong></span> <span class='ocrx_word' id='word_1_615' title='bbox 2744 3496 2920 3576; x_wconf 81' lang='lat' dir='ltr'><strong>qu&#39;us</strong></span> <span class='ocrx_word' id='word_1_616' title='bbox 2931 3511 3302 3556; x_wconf 85' lang='lat' dir='ltr'><strong>successores</strong></span> <span class='ocrx_word' id='word_1_617' title='bbox 3322 3498 3462 3554; x_wconf 88' lang='lat' dir='ltr'><strong>sunt</strong></span> <span class='ocrx_word' id='word_1_618' title='bbox 3474 3493 3689 3554; x_wconf 86' lang='lat' dir='ltr'><strong>Ponti-</strong></span> 
     </span>
     <span class='ocr_line' id='line_1_90' title="bbox 2124 3586 3689 3669; baseline -0.001 -21"><span class='ocrx_word' id='word_1_619' title='bbox 2124 3586 2291 3649; x_wconf 86' lang='lat' dir='ltr'><strong>fices.</strong></span> <span class='ocrx_word' id='word_1_620' title='bbox 2324 3588 2484 3664; x_wconf 87' lang='lat' dir='ltr'><strong>Quia</strong></span> <span class='ocrx_word' id='word_1_621' title='bbox 2511 3588 2831 3666; x_wconf 87' lang='lat' dir='ltr'><strong>nimirum,</strong></span> <span class='ocrx_word' id='word_1_622' title='bbox 2861 3607 2975 3669; x_wconf 91' lang='lat' dir='ltr'><strong>pro</strong></span> <span class='ocrx_word' id='word_1_623' title='bbox 2999 3588 3173 3651; x_wconf 90' lang='lat' dir='ltr'><strong>nullo</strong></span> <span class='ocrx_word' id='word_1_624' title='bbox 3202 3595 3476 3668; x_wconf 89' lang='lat' dir='ltr'><strong>tempore</strong></span> <span class='ocrx_word' id='word_1_625' title='bbox 3502 3586 3689 3648; x_wconf 90' lang='lat' dir='ltr'><strong>dese-</strong></span> 
     </span>
     <span class='ocr_line' id='line_1_91' title="bbox 2120 3681 3689 3760; baseline -0.001 -18"><span class='ocrx_word' id='word_1_626' title='bbox 2120 3682 2250 3742; x_wconf 88' lang='lat' dir='ltr'><strong>ruit</strong></span> <span class='ocrx_word' id='word_1_627' title='bbox 2266 3698 2445 3743; x_wconf 87' lang='lat' dir='ltr'><strong>snam</strong></span> <span class='ocrx_word' id='word_1_628' title='bbox 2462 3681 2796 3743; x_wconf 85' lang='lat' dir='ltr'><strong>Ecclesiam</strong></span> <span class='ocrx_word' id='word_1_629' title='bbox 2811 3681 3111 3758; x_wconf 89' lang='lat' dir='ltr'><strong>Christus,</strong></span> <span class='ocrx_word' id='word_1_630' title='bbox 3132 3686 3196 3744; x_wconf 88' lang='lat' dir='ltr'><strong>et</strong></span> <span class='ocrx_word' id='word_1_631' title='bbox 3212 3685 3515 3760; x_wconf 89' lang='lat' dir='ltr'><strong>quantum</strong></span> <span class='ocrx_word' id='word_1_632' title='bbox 3534 3697 3689 3758; x_wconf 82' lang='lat' dir='ltr'><strong>grex</strong></span> 
     </span>
     <span class='ocr_line' id='line_1_92' title="bbox 2118 3773 3682 3853; baseline -0.001 -19"><span class='ocrx_word' id='word_1_633' title='bbox 2118 3773 2324 3852; x_wconf 88' lang='lat' dir='ltr'><strong>durat,</strong></span> <span class='ocrx_word' id='word_1_634' title='bbox 2365 3778 2612 3836; x_wconf 89' lang='lat' dir='ltr'><strong>tantum</strong></span> <span class='ocrx_word' id='word_1_635' title='bbox 2657 3792 2903 3836; x_wconf 87' lang='lat' dir='ltr'><strong>necesse</strong></span> <span class='ocrx_word' id='word_1_636' title='bbox 2945 3780 3035 3836; x_wconf 91' lang='lat' dir='ltr'><strong>est</strong></span> <span class='ocrx_word' id='word_1_637' title='bbox 3078 3774 3302 3835; x_wconf 85' lang='lat' dir='ltr'><strong>durare</strong></span> <span class='ocrx_word' id='word_1_638' title='bbox 3346 3778 3682 3853; x_wconf 87' lang='lat' dir='ltr'><strong>pastorem.</strong></span> 
     </span>
     <span class='ocr_line' id='line_1_93' title="bbox 2117 3863 3681 3948; baseline -0.003 -18"><span class='ocrx_word' id='word_1_639' title='bbox 2117 3866 2404 3948; x_wconf 87' lang='lat' dir='ltr'><strong>Implevit</strong></span> <span class='ocrx_word' id='word_1_640' title='bbox 2430 3873 2642 3930; x_wconf 89' lang='lat' dir='ltr'><strong>autem</strong></span> <span class='ocrx_word' id='word_1_641' title='bbox 2668 3867 2944 3930; x_wconf 87' lang='lat' dir='ltr'><strong>Christus</strong></span> <span class='ocrx_word' id='word_1_642' title='bbox 2973 3865 3146 3928; x_wconf 85' lang='lat' dir='ltr'><strong>illam</strong></span> <span class='ocrx_word' id='word_1_643' title='bbox 3187 3863 3681 3946; x_wconf 86' lang='lat' dir='ltr'><strong>promissionem,</strong></span> 
     </span>
     <span class='ocr_line' id='line_1_94' title="bbox 2115 3957 3686 4037; baseline -0.003 -14"><span class='ocrx_word' id='word_1_644' title='bbox 2115 3962 2323 4024; x_wconf 89' lang='lat' dir='ltr'><strong>dicens</strong></span> <span class='ocrx_word' id='word_1_645' title='bbox 2350 3963 2561 4024; x_wconf 88' lang='lat' dir='ltr'><strong>Petro:</strong></span> <span class='ocrx_word' id='word_1_646' title='bbox 2612 3961 2804 4024; x_wconf 74' lang='lat' dir='ltr'><strong>Pasce</strong></span> <span class='ocrx_word' id='word_1_647' title='bbox 2830 3979 2962 4025; x_wconf 73' lang='lat' dir='ltr'><strong>oves</strong></span> <span class='ocrx_word' id='word_1_648' title='bbox 2996 3977 3198 4031; x_wconf 56' lang='lat' dir='ltr'><strong>mean</strong></span> <span class='ocrx_word' id='word_1_649' title='bbox 3229 3957 3323 4020; x_wconf 88' lang='lat' dir='ltr'><strong>illi</strong></span> <span class='ocrx_word' id='word_1_650' title='bbox 3354 3975 3505 4037; x_wconf 87' lang='lat' dir='ltr'><strong>ergo</strong></span> <span class='ocrx_word' id='word_1_651' title='bbox 3532 3963 3686 4018; x_wconf 89' lang='lat' dir='ltr'><strong>tunc</strong></span> 
     </span>
     <span class='ocr_line' id='line_1_95' title="bbox 2114 4049 3683 4133; baseline -0.005 -16"><span class='ocrx_word' id='word_1_652' title='bbox 2114 4054 2382 4117; x_wconf 89' lang='lat' dir='ltr'><strong>contulit</strong></span> <span class='ocrx_word' id='word_1_653' title='bbox 2422 4057 2786 4133; x_wconf 88' lang='lat' dir='ltr'><strong>potestatem</strong></span> <span class='ocrx_word' id='word_1_654' title='bbox 2818 4053 2886 4114; x_wconf 91' lang='lat' dir='ltr'><strong>in</strong></span> <span class='ocrx_word' id='word_1_655' title='bbox 2918 4053 3046 4114; x_wconf 86' lang='lat' dir='ltr'><strong>suis</strong></span> <span class='ocrx_word' id='word_1_656' title='bbox 3084 4050 3537 4114; x_wconf 87' lang='lat' dir='ltr'><strong>successoribus</strong></span> <span class='ocrx_word' id='word_1_657' title='bbox 3569 4049 3683 4110; x_wconf 89' lang='lat' dir='ltr'><strong>du-</strong></span> 
     </span>
     <span class='ocr_line' id='line_1_96' title="bbox 2112 4143 3684 4226; baseline -0.003 -16"><span class='ocrx_word' id='word_1_658' title='bbox 2112 4155 2414 4211; x_wconf 89' lang='lat' dir='ltr'><strong>raturam.</strong></span> <span class='ocrx_word' id='word_1_659' title='bbox 2464 4145 2619 4208; x_wconf 87' lang='lat' dir='ltr'><strong>Aliis</strong></span> <span class='ocrx_word' id='word_1_660' title='bbox 2667 4164 2813 4208; x_wconf 90' lang='lat' dir='ltr'><strong>vero</strong></span> <span class='ocrx_word' id='word_1_661' title='bbox 2858 4145 3161 4226; x_wconf 84' lang='lat' dir='ltr'><strong>Apostolis</strong></span> <span class='ocrx_word' id='word_1_662' title='bbox 3217 4162 3543 4224; x_wconf 87' lang='lat' dir='ltr'><strong>nunquam</strong></span> <span class='ocrx_word' id='word_1_663' title='bbox 3592 4143 3684 4205; x_wconf 91' lang='lat' dir='ltr'><strong>ita</strong></span> 
     </span>
     <span class='ocr_line' id='line_1_97' title="bbox 2111 4237 3681 4321; baseline -0.004 -17"><span class='ocrx_word' id='word_1_664' title='bbox 2111 4240 2393 4318; x_wconf 89' lang='lat' dir='ltr'><strong>contulit,</strong></span> <span class='ocrx_word' id='word_1_665' title='bbox 2430 4239 2579 4321; x_wconf 90' lang='lat' dir='ltr'><strong>quia</strong></span> <span class='ocrx_word' id='word_1_666' title='bbox 2604 4238 2805 4301; x_wconf 91' lang='lat' dir='ltr'><strong>solum</strong></span> <span class='ocrx_word' id='word_1_667' title='bbox 2840 4239 3093 4302; x_wconf 86' lang='lat' dir='ltr'><strong>fuerunt</strong></span> <span class='ocrx_word' id='word_1_668' title='bbox 3127 4240 3196 4300; x_wconf 88' lang='lat' dir='ltr'><strong>in</strong></span> <span class='ocrx_word' id='word_1_669' title='bbox 3224 4238 3336 4300; x_wconf 92' lang='lat' dir='ltr'><strong>illo</strong></span> <span class='ocrx_word' id='word_1_670' title='bbox 3362 4237 3545 4298; x_wconf 87' lang='lat' dir='ltr'><strong>mitio</strong></span> <span class='ocrx_word' id='word_1_671' title='bbox 3566 4237 3681 4297; x_wconf 80' lang='lat' dir='ltr'><strong>Ec·-</strong></span> 
     </span>
     <span class='ocr_line' id='line_1_98' title="bbox 2116 4328 3682 4409; baseline -0.003 -15"><span class='ocrx_word' id='word_1_672' title='bbox 2116 4332 2313 4394; x_wconf 79' lang='lat' dir='ltr'><strong>clesise</strong></span> <span class='ocrx_word' id='word_1_673' title='bbox 2338 4331 2689 4409; x_wconf 88' lang='lat' dir='ltr'><strong>necessarii,</strong></span> <span class='ocrx_word' id='word_1_674' title='bbox 2716 4331 2912 4394; x_wconf 89' lang='lat' dir='ltr'><strong>donec</strong></span> <span class='ocrx_word' id='word_1_675' title='bbox 2936 4332 3001 4394; x_wconf 90' lang='lat' dir='ltr'><strong>in</strong></span> <span class='ocrx_word' id='word_1_676' title='bbox 3024 4349 3274 4395; x_wconf 90' lang='lat' dir='ltr'><strong>omnem</strong></span> <span class='ocrx_word' id='word_1_677' title='bbox 3296 4337 3529 4394; x_wconf 86' lang='lat' dir='ltr'><strong>terram</strong></span> <span class='ocrx_word' id='word_1_678' title='bbox 3550 4328 3682 4390; x_wconf 87' lang='lat' dir='ltr'><strong>exi-</strong></span> 
     </span>
     <span class='ocr_line' id='line_1_99' title="bbox 2124 4422 3682 4502; baseline -0.003 -16"><span class='ocrx_word' id='word_1_679' title='bbox 2124 4425 2209 4486; x_wconf 75' lang='lat' dir='ltr'><strong>vit</strong></span> <span class='ocrx_word' id='word_1_680' title='bbox 2235 4443 2424 4486; x_wconf 89' lang='lat' dir='ltr'><strong>sonus</strong></span> <span class='ocrx_word' id='word_1_681' title='bbox 2452 4442 2693 4500; x_wconf 89' lang='lat' dir='ltr'><strong>eorum,</strong></span> <span class='ocrx_word' id='word_1_682' title='bbox 2728 4430 2792 4486; x_wconf 91' lang='lat' dir='ltr'><strong>et</strong></span> <span class='ocrx_word' id='word_1_683' title='bbox 2817 4424 2981 4502; x_wconf 89' lang='lat' dir='ltr'><strong>ide0,</strong></span> <span class='ocrx_word' id='word_1_684' title='bbox 3016 4425 3392 4487; x_wconf 85' lang='lat' dir='ltr'><strong>sufficienter</strong></span> <span class='ocrx_word' id='word_1_685' title='bbox 3418 4422 3682 4484; x_wconf 86' lang='lat' dir='ltr'><strong>fundata</strong></span> 
     </span>
     <span class='ocr_line' id='line_1_100' title="bbox 2112 4514 3683 4598; baseline -0.004 -18"><span class='ocrx_word' id='word_1_686' title='bbox 2112 4517 2379 4580; x_wconf 63' lang='lat' dir='ltr'><strong>Ecclesia</strong></span> <span class='ocrx_word' id='word_1_687' title='bbox 2398 4562 2421 4593; x_wconf 92' lang='lat'><strong>,</strong></span> <span class='ocrx_word' id='word_1_688' title='bbox 2472 4517 2732 4580; x_wconf 85' lang='lat' dir='ltr'><strong>cessavit</strong></span> <span class='ocrx_word' id='word_1_689' title='bbox 2764 4517 2873 4579; x_wconf 88' lang='lat' dir='ltr'><strong>illa</strong></span> <span class='ocrx_word' id='word_1_690' title='bbox 2914 4519 3213 4598; x_wconf 81' lang='lat' dir='ltr'><strong>dignitas:</strong></span> <span class='ocrx_word' id='word_1_691' title='bbox 3262 4514 3683 4598; x_wconf 86' lang='lat' dir='ltr'><strong>perseveravit</strong></span> 
     </span>
     <span class='ocr_line' id='line_1_101' title="bbox 2112 4603 3682 4692; baseline -0.003 -20"><span class='ocrx_word' id='word_1_692' title='bbox 2112 4616 2323 4672; x_wconf 89' lang='lat' dir='ltr'><strong>autem</strong></span> <span class='ocrx_word' id='word_1_693' title='bbox 2362 4603 2528 4673; x_wconf 85' lang='lat' dir='ltr'><strong>Petri</strong></span> <span class='ocrx_word' id='word_1_694' title='bbox 2566 4609 2893 4692; x_wconf 87' lang='lat' dir='ltr'><strong>primatus.</strong></span> <span class='ocrx_word' id='word_1_695' title='bbox 2937 4611 3139 4691; x_wconf 81' lang='lat' dir='ltr'><strong>Atque</strong></span> <span class='ocrx_word' id='word_1_696' title='bbox 3178 4611 3267 4671; x_wconf 88' lang='lat' dir='ltr'><strong>ita</strong></span> <span class='ocrx_word' id='word_1_697' title='bbox 3310 4609 3475 4670; x_wconf 86' lang='lat' dir='ltr'><strong>hanc</strong></span> <span class='ocrx_word' id='word_1_698' title='bbox 3502 4605 3682 4668; x_wconf 84' lang='lat' dir='ltr'><strong>diffe-</strong></span> 
     </span>
     <span class='ocr_line' id='line_1_102' title="bbox 2111 4698 3681 4784; baseline -0.003 -19"><span class='ocrx_word' id='word_1_699' title='bbox 2111 4703 2380 4765; x_wconf 87' lang='lat' dir='ltr'><strong>rentiam</strong></span> <span class='ocrx_word' id='word_1_700' title='bbox 2415 4705 2563 4766; x_wconf 88' lang='lat' dir='ltr'><strong>satis</strong></span> <span class='ocrx_word' id='word_1_701' title='bbox 2592 4708 2803 4784; x_wconf 87' lang='lat' dir='ltr'><strong>aperte</strong></span> <span class='ocrx_word' id='word_1_702' title='bbox 2842 4702 3142 4764; x_wconf 86' lang='lat' dir='ltr'><strong>indicavit</strong></span> <span class='ocrx_word' id='word_1_703' title='bbox 3164 4701 3439 4765; x_wconf 84' lang='lat' dir='ltr'><strong>Christus</strong></span> <span class='ocrx_word' id='word_1_704' title='bbox 3467 4698 3681 4761; x_wconf 92' lang='lat' dir='ltr'><strong>Domi-</strong></span> 
     </span>
     <span class='ocr_line' id='line_1_103' title="bbox 2111 4791 3678 4877; baseline -0.004 -19"><span class='ocrx_word' id='word_1_705' title='bbox 2111 4815 2230 4858; x_wconf 88' lang='lat' dir='ltr'><strong>nus</strong></span> <span class='ocrx_word' id='word_1_706' title='bbox 2272 4796 2342 4858; x_wconf 92' lang='lat' dir='ltr'><strong>in</strong></span> <span class='ocrx_word' id='word_1_707' title='bbox 2390 4814 2463 4859; x_wconf 92' lang='lat' dir='ltr'><strong>eo</strong></span> <span class='ocrx_word' id='word_1_708' title='bbox 2507 4795 2811 4877; x_wconf 86' lang='lat' dir='ltr'><strong>singulari</strong></span> <span class='ocrx_word' id='word_1_709' title='bbox 2855 4795 3065 4873; x_wconf 90' lang='lat' dir='ltr'><strong>modo,</strong></span> <span class='ocrx_word' id='word_1_710' title='bbox 3112 4813 3236 4877; x_wconf 92' lang='lat' dir='ltr'><strong>quo</strong></span> <span class='ocrx_word' id='word_1_711' title='bbox 3264 4796 3517 4858; x_wconf 86' lang='lat' dir='ltr'><strong>Petrum</strong></span> <span class='ocrx_word' id='word_1_712' title='bbox 3540 4791 3678 4852; x_wconf 84' lang='lat' dir='ltr'><strong>aliis</strong></span> 
     </span>
     <span class='ocr_line' id='line_1_104' title="bbox 2112 4889 2473 4971; baseline 0.003 -19"><span class='ocrx_word' id='word_1_713' title='bbox 2112 4889 2473 4971; x_wconf 87' lang='lat' dir='ltr'><strong>proeposuit.</strong></span> 
     </span>
    </p>

    <p class='ocr_par' dir='ltr' id='par_1_6' title="bbox 2104 4979 3677 5621">
     <span class='ocr_line' id='line_1_105' title="bbox 2186 4979 3673 5063; baseline -0.003 -19"><span class='ocrx_word' id='word_1_714' title='bbox 2186 4985 2251 5045; x_wconf 82' lang='lat'><strong>9.</strong></span> <span class='ocrx_word' id='word_1_715' title='bbox 2298 4981 2595 5058; x_wconf 71' lang='lat' dir='ltr'><strong>Secundo,</strong></span> <span class='ocrx_word' id='word_1_716' title='bbox 2616 4981 2912 5061; x_wconf 76' lang='lat' dir='ltr'><strong>proedicta</strong></span> <span class='ocrx_word' id='word_1_717' title='bbox 2936 4986 3206 5063; x_wconf 71' lang='lat' dir='ltr'><strong>potestas</strong></span> <span class='ocrx_word' id='word_1_718' title='bbox 3228 4985 3361 5045; x_wconf 72' lang='lat' dir='ltr'><strong>orat</strong></span> <span class='ocrx_word' id='word_1_719' title='bbox 3385 4979 3456 5042; x_wconf 70' lang='lat' dir='ltr'><strong>in</strong></span> <span class='ocrx_word' id='word_1_720' title='bbox 3486 4979 3673 5042; x_wconf 76' lang='lat' dir='ltr'><strong>Petro</strong></span> 
     </span>
     <span class='ocr_line' id='line_1_106' title="bbox 2107 5071 3677 5157; baseline -0.004 -18"><span class='ocrx_word' id='word_1_721' title='bbox 2107 5075 2405 5157; x_wconf 55' lang='lat' dir='ltr'><strong>superior,</strong></span> <span class='ocrx_word' id='word_1_722' title='bbox 2435 5073 2505 5136; x_wconf 69' lang='lat' dir='ltr'><strong>in</strong></span> <span class='ocrx_word' id='word_1_723' title='bbox 2524 5073 2674 5137; x_wconf 73' lang='lat' dir='ltr'><strong>aliis</strong></span> <span class='ocrx_word' id='word_1_724' title='bbox 2708 5092 2843 5138; x_wconf 75' lang='lat' dir='ltr'><strong>vero</strong></span> <span class='ocrx_word' id='word_1_725' title='bbox 2870 5075 3162 5154; x_wconf 73' lang='lat' dir='ltr'><strong>infcriori</strong></span> <span class='ocrx_word' id='word_1_726' title='bbox 3188 5071 3677 5136; x_wconf 55' lang='lat' dir='ltr'><strong>modae-Error</strong></span> 
     </span>
     <span class='ocr_line' id='line_1_107' title="bbox 2106 5164 3676 5248; baseline -0.002 -17"><span class='ocrx_word' id='word_1_727' title='bbox 2106 5167 2428 5231; x_wconf 68' lang='lat' dir='ltr'><strong>dicentium</strong></span> <span class='ocrx_word' id='word_1_728' title='bbox 2449 5167 2705 5229; x_wconf 74' lang='lat' dir='ltr'><strong>Petrum</strong></span> <span class='ocrx_word' id='word_1_729' title='bbox 2722 5167 2796 5230; x_wconf 79' lang='lat' dir='ltr'><strong>ab</strong></span> <span class='ocrx_word' id='word_1_730' title='bbox 2816 5167 2968 5232; x_wconf 74' lang='lat' dir='ltr'><strong>aliis</strong></span> <span class='ocrx_word' id='word_1_731' title='bbox 2989 5167 3044 5231; x_wconf 79' lang='lat' dir='ltr'><strong>A</strong></span> <span class='ocrx_word' id='word_1_732' title='bbox 3044 5167 3300 5248; x_wconf 73' lang='lat' dir='ltr'><strong>postolis</strong></span> <span class='ocrx_word' id='word_1_733' title='bbox 3314 5166 3513 5244; x_wconf 68' lang='lat' dir='ltr'><strong>fuisse</strong></span> <span class='ocrx_word' id='word_1_734' title='bbox 3532 5164 3676 5228; x_wconf 76' lang='lat' dir='ltr'><strong>elec-</strong></span> 
     </span>
     <span class='ocr_line' id='line_1_108' title="bbox 2106 5256 3671 5338; baseline -0.003 -15"><span class='ocrx_word' id='word_1_735' title='bbox 2106 5265 2237 5323; x_wconf 77' lang='lat' dir='ltr'><strong>tum</strong></span> <span class='ocrx_word' id='word_1_736' title='bbox 2263 5261 2332 5322; x_wconf 79' lang='lat' dir='ltr'><strong>ia</strong></span> <span class='ocrx_word' id='word_1_737' title='bbox 2358 5263 2559 5338; x_wconf 76' lang='lat' dir='ltr'><strong>caput.</strong></span> <span class='ocrx_word' id='word_1_738' title='bbox 2590 5290 2673 5305; x_wconf 90' lang='lat'>—</span> <span class='ocrx_word' id='word_1_739' title='bbox 2689 5259 2971 5322; x_wconf 84' lang='lat' dir='ltr'><strong>Secunda</strong></span> <span class='ocrx_word' id='word_1_740' title='bbox 2991 5258 3341 5321; x_wconf 81' lang='lat' dir='ltr'><strong>differentia</strong></span> <span class='ocrx_word' id='word_1_741' title='bbox 3372 5256 3671 5332; x_wconf 88' lang='lat' dir='ltr'><strong>notanda,</strong></span> 
     </span>
     <span class='ocr_line' id='line_1_109' title="bbox 2106 5348 3673 5432; baseline -0.003 -18"><span class='ocrx_word' id='word_1_742' title='bbox 2106 5358 2222 5428; x_wconf 91' lang='lat' dir='ltr'><strong>est,</strong></span> <span class='ocrx_word' id='word_1_743' title='bbox 2260 5353 2410 5432; x_wconf 87' lang='lat' dir='ltr'><strong>quia</strong></span> <span class='ocrx_word' id='word_1_744' title='bbox 2438 5350 2571 5412; x_wconf 81' lang='lat' dir='ltr'><strong>haec</strong></span> <span class='ocrx_word' id='word_1_745' title='bbox 2611 5357 2883 5431; x_wconf 88' lang='lat' dir='ltr'><strong>potestas</strong></span> <span class='ocrx_word' id='word_1_746' title='bbox 2924 5353 3129 5432; x_wconf 88' lang='lat' dir='ltr'><strong>quoad</strong></span> <span class='ocrx_word' id='word_1_747' title='bbox 3180 5356 3393 5413; x_wconf 90' lang='lat' dir='ltr'><strong>actum</strong></span> <span class='ocrx_word' id='word_1_748' title='bbox 3428 5348 3673 5412; x_wconf 79' lang='lat' dir='ltr'><strong>ferendi</strong></span> 
     </span>
     <span class='ocr_line' id='line_1_110' title="bbox 2104 5442 3672 5527; baseline -0.003 -21"><span class='ocrx_word' id='word_1_749' title='bbox 2104 5443 2271 5524; x_wconf 86' lang='lat' dir='ltr'><strong>leges</strong></span> <span class='ocrx_word' id='word_1_750' title='bbox 2290 5444 2359 5505; x_wconf 92' lang='lat' dir='ltr'><strong>in</strong></span> <span class='ocrx_word' id='word_1_751' title='bbox 2392 5443 2572 5506; x_wconf 88' lang='lat' dir='ltr'><strong>Petro</strong></span> <span class='ocrx_word' id='word_1_752' title='bbox 2592 5451 2727 5507; x_wconf 89' lang='lat' dir='ltr'><strong>erat</strong></span> <span class='ocrx_word' id='word_1_753' title='bbox 2748 5445 3111 5527; x_wconf 84' lang='lat' dir='ltr'><strong>simpliciter</strong></span> <span class='ocrx_word' id='word_1_754' title='bbox 3142 5443 3449 5525; x_wconf 88' lang='lat' dir='ltr'><strong>superior,</strong></span> <span class='ocrx_word' id='word_1_755' title='bbox 3490 5447 3556 5504; x_wconf 90' lang='lat' dir='ltr'><strong>et</strong></span> <span class='ocrx_word' id='word_1_756' title='bbox 3576 5442 3672 5502; x_wconf 87' lang='lat' dir='ltr'><strong>in·</strong></span> 
     </span>
     <span class='ocr_line' id='line_1_111' title="bbox 2106 5534 3675 5621; baseline -0.004 -19"><span class='ocrx_word' id='word_1_757' title='bbox 2106 5536 2497 5621; x_wconf 79' lang='lat' dir='ltr'><strong>dependens3</strong></span> <span class='ocrx_word' id='word_1_758' title='bbox 2544 5536 2614 5599; x_wconf 89' lang='lat' dir='ltr'><strong>in</strong></span> <span class='ocrx_word' id='word_1_759' title='bbox 2661 5536 2802 5601; x_wconf 85' lang='lat' dir='ltr'><strong>aliis</strong></span> <span class='ocrx_word' id='word_1_760' title='bbox 2843 5555 2993 5603; x_wconf 89' lang='lat' dir='ltr'><strong>vero</strong></span> <span class='ocrx_word' id='word_1_761' title='bbox 3040 5535 3323 5600; x_wconf 85' lang='lat' dir='ltr'><strong>inferiori</strong></span> <span class='ocrx_word' id='word_1_762' title='bbox 3366 5534 3577 5611; x_wconf 87' lang='lat' dir='ltr'><strong>modo,</strong></span> <span class='ocrx_word' id='word_1_763' title='bbox 3608 5539 3675 5597; x_wconf 87' lang='lat' dir='ltr'><strong>et</strong></span> 
     </span>
    </p>
   </div>
  </div>
 </body>
</html>
