<?xml version="1.0" encoding="UTF-8"?>
<!DOCTYPE html PUBLIC "-//W3C//DTD XHTML 1.0 Transitional//EN"
    "http://www.w3.org/TR/xhtml1/DTD/xhtml1-transitional.dtd">
<html xmlns="http://www.w3.org/1999/xhtml" xml:lang="en" lang="en">
 <head>
  <title>
</title>
<meta http-equiv="Content-Type" content="text/html;charset=utf-8" />
  <meta name='ocr-system' content='tesseract 3.04.00' />
  <meta name='ocr-capabilities' content='ocr_page ocr_carea ocr_par ocr_line ocrx_word'/>
</head>
<body>
  <div class='ocr_page' id='page_1' title='image "./rpfranciscisuar02duvagoog_0031.png"; bbox 0 0 3976 6219; ppageno 0'>
   <div class='ocr_carea' id='block_1_1' title="bbox 922 383 2842 446">
    <p class='ocr_par' dir='ltr' id='par_1_1' title="bbox 922 383 2842 446">
     <span class='ocr_line' id='line_1_1' title="bbox 922 383 2842 446; baseline 0.001 -8"><span class='ocrx_word' id='word_1_1' title='bbox 922 386 1054 438; x_wconf 79' lang='lat' dir='ltr'>CAP.</span> <span class='ocrx_word' id='word_1_2' title='bbox 1090 387 1172 437; x_wconf 82' lang='lat' dir='ltr'>IV.</span> <span class='ocrx_word' id='word_1_3' title='bbox 1209 385 1313 446; x_wconf 75' lang='lat' dir='ltr'>QUI</span> <span class='ocrx_word' id='word_1_4' title='bbox 1346 383 1543 435; x_wconf 74' lang='lat' dir='ltr'>ACTUS</span> <span class='ocrx_word' id='word_1_5' title='bbox 1576 384 1715 436; x_wconf 81' lang='lat' dir='ltr'>SINT</span> <span class='ocrx_word' id='word_1_6' title='bbox 1745 384 2104 437; x_wconf 73' lang='lat' dir='ltr'>NEOESSARn</span> <span class='ocrx_word' id='word_1_7' title='bbox 2137 387 2219 437; x_wconf 76' lang='lat' dir='ltr'>An</span> <span class='ocrx_word' id='word_1_8' title='bbox 2252 386 2457 438; x_wconf 68' lang='lat' dir='ltr'><strong>LEGEM</strong></span> <span class='ocrx_word' id='word_1_9' title='bbox 2489 387 2842 439; x_wconf 72' lang='lat' dir='ltr'>FERENnAu.</span> 
     </span>
    </p>
   </div>
   <div class='ocr_carea' id='block_1_2' title="bbox 283 482 1849 1667">
    <p class='ocr_par' dir='ltr' id='par_1_2' title="bbox 283 482 1849 1667">
     <span class='ocr_line' id='line_1_2' title="bbox 368 482 1846 561; baseline 0 -18"><span class='ocrx_word' id='word_1_10' title='bbox 368 486 465 545; x_wconf 73' lang='lat'>21.</span> <span class='ocrx_word' id='word_1_11' title='bbox 526 488 759 550; x_wconf 83' lang='lat' dir='ltr'>Ultima</span> <span class='ocrx_word' id='word_1_12' title='bbox 793 487 1010 548; x_wconf 78' lang='lat' dir='ltr'>divisio</span> <span class='ocrx_word' id='word_1_13' title='bbox 1041 484 1193 561; x_wconf 72' lang='lat' dir='ltr'>leqis</span> <span class='ocrx_word' id='word_1_14' title='bbox 1220 483 1285 542; x_wconf 80' lang='lat' dir='ltr'>in</span> <span class='ocrx_word' id='word_1_15' title='bbox 1323 482 1553 543; x_wconf 80' lang='lat' dir='ltr'>civilem</span> <span class='ocrx_word' id='word_1_16' title='bbox 1590 487 1645 542; x_wconf 79' lang='lat' dir='ltr'>et</span> <span class='ocrx_word' id='word_1_17' title='bbox 1678 483 1846 543; x_wconf 79' lang='lat' dir='ltr'>eccle-</span> 
     </span>
     <span class='ocr_line' id='line_1_3' title="bbox 289 574 1848 652; baseline -0.001 -17"><span class='ocrx_word' id='word_1_18' title='bbox 289 576 625 639; x_wconf 75' lang='lat' dir='ltr'>siasticam.</span> <span class='ocrx_word' id='word_1_19' title='bbox 645 613 728 625; x_wconf 92' lang='lat'><strong>—</strong></span> <span class='ocrx_word' id='word_1_20' title='bbox 750 579 892 652; x_wconf 77' lang='lat' dir='ltr'>Quoe</span> <span class='ocrx_word' id='word_1_21' title='bbox 919 579 1002 638; x_wconf 75' lang='lat' dir='ltr'>sit</span> <span class='ocrx_word' id='word_1_22' title='bbox 1030 577 1125 635; x_wconf 73' lang='lat' dir='ltr'>lea:</span> <span class='ocrx_word' id='word_1_23' title='bbox 1163 575 1384 635; x_wconf 74' lang='lat' dir='ltr'>civilis.</span> <span class='ocrx_word' id='word_1_24' title='bbox 1414 606 1494 618; x_wconf 91' lang='lat'><strong>—</strong></span> <span class='ocrx_word' id='word_1_25' title='bbox 1522 574 1664 645; x_wconf 79' lang='lat' dir='ltr'>Quoe</span> <span class='ocrx_word' id='word_1_26' title='bbox 1706 575 1848 634; x_wconf 81' lang='lat' dir='ltr'>item</span> 
     </span>
     <span class='ocr_line' id='line_1_4' title="bbox 287 665 1846 742; baseline -0.001 -16"><span class='ocrx_word' id='word_1_27' title='bbox 287 668 801 733; x_wconf 72' lang='lat' dir='ltr'>ecclesiastica.—</span> <span class='ocrx_word' id='word_1_28' title='bbox 825 670 969 742; x_wconf 76' lang='lat' dir='ltr'>Quoe</span> <span class='ocrx_word' id='word_1_29' title='bbox 1000 668 1084 728; x_wconf 77' lang='lat' dir='ltr'>sit</span> <span class='ocrx_word' id='word_1_30' title='bbox 1114 667 1430 727; x_wconf 73' lang='lat' dir='ltr'><em>necessitas</em></span> <span class='ocrx_word' id='word_1_31' title='bbox 1458 665 1739 727; x_wconf 76' lang='lat' dir='ltr'>condendi</span> <span class='ocrx_word' id='word_1_32' title='bbox 1769 665 1846 724; x_wconf 72' lang='lat' dir='ltr'>lo-</span> 
     </span>
     <span class='ocr_line' id='line_1_5' title="bbox 288 757 1848 836; baseline -0.004 -15"><span class='ocrx_word' id='word_1_33' title='bbox 288 777 417 836; x_wconf 73' lang='lat' dir='ltr'>yem</span> <span class='ocrx_word' id='word_1_34' title='bbox 442 763 673 825; x_wconf 81' lang='lat' dir='ltr'>civilem</span> <span class='ocrx_word' id='word_1_35' title='bbox 699 770 751 824; x_wconf 80' lang='lat' dir='ltr'>et</span> <span class='ocrx_word' id='word_1_36' title='bbox 776 759 1516 824; x_wconf 78' lang='lat' dir='ltr'>canonicam.—Tandem</span> <span class='ocrx_word' id='word_1_37' title='bbox 1542 776 1689 818; x_wconf 90' lang='lat' dir='ltr'>vero</span> <span class='ocrx_word' id='word_1_38' title='bbox 1717 757 1848 816; x_wconf 85' lang='lat' dir='ltr'>haec</span> 
     </span>
     <span class='ocr_line' id='line_1_6' title="bbox 288 849 1846 929; baseline -0.002 -20"><span class='ocrx_word' id='word_1_39' title='bbox 288 853 549 929; x_wconf 89' lang='lat' dir='ltr'>positiva</span> <span class='ocrx_word' id='word_1_40' title='bbox 569 854 668 914; x_wconf 86' lang='lat' dir='ltr'>lex</span> <span class='ocrx_word' id='word_1_41' title='bbox 688 856 756 914; x_wconf 91' lang='lat' dir='ltr'>in</span> <span class='ocrx_word' id='word_1_42' title='bbox 780 854 1021 913; x_wconf 90' lang='lat' dir='ltr'>civilem</span> <span class='ocrx_word' id='word_1_43' title='bbox 1043 857 1103 911; x_wconf 94' lang='lat' dir='ltr'>et</span> <span class='ocrx_word' id='word_1_44' title='bbox 1139 850 1603 910; x_wconf 87' lang='lat' dir='ltr'>ecclesiasticam</span> <span class='ocrx_word' id='word_1_45' title='bbox 1630 849 1846 907; x_wconf 90' lang='lat' dir='ltr'>distin-</span> 
     </span>
     <span class='ocr_line' id='line_1_7' title="bbox 289 943 1849 1024; baseline -0.001 -22"><span class='ocrx_word' id='word_1_46' title='bbox 289 945 521 1019; x_wconf 81' lang='lat' dir='ltr'>guitur,</span> <span class='ocrx_word' id='word_1_47' title='bbox 550 966 737 1024; x_wconf 93' lang='lat' dir='ltr'>quam</span> <span class='ocrx_word' id='word_1_48' title='bbox 762 946 1119 1004; x_wconf 86' lang='lat' dir='ltr'>divisionem</span> <span class='ocrx_word' id='word_1_49' title='bbox 1140 943 1487 1022; x_wconf 83' lang='lat' dir='ltr'>philosophi</span> <span class='ocrx_word' id='word_1_50' title='bbox 1507 961 1632 1002; x_wconf 92' lang='lat' dir='ltr'>non</span> <span class='ocrx_word' id='word_1_51' title='bbox 1659 960 1849 1018; x_wconf 89' lang='lat' dir='ltr'>agno-</span> 
     </span>
     <span class='ocr_line' id='line_1_8' title="bbox 286 1035 1845 1117; baseline -0.001 -23"><span class='ocrx_word' id='word_1_52' title='bbox 286 1043 530 1111; x_wconf 87' lang='lat' dir='ltr'>verunt,</span> <span class='ocrx_word' id='word_1_53' title='bbox 562 1047 708 1116; x_wconf 79' lang='lat' dir='ltr'>quia</span> <span class='ocrx_word' id='word_1_54' title='bbox 735 1036 1264 1117; x_wconf 89' lang='lat' dir='ltr'>supernaturalem</span> <span class='ocrx_word' id='word_1_55' title='bbox 1293 1035 1508 1108; x_wconf 89' lang='lat' dir='ltr'>finem,</span> <span class='ocrx_word' id='word_1_56' title='bbox 1539 1039 1600 1094; x_wconf 89' lang='lat' dir='ltr'>et</span> <span class='ocrx_word' id='word_1_57' title='bbox 1619 1035 1845 1111; x_wconf 90' lang='lat' dir='ltr'>specia-</span> 
     </span>
     <span class='ocr_line' id='line_1_9' title="bbox 285 1125 1848 1207; baseline -0.001 -22"><span class='ocrx_word' id='word_1_58' title='bbox 285 1125 408 1186; x_wconf 86' lang='lat' dir='ltr'>lem</span> <span class='ocrx_word' id='word_1_59' title='bbox 434 1136 795 1206; x_wconf 88' lang='lat' dir='ltr'>potestatem</span> <span class='ocrx_word' id='word_1_60' title='bbox 828 1131 1194 1207; x_wconf 84' lang='lat' dir='ltr'>ignorarunt</span> <span class='ocrx_word' id='word_1_61' title='bbox 1225 1143 1240 1185; x_wconf 90' lang='lat'><strong>:</strong></span> <span class='ocrx_word' id='word_1_62' title='bbox 1274 1134 1335 1187; x_wconf 91' lang='lat' dir='ltr'>et</span> <span class='ocrx_word' id='word_1_63' title='bbox 1364 1128 1504 1186; x_wconf 89' lang='lat' dir='ltr'>ideo</span> <span class='ocrx_word' id='word_1_64' title='bbox 1527 1125 1688 1204; x_wconf 90' lang='lat' dir='ltr'>apud</span> <span class='ocrx_word' id='word_1_65' title='bbox 1712 1125 1848 1184; x_wconf 88' lang='lat' dir='ltr'>illos</span> 
     </span>
     <span class='ocr_line' id='line_1_10' title="bbox 286 1218 1847 1297; baseline -0.001 -20"><span class='ocrx_word' id='word_1_66' title='bbox 286 1218 449 1278; x_wconf 92' lang='lat' dir='ltr'>idem</span> <span class='ocrx_word' id='word_1_67' title='bbox 481 1228 569 1280; x_wconf 90' lang='lat' dir='ltr'>est</span> <span class='ocrx_word' id='word_1_68' title='bbox 601 1222 702 1281; x_wconf 86' lang='lat' dir='ltr'>lex</span> <span class='ocrx_word' id='word_1_69' title='bbox 736 1221 1012 1280; x_wconf 89' lang='lat' dir='ltr'>humana</span> <span class='ocrx_word' id='word_1_70' title='bbox 1040 1237 1176 1297; x_wconf 83' lang='lat' dir='ltr'>quae</span> <span class='ocrx_word' id='word_1_71' title='bbox 1207 1219 1427 1292; x_wconf 79' lang='lat' dir='ltr'>civiliS,</span> <span class='ocrx_word' id='word_1_72' title='bbox 1463 1235 1650 1295; x_wconf 91' lang='lat' dir='ltr'>quam</span> <span class='ocrx_word' id='word_1_73' title='bbox 1690 1224 1847 1276; x_wconf 90' lang='lat' dir='ltr'>tem-</span> 
     </span>
     <span class='ocr_line' id='line_1_11' title="bbox 285 1311 1846 1390; baseline -0.001 -20"><span class='ocrx_word' id='word_1_74' title='bbox 285 1313 556 1389; x_wconf 90' lang='lat' dir='ltr'>poralem</span> <span class='ocrx_word' id='word_1_75' title='bbox 586 1315 740 1373; x_wconf 89' lang='lat' dir='ltr'>solet</span> <span class='ocrx_word' id='word_1_76' title='bbox 773 1313 1154 1390; x_wconf 79' lang='lat' dir='ltr'>Augustinus</span> <span class='ocrx_word' id='word_1_77' title='bbox 1179 1311 1508 1390; x_wconf 88' lang='lat' dir='ltr'>appellare.</span> <span class='ocrx_word' id='word_1_78' title='bbox 1544 1313 1647 1370; x_wconf 88' lang='lat' dir='ltr'>Est</span> <span class='ocrx_word' id='word_1_79' title='bbox 1678 1313 1846 1369; x_wconf 89' lang='lat' dir='ltr'>enim</span> 
     </span>
     <span class='ocr_line' id='line_1_12' title="bbox 283 1403 1841 1482; baseline -0.001 -21"><span class='ocrx_word' id='word_1_80' title='bbox 283 1403 389 1462; x_wconf 82' lang='lat' dir='ltr'>illa</span> <span class='ocrx_word' id='word_1_81' title='bbox 411 1423 548 1482; x_wconf 80' lang='lat' dir='ltr'>quoe</span> <span class='ocrx_word' id='word_1_82' title='bbox 568 1407 647 1464; x_wconf 84' lang='lat' dir='ltr'>ad</span> <span class='ocrx_word' id='word_1_83' title='bbox 674 1407 938 1465; x_wconf 86' lang='lat' dir='ltr'>civitatis</span> <span class='ocrx_word' id='word_1_84' title='bbox 969 1405 1284 1482; x_wconf 81' lang='lat' dir='ltr'>politicam</span> <span class='ocrx_word' id='word_1_85' title='bbox 1305 1403 1841 1480; x_wconf 82' lang='lat' dir='ltr'>gubernationem,</span> 
     </span>
     <span class='ocr_line' id='line_1_13' title="bbox 291 1496 1846 1576; baseline -0.001 -23"><span class='ocrx_word' id='word_1_86' title='bbox 291 1500 353 1553; x_wconf 93' lang='lat' dir='ltr'>et</span> <span class='ocrx_word' id='word_1_87' title='bbox 382 1497 460 1554; x_wconf 86' lang='lat' dir='ltr'>ad</span> <span class='ocrx_word' id='word_1_88' title='bbox 492 1498 851 1576; x_wconf 89' lang='lat' dir='ltr'>temporalia</span> <span class='ocrx_word' id='word_1_89' title='bbox 874 1498 1016 1574; x_wconf 90' lang='lat' dir='ltr'>jura</span> <span class='ocrx_word' id='word_1_90' title='bbox 1047 1497 1297 1570; x_wconf 90' lang='lat' dir='ltr'>tuenda,</span> <span class='ocrx_word' id='word_1_91' title='bbox 1343 1501 1404 1555; x_wconf 89' lang='lat' dir='ltr'>et</span> <span class='ocrx_word' id='word_1_92' title='bbox 1451 1496 1518 1554; x_wconf 92' lang='lat' dir='ltr'>in</span> <span class='ocrx_word' id='word_1_93' title='bbox 1573 1513 1741 1572; x_wconf 91' lang='lat' dir='ltr'>pace,</span> <span class='ocrx_word' id='word_1_94' title='bbox 1775 1510 1846 1551; x_wconf 89' lang='lat' dir='ltr'>ac</span> 
     </span>
     <span class='ocr_line' id='line_1_14' title="bbox 289 1586 1846 1667; baseline 0 -24"><span class='ocrx_word' id='word_1_95' title='bbox 289 1586 529 1663; x_wconf 87' lang='lat' dir='ltr'>justitia</span> <span class='ocrx_word' id='word_1_96' title='bbox 585 1589 1029 1667; x_wconf 82' lang='lat' dir='ltr'>rempublicam</span> <span class='ocrx_word' id='word_1_97' title='bbox 1080 1589 1557 1647; x_wconf 89' lang='lat' dir='ltr'>conservandam</span> <span class='ocrx_word' id='word_1_98' title='bbox 1605 1587 1846 1644; x_wconf 89' lang='lat' dir='ltr'>ordina-</span> 
     </span>
    </p>
   </div>
   <div class='ocr_carea' id='block_1_3' title="bbox 183 1677 1846 1757">
    <p class='ocr_par' dir='ltr' id='par_1_3' title="bbox 183 1677 1846 1757">
     <span class='ocr_line' id='line_1_15' title="bbox 183 1677 1846 1757; baseline -0.001 -21"><span class='ocrx_word' id='word_1_99' title='bbox 183 1740 189 1744; x_wconf 57' lang='lat'>,</span> <span class='ocrx_word' id='word_1_100' title='bbox 294 1686 394 1737; x_wconf 89' lang='lat' dir='ltr'>tur</span> <span class='ocrx_word' id='word_1_101' title='bbox 427 1695 442 1736; x_wconf 90' lang='lat'><strong>:</strong></span> <span class='ocrx_word' id='word_1_102' title='bbox 476 1680 640 1739; x_wconf 89' lang='lat' dir='ltr'>unde</span> <span class='ocrx_word' id='word_1_103' title='bbox 668 1681 835 1757; x_wconf 89' lang='lat' dir='ltr'>leges</span> <span class='ocrx_word' id='word_1_104' title='bbox 871 1681 1077 1740; x_wconf 88' lang='lat' dir='ltr'>civiles</span> <span class='ocrx_word' id='word_1_105' title='bbox 1113 1682 1273 1739; x_wconf 84' lang='lat' dir='ltr'>circa</span> <span class='ocrx_word' id='word_1_106' title='bbox 1310 1680 1441 1739; x_wconf 84' lang='lat' dir='ltr'>haec</span> <span class='ocrx_word' id='word_1_107' title='bbox 1481 1677 1846 1756; x_wconf 87' lang='lat' dir='ltr'>temporalia</span> 
     </span>
    </p>
   </div>
   <div class='ocr_carea' id='block_1_4' title="bbox 285 1767 1879 5541">
    <p class='ocr_par' dir='ltr' id='par_1_4' title="bbox 285 1767 1879 4892">
     <span class='ocr_line' id='line_1_16' title="bbox 289 1767 1847 1848; baseline -0.001 -22"><span class='ocrx_word' id='word_1_108' title='bbox 289 1767 477 1842; x_wconf 89' lang='lat' dir='ltr'>bona,</span> <span class='ocrx_word' id='word_1_109' title='bbox 529 1789 635 1829; x_wconf 86' lang='lat' dir='ltr'>seu</span> <span class='ocrx_word' id='word_1_110' title='bbox 689 1772 1025 1848; x_wconf 89' lang='lat' dir='ltr'>corporalia</span> <span class='ocrx_word' id='word_1_111' title='bbox 1073 1777 1416 1830; x_wconf 86' lang='lat' dir='ltr'>versantur.</span> <span class='ocrx_word' id='word_1_112' title='bbox 1465 1772 1689 1828; x_wconf 75' lang='lat' dir='ltr'>Praeter</span> <span class='ocrx_word' id='word_1_113' title='bbox 1733 1769 1847 1826; x_wconf 88' lang='lat' dir='ltr'>has</span> 
     </span>
     <span class='ocr_line' id='line_1_17' title="bbox 294 1859 1848 1938; baseline -0.001 -19"><span class='ocrx_word' id='word_1_114' title='bbox 294 1867 504 1920; x_wconf 89' lang='lat' dir='ltr'>autem</span> <span class='ocrx_word' id='word_1_115' title='bbox 535 1862 865 1921; x_wconf 87' lang='lat' dir='ltr'>christiana</span> <span class='ocrx_word' id='word_1_116' title='bbox 899 1863 1117 1936; x_wconf 84' lang='lat' dir='ltr'>religio</span> <span class='ocrx_word' id='word_1_117' title='bbox 1141 1862 1521 1938; x_wconf 74' lang='lat' dir='ltr'>recognoscit</span> <span class='ocrx_word' id='word_1_118' title='bbox 1556 1859 1720 1937; x_wconf 85' lang='lat' dir='ltr'>leges</span> <span class='ocrx_word' id='word_1_119' title='bbox 1753 1877 1848 1918; x_wconf 89' lang='lat' dir='ltr'>ec-</span> 
     </span>
     <span class='ocr_line' id='line_1_18' title="bbox 298 1950 1879 2029; baseline -0.002 -19"><span class='ocrx_word' id='word_1_120' title='bbox 298 1952 682 2027; x_wconf 76' lang='lat' dir='ltr'>clesiasticaS,</span> <span class='ocrx_word' id='word_1_121' title='bbox 715 1972 819 2012; x_wconf 88' lang='lat' dir='ltr'>seu</span> <span class='ocrx_word' id='word_1_122' title='bbox 851 1954 1197 2025; x_wconf 79' lang='lat' dir='ltr'>canonicaS‚</span> <span class='ocrx_word' id='word_1_123' title='bbox 1229 1970 1366 2029; x_wconf 85' lang='lat' dir='ltr'>quae</span> <span class='ocrx_word' id='word_1_124' title='bbox 1406 1955 1473 2009; x_wconf 90' lang='lat' dir='ltr'>in</span> <span class='ocrx_word' id='word_1_125' title='bbox 1528 1952 1712 2009; x_wconf 87' lang='lat' dir='ltr'>sacris</span> <span class='ocrx_word' id='word_1_126' title='bbox 1756 1950 1879 2008; x_wconf 84' lang='lat' dir='ltr'>ca-&#39;</span> 
     </span>
     <span class='ocr_line' id='line_1_19' title="bbox 288 2042 1848 2121; baseline -0.003 -20"><span class='ocrx_word' id='word_1_127' title='bbox 288 2044 555 2102; x_wconf 89' lang='lat' dir='ltr'>nonibus</span> <span class='ocrx_word' id='word_1_128' title='bbox 611 2051 674 2103; x_wconf 92' lang='lat' dir='ltr'>et</span> <span class='ocrx_word' id='word_1_129' title='bbox 710 2044 970 2102; x_wconf 85' lang='lat' dir='ltr'>decretis</span> <span class='ocrx_word' id='word_1_130' title='bbox 1020 2042 1380 2121; x_wconf 87' lang='lat' dir='ltr'>pontificum</span> <span class='ocrx_word' id='word_1_131' title='bbox 1433 2042 1848 2112; x_wconf 89' lang='lat' dir='ltr'>continentur,</span> 
     </span>
     <span class='ocr_line' id='line_1_20' title="bbox 285 2136 1854 2214; baseline -0.001 -21"><span class='ocrx_word' id='word_1_132' title='bbox 285 2155 436 2213; x_wconf 86' lang='lat' dir='ltr'>quas</span> <span class='ocrx_word' id='word_1_133' title='bbox 459 2137 651 2214; x_wconf 80' lang='lat' dir='ltr'>aliqui</span> <span class='ocrx_word' id='word_1_134' title='bbox 680 2156 806 2195; x_wconf 92' lang='lat' dir='ltr'>non</span> <span class='ocrx_word' id='word_1_135' title='bbox 841 2137 1169 2211; x_wconf 81' lang='lat' dir='ltr'>humanaS,</span> <span class='ocrx_word' id='word_1_136' title='bbox 1201 2136 1307 2195; x_wconf 89' lang='lat' dir='ltr'>sed</span> <span class='ocrx_word' id='word_1_137' title='bbox 1341 2136 1582 2194; x_wconf 87' lang='lat' dir='ltr'>divinas</span> <span class='ocrx_word' id='word_1_138' title='bbox 1609 2138 1854 2205; x_wconf 90' lang='lat' dir='ltr'>vocant,</span> 
     </span>
     <span class='ocr_line' id='line_1_21' title="bbox 286 2225 1859 2305; baseline -0.003 -18"><span class='ocrx_word' id='word_1_139' title='bbox 286 2246 357 2287; x_wconf 90' lang='lat' dir='ltr'>eo</span> <span class='ocrx_word' id='word_1_140' title='bbox 380 2228 544 2305; x_wconf 85' lang='lat' dir='ltr'>quod</span> <span class='ocrx_word' id='word_1_141' title='bbox 574 2229 652 2287; x_wconf 93' lang='lat' dir='ltr'>ab</span> <span class='ocrx_word' id='word_1_142' title='bbox 681 2228 932 2305; x_wconf 88' lang='lat' dir='ltr'>speciali</span> <span class='ocrx_word' id='word_1_143' title='bbox 962 2232 1259 2305; x_wconf 82' lang='lat' dir='ltr'>potestate</span> <span class='ocrx_word' id='word_1_144' title='bbox 1293 2246 1330 2285; x_wconf 90' lang='lat' dir='ltr'>a</span> <span class='ocrx_word' id='word_1_145' title='bbox 1359 2228 1491 2285; x_wconf 72' lang='lat' dir='ltr'>Deo=</span> <span class='ocrx_word' id='word_1_146' title='bbox 1516 2225 1859 2303; x_wconf 80' lang='lat' dir='ltr'>specialiter</span> 
     </span>
     <span class='ocr_line' id='line_1_22' title="bbox 286 2316 1850 2396; baseline -0.003 -18"><span class='ocrx_word' id='word_1_147' title='bbox 286 2319 410 2378; x_wconf 90' lang='lat' dir='ltr'>lata</span> <span class='ocrx_word' id='word_1_148' title='bbox 434 2320 813 2392; x_wconf 80' lang='lat' dir='ltr'>deriventur,</span> <span class='ocrx_word' id='word_1_149' title='bbox 868 2324 929 2378; x_wconf 90' lang='lat' dir='ltr'>et</span> <span class='ocrx_word' id='word_1_150' title='bbox 958 2320 1037 2378; x_wconf 88' lang='lat' dir='ltr'>ad</span> <span class='ocrx_word' id='word_1_151' title='bbox 1068 2317 1601 2396; x_wconf 81' lang='lat' dir='ltr'>supernaturalem</span> <span class='ocrx_word' id='word_1_152' title='bbox 1635 2316 1850 2389; x_wconf 83' lang='lat' dir='ltr'>finem,</span> 
     </span>
     <span class='ocr_line' id='line_1_23' title="bbox 290 2412 1854 2485; baseline -0.003 -14"><span class='ocrx_word' id='word_1_153' title='bbox 290 2419 352 2471; x_wconf 87' lang='lat' dir='ltr'>et</span> <span class='ocrx_word' id='word_1_154' title='bbox 383 2412 664 2471; x_wconf 88' lang='lat' dir='ltr'>divinum</span> <span class='ocrx_word' id='word_1_155' title='bbox 690 2413 948 2481; x_wconf 89' lang='lat' dir='ltr'>cultum,</span> <span class='ocrx_word' id='word_1_156' title='bbox 981 2430 1050 2470; x_wconf 89' lang='lat' dir='ltr'>ac</span> <span class='ocrx_word' id='word_1_157' title='bbox 1078 2412 1339 2470; x_wconf 88' lang='lat' dir='ltr'>salutem</span> <span class='ocrx_word' id='word_1_158' title='bbox 1372 2412 1722 2469; x_wconf 89' lang='lat' dir='ltr'>animarum</span> <span class='ocrx_word' id='word_1_159' title='bbox 1748 2425 1854 2485; x_wconf 93' lang='lat' dir='ltr'>po—</span> 
     </span>
     <span class='ocr_line' id='line_1_24' title="bbox 294 2500 1853 2563; baseline -0.003 -1"><span class='ocrx_word' id='word_1_160' title='bbox 294 2504 529 2563; x_wconf 86' lang='lat' dir='ltr'>tissime</span> <span class='ocrx_word' id='word_1_161' title='bbox 576 2504 944 2563; x_wconf 85' lang='lat' dir='ltr'>referantur.</span> <span class='ocrx_word' id='word_1_162' title='bbox 984 2504 1070 2563; x_wconf 88' lang='lat' dir='ltr'>Re</span> <span class='ocrx_word' id='word_1_163' title='bbox 1103 2509 1314 2562; x_wconf 89' lang='lat' dir='ltr'>tamen</span> <span class='ocrx_word' id='word_1_164' title='bbox 1363 2520 1511 2561; x_wconf 87' lang='lat' dir='ltr'>vera</span> <span class='ocrx_word' id='word_1_165' title='bbox 1563 2500 1853 2559; x_wconf 85' lang='lat' dir='ltr'>humanae</span> 
     </span>
     <span class='ocr_line' id='line_1_25' title="bbox 297 2593 1854 2670; baseline -0.003 -15"><span class='ocrx_word' id='word_1_166' title='bbox 297 2601 464 2669; x_wconf 89' lang='lat' dir='ltr'>sunt,</span> <span class='ocrx_word' id='word_1_167' title='bbox 495 2602 565 2655; x_wconf 89' lang='lat' dir='ltr'>ut</span> <span class='ocrx_word' id='word_1_168' title='bbox 586 2597 742 2656; x_wconf 92' lang='lat' dir='ltr'>bene</span> <span class='ocrx_word' id='word_1_169' title='bbox 772 2596 983 2655; x_wconf 90' lang='lat' dir='ltr'>docuit</span> <span class='ocrx_word' id='word_1_170' title='bbox 1009 2596 1274 2655; x_wconf 89' lang='lat' dir='ltr'>Joannes</span> <span class='ocrx_word' id='word_1_171' title='bbox 1314 2593 1628 2665; x_wconf 80' lang='lat' dir='ltr'>AndraeaS,</span> <span class='ocrx_word' id='word_1_172' title='bbox 1667 2609 1854 2670; x_wconf 94' lang='lat' dir='ltr'>quem</span> 
     </span>
     <span class='ocr_line' id='line_1_26' title="bbox 298 2684 1854 2765; baseline -0.003 -18"><span class='ocrx_word' id='word_1_173' title='bbox 298 2688 483 2747; x_wconf 88' lang='lat' dir='ltr'>refert</span> <span class='ocrx_word' id='word_1_174' title='bbox 522 2695 583 2747; x_wconf 89' lang='lat' dir='ltr'>et</span> <span class='ocrx_word' id='word_1_175' title='bbox 625 2688 903 2765; x_wconf 88' lang='lat' dir='ltr'>sequitur</span> <span class='ocrx_word' id='word_1_176' title='bbox 958 2690 1177 2747; x_wconf 89' lang='lat' dir='ltr'>Panor.</span> <span class='ocrx_word' id='word_1_177' title='bbox 1220 2686 1285 2744; x_wconf 91' lang='lat' dir='ltr'>in</span> <span class='ocrx_word' id='word_1_178' title='bbox 1336 2704 1472 2763; x_wconf 87' lang='lat' dir='ltr'>cap.</span> <span class='ocrx_word' id='word_1_179' title='bbox 1516 2688 1545 2743; x_wconf 80' lang='lat'><strong>1</strong></span> <span class='ocrx_word' id='word_1_180' title='bbox 1592 2684 1666 2743; x_wconf 91' lang='lat' dir='ltr'>de</span> <span class='ocrx_word' id='word_1_181' title='bbox 1702 2685 1854 2743; x_wconf 81' lang='lat' dir='ltr'>Jura</span> 
     </span>
     <span class='ocr_line' id='line_1_27' title="bbox 298 2778 1848 2855; baseline -0.002 -18"><span class='ocrx_word' id='word_1_182' title='bbox 298 2779 593 2853; x_wconf 67' lang='lat' dir='ltr'>caiuma„</span> <span class='ocrx_word' id='word_1_183' title='bbox 640 2797 816 2838; x_wconf 92' lang='lat' dir='ltr'>num.</span> <span class='ocrx_word' id='word_1_184' title='bbox 847 2783 906 2854; x_wconf 86' lang='lat'>7,</span> <span class='ocrx_word' id='word_1_185' title='bbox 944 2786 1003 2839; x_wconf 87' lang='lat' dir='ltr'>et</span> <span class='ocrx_word' id='word_1_186' title='bbox 1049 2778 1317 2838; x_wconf 84' lang='lat' dir='ltr'>sumitur</span> <span class='ocrx_word' id='word_1_187' title='bbox 1344 2782 1551 2855; x_wconf 88' lang='lat' dir='ltr'>aperte</span> <span class='ocrx_word' id='word_1_188' title='bbox 1596 2794 1674 2834; x_wconf 85' lang='lat' dir='ltr'>ex</span> <span class='ocrx_word' id='word_1_189' title='bbox 1714 2794 1848 2853; x_wconf 93' lang='lat' dir='ltr'>cap.</span> 
     </span>
     <span class='ocr_line' id='line_1_28' title="bbox 298 2869 1855 2948; baseline -0.006 -13"><span class='ocrx_word' id='word_1_190' title='bbox 298 2873 373 2935; x_wconf 91' lang='lat' dir='ltr'><em>N</em></span> <span class='ocrx_word' id='word_1_191' title='bbox 371 2890 444 2931; x_wconf 78' lang='lat' dir='ltr'>on</span> <span class='ocrx_word' id='word_1_192' title='bbox 473 2874 672 2946; x_wconf 55' lang='lat' dir='ltr'>debet,</span> <span class='ocrx_word' id='word_1_193' title='bbox 703 2872 779 2932; x_wconf 91' lang='lat' dir='ltr'>de</span> <span class='ocrx_word' id='word_1_194' title='bbox 822 2872 1236 2948; x_wconf 89' lang='lat' dir='ltr'>Consanguin.</span> <span class='ocrx_word' id='word_1_195' title='bbox 1287 2875 1348 2930; x_wconf 88' lang='lat' dir='ltr'>et</span> <span class='ocrx_word' id='word_1_196' title='bbox 1380 2869 1549 2929; x_wconf 87' lang='lat' dir='ltr'>affin.</span> <span class='ocrx_word' id='word_1_197' title='bbox 1559 2884 1578 2945; x_wconf 84' lang='lat'>3</span> <span class='ocrx_word' id='word_1_198' title='bbox 1609 2874 1670 2927; x_wconf 89' lang='lat' dir='ltr'>et</span> <span class='ocrx_word' id='word_1_199' title='bbox 1698 2869 1855 2927; x_wconf 89' lang='lat' dir='ltr'>ratio</span> 
     </span>
     <span class='ocr_line' id='line_1_29' title="bbox 296 2962 1856 3044; baseline -0.003 -20"><span class='ocrx_word' id='word_1_200' title='bbox 296 2972 408 3041; x_wconf 89' lang='lat' dir='ltr'>est,</span> <span class='ocrx_word' id='word_1_201' title='bbox 436 2968 582 3044; x_wconf 86' lang='lat' dir='ltr'>quia</span> <span class='ocrx_word' id='word_1_202' title='bbox 609 2985 719 3044; x_wconf 89' lang='lat' dir='ltr'>per</span> <span class='ocrx_word' id='word_1_203' title='bbox 761 2966 1146 3026; x_wconf 82' lang='lat' dir='ltr'>voluntatem</span> <span class='ocrx_word' id='word_1_204' title='bbox 1188 2964 1529 3022; x_wconf 84' lang='lat' dir='ltr'>humanam</span> <span class='ocrx_word' id='word_1_205' title='bbox 1577 2962 1856 3040; x_wconf 82' lang='lat' dir='ltr'>proxime</span> 
     </span>
     <span class='ocr_line' id='line_1_30' title="bbox 296 3055 1859 3134; baseline -0.003 -14"><span class='ocrx_word' id='word_1_206' title='bbox 296 3060 774 3134; x_wconf 86' lang='lat' dir='ltr'>constituuntur,</span> <span class='ocrx_word' id='word_1_207' title='bbox 795 3060 940 3119; x_wconf 90' lang='lat' dir='ltr'>licet</span> <span class='ocrx_word' id='word_1_208' title='bbox 968 3078 1005 3120; x_wconf 90' lang='lat' dir='ltr'>a</span> <span class='ocrx_word' id='word_1_209' title='bbox 1032 3058 1315 3118; x_wconf 88' lang='lat' dir='ltr'>civilibus</span> <span class='ocrx_word' id='word_1_210' title='bbox 1346 3055 1633 3118; x_wconf 86' lang='lat' dir='ltr'>differant</span> <span class='ocrx_word' id='word_1_211' title='bbox 1660 3057 1726 3116; x_wconf 92' lang='lat' dir='ltr'>in</span> <span class='ocrx_word' id='word_1_212' title='bbox 1751 3073 1859 3134; x_wconf 93' lang='lat' dir='ltr'>po-</span> 
     </span>
     <span class='ocr_line' id='line_1_31' title="bbox 296 3150 1862 3231; baseline -0.003 -19"><span class='ocrx_word' id='word_1_213' title='bbox 296 3159 516 3213; x_wconf 85' lang='lat' dir='ltr'>testate</span> <span class='ocrx_word' id='word_1_214' title='bbox 559 3172 597 3212; x_wconf 90' lang='lat' dir='ltr'>a</span> <span class='ocrx_word' id='word_1_215' title='bbox 628 3171 751 3231; x_wconf 89' lang='lat' dir='ltr'>qua</span> <span class='ocrx_word' id='word_1_216' title='bbox 797 3153 1076 3231; x_wconf 85' lang='lat' dir='ltr'>proxime</span> <span class='ocrx_word' id='word_1_217' title='bbox 1106 3156 1384 3225; x_wconf 88' lang='lat' dir='ltr'>manant,</span> <span class='ocrx_word' id='word_1_218' title='bbox 1430 3156 1492 3211; x_wconf 92' lang='lat' dir='ltr'>et</span> <span class='ocrx_word' id='word_1_219' title='bbox 1524 3152 1590 3210; x_wconf 92' lang='lat' dir='ltr'>in</span> <span class='ocrx_word' id='word_1_220' title='bbox 1618 3150 1763 3223; x_wconf 85' lang='lat' dir='ltr'>fine,</span> <span class='ocrx_word' id='word_1_221' title='bbox 1800 3154 1862 3209; x_wconf 88' lang='lat' dir='ltr'>et</span> 
     </span>
     <span class='ocr_line' id='line_1_32' title="bbox 300 3243 1858 3324; baseline 0 -22"><span class='ocrx_word' id='word_1_222' title='bbox 300 3245 581 3318; x_wconf 87' lang='lat' dir='ltr'>materia,</span> <span class='ocrx_word' id='word_1_223' title='bbox 619 3251 690 3303; x_wconf 91' lang='lat' dir='ltr'>ut</span> <span class='ocrx_word' id='word_1_224' title='bbox 716 3251 926 3324; x_wconf 90' lang='lat' dir='ltr'>postea</span> <span class='ocrx_word' id='word_1_225' title='bbox 975 3243 1320 3303; x_wconf 86' lang='lat' dir='ltr'>videbimus</span> <span class='ocrx_word' id='word_1_226' title='bbox 1372 3263 1387 3302; x_wconf 72' lang='grc' dir='ltr'><strong><em>ε</em></strong></span> <span class='ocrx_word' id='word_1_227' title='bbox 1439 3243 1597 3303; x_wconf 87' lang='lat' dir='ltr'>ratio</span> <span class='ocrx_word' id='word_1_228' title='bbox 1626 3248 1858 3316; x_wconf 84' lang='lat' dir='ltr'>autem,</span> 
     </span>
     <span class='ocr_line' id='line_1_33' title="bbox 300 3335 1859 3413; baseline -0.001 -17"><span class='ocrx_word' id='word_1_229' title='bbox 300 3355 405 3396; x_wconf 87' lang='lat' dir='ltr'>seu</span> <span class='ocrx_word' id='word_1_230' title='bbox 429 3338 761 3396; x_wconf 88' lang='lat' dir='ltr'>necessitas</span> <span class='ocrx_word' id='word_1_231' title='bbox 793 3337 1016 3395; x_wconf 90' lang='lat' dir='ltr'>talium</span> <span class='ocrx_word' id='word_1_232' title='bbox 1052 3337 1262 3413; x_wconf 87' lang='lat' dir='ltr'>legum</span> <span class='ocrx_word' id='word_1_233' title='bbox 1303 3335 1519 3396; x_wconf 89' lang='lat' dir='ltr'>eadem</span> <span class='ocrx_word' id='word_1_234' title='bbox 1547 3353 1689 3395; x_wconf 90' lang='lat' dir='ltr'>cum</span> <span class='ocrx_word' id='word_1_235' title='bbox 1719 3353 1859 3413; x_wconf 89' lang='lat' dir='ltr'>pro-</span> 
     </span>
     <span class='ocr_line' id='line_1_34' title="bbox 299 3427 1856 3506; baseline -0.001 -18"><span class='ocrx_word' id='word_1_236' title='bbox 299 3429 581 3506; x_wconf 87' lang='lat' dir='ltr'>portione</span> <span class='ocrx_word' id='word_1_237' title='bbox 614 3429 753 3488; x_wconf 83' lang='lat' dir='ltr'>fuit.</span> <span class='ocrx_word' id='word_1_238' title='bbox 782 3429 937 3501; x_wconf 88' lang='lat' dir='ltr'>Quia</span> <span class='ocrx_word' id='word_1_239' title='bbox 959 3429 1119 3487; x_wconf 89' lang='lat' dir='ltr'>Deus</span> <span class='ocrx_word' id='word_1_240' title='bbox 1154 3429 1245 3503; x_wconf 89' lang='lat' dir='ltr'>(ut</span> <span class='ocrx_word' id='word_1_241' title='bbox 1267 3427 1691 3506; x_wconf 91' lang='lat' dir='ltr'>supponimus)</span> <span class='ocrx_word' id='word_1_242' title='bbox 1719 3445 1856 3505; x_wconf 86' lang='lat' dir='ltr'>spe-</span> 
     </span>
     <span class='ocr_line' id='line_1_35' title="bbox 300 3519 1859 3599; baseline -0.001 -19"><span class='ocrx_word' id='word_1_243' title='bbox 300 3521 518 3581; x_wconf 87' lang='lat' dir='ltr'>cialem</span> <span class='ocrx_word' id='word_1_244' title='bbox 556 3522 1099 3599; x_wconf 81' lang='lat' dir='ltr'>congregationem</span> <span class='ocrx_word' id='word_1_245' title='bbox 1148 3519 1446 3595; x_wconf 87' lang='lat' dir='ltr'>fidelium,</span> <span class='ocrx_word' id='word_1_246' title='bbox 1499 3538 1637 3599; x_wconf 79' lang='lat' dir='ltr'>quae</span> <span class='ocrx_word' id='word_1_247' title='bbox 1701 3525 1859 3581; x_wconf 90' lang='lat' dir='ltr'>esset</span> 
     </span>
     <span class='ocr_line' id='line_1_36' title="bbox 298 3601 1855 3693; baseline -0.001 -21"><span class='ocrx_word' id='word_1_248' title='bbox 298 3601 492 3673; x_wconf 72' lang='lat' dir='ltr'>unu’m</span> <span class='ocrx_word' id='word_1_249' title='bbox 514 3633 733 3693; x_wconf 89' lang='lat' dir='ltr'>corpus</span> <span class='ocrx_word' id='word_1_250' title='bbox 749 3660 768 3689; x_wconf 94' lang='lat'>,</span> <span class='ocrx_word' id='word_1_251' title='bbox 799 3614 962 3691; x_wconf 92' lang='lat' dir='ltr'>quod</span> <span class='ocrx_word' id='word_1_252' title='bbox 991 3613 1321 3672; x_wconf 89' lang='lat' dir='ltr'>Ecclesiam</span> <span class='ocrx_word' id='word_1_253' title='bbox 1344 3630 1512 3673; x_wconf 91' lang='lat' dir='ltr'>nunc</span> <span class='ocrx_word' id='word_1_254' title='bbox 1542 3630 1855 3687; x_wconf 87' lang='lat' dir='ltr'>vocamus,</span> 
     </span>
     <span class='ocr_line' id='line_1_37' title="bbox 301 3705 1858 3784; baseline 0 -20"><span class='ocrx_word' id='word_1_255' title='bbox 301 3706 570 3765; x_wconf 88' lang='lat' dir='ltr'>instituit</span> <span class='ocrx_word' id='word_1_256' title='bbox 594 3727 607 3764; x_wconf 72' lang='grc' dir='ltr'><strong><em>ε</em></strong></span> <span class='ocrx_word' id='word_1_257' title='bbox 632 3712 694 3766; x_wconf 89' lang='lat' dir='ltr'>et</span> <span class='ocrx_word' id='word_1_258' title='bbox 724 3725 834 3784; x_wconf 88' lang='lat' dir='ltr'>per</span> <span class='ocrx_word' id='word_1_259' title='bbox 859 3706 1062 3784; x_wconf 86' lang='lat' dir='ltr'>legem</span> <span class='ocrx_word' id='word_1_260' title='bbox 1091 3725 1129 3765; x_wconf 90' lang='lat' dir='ltr'>a</span> <span class='ocrx_word' id='word_1_261' title='bbox 1164 3724 1226 3765; x_wconf 90' lang='lat' dir='ltr'>se</span> <span class='ocrx_word' id='word_1_262' title='bbox 1260 3705 1451 3765; x_wconf 91' lang='lat' dir='ltr'>latam</span> <span class='ocrx_word' id='word_1_263' title='bbox 1495 3724 1620 3764; x_wconf 91' lang='lat' dir='ltr'>non</span> <span class='ocrx_word' id='word_1_264' title='bbox 1656 3706 1858 3783; x_wconf 89' lang='lat' dir='ltr'>dispo-</span> 
     </span>
     <span class='ocr_line' id='line_1_38' title="bbox 300 3797 1859 3877; baseline 0.001 -21"><span class='ocrx_word' id='word_1_265' title='bbox 300 3799 422 3856; x_wconf 88' lang='lat' dir='ltr'>suit</span> <span class='ocrx_word' id='word_1_266' title='bbox 451 3800 514 3856; x_wconf 83' lang='lat' dir='ltr'>in</span> <span class='ocrx_word' id='word_1_267' title='bbox 550 3798 899 3877; x_wconf 88' lang='lat' dir='ltr'>particulari</span> <span class='ocrx_word' id='word_1_268' title='bbox 928 3798 1003 3858; x_wconf 91' lang='lat' dir='ltr'>de</span> <span class='ocrx_word' id='word_1_269' title='bbox 1034 3797 1339 3872; x_wconf 75' lang='lat' dir='ltr'>omnibus,</span> <span class='ocrx_word' id='word_1_270' title='bbox 1382 3816 1517 3876; x_wconf 80' lang='lat' dir='ltr'>quae</span> <span class='ocrx_word' id='word_1_271' title='bbox 1560 3798 1639 3857; x_wconf 87' lang='lat' dir='ltr'>ad</span> <span class='ocrx_word' id='word_1_272' title='bbox 1679 3798 1859 3876; x_wconf 90' lang='lat' dir='ltr'>spiri-</span> 
     </span>
     <span class='ocr_line' id='line_1_39' title="bbox 297 3890 1855 3968; baseline 0.001 -19"><span class='ocrx_word' id='word_1_273' title='bbox 297 3891 466 3950; x_wconf 87' lang='lat' dir='ltr'>tuale</span> <span class='ocrx_word' id='word_1_274' title='bbox 495 3892 771 3968; x_wconf 90' lang='lat' dir='ltr'>regimen</span> <span class='ocrx_word' id='word_1_275' title='bbox 796 3890 1074 3950; x_wconf 84' lang='lat' dir='ltr'>Ecclesiae</span> <span class='ocrx_word' id='word_1_276' title='bbox 1108 3891 1538 3951; x_wconf 86' lang='lat' dir='ltr'>convenientia</span> <span class='ocrx_word' id='word_1_277' title='bbox 1583 3908 1712 3951; x_wconf 89' lang='lat' dir='ltr'>esse</span> <span class='ocrx_word' id='word_1_278' title='bbox 1741 3908 1855 3967; x_wconf 92' lang='lat' dir='ltr'>po-</span> 
     </span>
     <span class='ocr_line' id='line_1_40' title="bbox 297 3983 1857 4062; baseline 0 -20"><span class='ocrx_word' id='word_1_279' title='bbox 297 3988 521 4058; x_wconf 86' lang='lat' dir='ltr'>terant,</span> <span class='ocrx_word' id='word_1_280' title='bbox 550 3985 653 4043; x_wconf 88' lang='lat' dir='ltr'>sed</span> <span class='ocrx_word' id='word_1_281' title='bbox 683 3984 880 4043; x_wconf 89' lang='lat' dir='ltr'>solum</span> <span class='ocrx_word' id='word_1_282' title='bbox 926 3984 1206 4062; x_wconf 83' lang='lat' dir='ltr'>quaedam</span> <span class='ocrx_word' id='word_1_283' title='bbox 1246 3983 1674 4044; x_wconf 89' lang='lat' dir='ltr'>substantialia</span> <span class='ocrx_word' id='word_1_284' title='bbox 1716 3983 1857 4042; x_wconf 85' lang='lat' dir='ltr'>fun-</span> 
     </span>
     <span class='ocr_line' id='line_1_41' title="bbox 298 4076 1852 4155; baseline -0.001 -20"><span class='ocrx_word' id='word_1_285' title='bbox 298 4077 589 4135; x_wconf 87' lang='lat' dir='ltr'>damenta</span> <span class='ocrx_word' id='word_1_286' title='bbox 610 4076 793 4153; x_wconf 87' lang='lat' dir='ltr'>hujus</span> <span class='ocrx_word' id='word_1_287' title='bbox 816 4077 1149 4155; x_wconf 80' lang='lat' dir='ltr'>spiritualis</span> <span class='ocrx_word' id='word_1_288' title='bbox 1175 4077 1524 4155; x_wconf 79' lang='lat' dir='ltr'>reipublicae</span> <span class='ocrx_word' id='word_1_289' title='bbox 1544 4078 1811 4136; x_wconf 87' lang='lat' dir='ltr'>instituit</span> <span class='ocrx_word' id='word_1_290' title='bbox 1839 4097 1852 4133; x_wconf 92' lang='lat'><strong>:</strong></span> 
     </span>
     <span class='ocr_line' id='line_1_42' title="bbox 298 4168 1862 4246; baseline -0.002 -19"><span class='ocrx_word' id='word_1_291' title='bbox 298 4168 535 4245; x_wconf 85' lang='lat' dir='ltr'>reliqua</span> <span class='ocrx_word' id='word_1_292' title='bbox 553 4186 698 4227; x_wconf 89' lang='lat' dir='ltr'>vero</span> <span class='ocrx_word' id='word_1_293' title='bbox 715 4188 825 4246; x_wconf 92' lang='lat' dir='ltr'>per</span> <span class='ocrx_word' id='word_1_294' title='bbox 848 4187 987 4228; x_wconf 91' lang='lat' dir='ltr'>suos</span> <span class='ocrx_word' id='word_1_295' title='bbox 1002 4169 1397 4235; x_wconf 83' lang='lat' dir='ltr'>minist1·os,et</span> <span class='ocrx_word' id='word_1_296' title='bbox 1417 4168 1699 4227; x_wconf 86' lang='lat' dir='ltr'>Ecclesiae</span> <span class='ocrx_word' id='word_1_297' title='bbox 1727 4184 1862 4244; x_wconf 89' lang='lat' dir='ltr'>pas-</span> 
     </span>
     <span class='ocr_line' id='line_1_43' title="bbox 302 4259 1865 4339; baseline -0.003 -20"><span class='ocrx_word' id='word_1_298' title='bbox 302 4267 462 4321; x_wconf 88' lang='lat' dir='ltr'>tores</span> <span class='ocrx_word' id='word_1_299' title='bbox 493 4262 874 4339; x_wconf 87' lang='lat' dir='ltr'>disponenda</span> <span class='ocrx_word' id='word_1_300' title='bbox 915 4261 1165 4338; x_wconf 85' lang='lat' dir='ltr'>reliquit</span> <span class='ocrx_word' id='word_1_301' title='bbox 1198 4278 1213 4320; x_wconf 88' lang='lat'><strong>:</strong></span> <span class='ocrx_word' id='word_1_302' title='bbox 1248 4266 1382 4320; x_wconf 90' lang='lat' dir='ltr'>tum</span> <span class='ocrx_word' id='word_1_303' title='bbox 1411 4266 1481 4319; x_wconf 89' lang='lat' dir='ltr'>ut</span> <span class='ocrx_word' id='word_1_304' title='bbox 1511 4259 1780 4319; x_wconf 84' lang='lat' dir='ltr'>suaviter</span> <span class='ocrx_word' id='word_1_305' title='bbox 1802 4263 1865 4316; x_wconf 89' lang='lat' dir='ltr'>et</span> 
     </span>
     <span class='ocr_line' id='line_1_44' title="bbox 302 4349 1861 4413; baseline -0.001 -3"><span class='ocrx_word' id='word_1_306' title='bbox 302 4353 484 4412; x_wconf 88' lang='lat' dir='ltr'>modo</span> <span class='ocrx_word' id='word_1_307' title='bbox 509 4352 864 4412; x_wconf 85' lang='lat' dir='ltr'>hominibus</span> <span class='ocrx_word' id='word_1_308' title='bbox 891 4353 1352 4413; x_wconf 91' lang='lat' dir='ltr'>accommodato</span> <span class='ocrx_word' id='word_1_309' title='bbox 1384 4352 1594 4412; x_wconf 87' lang='lat' dir='ltr'>omnia</span> <span class='ocrx_word' id='word_1_310' title='bbox 1616 4349 1861 4411; x_wconf 88' lang='lat' dir='ltr'>ordina·</span> 
     </span>
     <span class='ocr_line' id='line_1_45' title="bbox 300 4444 1860 4523; baseline -0.001 -21"><span class='ocrx_word' id='word_1_311' title='bbox 300 4451 538 4518; x_wconf 88' lang='lat' dir='ltr'>rentur,</span> <span class='ocrx_word' id='word_1_312' title='bbox 565 4451 697 4504; x_wconf 93' lang='lat' dir='ltr'>tum</span> <span class='ocrx_word' id='word_1_313' title='bbox 741 4447 889 4523; x_wconf 90' lang='lat' dir='ltr'>quia</span> <span class='ocrx_word' id='word_1_314' title='bbox 915 4464 1041 4504; x_wconf 94' lang='lat' dir='ltr'>non</span> <span class='ocrx_word' id='word_1_315' title='bbox 1065 4452 1350 4523; x_wconf 89' lang='lat' dir='ltr'>poterant</span> <span class='ocrx_word' id='word_1_316' title='bbox 1375 4445 1586 4505; x_wconf 87' lang='lat' dir='ltr'>omnia</span> <span class='ocrx_word' id='word_1_317' title='bbox 1626 4444 1693 4502; x_wconf 91' lang='lat' dir='ltr'>in</span> <span class='ocrx_word' id='word_1_318' title='bbox 1721 4460 1860 4520; x_wconf 88' lang='lat' dir='ltr'>par-</span> 
     </span>
     <span class='ocr_line' id='line_1_46' title="bbox 300 4535 1852 4620; baseline -0.001 -25"><span class='ocrx_word' id='word_1_319' title='bbox 300 4538 565 4611; x_wconf 88' lang='lat' dir='ltr'>ticulari,</span> <span class='ocrx_word' id='word_1_320' title='bbox 583 4538 667 4597; x_wconf 89' lang='lat' dir='ltr'>ita</span> <span class='ocrx_word' id='word_1_321' title='bbox 683 4539 1106 4620; x_wconf 85' lang='lat' dir='ltr'>determinari,</span> <span class='ocrx_word' id='word_1_322' title='bbox 1121 4544 1191 4597; x_wconf 89' lang='lat' dir='ltr'>ut</span> <span class='ocrx_word' id='word_1_323' title='bbox 1205 4545 1406 4598; x_wconf 89' lang='lat' dir='ltr'>essent</span> <span class='ocrx_word' id='word_1_324' title='bbox 1421 4535 1852 4597; x_wconf 86' lang='lat' dir='ltr'>immutabilia.</span> 
     </span>
     <span class='ocr_line' id='line_1_47' title="bbox 302 4628 1855 4708; baseline -0.001 -21"><span class='ocrx_word' id='word_1_325' title='bbox 302 4629 443 4688; x_wconf 83' lang='lat' dir='ltr'>Haec</span> <span class='ocrx_word' id='word_1_326' title='bbox 469 4648 615 4705; x_wconf 83' lang='lat' dir='ltr'>ergo</span> <span class='ocrx_word' id='word_1_327' title='bbox 638 4630 1071 4689; x_wconf 88' lang='lat' dir='ltr'>determinatio</span> <span class='ocrx_word' id='word_1_328' title='bbox 1095 4628 1164 4689; x_wconf 87' lang='lat' dir='ltr'>fit</span> <span class='ocrx_word' id='word_1_329' title='bbox 1182 4649 1293 4708; x_wconf 90' lang='lat' dir='ltr'>per</span> <span class='ocrx_word' id='word_1_330' title='bbox 1321 4629 1487 4708; x_wconf 83' lang='lat' dir='ltr'>leges</span> <span class='ocrx_word' id='word_1_331' title='bbox 1508 4628 1855 4700; x_wconf 84' lang='lat' dir='ltr'>canonicas,</span> 
     </span>
     <span class='ocr_line' id='line_1_48' title="bbox 303 4719 1860 4799; baseline -0.001 -20"><span class='ocrx_word' id='word_1_332' title='bbox 303 4726 364 4780; x_wconf 89' lang='lat' dir='ltr'>et</span> <span class='ocrx_word' id='word_1_333' title='bbox 392 4721 531 4781; x_wconf 89' lang='lat' dir='ltr'>ideo</span> <span class='ocrx_word' id='word_1_334' title='bbox 566 4727 693 4781; x_wconf 89' lang='lat' dir='ltr'>tam</span> <span class='ocrx_word' id='word_1_335' title='bbox 748 4722 1002 4782; x_wconf 87' lang='lat' dir='ltr'>fuerunt</span> <span class='ocrx_word' id='word_1_336' title='bbox 1052 4723 1407 4782; x_wconf 86' lang='lat' dir='ltr'>necessariae</span> <span class='ocrx_word' id='word_1_337' title='bbox 1448 4723 1513 4781; x_wconf 92' lang='lat' dir='ltr'>in</span> <span class='ocrx_word' id='word_1_338' title='bbox 1557 4719 1860 4799; x_wconf 88' lang='lat' dir='ltr'>spirituali</span> 
     </span>
     <span class='ocr_line' id='line_1_49' title="bbox 304 4812 1855 4892; baseline -0.001 -20"><span class='ocrx_word' id='word_1_339' title='bbox 304 4814 618 4892; x_wconf 88' lang='lat' dir='ltr'>republica</span> <span class='ocrx_word' id='word_1_340' title='bbox 650 4814 958 4888; x_wconf 82' lang='lat' dir='ltr'>Ecclesiae,</span> <span class='ocrx_word' id='word_1_341' title='bbox 990 4816 1150 4874; x_wconf 90' lang='lat' dir='ltr'>sicut</span> <span class='ocrx_word' id='word_1_342' title='bbox 1182 4816 1389 4875; x_wconf 89' lang='lat' dir='ltr'>civiles</span> <span class='ocrx_word' id='word_1_343' title='bbox 1414 4816 1481 4874; x_wconf 92' lang='lat' dir='ltr'>in</span> <span class='ocrx_word' id='word_1_344' title='bbox 1509 4812 1855 4892; x_wconf 88' lang='lat' dir='ltr'>temporali.</span> 
     </span>
    </p>

    <p class='ocr_par' dir='ltr' id='par_1_5' title="bbox 304 4906 1863 5541">
     <span class='ocr_line' id='line_1_50' title="bbox 383 4906 1857 4983; baseline -0.001 -18"><span class='ocrx_word' id='word_1_345' title='bbox 383 4908 482 4965; x_wconf 72' lang='lat'>22.</span> <span class='ocrx_word' id='word_1_346' title='bbox 529 4909 616 4966; x_wconf 84' lang='lat' dir='ltr'>Ex</span> <span class='ocrx_word' id='word_1_347' title='bbox 647 4908 741 4965; x_wconf 89' lang='lat' dir='ltr'>his</span> <span class='ocrx_word' id='word_1_348' title='bbox 782 4907 970 4983; x_wconf 89' lang='lat' dir='ltr'>igitur</span> <span class='ocrx_word' id='word_1_349' title='bbox 1002 4908 1148 4968; x_wconf 80' lang='lat' dir='ltr'>satis</span> <span class='ocrx_word' id='word_1_350' title='bbox 1191 4914 1428 4968; x_wconf 88' lang='lat' dir='ltr'>constat</span> <span class='ocrx_word' id='word_1_351' title='bbox 1468 4909 1730 4968; x_wconf 88' lang='lat' dir='ltr'>varietas</span> <span class='ocrx_word' id='word_1_352' title='bbox 1774 4906 1857 4965; x_wconf 90' lang='lat' dir='ltr'>le·</span> 
     </span>
     <span class='ocr_line' id='line_1_51' title="bbox 304 4999 1861 5080; baseline 0.001 -24"><span class='ocrx_word' id='word_1_353' title='bbox 304 5017 451 5076; x_wconf 89' lang='lat' dir='ltr'>gum</span> <span class='ocrx_word' id='word_1_354' title='bbox 489 5005 550 5059; x_wconf 91' lang='lat' dir='ltr'>et</span> <span class='ocrx_word' id='word_1_355' title='bbox 589 5000 935 5073; x_wconf 75' lang='lat' dir='ltr'>necessitaS,</span> <span class='ocrx_word' id='word_1_356' title='bbox 968 5000 1413 5080; x_wconf 82' lang='lat' dir='ltr'>multiplexque</span> <span class='ocrx_word' id='word_1_357' title='bbox 1442 5000 1680 5060; x_wconf 90' lang='lat' dir='ltr'>divisi0.</span> <span class='ocrx_word' id='word_1_358' title='bbox 1715 4999 1861 5071; x_wconf 93' lang='lat' dir='ltr'>Qui-</span> 
     </span>
     <span class='ocr_line' id='line_1_52' title="bbox 304 5089 1859 5169; baseline 0.001 -22"><span class='ocrx_word' id='word_1_359' title='bbox 304 5089 418 5148; x_wconf 91' lang='lat' dir='ltr'>bus</span> <span class='ocrx_word' id='word_1_360' title='bbox 472 5091 614 5149; x_wconf 90' lang='lat' dir='ltr'>addi</span> <span class='ocrx_word' id='word_1_361' title='bbox 656 5091 855 5150; x_wconf 89' lang='lat' dir='ltr'>solent</span> <span class='ocrx_word' id='word_1_362' title='bbox 899 5091 1034 5150; x_wconf 83' lang='lat' dir='ltr'>aliae</span> <span class='ocrx_word' id='word_1_363' title='bbox 1078 5111 1214 5169; x_wconf 81' lang='lat' dir='ltr'>quae</span> <span class='ocrx_word' id='word_1_364' title='bbox 1242 5093 1492 5153; x_wconf 87' lang='lat' dir='ltr'>incertae</span> <span class='ocrx_word' id='word_1_365' title='bbox 1542 5097 1708 5165; x_wconf 89' lang='lat' dir='ltr'>sunt,</span> <span class='ocrx_word' id='word_1_366' title='bbox 1761 5090 1859 5150; x_wconf 90' lang='lat' dir='ltr'>vel</span> 
     </span>
     <span class='ocr_line' id='line_1_53' title="bbox 304 5184 1860 5260; baseline 0.001 -20"><span class='ocrx_word' id='word_1_367' title='bbox 304 5184 475 5260; x_wconf 88' lang='lat' dir='ltr'>quasi</span> <span class='ocrx_word' id='word_1_368' title='bbox 506 5184 870 5257; x_wconf 77' lang='lat' dir='ltr'>materialeS,</span> <span class='ocrx_word' id='word_1_369' title='bbox 922 5190 984 5244; x_wconf 89' lang='lat' dir='ltr'>et</span> <span class='ocrx_word' id='word_1_370' title='bbox 1012 5185 1149 5244; x_wconf 91' lang='lat' dir='ltr'>ideo</span> <span class='ocrx_word' id='word_1_371' title='bbox 1177 5187 1334 5245; x_wconf 88' lang='lat' dir='ltr'>circa</span> <span class='ocrx_word' id='word_1_372' title='bbox 1380 5186 1515 5245; x_wconf 91' lang='lat' dir='ltr'>illas</span> <span class='ocrx_word' id='word_1_373' title='bbox 1541 5185 1860 5243; x_wconf 81' lang='lat' dir='ltr'>immorari</span> 
     </span>
     <span class='ocr_line' id='line_1_54' title="bbox 304 5277 1861 5337; baseline 0.001 -5"><span class='ocrx_word' id='word_1_374' title='bbox 304 5292 469 5334; x_wconf 90' lang='lat' dir='ltr'>nunc</span> <span class='ocrx_word' id='word_1_375' title='bbox 500 5295 624 5334; x_wconf 90' lang='lat' dir='ltr'>non</span> <span class='ocrx_word' id='word_1_376' title='bbox 666 5282 754 5334; x_wconf 86' lang='lat' dir='ltr'>est</span> <span class='ocrx_word' id='word_1_377' title='bbox 795 5294 1037 5335; x_wconf 86' lang='lat' dir='ltr'>necesse</span> <span class='ocrx_word' id='word_1_378' title='bbox 1070 5293 1085 5335; x_wconf 88' lang='lat'>:</span> <span class='ocrx_word' id='word_1_379' title='bbox 1118 5296 1262 5336; x_wconf 87' lang='lat' dir='ltr'>nam</span> <span class='ocrx_word' id='word_1_380' title='bbox 1296 5279 1421 5337; x_wconf 87' lang='lat' dir='ltr'>suis</span> <span class='ocrx_word' id='word_1_381' title='bbox 1456 5280 1603 5337; x_wconf 90' lang='lat' dir='ltr'>locis</span> <span class='ocrx_word' id='word_1_382' title='bbox 1641 5277 1861 5337; x_wconf 87' lang='lat' dir='ltr'>melius</span> 
     </span>
     <span class='ocr_line' id='line_1_55' title="bbox 306 5368 1862 5445; baseline 0.001 -21"><span class='ocrx_word' id='word_1_383' title='bbox 306 5369 713 5443; x_wconf 71' lang='lat' dir='ltr'>attingantur.</span> <span class='ocrx_word' id='word_1_384' title='bbox 764 5368 1131 5444; x_wconf 89' lang='lat' dir='ltr'>Hujusmodi</span> <span class='ocrx_word' id='word_1_385' title='bbox 1188 5376 1277 5428; x_wconf 88' lang='lat' dir='ltr'>est</span> <span class='ocrx_word' id='word_1_386' title='bbox 1330 5370 1549 5428; x_wconf 90' lang='lat' dir='ltr'>divisio</span> <span class='ocrx_word' id='word_1_387' title='bbox 1603 5369 1757 5445; x_wconf 85' lang='lat' dir='ltr'>legis</span> <span class='ocrx_word' id='word_1_388' title='bbox 1796 5368 1862 5425; x_wconf 92' lang='lat' dir='ltr'>in</span> 
     </span>
     <span class='ocr_line' id='line_1_56' title="bbox 305 5459 1863 5541; baseline 0.001 -24"><span class='ocrx_word' id='word_1_389' title='bbox 305 5459 730 5521; x_wconf 89' lang='lat' dir='ltr'>ostendentem</span> <span class='ocrx_word' id='word_1_390' title='bbox 754 5470 815 5520; x_wconf 85' lang='lat' dir='ltr'>et</span> <span class='ocrx_word' id='word_1_391' title='bbox 832 5460 1314 5539; x_wconf 86' lang='lat' dir='ltr'>praecipientem,</span> <span class='ocrx_word' id='word_1_392' title='bbox 1344 5461 1420 5521; x_wconf 91' lang='lat' dir='ltr'>de</span> <span class='ocrx_word' id='word_1_393' title='bbox 1439 5479 1565 5541; x_wconf 87' lang='lat' dir='ltr'>qua</span> <span class='ocrx_word' id='word_1_394' title='bbox 1586 5460 1863 5521; x_wconf 85' lang='lat' dir='ltr'>dicemus</span> 
     </span>
    </p>
   </div>
   <div class='ocr_carea' id='block_1_5' title="bbox 3407 383 3483 444">
    <p class='ocr_par' dir='ltr' id='par_1_6' title="bbox 3407 383 3483 444">
     <span class='ocr_line' id='line_1_57' title="bbox 3407 383 3483 444; baseline -0.013 0"><span class='ocrx_word' id='word_1_395' title='bbox 3407 383 3483 444; x_wconf 77' lang='lat'>⁴3</span> 
     </span>
    </p>
   </div>
   <div class='ocr_carea' id='block_1_6' title="bbox 1925 481 3497 2120">
    <p class='ocr_par' dir='ltr' id='par_1_7' title="bbox 1925 481 3497 2120">
     <span class='ocr_line' id='line_1_58' title="bbox 1925 481 3485 561; baseline 0.001 -20"><span class='ocrx_word' id='word_1_396' title='bbox 1925 482 1993 541; x_wconf 91' lang='lat' dir='ltr'>in</span> <span class='ocrx_word' id='word_1_397' title='bbox 2022 481 2182 541; x_wconf 89' lang='lat' dir='ltr'>libro</span> <span class='ocrx_word' id='word_1_398' title='bbox 2225 483 2527 561; x_wconf 88' lang='lat' dir='ltr'>sequenti,</span> <span class='ocrx_word' id='word_1_399' title='bbox 2572 488 2633 542; x_wconf 90' lang='lat' dir='ltr'>et</span> <span class='ocrx_word' id='word_1_400' title='bbox 2677 482 2928 541; x_wconf 85' lang='lat' dir='ltr'>fortasse</span> <span class='ocrx_word' id='word_1_401' title='bbox 2974 483 3316 543; x_wconf 88' lang='lat' dir='ltr'>necessaria</span> <span class='ocrx_word' id='word_1_402' title='bbox 3357 501 3485 544; x_wconf 89' lang='lat' dir='ltr'>non</span> 
     </span>
     <span class='ocr_line' id='line_1_59' title="bbox 1926 573 3487 651; baseline 0 -18"><span class='ocrx_word' id='word_1_403' title='bbox 1926 579 2037 633; x_wconf 89' lang='lat' dir='ltr'>est.</span> <span class='ocrx_word' id='word_1_404' title='bbox 2089 575 2239 633; x_wconf 91' lang='lat' dir='ltr'>Item</span> <span class='ocrx_word' id='word_1_405' title='bbox 2286 580 2376 633; x_wconf 91' lang='lat' dir='ltr'>est</span> <span class='ocrx_word' id='word_1_406' title='bbox 2430 574 2553 633; x_wconf 88' lang='lat' dir='ltr'>alia</span> <span class='ocrx_word' id='word_1_407' title='bbox 2608 573 2914 650; x_wconf 88' lang='lat' dir='ltr'>generalis</span> <span class='ocrx_word' id='word_1_408' title='bbox 2955 573 3176 632; x_wconf 89' lang='lat' dir='ltr'>divisio</span> <span class='ocrx_word' id='word_1_409' title='bbox 3216 574 3371 651; x_wconf 87' lang='lat' dir='ltr'>legis</span> <span class='ocrx_word' id='word_1_410' title='bbox 3419 575 3487 634; x_wconf 93' lang='lat' dir='ltr'>in</span> 
     </span>
     <span class='ocr_line' id='line_1_60' title="bbox 1926 666 3488 745; baseline 0.001 -21"><span class='ocrx_word' id='word_1_411' title='bbox 1926 666 2361 725; x_wconf 89' lang='lat' dir='ltr'>affirmativam</span> <span class='ocrx_word' id='word_1_412' title='bbox 2407 672 2467 726; x_wconf 93' lang='lat' dir='ltr'>et</span> <span class='ocrx_word' id='word_1_413' title='bbox 2495 667 2877 742; x_wconf 83' lang='lat' dir='ltr'>negativam,</span> <span class='ocrx_word' id='word_1_414' title='bbox 2908 667 3055 743; x_wconf 88' lang='lat' dir='ltr'>quia</span> <span class='ocrx_word' id='word_1_415' title='bbox 3082 666 3190 726; x_wconf 90' lang='lat' dir='ltr'>illa</span> <span class='ocrx_word' id='word_1_416' title='bbox 3212 667 3488 745; x_wconf 80' lang='lat' dir='ltr'>proecipit</span> 
     </span>
     <span class='ocr_line' id='line_1_61' title="bbox 1926 757 3487 835; baseline 0.001 -20"><span class='ocrx_word' id='word_1_417' title='bbox 1926 757 2092 834; x_wconf 90' lang='lat' dir='ltr'>quod</span> <span class='ocrx_word' id='word_1_418' title='bbox 2123 757 2433 834; x_wconf 88' lang='lat' dir='ltr'>agendum</span> <span class='ocrx_word' id='word_1_419' title='bbox 2449 763 2561 830; x_wconf 69' lang='lat' dir='ltr'>aet,</span> <span class='ocrx_word' id='word_1_420' title='bbox 2585 757 2717 815; x_wconf 85' lang='lat' dir='ltr'>haec</span> <span class='ocrx_word' id='word_1_421' title='bbox 2735 763 2902 815; x_wconf 82' lang='lat' dir='ltr'>vetat</span> <span class='ocrx_word' id='word_1_422' title='bbox 2925 762 2985 815; x_wconf 89' lang='lat' dir='ltr'>et</span> <span class='ocrx_word' id='word_1_423' title='bbox 3012 757 3295 834; x_wconf 90' lang='lat' dir='ltr'>prohibet</span> <span class='ocrx_word' id='word_1_424' title='bbox 3322 758 3487 835; x_wconf 90' lang='lat' dir='ltr'>quod</span> 
     </span>
     <span class='ocr_line' id='line_1_62' title="bbox 1927 849 3489 927; baseline 0.002 -19"><span class='ocrx_word' id='word_1_425' title='bbox 1927 850 2270 909; x_wconf 90' lang='lat' dir='ltr'>cavendum</span> <span class='ocrx_word' id='word_1_426' title='bbox 2287 855 2376 909; x_wconf 89' lang='lat' dir='ltr'>est</span> <span class='ocrx_word' id='word_1_427' title='bbox 2413 870 2426 907; x_wconf 90' lang='lat'><strong>:</strong></span> <span class='ocrx_word' id='word_1_428' title='bbox 2460 868 2594 927; x_wconf 78' lang='lat' dir='ltr'>quae</span> <span class='ocrx_word' id='word_1_429' title='bbox 2623 849 2748 907; x_wconf 89' lang='lat' dir='ltr'>duo</span> <span class='ocrx_word' id='word_1_430' title='bbox 2773 854 3062 926; x_wconf 79' lang='lat' dir='ltr'>praestant</span> <span class='ocrx_word' id='word_1_431' title='bbox 3087 866 3301 909; x_wconf 90' lang='lat' dir='ltr'>omnes</span> <span class='ocrx_word' id='word_1_432' title='bbox 3322 850 3489 927; x_wconf 82' lang='lat' dir='ltr'>leges</span> 
     </span>
     <span class='ocr_line' id='line_1_63' title="bbox 1926 940 3492 1018; baseline 0.003 -20"><span class='ocrx_word' id='word_1_433' title='bbox 1926 948 2289 1015; x_wconf 83' lang='lat' dir='ltr'>numeratae,</span> <span class='ocrx_word' id='word_1_434' title='bbox 2339 942 2485 1018; x_wconf 91' lang='lat' dir='ltr'>quia</span> <span class='ocrx_word' id='word_1_435' title='bbox 2526 941 2727 999; x_wconf 91' lang='lat' dir='ltr'>solum</span> <span class='ocrx_word' id='word_1_436' title='bbox 2773 940 3069 1000; x_wconf 86' lang='lat' dir='ltr'>differunt</span> <span class='ocrx_word' id='word_1_437' title='bbox 3117 942 3183 1000; x_wconf 87' lang='lat' dir='ltr'>in</span> <span class='ocrx_word' id='word_1_438' title='bbox 3232 943 3492 1002; x_wconf 86' lang='lat' dir='ltr'>materia</span> 
     </span>
     <span class='ocr_line' id='line_1_64' title="bbox 1927 1034 3494 1112; baseline 0.002 -20"><span class='ocrx_word' id='word_1_439' title='bbox 1927 1040 2251 1112; x_wconf 79' lang='lat' dir='ltr'>praecepta,</span> <span class='ocrx_word' id='word_1_440' title='bbox 2295 1053 2433 1111; x_wconf 85' lang='lat' dir='ltr'>quae</span> <span class='ocrx_word' id='word_1_441' title='bbox 2482 1039 2572 1093; x_wconf 88' lang='lat' dir='ltr'>est</span> <span class='ocrx_word' id='word_1_442' title='bbox 2614 1051 2820 1110; x_wconf 86' lang='lat' dir='ltr'>agere,</span> <span class='ocrx_word' id='word_1_443' title='bbox 2870 1034 2968 1092; x_wconf 86' lang='lat' dir='ltr'>vel</span> <span class='ocrx_word' id='word_1_444' title='bbox 3014 1052 3140 1092; x_wconf 93' lang='lat' dir='ltr'>non</span> <span class='ocrx_word' id='word_1_445' title='bbox 3170 1052 3399 1110; x_wconf 84' lang='lat' dir='ltr'>agere:</span> <span class='ocrx_word' id='word_1_446' title='bbox 3431 1041 3494 1095; x_wconf 88' lang='lat' dir='ltr'>et</span> 
     </span>
     <span class='ocr_line' id='line_1_65' title="bbox 1927 1124 3496 1203; baseline 0.001 -18"><span class='ocrx_word' id='word_1_447' title='bbox 1927 1127 2072 1186; x_wconf 90' lang='lat' dir='ltr'>inde</span> <span class='ocrx_word' id='word_1_448' title='bbox 2096 1126 2328 1185; x_wconf 87' lang='lat' dir='ltr'>habent</span> <span class='ocrx_word' id='word_1_449' title='bbox 2343 1125 2612 1203; x_wconf 89' lang='lat' dir='ltr'>aliquam</span> <span class='ocrx_word' id='word_1_450' title='bbox 2627 1124 3037 1184; x_wconf 85' lang='lat' dir='ltr'>differentiam</span> <span class='ocrx_word' id='word_1_451' title='bbox 3053 1128 3118 1184; x_wconf 91' lang='lat' dir='ltr'>in</span> <span class='ocrx_word' id='word_1_452' title='bbox 3140 1127 3326 1185; x_wconf 87' lang='lat' dir='ltr'>modo</span> <span class='ocrx_word' id='word_1_453' title='bbox 3344 1126 3496 1186; x_wconf 92' lang='lat' dir='ltr'>obli-</span> 
     </span>
     <span class='ocr_line' id='line_1_66' title="bbox 1928 1217 3495 1296; baseline 0 -18"><span class='ocrx_word' id='word_1_454' title='bbox 1928 1219 2139 1296; x_wconf 88' lang='lat' dir='ltr'>gandi,</span> <span class='ocrx_word' id='word_1_455' title='bbox 2172 1235 2384 1295; x_wconf 91' lang='lat' dir='ltr'>quam,</span> <span class='ocrx_word' id='word_1_456' title='bbox 2420 1236 2557 1295; x_wconf 87' lang='lat' dir='ltr'>cap.</span> <span class='ocrx_word' id='word_1_457' title='bbox 2598 1218 2838 1276; x_wconf 89' lang='lat' dir='ltr'>decimo</span> <span class='ocrx_word' id='word_1_458' title='bbox 2878 1217 3082 1291; x_wconf 87' lang='lat' dir='ltr'>tertio,</span> <span class='ocrx_word' id='word_1_459' title='bbox 3115 1220 3495 1278; x_wconf 87' lang='lat' dir='ltr'>commodius</span> 
     </span>
     <span class='ocr_line' id='line_1_67' title="bbox 1927 1309 3494 1387; baseline 0.001 -17"><span class='ocrx_word' id='word_1_460' title='bbox 1927 1312 2260 1370; x_wconf 66' lang='lat' dir='ltr'>trademus</span> <span class='ocrx_word' id='word_1_461' title='bbox 2290 1310 2448 1369; x_wconf 87' lang='lat' dir='ltr'>Addi</span> <span class='ocrx_word' id='word_1_462' title='bbox 2481 1309 2745 1387; x_wconf 89' lang='lat' dir='ltr'>denique</span> <span class='ocrx_word' id='word_1_463' title='bbox 2773 1315 3024 1387; x_wconf 89' lang='lat' dir='ltr'>possunt</span> <span class='ocrx_word' id='word_1_464' title='bbox 3051 1310 3380 1371; x_wconf 89' lang='lat' dir='ltr'>divisiones</span> <span class='ocrx_word' id='word_1_465' title='bbox 3407 1312 3494 1371; x_wconf 90' lang='lat' dir='ltr'>le-</span> 
     </span>
     <span class='ocr_line' id='line_1_68' title="bbox 1928 1400 3488 1480; baseline 0 -19"><span class='ocrx_word' id='word_1_466' title='bbox 1928 1404 2022 1480; x_wconf 91' lang='lat' dir='ltr'>gis</span> <span class='ocrx_word' id='word_1_467' title='bbox 2082 1402 2373 1461; x_wconf 82' lang='lat' dir='ltr'>humanae</span> <span class='ocrx_word' id='word_1_468' title='bbox 2428 1401 2495 1460; x_wconf 93' lang='lat' dir='ltr'>in</span> <span class='ocrx_word' id='word_1_469' title='bbox 2553 1400 2859 1478; x_wconf 85' lang='lat' dir='ltr'>poenalem</span> <span class='ocrx_word' id='word_1_470' title='bbox 2898 1407 2960 1460; x_wconf 91' lang='lat' dir='ltr'>et</span> <span class='ocrx_word' id='word_1_471' title='bbox 3004 1420 3127 1460; x_wconf 92' lang='lat' dir='ltr'>non</span> <span class='ocrx_word' id='word_1_472' title='bbox 3160 1402 3488 1479; x_wconf 85' lang='lat' dir='ltr'>poenalem,</span> 
     </span>
     <span class='ocr_line' id='line_1_69' title="bbox 1927 1493 3493 1573; baseline 0 -20"><span class='ocrx_word' id='word_1_473' title='bbox 1927 1494 2360 1573; x_wconf 90' lang='lat' dir='ltr'>prohibentem</span> <span class='ocrx_word' id='word_1_474' title='bbox 2375 1498 2620 1551; x_wconf 89' lang='lat' dir='ltr'>tantum</span> <span class='ocrx_word' id='word_1_475' title='bbox 2636 1494 2733 1552; x_wconf 87' lang='lat' dir='ltr'>vel</span> <span class='ocrx_word' id='word_1_476' title='bbox 2753 1493 2941 1552; x_wconf 89' lang='lat' dir='ltr'>etiam</span> <span class='ocrx_word' id='word_1_477' title='bbox 2961 1494 3331 1567; x_wconf 85' lang='lat' dir='ltr'>irritantem,</span> <span class='ocrx_word' id='word_1_478' title='bbox 3355 1512 3493 1572; x_wconf 80' lang='lat' dir='ltr'>quae</span> 
     </span>
     <span class='ocr_line' id='line_1_70' title="bbox 1926 1583 3494 1664; baseline -0.001 -18"><span class='ocrx_word' id='word_1_479' title='bbox 1926 1605 2106 1646; x_wconf 85' lang='lat' dir='ltr'>voces</span> <span class='ocrx_word' id='word_1_480' title='bbox 2134 1588 2278 1645; x_wconf 88' lang='lat' dir='ltr'>satis</span> <span class='ocrx_word' id='word_1_481' title='bbox 2306 1590 2467 1644; x_wconf 83' lang='lat' dir='ltr'>notae</span> <span class='ocrx_word' id='word_1_482' title='bbox 2495 1590 2638 1643; x_wconf 91' lang='lat' dir='ltr'>sunt</span> <span class='ocrx_word' id='word_1_483' title='bbox 2665 1606 2680 1643; x_wconf 77' lang='grc' dir='ltr'><strong><em>ε</em></strong></span> <span class='ocrx_word' id='word_1_484' title='bbox 2715 1586 2790 1644; x_wconf 92' lang='lat' dir='ltr'>de</span> <span class='ocrx_word' id='word_1_485' title='bbox 2820 1583 3002 1644; x_wconf 90' lang='lat' dir='ltr'>rebus</span> <span class='ocrx_word' id='word_1_486' title='bbox 3021 1592 3228 1644; x_wconf 91' lang='lat' dir='ltr'>autem</span> <span class='ocrx_word' id='word_1_487' title='bbox 3250 1587 3397 1664; x_wconf 90' lang='lat' dir='ltr'>ipsis</span> <span class='ocrx_word' id='word_1_488' title='bbox 3428 1588 3494 1646; x_wconf 93' lang='lat' dir='ltr'>in</span> 
     </span>
     <span class='ocr_line' id='line_1_71' title="bbox 1926 1678 3495 1758; baseline -0.001 -18"><span class='ocrx_word' id='word_1_489' title='bbox 1926 1680 2321 1758; x_wconf 88' lang='lat' dir='ltr'>sequentibus</span> <span class='ocrx_word' id='word_1_490' title='bbox 2354 1683 2536 1738; x_wconf 89' lang='lat' dir='ltr'>erunt</span> <span class='ocrx_word' id='word_1_491' title='bbox 2578 1678 2866 1756; x_wconf 89' lang='lat' dir='ltr'>speciales</span> <span class='ocrx_word' id='word_1_492' title='bbox 2912 1678 3358 1756; x_wconf 85' lang='lat' dir='ltr'>disputationes</span> <span class='ocrx_word' id='word_1_493' title='bbox 3399 1680 3495 1738; x_wconf 91' lang='lat' dir='ltr'>in-</span> 
     </span>
     <span class='ocr_line' id='line_1_72' title="bbox 1927 1770 3497 1847; baseline 0 -17"><span class='ocrx_word' id='word_1_494' title='bbox 1927 1772 2273 1830; x_wconf 85' lang='lat' dir='ltr'>stituendae.</span> <span class='ocrx_word' id='word_1_495' title='bbox 2305 1771 2573 1847; x_wconf 89' lang='lat' dir='ltr'>Denique</span> <span class='ocrx_word' id='word_1_496' title='bbox 2599 1771 2663 1828; x_wconf 93' lang='lat' dir='ltr'>in</span> <span class='ocrx_word' id='word_1_497' title='bbox 2692 1770 2870 1828; x_wconf 91' lang='lat' dir='ltr'>dictis</span> <span class='ocrx_word' id='word_1_498' title='bbox 2890 1770 3294 1829; x_wconf 86' lang='lat' dir='ltr'>divisionibus</span> <span class='ocrx_word' id='word_1_499' title='bbox 3313 1771 3497 1830; x_wconf 88' lang='lat' dir='ltr'>omis-</span> 
     </span>
     <span class='ocr_line' id='line_1_73' title="bbox 1928 1861 3495 1940; baseline 0.001 -20"><span class='ocrx_word' id='word_1_500' title='bbox 1928 1880 2064 1921; x_wconf 90' lang='lat' dir='ltr'>sum</span> <span class='ocrx_word' id='word_1_501' title='bbox 2108 1863 2305 1921; x_wconf 88' lang='lat' dir='ltr'>videri</span> <span class='ocrx_word' id='word_1_502' title='bbox 2333 1867 2533 1939; x_wconf 90' lang='lat' dir='ltr'>potest</span> <span class='ocrx_word' id='word_1_503' title='bbox 2559 1862 2658 1937; x_wconf 89' lang='lat' dir='ltr'>jus</span> <span class='ocrx_word' id='word_1_504' title='bbox 2684 1861 2963 1937; x_wconf 85' lang='lat' dir='ltr'>gentium</span> <span class='ocrx_word' id='word_1_505' title='bbox 2999 1883 3013 1919; x_wconf 75' lang='grc' dir='ltr'><strong><em>ε</em></strong></span> <span class='ocrx_word' id='word_1_506' title='bbox 3048 1863 3153 1921; x_wconf 89' lang='lat' dir='ltr'>sed</span> <span class='ocrx_word' id='word_1_507' title='bbox 3186 1863 3495 1940; x_wconf 87' lang='lat' dir='ltr'>quomodo</span> 
     </span>
     <span class='ocr_line' id='line_1_74' title="bbox 1928 1952 3490 2031; baseline 0.002 -21"><span class='ocrx_word' id='word_1_508' title='bbox 1928 1952 2081 2012; x_wconf 86' lang='lat' dir='ltr'>illud</span> <span class='ocrx_word' id='word_1_509' title='bbox 2113 1954 2189 2011; x_wconf 89' lang='lat' dir='ltr'>ad</span> <span class='ocrx_word' id='word_1_510' title='bbox 2214 1953 2505 2030; x_wconf 69' lang='lat' dir='ltr'>praedicta</span> <span class='ocrx_word' id='word_1_511' title='bbox 2528 1958 2868 2026; x_wconf 87' lang='lat' dir='ltr'>revocetur,</span> <span class='ocrx_word' id='word_1_512' title='bbox 2903 1953 2971 2011; x_wconf 92' lang='lat' dir='ltr'>in</span> <span class='ocrx_word' id='word_1_513' title='bbox 2992 1953 3149 2012; x_wconf 90' lang='lat' dir='ltr'>libro</span> <span class='ocrx_word' id='word_1_514' title='bbox 3174 1959 3490 2031; x_wconf 86' lang='lat' dir='ltr'>sequente,</span> 
     </span>
     <span class='ocr_line' id='line_1_75' title="bbox 1935 2044 2653 2120; baseline 0.003 -19"><span class='ocrx_word' id='word_1_515' title='bbox 1935 2060 2067 2119; x_wconf 87' lang='lat' dir='ltr'>cap.</span> <span class='ocrx_word' id='word_1_516' title='bbox 2101 2045 2162 2115; x_wconf 88' lang='lat'>8,</span> <span class='ocrx_word' id='word_1_517' title='bbox 2189 2044 2653 2120; x_wconf 78' lang='lat' dir='ltr'>explicabimus·</span> 
     </span>
    </p>
   </div>
   <div class='ocr_carea' id='block_1_7' title="bbox 2528 2228 2920 2288">
    <p class='ocr_par' dir='ltr' id='par_1_8' title="bbox 2528 2228 2920 2288">
     <span class='ocr_line' id='line_1_76' title="bbox 2528 2228 2920 2288; baseline -0.003 0"><span class='ocrx_word' id='word_1_518' title='bbox 2528 2229 2773 2288; x_wconf 86' lang='lat' dir='ltr'>CAPUT</span> <span class='ocrx_word' id='word_1_519' title='bbox 2818 2228 2920 2287; x_wconf 85' lang='lat' dir='ltr'>IV.</span> 
     </span>
    </p>
   </div>
   <div class='ocr_carea' id='block_1_8' title="bbox 1935 2426 3500 2568">
    <p class='ocr_par' dir='ltr' id='par_1_9' title="bbox 1935 2426 3500 2568">
     <span class='ocr_line' id='line_1_77' title="bbox 1935 2426 3500 2477; baseline 0 0"><span class='ocrx_word' id='word_1_520' title='bbox 1935 2427 2034 2477; x_wconf 78' lang='lat' dir='ltr'>QUI</span> <span class='ocrx_word' id='word_1_521' title='bbox 2054 2426 2235 2472; x_wconf 72' lang='lat' dir='ltr'>ACTUS</span> <span class='ocrx_word' id='word_1_522' title='bbox 2268 2427 2396 2472; x_wconf 82' lang='lat' dir='ltr'>SINT</span> <span class='ocrx_word' id='word_1_523' title='bbox 2422 2428 2759 2473; x_wconf 74' lang='lat' dir='ltr'>NEGESSARn</span> <span class='ocrx_word' id='word_1_524' title='bbox 2792 2429 2853 2474; x_wconf 83' lang='lat' dir='ltr'>IN</span> <span class='ocrx_word' id='word_1_525' title='bbox 2876 2429 3078 2473; x_wconf 72' lang='lat' dir='ltr'><strong>MENTE</strong></span> <span class='ocrx_word' id='word_1_526' title='bbox 3097 2428 3500 2477; x_wconf 70' lang='lat' dir='ltr'>LEGISLAToms</span> 
     </span>
     <span class='ocr_line' id='line_1_78' title="bbox 2377 2522 3055 2568; baseline 0.004 -3"><span class='ocrx_word' id='word_1_527' title='bbox 2377 2523 2458 2566; x_wconf 76' lang='lat' dir='ltr'>Al)</span> <span class='ocrx_word' id='word_1_528' title='bbox 2484 2522 2681 2566; x_wconf 68' lang='lat' dir='ltr'><strong>LEGEM</strong></span> <span class='ocrx_word' id='word_1_529' title='bbox 2710 2523 3055 2568; x_wconf 65' lang='lat' dir='ltr'>FERENDAM.</span> 
     </span>
    </p>
   </div>
   <div class='ocr_carea' id='block_1_9' title="bbox 1932 2689 3504 4068">
    <p class='ocr_par' dir='ltr' id='par_1_10' title="bbox 1932 2689 3504 4068">
     <span class='ocr_line' id='line_1_79' title="bbox 2016 2689 3500 2771; baseline 0.003 -22"><span class='ocrx_word' id='word_1_530' title='bbox 2016 2692 2073 2749; x_wconf 76' lang='grc'>4.</span> <span class='ocrx_word' id='word_1_531' title='bbox 2120 2690 2264 2762; x_wconf 83' lang='lat' dir='ltr'>Quae</span> <span class='ocrx_word' id='word_1_532' title='bbox 2292 2689 2593 2749; x_wconf 87' lang='lat' dir='ltr'>hactenus</span> <span class='ocrx_word' id='word_1_533' title='bbox 2633 2692 3035 2750; x_wconf 87' lang='lat' dir='ltr'>tractavimus</span> <span class='ocrx_word' id='word_1_534' title='bbox 3074 2691 3270 2751; x_wconf 91' lang='lat' dir='ltr'>solum</span> <span class='ocrx_word' id='word_1_535' title='bbox 3311 2695 3500 2771; x_wconf 85' lang='lat' dir='ltr'>perti-</span> 
     </span>
     <span class='ocr_line' id='line_1_80' title="bbox 1932 2782 3495 2863; baseline 0.003 -22"><span class='ocrx_word' id='word_1_536' title='bbox 1932 2788 2087 2842; x_wconf 89' lang='lat' dir='ltr'>nent</span> <span class='ocrx_word' id='word_1_537' title='bbox 2114 2783 2191 2842; x_wconf 89' lang='lat' dir='ltr'>ad</span> <span class='ocrx_word' id='word_1_538' title='bbox 2223 2782 2638 2843; x_wconf 85' lang='lat' dir='ltr'>definiendam</span> <span class='ocrx_word' id='word_1_539' title='bbox 2670 2785 3097 2862; x_wconf 84' lang='lat' dir='ltr'>quaestionem,</span> <span class='ocrx_word' id='word_1_540' title='bbox 3130 2804 3210 2845; x_wconf 94' lang='lat' dir='ltr'>an</span> <span class='ocrx_word' id='word_1_541' title='bbox 3247 2787 3325 2845; x_wconf 91' lang='lat' dir='ltr'>sit</span> <span class='ocrx_word' id='word_1_542' title='bbox 3361 2788 3459 2847; x_wconf 82' lang='lat' dir='ltr'>lex</span> <span class='ocrx_word' id='word_1_543' title='bbox 3475 2805 3495 2863; x_wconf 82' lang='lat'>3</span> 
     </span>
     <span class='ocr_line' id='line_1_81' title="bbox 1934 2874 3500 2951; baseline 0.004 -18"><span class='ocrx_word' id='word_1_544' title='bbox 1934 2874 2315 2933; x_wconf 85' lang='lat' dir='ltr'>ostendimus</span> <span class='ocrx_word' id='word_1_545' title='bbox 2340 2881 2546 2933; x_wconf 87' lang='lat' dir='ltr'>autem</span> <span class='ocrx_word' id='word_1_546' title='bbox 2595 2893 2719 2934; x_wconf 88' lang='lat' dir='ltr'>non</span> <span class='ocrx_word' id='word_1_547' title='bbox 2746 2876 2944 2935; x_wconf 87' lang='lat' dir='ltr'>solum</span> <span class='ocrx_word' id='word_1_548' title='bbox 2986 2895 3136 2951; x_wconf 88' lang='lat' dir='ltr'>esse,</span> <span class='ocrx_word' id='word_1_549' title='bbox 3179 2879 3281 2937; x_wconf 88' lang='lat' dir='ltr'>sed</span> <span class='ocrx_word' id='word_1_550' title='bbox 3312 2880 3500 2940; x_wconf 88' lang='lat' dir='ltr'>etiam</span> 
     </span>
     <span class='ocr_line' id='line_1_82' title="bbox 1935 2967 3502 3043; baseline 0.004 -19"><span class='ocrx_word' id='word_1_551' title='bbox 1935 2967 2342 3026; x_wconf 89' lang='lat' dir='ltr'>necessariam</span> <span class='ocrx_word' id='word_1_552' title='bbox 2368 2985 2520 3041; x_wconf 89' lang='lat' dir='ltr'>esse,</span> <span class='ocrx_word' id='word_1_553' title='bbox 2540 2986 2668 3026; x_wconf 94' lang='lat' dir='ltr'>non</span> <span class='ocrx_word' id='word_1_554' title='bbox 2697 2986 2888 3027; x_wconf 90' lang='lat' dir='ltr'>unam</span> <span class='ocrx_word' id='word_1_555' title='bbox 2910 2974 3178 3043; x_wconf 87' lang='lat' dir='ltr'>tantum,</span> <span class='ocrx_word' id='word_1_556' title='bbox 3200 2972 3302 3030; x_wconf 90' lang='lat' dir='ltr'>sed</span> <span class='ocrx_word' id='word_1_557' title='bbox 3330 2972 3502 3031; x_wconf 85' lang='lat' dir='ltr'>varia</span> 
     </span>
     <span class='ocr_line' id='line_1_83' title="bbox 1939 3059 3502 3139; baseline 0.004 -21"><span class='ocrx_word' id='word_1_558' title='bbox 1939 3076 2191 3136; x_wconf 86' lang='lat' dir='ltr'>genera,</span> <span class='ocrx_word' id='word_1_559' title='bbox 2231 3077 2337 3119; x_wconf 89' lang='lat' dir='ltr'>seu</span> <span class='ocrx_word' id='word_1_560' title='bbox 2388 3060 2616 3138; x_wconf 86' lang='lat' dir='ltr'>species</span> <span class='ocrx_word' id='word_1_561' title='bbox 2649 3059 2922 3134; x_wconf 88' lang='lat' dir='ltr'>illarum,</span> <span class='ocrx_word' id='word_1_562' title='bbox 2952 3079 3216 3139; x_wconf 89' lang='lat' dir='ltr'>quorum</span> <span class='ocrx_word' id='word_1_563' title='bbox 3245 3064 3502 3124; x_wconf 89' lang='lat' dir='ltr'>nomina</span> 
     </span>
     <span class='ocr_line' id='line_1_84' title="bbox 1940 3152 3498 3230; baseline 0.003 -19"><span class='ocrx_word' id='word_1_564' title='bbox 1940 3157 2003 3212; x_wconf 92' lang='lat' dir='ltr'>et</span> <span class='ocrx_word' id='word_1_565' title='bbox 2031 3152 2299 3211; x_wconf 85' lang='lat' dir='ltr'>rationes</span> <span class='ocrx_word' id='word_1_566' title='bbox 2330 3171 2543 3212; x_wconf 87' lang='lat' dir='ltr'>eorum</span> <span class='ocrx_word' id='word_1_567' title='bbox 2577 3155 2987 3230; x_wconf 84' lang='lat' dir='ltr'>exposuimus,</span> <span class='ocrx_word' id='word_1_568' title='bbox 3026 3160 3094 3213; x_wconf 91' lang='lat' dir='ltr'>ut</span> <span class='ocrx_word' id='word_1_569' title='bbox 3124 3156 3189 3214; x_wconf 91' lang='lat' dir='ltr'>in</span> <span class='ocrx_word' id='word_1_570' title='bbox 3222 3155 3498 3216; x_wconf 87' lang='lat' dir='ltr'>discursu</span> 
     </span>
     <span class='ocr_line' id='line_1_85' title="bbox 1942 3243 3500 3324; baseline 0.004 -21"><span class='ocrx_word' id='word_1_571' title='bbox 1942 3247 2217 3305; x_wconf 68' lang='lat' dir='ltr'>materiae</span> <span class='ocrx_word' id='word_1_572' title='bbox 2237 3243 2400 3304; x_wconf 89' lang='lat' dir='ltr'>clare</span> <span class='ocrx_word' id='word_1_573' title='bbox 2428 3250 2491 3304; x_wconf 94' lang='lat' dir='ltr'>et</span> <span class='ocrx_word' id='word_1_574' title='bbox 2521 3245 2800 3322; x_wconf 82' lang='lat' dir='ltr'>expedite</span> <span class='ocrx_word' id='word_1_575' title='bbox 2827 3246 2997 3323; x_wconf 93' lang='lat' dir='ltr'>loqui</span> <span class='ocrx_word' id='word_1_576' title='bbox 3025 3247 3500 3324; x_wconf 63' lang='lat' dir='ltr'>possimus-Iam</span> 
     </span>
     <span class='ocr_line' id='line_1_86' title="bbox 1940 3337 3503 3418; baseline 0.002 -20"><span class='ocrx_word' id='word_1_577' title='bbox 1940 3337 2218 3416; x_wconf 88' lang='lat' dir='ltr'>sequitur</span> <span class='ocrx_word' id='word_1_578' title='bbox 2244 3337 2580 3397; x_wconf 89' lang='lat' dir='ltr'>videndum</span> <span class='ocrx_word' id='word_1_579' title='bbox 2614 3339 2764 3416; x_wconf 88' lang='lat' dir='ltr'>quid</span> <span class='ocrx_word' id='word_1_580' title='bbox 2793 3339 2873 3398; x_wconf 89' lang='lat' dir='ltr'>sit</span> <span class='ocrx_word' id='word_1_581' title='bbox 2894 3338 3018 3413; x_wconf 84' lang='lat' dir='ltr'>lex,</span> <span class='ocrx_word' id='word_1_582' title='bbox 3043 3340 3208 3418; x_wconf 90' lang='lat' dir='ltr'>quod</span> <span class='ocrx_word' id='word_1_583' title='bbox 3237 3340 3503 3401; x_wconf 86' lang='lat' dir='ltr'>abstrac-</span> 
     </span>
     <span class='ocr_line' id='line_1_87' title="bbox 1938 3429 3502 3509; baseline 0.001 -17"><span class='ocrx_word' id='word_1_584' title='bbox 1938 3438 2023 3505; x_wconf 87' lang='lat' dir='ltr'>te,</span> <span class='ocrx_word' id='word_1_585' title='bbox 2074 3437 2135 3490; x_wconf 87' lang='lat' dir='ltr'>et</span> <span class='ocrx_word' id='word_1_586' title='bbox 2163 3432 2229 3490; x_wconf 92' lang='lat' dir='ltr'>in</span> <span class='ocrx_word' id='word_1_587' title='bbox 2258 3431 2569 3491; x_wconf 85' lang='lat' dir='ltr'>communi</span> <span class='ocrx_word' id='word_1_588' title='bbox 2594 3429 3055 3509; x_wconf 84' lang='lat' dir='ltr'>explicabimus,</span> <span class='ocrx_word' id='word_1_589' title='bbox 3087 3439 3150 3492; x_wconf 88' lang='lat' dir='ltr'>et</span> <span class='ocrx_word' id='word_1_590' title='bbox 3176 3433 3502 3495; x_wconf 84' lang='lat' dir='ltr'>difficulta-</span> 
     </span>
     <span class='ocr_line' id='line_1_88' title="bbox 1937 3523 3501 3604; baseline 0.002 -20"><span class='ocrx_word' id='word_1_591' title='bbox 1937 3531 2031 3584; x_wconf 86' lang='lat' dir='ltr'>tes</span> <span class='ocrx_word' id='word_1_592' title='bbox 2069 3524 2455 3599; x_wconf 87' lang='lat' dir='ltr'>insurgentes</span> <span class='ocrx_word' id='word_1_593' title='bbox 2504 3541 2582 3582; x_wconf 79' lang='lat' dir='ltr'>ex</span> <span class='ocrx_word' id='word_1_594' title='bbox 2626 3523 3098 3601; x_wconf 88' lang='lat' dir='ltr'>particularibus</span> <span class='ocrx_word' id='word_1_595' title='bbox 3147 3526 3387 3604; x_wconf 89' lang='lat' dir='ltr'>legibus</span> <span class='ocrx_word' id='word_1_596' title='bbox 3434 3528 3501 3587; x_wconf 93' lang='lat' dir='ltr'>in</span> 
     </span>
     <span class='ocr_line' id='line_1_89' title="bbox 1938 3615 3503 3698; baseline 0.004 -24"><span class='ocrx_word' id='word_1_597' title='bbox 1938 3615 2187 3694; x_wconf 89' lang='lat' dir='ltr'>propria</span> <span class='ocrx_word' id='word_1_598' title='bbox 2239 3615 2373 3675; x_wconf 89' lang='lat' dir='ltr'>loca</span> <span class='ocrx_word' id='word_1_599' title='bbox 2425 3615 2843 3691; x_wconf 90' lang='lat' dir='ltr'>remittemus;</span> <span class='ocrx_word' id='word_1_600' title='bbox 2884 3634 3245 3695; x_wconf 86' lang='lat' dir='ltr'>semperque</span> <span class='ocrx_word' id='word_1_601' title='bbox 3293 3618 3503 3698; x_wconf 89' lang='lat' dir='ltr'>loque-</span> 
     </span>
     <span class='ocr_line' id='line_1_90' title="bbox 1939 3708 3504 3785; baseline 0.003 -18"><span class='ocrx_word' id='word_1_602' title='bbox 1939 3726 2082 3768; x_wconf 92' lang='lat' dir='ltr'>mur</span> <span class='ocrx_word' id='word_1_603' title='bbox 2114 3725 2286 3767; x_wconf 91' lang='lat' dir='ltr'>more</span> <span class='ocrx_word' id='word_1_604' title='bbox 2326 3708 2623 3782; x_wconf 90' lang='lat' dir='ltr'>humano,</span> <span class='ocrx_word' id='word_1_605' title='bbox 2670 3713 2731 3767; x_wconf 92' lang='lat' dir='ltr'>et</span> <span class='ocrx_word' id='word_1_606' title='bbox 2767 3708 2949 3785; x_wconf 81' lang='lat' dir='ltr'>juxta</span> <span class='ocrx_word' id='word_1_607' title='bbox 2996 3716 3275 3770; x_wconf 79' lang='lat' dir='ltr'>nostrum</span> <span class='ocrx_word' id='word_1_608' title='bbox 3303 3712 3504 3772; x_wconf 90' lang='lat' dir='ltr'>conci-</span> 
     </span>
     <span class='ocr_line' id='line_1_91' title="bbox 1939 3801 3504 3883; baseline 0.003 -24"><span class='ocrx_word' id='word_1_609' title='bbox 1939 3801 2149 3879; x_wconf 90' lang='lat' dir='ltr'>piendi</span> <span class='ocrx_word' id='word_1_610' title='bbox 2183 3801 2435 3860; x_wconf 92' lang='lat' dir='ltr'>modum</span> <span class='ocrx_word' id='word_1_611' title='bbox 2470 3806 2692 3860; x_wconf 83' lang='lat' dir='ltr'>:erunt</span> <span class='ocrx_word' id='word_1_612' title='bbox 2721 3807 2930 3861; x_wconf 86' lang='lat' dir='ltr'>tamen</span> <span class='ocrx_word' id='word_1_613' title='bbox 2953 3803 3288 3864; x_wconf 89' lang='lat' dir='ltr'>locutiones</span> <span class='ocrx_word' id='word_1_614' title='bbox 3306 3804 3504 3883; x_wconf 86' lang='lat' dir='ltr'>appli-</span> 
     </span>
     <span class='ocr_line' id='line_1_92' title="bbox 1938 3893 3503 3970; baseline 0.003 -18"><span class='ocrx_word' id='word_1_615' title='bbox 1938 3893 2149 3952; x_wconf 83' lang='lat' dir='ltr'>candae</span> <span class='ocrx_word' id='word_1_616' title='bbox 2173 3893 2251 3952; x_wconf 90' lang='lat' dir='ltr'>ad</span> <span class='ocrx_word' id='word_1_617' title='bbox 2275 3893 2551 3952; x_wconf 89' lang='lat' dir='ltr'>divinam</span> <span class='ocrx_word' id='word_1_618' title='bbox 2576 3893 2774 3970; x_wconf 90' lang='lat' dir='ltr'>legem</span> <span class='ocrx_word' id='word_1_619' title='bbox 2803 3912 2909 3954; x_wconf 91' lang='lat' dir='ltr'>seu</span> <span class='ocrx_word' id='word_1_620' title='bbox 2935 3901 3231 3970; x_wconf 89' lang='lat' dir='ltr'>mentem,</span> <span class='ocrx_word' id='word_1_621' title='bbox 3250 3898 3503 3957; x_wconf 89' lang='lat' dir='ltr'>remotis</span> 
     </span>
     <span class='ocr_line' id='line_1_93' title="bbox 1939 3985 3501 4068; baseline 0.003 -23"><span class='ocrx_word' id='word_1_622' title='bbox 1939 3985 2527 4065; x_wconf 85' lang='lat' dir='ltr'>imperfectionibus.</span> <span class='ocrx_word' id='word_1_623' title='bbox 2544 3985 2609 4044; x_wconf 86' lang='lat' dir='ltr'>In</span> <span class='ocrx_word' id='word_1_624' title='bbox 2625 3985 2741 4045; x_wconf 91' lang='lat' dir='ltr'>hoc</span> <span class='ocrx_word' id='word_1_625' title='bbox 2762 4004 2912 4064; x_wconf 90' lang='lat' dir='ltr'>ergo</span> <span class='ocrx_word' id='word_1_626' title='bbox 2926 3994 2986 4046; x_wconf 92' lang='lat' dir='ltr'>et</span> <span class='ocrx_word' id='word_1_627' title='bbox 3010 3991 3288 4067; x_wconf 89' lang='lat' dir='ltr'>sequenti</span> <span class='ocrx_word' id='word_1_628' title='bbox 3304 3991 3501 4068; x_wconf 86' lang='lat' dir='ltr'>capite</span> 
     </span>
    </p>
   </div>
   <div class='ocr_carea' id='block_1_10' title="bbox 1940 4077 3499 4246">
    <p class='ocr_par' dir='ltr' id='par_1_11' title="bbox 1940 4077 3499 4246">
     <span class='ocr_line' id='line_1_94' title="bbox 1940 4077 3499 4158; baseline 0.004 -22"><span class='ocrx_word' id='word_1_629' title='bbox 1940 4078 2214 4137; x_wconf 89' lang='lat' dir='ltr'>dicemus</span> <span class='ocrx_word' id='word_1_630' title='bbox 2245 4077 2321 4136; x_wconf 89' lang='lat' dir='ltr'>de</span> <span class='ocrx_word' id='word_1_631' title='bbox 2356 4093 2603 4152; x_wconf 85' lang='lat' dir='ltr'>genere,</span> <span class='ocrx_word' id='word_1_632' title='bbox 2638 4077 2751 4135; x_wconf 90' lang='lat' dir='ltr'>sub</span> <span class='ocrx_word' id='word_1_633' title='bbox 2804 4095 2926 4154; x_wconf 92' lang='lat' dir='ltr'>quo</span> <span class='ocrx_word' id='word_1_634' title='bbox 2954 4077 3055 4138; x_wconf 81' lang='lat' dir='ltr'>lex</span> <span class='ocrx_word' id='word_1_635' title='bbox 3083 4082 3499 4158; x_wconf 87' lang='lat' dir='ltr'>constituitur,</span> 
     </span>
     <span class='ocr_line' id='line_1_95' title="bbox 1945 4167 3046 4246; baseline 0 -19"><span class='ocrx_word' id='word_1_636' title='bbox 1945 4175 2156 4246; x_wconf 89' lang='lat' dir='ltr'>postea</span> <span class='ocrx_word' id='word_1_637' title='bbox 2184 4167 2598 4225; x_wconf 82' lang='lat' dir='ltr'>differentiam</span> <span class='ocrx_word' id='word_1_638' title='bbox 2638 4168 3046 4244; x_wconf 79' lang='lat' dir='ltr'>inquiremuS.</span> 
     </span>
    </p>
   </div>
   <div class='ocr_carea' id='block_1_11' title="bbox 1938 4258 3504 5358">
    <p class='ocr_par' dir='ltr' id='par_1_12' title="bbox 1938 4258 3504 5358">
     <span class='ocr_line' id='line_1_96' title="bbox 2027 4258 3499 4341; baseline 0.008 -24"><span class='ocrx_word' id='word_1_639' title='bbox 2027 4261 2087 4317; x_wconf 69' lang='lat'>2.</span> <span class='ocrx_word' id='word_1_640' title='bbox 2135 4258 2259 4318; x_wconf 68' lang='lat' dir='ltr'>Lem</span> <span class='ocrx_word' id='word_1_641' title='bbox 2290 4259 2372 4317; x_wconf 83' lang='lat' dir='ltr'>ad</span> <span class='ocrx_word' id='word_1_642' title='bbox 2411 4261 2698 4317; x_wconf 77' lang='lat' dir='ltr'>naturam</span> <span class='ocrx_word' id='word_1_643' title='bbox 2730 4259 3181 4323; x_wconf 68' lang='lat' dir='ltr'>intellectualem</span> <span class='ocrx_word' id='word_1_644' title='bbox 3221 4266 3499 4341; x_wconf 76' lang='lat' dir='ltr'>pertinet.</span> 
     </span>
     <span class='ocr_line' id='line_1_97' title="bbox 1941 4349 3504 4437; baseline 0.008 -30"><span class='ocrx_word' id='word_1_645' title='bbox 1941 4350 2303 4410; x_wconf 87' lang='lat' dir='ltr'>—Primum</span> <span class='ocrx_word' id='word_1_646' title='bbox 2320 4367 2468 4427; x_wconf 88' lang='lat' dir='ltr'>ergo</span> <span class='ocrx_word' id='word_1_647' title='bbox 2486 4349 2886 4427; x_wconf 89' lang='lat' dir='ltr'>supponimus</span> <span class='ocrx_word' id='word_1_648' title='bbox 2907 4349 3108 4428; x_wconf 90' lang='lat' dir='ltr'>legem</span> <span class='ocrx_word' id='word_1_649' title='bbox 3128 4372 3256 4416; x_wconf 91' lang='lat' dir='ltr'>esse</span> <span class='ocrx_word' id='word_1_650' title='bbox 3271 4357 3504 4437; x_wconf 90' lang='lat' dir='ltr'>aliquid</span> 
     </span>
     <span class='ocr_line' id='line_1_98' title="bbox 1939 4441 3504 4526; baseline 0.006 -23"><span class='ocrx_word' id='word_1_651' title='bbox 1939 4444 2256 4522; x_wconf 83' lang='lat' dir='ltr'>pertinens</span> <span class='ocrx_word' id='word_1_652' title='bbox 2275 4443 2353 4502; x_wconf 91' lang='lat' dir='ltr'>ad</span> <span class='ocrx_word' id='word_1_653' title='bbox 2372 4447 2658 4502; x_wconf 87' lang='lat' dir='ltr'>naturam</span> <span class='ocrx_word' id='word_1_654' title='bbox 2682 4441 3179 4520; x_wconf 89' lang='lat' dir='ltr'>intellectualem,</span> <span class='ocrx_word' id='word_1_655' title='bbox 3201 4457 3504 4526; x_wconf 87' lang='lat' dir='ltr'>quatenus</span> 
     </span>
     <span class='ocr_line' id='line_1_99' title="bbox 1938 4536 3503 4619; baseline 0.004 -22"><span class='ocrx_word' id='word_1_656' title='bbox 1938 4538 2083 4598; x_wconf 88' lang='lat' dir='ltr'>talis</span> <span class='ocrx_word' id='word_1_657' title='bbox 2132 4542 2247 4606; x_wconf 89' lang='lat' dir='ltr'>est,</span> <span class='ocrx_word' id='word_1_658' title='bbox 2280 4543 2461 4615; x_wconf 85' lang='lat' dir='ltr'>atque</span> <span class='ocrx_word' id='word_1_659' title='bbox 2500 4536 2652 4595; x_wconf 89' lang='lat' dir='ltr'>adeo</span> <span class='ocrx_word' id='word_1_660' title='bbox 2689 4536 2769 4595; x_wconf 88' lang='lat' dir='ltr'>ad</span> <span class='ocrx_word' id='word_1_661' title='bbox 2822 4544 3094 4599; x_wconf 89' lang='lat' dir='ltr'>mentem</span> <span class='ocrx_word' id='word_1_662' title='bbox 3147 4542 3279 4619; x_wconf 86' lang='lat' dir='ltr'>ejus</span> <span class='ocrx_word' id='word_1_663' title='bbox 3329 4562 3344 4603; x_wconf 74' lang='grc' dir='ltr'>ε</span> <span class='ocrx_word' id='word_1_664' title='bbox 3391 4545 3503 4604; x_wconf 91' lang='lat' dir='ltr'>sub</span> 
     </span>
     <span class='ocr_line' id='line_1_100' title="bbox 1940 4628 3504 4713; baseline 0.005 -25"><span class='ocrx_word' id='word_1_665' title='bbox 1940 4636 2150 4688; x_wconf 88' lang='lat' dir='ltr'>mente</span> <span class='ocrx_word' id='word_1_666' title='bbox 2177 4628 2559 4688; x_wconf 89' lang='lat' dir='ltr'>intellectum</span> <span class='ocrx_word' id='word_1_667' title='bbox 2585 4634 2647 4687; x_wconf 89' lang='lat' dir='ltr'>et</span> <span class='ocrx_word' id='word_1_668' title='bbox 2683 4629 3068 4692; x_wconf 90' lang='lat' dir='ltr'>voluntatem</span> <span class='ocrx_word' id='word_1_669' title='bbox 3105 4636 3504 4713; x_wconf 90' lang='lat' dir='ltr'>comprehen-</span> 
     </span>
     <span class='ocr_line' id='line_1_101' title="bbox 1939 4721 3502 4806; baseline 0.006 -26"><span class='ocrx_word' id='word_1_670' title='bbox 1939 4722 2143 4780; x_wconf 89' lang='lat' dir='ltr'>dendo</span> <span class='ocrx_word' id='word_1_671' title='bbox 2166 4722 2276 4797; x_wconf 89' lang='lat' dir='ltr'>(ita</span> <span class='ocrx_word' id='word_1_672' title='bbox 2302 4721 2472 4780; x_wconf 92' lang='lat' dir='ltr'>enim</span> <span class='ocrx_word' id='word_1_673' title='bbox 2501 4740 2668 4780; x_wconf 88' lang='lat' dir='ltr'>mmc</span> <span class='ocrx_word' id='word_1_674' title='bbox 2694 4722 2958 4800; x_wconf 87' lang='lat' dir='ltr'>loquor).</span> <span class='ocrx_word' id='word_1_675' title='bbox 2985 4727 3111 4785; x_wconf 91' lang='lat' dir='ltr'>Hoc</span> <span class='ocrx_word' id='word_1_676' title='bbox 3138 4746 3248 4806; x_wconf 89' lang='lat' dir='ltr'>per</span> <span class='ocrx_word' id='word_1_677' title='bbox 3270 4746 3333 4788; x_wconf 89' lang='lat' dir='ltr'>se</span> <span class='ocrx_word' id='word_1_678' title='bbox 3357 4729 3502 4789; x_wconf 81' lang='lat' dir='ltr'>satis</span> 
     </span>
     <span class='ocr_line' id='line_1_102' title="bbox 1940 4813 3500 4891; baseline 0.006 -20"><span class='ocrx_word' id='word_1_679' title='bbox 1940 4820 2161 4872; x_wconf 90' lang='lat' dir='ltr'>notum</span> <span class='ocrx_word' id='word_1_680' title='bbox 2205 4819 2319 4887; x_wconf 89' lang='lat' dir='ltr'>est,</span> <span class='ocrx_word' id='word_1_681' title='bbox 2355 4813 2502 4891; x_wconf 88' lang='lat' dir='ltr'>quia</span> <span class='ocrx_word' id='word_1_682' title='bbox 2549 4813 2649 4873; x_wconf 83' lang='lat' dir='ltr'>lex</span> <span class='ocrx_word' id='word_1_683' title='bbox 2678 4815 2828 4874; x_wconf 89' lang='lat' dir='ltr'>dicit</span> <span class='ocrx_word' id='word_1_684' title='bbox 2876 4819 3175 4879; x_wconf 88' lang='lat' dir='ltr'>moralem</span> <span class='ocrx_word' id='word_1_685' title='bbox 3220 4821 3500 4881; x_wconf 88' lang='lat' dir='ltr'>ordinem</span> 
     </span>
     <span class='ocr_line' id='line_1_103' title="bbox 1939 4905 3501 4986; baseline 0.004 -19"><span class='ocrx_word' id='word_1_686' title='bbox 1939 4909 2017 4967; x_wconf 88' lang='lat' dir='ltr'>ad</span> <span class='ocrx_word' id='word_1_687' title='bbox 2048 4907 2279 4986; x_wconf 85' lang='lat' dir='ltr'>aliquid</span> <span class='ocrx_word' id='word_1_688' title='bbox 2319 4905 2630 4985; x_wconf 86' lang='lat' dir='ltr'>agendum</span> <span class='ocrx_word' id='word_1_689' title='bbox 2663 4928 2677 4964; x_wconf 92' lang='lat'>:</span> <span class='ocrx_word' id='word_1_690' title='bbox 2722 4907 2892 4968; x_wconf 90' lang='lat' dir='ltr'>nulla</span> <span class='ocrx_word' id='word_1_691' title='bbox 2920 4917 3127 4971; x_wconf 88' lang='lat' dir='ltr'>autem</span> <span class='ocrx_word' id='word_1_692' title='bbox 3161 4919 3381 4973; x_wconf 89' lang='lat' dir='ltr'>natura</span> <span class='ocrx_word' id='word_1_693' title='bbox 3410 4920 3501 4974; x_wconf 90' lang='lat' dir='ltr'>est</span> 
     </span>
     <span class='ocr_line' id='line_1_104' title="bbox 1940 4999 3494 5079; baseline 0.005 -19"><span class='ocrx_word' id='word_1_694' title='bbox 1940 5020 2129 5079; x_wconf 82' lang='lat' dir='ltr'>capax</span> <span class='ocrx_word' id='word_1_695' title='bbox 2179 5001 2365 5077; x_wconf 74' lang='lat' dir='ltr'>huJus</span> <span class='ocrx_word' id='word_1_696' title='bbox 2413 4999 2819 5060; x_wconf 88' lang='lat' dir='ltr'>ordinationis</span> <span class='ocrx_word' id='word_1_697' title='bbox 2878 5003 2997 5061; x_wconf 90' lang='lat' dir='ltr'>nisi</span> <span class='ocrx_word' id='word_1_698' title='bbox 3045 5003 3494 5068; x_wconf 85' lang='lat' dir='ltr'>intellectualis.</span> 
     </span>
     <span class='ocr_line' id='line_1_105' title="bbox 1940 5091 3494 5176; baseline 0.006 -25"><span class='ocrx_word' id='word_1_699' title='bbox 1940 5094 2092 5152; x_wconf 85' lang='lat' dir='ltr'>Item</span> <span class='ocrx_word' id='word_1_700' title='bbox 2123 5092 2366 5170; x_wconf 85' lang='lat' dir='ltr'>proprie</span> <span class='ocrx_word' id='word_1_701' title='bbox 2400 5091 2708 5168; x_wconf 91' lang='lat' dir='ltr'>loquendo</span> <span class='ocrx_word' id='word_1_702' title='bbox 2748 5110 2874 5152; x_wconf 91' lang='lat' dir='ltr'>non</span> <span class='ocrx_word' id='word_1_703' title='bbox 2902 5102 3205 5173; x_wconf 84' lang='lat' dir='ltr'>reguntur</span> <span class='ocrx_word' id='word_1_704' title='bbox 3231 5098 3494 5176; x_wconf 80' lang='lat' dir='ltr'>legibuS,</span> 
     </span>
     <span class='ocr_line' id='line_1_106' title="bbox 1942 5183 3497 5272; baseline 0.007 -28"><span class='ocrx_word' id='word_1_705' title='bbox 1942 5203 2055 5244; x_wconf 90' lang='lat' dir='ltr'>nec</span> <span class='ocrx_word' id='word_1_706' title='bbox 2082 5191 2225 5243; x_wconf 88' lang='lat' dir='ltr'>sunt</span> <span class='ocrx_word' id='word_1_707' title='bbox 2253 5201 2504 5261; x_wconf 83' lang='lat' dir='ltr'>capaces</span> <span class='ocrx_word' id='word_1_708' title='bbox 2534 5183 2676 5242; x_wconf 82' lang='lat' dir='ltr'>talis</span> <span class='ocrx_word' id='word_1_709' title='bbox 2703 5185 3185 5266; x_wconf 75' lang='lat' dir='ltr'>gubernationi3‚</span> <span class='ocrx_word' id='word_1_710' title='bbox 3213 5194 3331 5252; x_wconf 89' lang='lat' dir='ltr'>nisi</span> <span class='ocrx_word' id='word_1_711' title='bbox 3360 5214 3497 5272; x_wconf 85' lang='lat' dir='ltr'>quae</span> 
     </span>
     <span class='ocr_line' id='line_1_107' title="bbox 1942 5276 3499 5358; baseline 0.007 -22"><span class='ocrx_word' id='word_1_712' title='bbox 1942 5277 2256 5336; x_wconf 88' lang='lat' dir='ltr'>intellectu</span> <span class='ocrx_word' id='word_1_713' title='bbox 2290 5281 2351 5333; x_wconf 91' lang='lat' dir='ltr'>et</span> <span class='ocrx_word' id='word_1_714' title='bbox 2380 5276 2617 5335; x_wconf 90' lang='lat' dir='ltr'>ratione</span> <span class='ocrx_word' id='word_1_715' title='bbox 2648 5284 2946 5338; x_wconf 87' lang='lat' dir='ltr'>utuntur:</span> <span class='ocrx_word' id='word_1_716' title='bbox 2974 5300 3121 5358; x_wconf 88' lang='lat' dir='ltr'>ergo</span> <span class='ocrx_word' id='word_1_717' title='bbox 3149 5287 3345 5345; x_wconf 89' lang='lat' dir='ltr'>multo</span> <span class='ocrx_word' id='word_1_718' title='bbox 3368 5305 3499 5346; x_wconf 88' lang='lat' dir='ltr'>ma-</span> 
     </span>
    </p>
   </div>
   <div class='ocr_carea' id='block_1_12' title="bbox 1941 5367 3498 5545">
    <p class='ocr_par' dir='ltr' id='par_1_13' title="bbox 1941 5367 3498 5545">
     <span class='ocr_line' id='line_1_108' title="bbox 1942 5367 3498 5452; baseline 0.008 -27"><span class='ocrx_word' id='word_1_719' title='bbox 1942 5367 2036 5444; x_wconf 89' lang='lat' dir='ltr'>gis</span> <span class='ocrx_word' id='word_1_720' title='bbox 2068 5367 2399 5441; x_wconf 88' lang='lat' dir='ltr'>requiritur</span> <span class='ocrx_word' id='word_1_721' title='bbox 2426 5384 2603 5425; x_wconf 89' lang='lat' dir='ltr'>mens</span> <span class='ocrx_word' id='word_1_722' title='bbox 2622 5367 2686 5425; x_wconf 91' lang='lat' dir='ltr'>in</span> <span class='ocrx_word' id='word_1_723' title='bbox 2716 5386 2790 5427; x_wconf 91' lang='lat' dir='ltr'>eo</span> <span class='ocrx_word' id='word_1_724' title='bbox 2816 5373 2923 5448; x_wconf 92' lang='lat' dir='ltr'>qui</span> <span class='ocrx_word' id='word_1_725' title='bbox 2963 5391 3073 5450; x_wconf 92' lang='lat' dir='ltr'>per</span> <span class='ocrx_word' id='word_1_726' title='bbox 3113 5375 3278 5452; x_wconf 86' lang='lat' dir='ltr'>leges</span> <span class='ocrx_word' id='word_1_727' title='bbox 3318 5377 3498 5436; x_wconf 88' lang='lat' dir='ltr'>debet</span> 
     </span>
     <span class='ocr_line' id='line_1_109' title="bbox 1941 5460 3496 5545; baseline 0.006 -25"><span class='ocrx_word' id='word_1_728' title='bbox 1941 5460 2311 5538; x_wconf 83' lang='lat' dir='ltr'>gubernare.</span> <span class='ocrx_word' id='word_1_729' title='bbox 2341 5460 2448 5519; x_wconf 86' lang='lat' dir='ltr'>Est</span> <span class='ocrx_word' id='word_1_730' title='bbox 2473 5475 2622 5535; x_wconf 85' lang='lat' dir='ltr'>ergo</span> <span class='ocrx_word' id='word_1_731' title='bbox 2660 5461 2763 5524; x_wconf 85' lang='lat' dir='ltr'>lex</span> <span class='ocrx_word' id='word_1_732' title='bbox 2807 5464 3043 5545; x_wconf 85' lang='lat' dir='ltr'>aliquid</span> <span class='ocrx_word' id='word_1_733' title='bbox 3091 5468 3170 5527; x_wconf 84' lang='lat' dir='ltr'>ad</span> <span class='ocrx_word' id='word_1_734' title='bbox 3222 5474 3496 5530; x_wconf 91' lang='lat' dir='ltr'>mentem</span> 
     </span>
    </p>
   </div>
  </div>
 </body>
</html>
