3976 6219
960 389 1097 442 CAP.
1130 391 1171 444 1.
1205 390 1292 443 AN
1308 391 1420 446 -sn'
1451 392 1515 445 m
1540 391 1837 448 muman
1866 392 2252 450 svmmvms
2283 391 2616 456 POTBSTAS,
2650 392 2786 445 ETC.

252 487 444 569 prius
474 487 813 568 legislator,
837 496 909 551 ut
936 492 1162 555 dicitur
1200 494 1372 556 Isaiae
1406 497 1520 574 333
1556 513 1706 574 ergo
1732 512 1840 556 ne-

254 601 394 662 que
423 584 490 645 in
522 601 685 645 nova
710 585 850 663 lege
877 585 1041 648 licet.
1068 588 1515 667 Consequentia
1551 587 1841 669 supponi-

254 680 397 752 tur,
443 676 592 755 quia
632 677 834 756 major
872 683 966 739 est
1005 679 1277 759 dignitas
1304 687 1367 742 et
1395 681 1648 744 libertas
1685 698 1841 760 prae-

255 771 463 832 sentis
489 774 707 845 status,
735 789 927 850 quam
955 774 1199 835 veteris.
1230 774 1610 837 Antecedens
1630 781 1840 836 autem

255 861 590 941 probatur,
626 863 777 942 quia
808 864 1011 937 Deut„
1051 868 1093 925 4
1123 872 1186 927 et
1218 868 1318 942 12,
1356 886 1528 948 aeque
1555 867 1840 949 prohibet

258 955 429 1017 Deus
473 954 710 1035 aliquid
757 955 984 1018 addere
1030 958 1178 1037 legi,
1220 959 1376 1021 sicut
1416 966 1478 1022 et
1518 961 1799 1022 minuere
1816 976 1837 1038 3

259 1048 438 1110 unde
467 1049 545 1109 Is.
577 1051 680 1124 29,
712 1050 1112 1129 conqueritur
1128 1052 1289 1113 Deus
1311 1052 1389 1114 de
1414 1054 1449 1115 J
1454 1054 1643 1115 udaeis
1674 1053 1839 1132 quod

260 1139 544 1203 colerent
568 1142 775 1221 ipsum
801 1143 1143 1205 secundum
1166 1144 1462 1207 mandata
1476 1144 1827 1208 hominum.

262 1236 347 1297 Et
394 1238 428 1297 4
477 1236 630 1313 Reg.
675 1238 780 1311 21,
826 1236 1223 1316 reprehendit
1252 1239 1621 1315 Manassem,
1668 1239 1833 1319 quod

262 1348 461 1392 novas
506 1348 644 1392 aras
685 1331 753 1391 in
792 1330 1027 1411 templo
1070 1334 1180 1395 Dei
1210 1334 1343 1396 sine
1375 1335 1509 1413 ejus
1541 1333 1834 1395 mandato

266 1422 580 1485 edidisset.
606 1424 685 1485 Et
697 1423 1036 1486 similiter4
1058 1427 1211 1506 Reg.
1238 1427 1339 1502 16,
1360 1425 1835 1506 reprehenditur

264 1515 493 1591 Achaz,
515 1516 662 1594 quia
684 1514 878 1578 altare
900 1516 967 1578 in
989 1519 1222 1598 templo
1243 1518 1503 1580 addidit.
1527 1519 1833 1595 Secundo,

267 1608 548 1670 Christus
577 1608 831 1670 abstulit
874 1629 912 1672 a
952 1630 1064 1673 sua
1101 1611 1375 1673 Ecclesia
1409 1612 1634 1690 jugum
1681 1612 1836 1690 legis

264 1702 532 1779 veteris3
556 1719 704 1763 nam
727 1703 946 1766 saltem
968 1705 1045 1766 de
1067 1705 1186 1766 hac
1206 1705 1494 1766 libertate
1515 1705 1672 1784 legis
1694 1723 1834 1783 gra·

268 1795 375 1856 tiae
402 1813 531 1856 non
553 1802 645 1857 est
669 1797 836 1859 inter
854 1797 1191 1860 Catholicos
1214 1802 1276 1859 et
1301 1815 1495 1859 novos
1513 1797 1834 1859 haereticos

267 1891 716 1950 controversia:
741 1909 890 1970 ergo
907 1892 1106 1954 multo
1123 1892 1322 1971 magis
1342 1891 1596 1953 abstulit
1606 1893 1833 1971 jugum

264 1983 481 2060 legum
502 1983 1081 2063 ecclesiasticarum3
1109 2003 1239 2046 non
1272 2003 1420 2064 ergo
1443 1985 1613 2046 dedit
1633 1989 1833 2064 potes-

265 2081 458 2136 tatem
486 2075 565 2136 ad
590 2075 729 2137 illas
749 2077 1122 2140 condendas.
1148 2077 1450 2139 Probatur
1467 2077 1669 2157 prima
1689 2093 1834 2138 con-

266 2168 611 2248 sequentia,
642 2170 791 2249 quia
829 2188 987 2232 onus
1027 2177 1118 2232 tot
1156 2171 1370 2250 legum
1398 2172 1833 2233 canonicarum

264 2279 394 2323 non
423 2262 631 2322 minus
671 2270 980 2343 repugnat
1004 2265 1277 2326 libertati
1316 2264 1688 2340 christianae,
1718 2281 1835 2324 nec

265 2355 476 2415 minus
515 2372 847 2416 onerosum
886 2357 1091 2419 reddit
1125 2359 1351 2438 jugum
1382 2356 1632 2436 Christi,
1667 2356 1833 2436 quod

266 2447 400 2527 ipse
445 2466 632 2511 suave
676 2466 806 2510 aese
850 2449 1032 2526 dixit,
1067 2467 1258 2529 quam
1302 2449 1368 2510 id
1408 2449 1640 2511 faceret
1678 2467 1835 2510 onus

267 2543 492 2603 veteris
525 2543 715 2622 legis:
743 2543 909 2605 unde
940 2545 1232 2621 August„
1274 2541 1467 2621 Epist.
1498 2540 1642 2618 219,
1684 2541 1835 2603 dicit

264 2635 533 2697 voluisse
565 2635 877 2697 Christum
910 2634 1275 2716 religionem
1311 2653 1492 2714 quam
1520 2635 1834 2714 paucissi-

263 2730 387 2791 mis
430 2731 823 2794 sacramentis
863 2747 984 2794 esse
1022 2729 1295 2803 liberam,
1328 2731 1393 2788 et
1434 2726 1640 2789 subdit
1680 2728 1834 2790 bano

263 2822 600 2885 libertatem
641 2825 838 2901 premi
883 2823 1164 2887 humanis
1211 2821 1635 2897 observantiis,
1683 2827 1826 2898 etc„

262 2933 405 2994 quae
442 2914 532 2976 ibi
564 2915 764 2977 videri
796 2918 1072 2996 possunt.
1115 2914 1343 2990 Ter-tic,
1371 2931 1695 2993 possumus
1734 2932 1832 2975 ar-

264 3009 646 3086 gumentari,
675 3009 824 3089 quia
865 3007 967 3069 vel
1004 3007 1136 3068 haec
1168 3011 1437 3088 potestas
1475 3005 1692 3083 dirigit
1720 3006 1832 3067 ho-

265 3100 469 3163 mines
493 3101 575 3163 ad
600 3101 949 3164 naturalem
977 3100 1193 3177 finem,
1230 3099 1331 3162 vel
1361 3097 1441 3161 ad
1468 3107 1832 3179 supernatu-

138 3230 143 3233 -
261 3194 460 3256 ralem
485 3215 498 3257 :
526 3195 606 3256 ad
634 3196 909 3275 primum
936 3193 1277 3256 necessaria
1299 3210 1428 3254 non
1461 3199 1576 3267 est,
1605 3192 1833 3255 sufficit

263 3288 434 3349 enim
477 3293 742 3367 potestas
782 3288 1071 3368 politica:
1116 3287 1196 3348 ad
1239 3286 1579 3348 secundum
1619 3292 1832 3348 autem

260 3381 660 3460 impossibilis
688 3387 801 3457 est,
827 3381 1072 3442 excedit
1093 3381 1263 3442 enim
1286 3379 1628 3441 humanam
1651 3398 1829 3459 capa-

264 3475 537 3549 citatem,
578 3474 726 3554 quia
770 3492 956 3535 nemo
981 3478 1185 3554 potest
1224 3471 1555 3534 efficaciter
1581 3490 1828 3534 movere

262 3568 580 3630 hominem
611 3569 689 3629 ad
717 3568 907 3630 finem
935 3566 1491 3649 supernaturalem,
1517 3566 1639 3627 nisi
1664 3567 1829 3628 solus

262 3662 460 3722 Deus:
494 3678 642 3739 ergo
678 3679 795 3722 nec
838 3661 1006 3740 leges
1047 3660 1314 3721 condere
1352 3678 1490 3739 quoe
1528 3658 1609 3719 ad
1648 3659 1827 3720 illum

265 3752 458 3815 finem
484 3753 825 3833 perducant
836 3771 856 3832 3
884 3771 1033 3815 nam
1055 3752 1334 3832 ejusdem
1363 3757 1454 3813 est
1478 3752 1642 3814 ferre
1663 3752 1831 3831 leges

263 3845 579 3909 ordinatas
606 3847 683 3908 ad
708 3846 979 3926 aliquem
1006 3846 1220 3921 finem,
1251 3864 1322 3907 cu
1321 3846 1428 3925 jus
1447 3850 1539 3907 est
1570 3844 1827 3907 efficaci·

261 3946 359 4002 ter
387 3957 636 4001 movere
665 3940 733 4000 in
760 3939 1049 4001 eumdem
1079 3939 1292 4000 finem.

345 4035 405 4094 3.
449 4033 673 4096 Prima
721 4034 1039 4096 conches-io.
1065 4030 1505 4092 —Dicendum
1539 4047 1685 4092 vero
1737 4036 1830 4092 est

264 4127 463 4208 primo
491 4144 619 4187 esse
646 4126 714 4186 in
750 4125 1018 4187 Ecclesia
1039 4124 1420 4205 peculiarem
1464 4129 1829 4204 potestatem

262 4220 342 4281 ad
371 4218 708 4298 regendam
740 4223 803 4280 et
838 4217 1308 4298 gubernandam
1336 4216 1532 4277 illam.
1562 4217 1707 4277 Haec
1733 4235 1831 4278 as-

264 4312 451 4373 sertio
504 4317 596 4372 est
637 4310 714 4373 de
739 4311 885 4386 fide,
916 4329 1055 4390 quae
1081 4309 1378 4391 probatur
1421 4309 1726 4390 praecipue
1755 4328 1833 4372 ex

246 4402 467 4471 ,verbis
484 4403 708 4464 Christi
725 4404 906 4465 dictis
924 4404 1106 4465 Petro
1124 4402 1341 4465 Matth.
1372 4402 1480 4463 16:
1512 4403 1656 4465 Tibi
1684 4404 1830 4465 dabo

266 4496 477 4570 claves,
513 4500 570 4557 et
602 4496 998 4578 quodcumque
1032 4496 1346 4576 liyaveris,
1366 4501 1511 4571 etc.,
1566 4500 1630 4556 et
1647 4496 1826 4557 Joan.

264 4591 336 4652 21
366 4589 593 4653 :Pasce
614 4608 746 4653 oves
769 4608 953 4663 meas,
983 4607 1123 4670 quae
1149 4588 1335 4651 verba
1365 4588 1624 4650 inferius
1648 4588 1832 4651 latius

264 4682 701 4764 expendemus.
737 4681 969 4744 Deinde
1003 4681 1301 4761 probatur
1343 4699 1423 4743 ex
1451 4681 1654 4743 verbis
1689 4700 1830 4762 quae

263 4777 609 4858 generatim
630 4775 788 4837 dixit
812 4775 1118 4856 Apostolis
1134 4776 1278 4837 Luc.
1316 4775 1394 4836 10
1424 4794 1438 4835 =
1461 4774 1581 4848 Qui
1600 4794 1705 4839 vos
1718 4793 1828 4838 au-

265 4870 355 4931 dit
374 4886 468 4930 me
493 4868 690 4943 audit,
715 4873 772 4930 et
793 4869 1025 4948 quivos
1045 4868 1277 4947 spernit
1289 4885 1379 4930 me
1391 4867 1623 4946 spernit
1642 4892 1665 4929 .·
1685 4886 1826 4948 quoe

262 4959 454 5023 verba
498 4977 628 5021 non
659 4959 861 5022 solum
888 4966 1196 5041 quantum
1228 4960 1309 5021 ad
1333 4959 1700 5037 doctrinam,
1721 4962 1828 5024 sed

264 5055 452 5117 etiam
480 5058 785 5134 quantum
815 5054 892 5115 ad
914 5060 1216 5135 praecepta
1246 5052 1648 5131 inteUigenda
1672 5073 1826 5133 esse,

262 5153 486 5229 praeter
523 5148 901 5229 expositores
930 5148 1042 5224 ibi,
1080 5147 1412 5209 declaravit
1441 5146 1673 5225 optime
1713 5149 1828 5229 Cy-

264 5242 492 5322 priam,
534 5258 636 5321 ep.
691 5242 794 5317 69,
831 5245 893 5302 et
932 5239 1114 5301 Basil.
1147 5240 1215 5300 in
1252 5238 1503 5301 Constit.
1536 5241 1824 5319 Monast„

264 5354 317 5396 c.
343 5337 420 5396 22
450 5341 513 5396 et
539 5335 644 5410 23,
674 5339 737 5395 et
762 5335 1029 5396 sumitur
1056 5352 1133 5396 ex
1164 5334 1302 5396 aliis
1326 5333 1529 5396 verbis
1550 5335 1826 5413 ejusdem

266 5427 487 5489 Christi
510 5428 691 5488 Joan.
721 5429 803 5489 20
824 5449 839 5488 :
866 5427 1050 5492 Siout
1077 5429 1251 5491 misit
1275 5446 1368 5490 me
1391 5429 1594 5491 vivens
1611 5429 1824 5508 Pater,

266 5526 320 5586 ei
345 5538 451 5604 eqo
487 5522 667 5585 mitto
688 5513 792 5586 bos
819 5545 841 5583 .·
882 5521 1108 5583 missus
1154 5526 1247 5583 est
1291 5526 1504 5582 autem
1551 5521 1827 5585 Christus

3365 383 3483 445 327

1918 513 2047 556 non
2075 493 2277 556 solum
2311 500 2383 556 ut
2415 494 2649 569 doctor,
2691 492 2798 555 sed
2842 491 3031 554 etiam
3059 495 3133 550 ut
3170 488 3488 569 legislator

1919 594 1983 650 et
2004 587 2404 668 gubernator,
2430 589 2614 667 juxta
2657 585 2810 648 illud
2859 587 2958 646 Ps.
3005 586 3044 645 2
3094 601 3111 645 :
3156 583 3325 646 Dabo
3371 584 3486 646 tibi

1919 687 2120 761 yentes
2168 682 2577 743 Itoereditatem
2625 685 2834 754 tuam,⁸
2867 694 3034 757 reyes
3069 673 3174 740 'eos
3209 677 3278 738 in
3304 677 3485 755 vie-‚qa

1918 779 2152 854 ferrea,
2187 781 2248 836 et
2291 775 2477 837 latius
2516 774 2583 835 in
2631 773 2741 835 lib.
2799 774 2876 834 10
2908 771 3254 832 videbimus
3287 786 3304 829 ε
3336 787 3484 848 ergo

1920 869 2110 931 etiam
2131 869 2299 929 misit
2325 886 2467 929 suos
2492 866 2813 947 Apostolos
2831 883 2974 926 cum
2995 863 3325 926 sufficienti
3346 881 3486 941 par-

1919 961 2279 1041 ticipatione
2327 961 2494 1022 illius
2520 959 2857 1040 potestatis.
2899 960 3188 1035 Regnum
3222 956 3393 1018 enim
3422 962 3486 1016 et

1919 1055 2201 1134 regimen
2224 1053 2448 1114 Christi
2473 1051 2822 1114 inEcclesia
2860 1050 3167 1112 militante
3197 1067 3325 1112 non
3353 1053 3484 1110 erat

1913 1146 2259 1208 finiendum
2311 1164 2453 1207 cum
2501 1146 2631 1207 vita
2671 1144 2919 1205 mortali
2972 1144 3127 1222 ejus,
3173 1148 3283 1203 aut
3336 1159 3482 1202 cum

1913 1238 2240 1320 praesentia
2279 1237 2510 1298 visibili
2551 1242 2614 1298 et
2657 1235 2961 1316 corporali
3008 1235 3076 1294 in
3111 1234 3291 1295 terris
3313 1281 3330 1307 ,
3375 1232 3482 1294 sed

1914 1337 2214 1412 perpetuo
2241 1336 2374 1392 erat
2403 1330 2801 1405 duraturum,
2825 1329 3008 1407 juxta
3039 1326 3192 1387 illud
3233 1348 3247 1386 :
3289 1325 3483 1389 Dabit

1916 1425 2019 1488 illi
2046 1426 2343 1488 Dominus
2391 1425 2580 1487 sedem
2604 1424 2812 1486 David
2837 1421 3058 1484 Patris
3085 1421 3239 1500 ejus,
3286 1425 3341 1482 et
3381 1437 3483 1482 re-

1914 1518 2128 1597 ynabit
2159 1519 2228 1579 in
2252 1522 2559 1592 oeternwm,
2586 1517 2730 1577 Luc.
2765 1517 2795 1575 1
2839 1536 2853 1575 :
2887 1531 3035 1593 ergo
3061 1511 3479 1573 necessarium

1914 1612 2037 1673 fuit
2063 1618 2133 1673 ut
2166 1612 2545 1691 relinqueret
2573 1612 2641 1672 in
2678 1610 2858 1672 terris
2885 1614 3250 1689 potestatem
3274 1607 3475 1668 vicem

1915 1706 2051 1784 ejus
2083 1711 2422 1782 tenentem,
2453 1724 2565 1786 per
2611 1723 2800 1784 quam
2841 1703 2961 1764 hoc
2987 1702 3270 1781 regimen
3298 1700 3480 1779 spiri-

1910 1799 2079 1861 tuale
2103 1805 2401 1879 perpetuo
2419 1800 2694 1861 duraret.

1993 1894 2053 1955 4.
2100 1894 2404 1969 Secundo,
2455 1891 2884 1973 principaliter
2909 1891 3028 1953 hoc
3058 1889 3357 1971 probatur
3402 1904 3480 1948 ex

1914 2004 2032 2047 usu
2058 1986 2246 2066 hujus
2272 1988 2609 2067 potestatis,
2643 1988 2800 2048 Nam
2829 1985 3068 2065 primus
3095 1989 3269 2044 actus
3293 1981 3481 2059 hujus

1912 2080 2230 2159 potestatis
2280 2080 2389 2160 qui
2433 2081 2502 2141 in
2552 2080 2870 2159 Scriptura
2914 2077 3178 2158 legitur,
3233 2075 3481 2138 videtur

1911 2174 2101 2235 fuisse
2133 2174 2450 2236 decretum
2484 2174 2909 2255 Apostolicum
2947 2173 3156 2234 Actor.
3198 2173 3275 2231 15
3318 2186 3334 2230 :
3378 2168 3481 2233 Vi-

1911 2285 2048 2330 swm
2079 2274 2164 2331 est
2193 2267 2476 2348 Spiritui
2511 2268 2738 2332 Sancto
2768 2273 2822 2330 et
2858 2267 3049 2342 nobis,
3097 2263 3259 2326 nibil
3309 2263 3479 2325 ultra

1913 2363 2212 2440 imponere
2237 2362 2403 2425 vobis
2424 2362 2643 2437 oneris,
2674 2378 2854 2441 quam
2876 2361 3001 2422 Icoeo
3020 2355 3379 2430 necessaria,
3408 2359 3480 2416 nt

1914 2454 2290 2517 abstineatis.
2321 2454 2441 2515 Ubi
2461 2453 2584 2514 duo
2605 2453 3001 2515 continentur
3021 2450 3301 2511 humana
3327 2464 3480 2528 prae-

1914 2553 2092 2627 cepta
2125 2548 2440 2623 canonica,
2466 2565 2664 2608 unum
2683 2548 3010 2627 imponens
3036 2543 3191 2606 illud
3218 2560 3377 2605 onus
3406 2546 3480 2602 ut

1911 2641 2358 2716 necessarium,
2411 2658 2551 2719 quae
2580 2641 2704 2701 duo
2755 2640 2943 2702 verba
2992 2638 3153 2700 clare
3200 2635 3478 2697 indicant

1910 2733 2395 2815 prohibitionem
2437 2733 2551 2794 sub
2583 2739 2920 2814 praecepto3
2960 2732 3129 2795 aliud
3154 2747 3304 2792 vero
3331 2728 3474 2802 fuit,

1910 2825 2011 2888 vel
2065 2826 2531 2903 declarativum,
2586 2825 2687 2888 vel
2735 2825 3226 2899 constitutivum,
3277 2827 3351 2883 ut
3399 2838 3477 2882 ex

1909 2925 2060 2980 tunc
2090 2919 2249 2980 nihil
2274 2920 2445 2981 aliud
2488 2919 2914 2981 caeremoniale
2938 2916 3093 2996 legis
3131 2916 3333 2996 Moysi
3367 2913 3478 2974 ob-

1911 3017 2264 3073 servaretur
2314 3018 2385 3073 ut
2437 3013 2855 3074 necessarium
2886 3027 3042 3072 onus
3092 3028 3108 3071 :
3159 3015 3221 3071 et
3256 3009 3324 3069 in
3350 3006 3478 3068 fine

1911 3105 2129 3185 capitis
2146 3104 2372 3167 dicitur
2399 3107 2476 3168 de
2500 3105 2737 3167 Paulo.
2755 3103 3225 3169 Perambulabat
3247 3100 3473 3182 proeoi-

1905 3200 2082 3278 piens
2107 3200 2405 3261 custodire
2426 3203 2726 3279 proeeepta
2750 3197 3174 3276 Apostolorum
3204 3201 3260 3258 et
3285 3195 3476 3258 senio-

1909 3309 2071 3354 rum.
2105 3291 2382 3353 Fuerunt
2408 3311 2557 3372 ergo
2597 3291 2706 3353 illa
2736 3309 2887 3353 vera
2912 3295 3216 3372 praecepta
3252 3288 3473 3349 huma-

1906 3403 2015 3461 na,
2041 3385 2117 3446 de
2145 3384 2371 3465 quibus
2408 3385 2591 3466 plura
2614 3385 2891 3446 dicemus
2943 3382 3109 3444 inira
3150 3381 3471 3443 tractando

1908 3478 1985 3539 de
2028 3479 2360 3540 cessatione
2390 3478 2729 3557 legalium3
2759 3478 2926 3539 unde
2971 3475 3276 3538 constabit
3317 3474 3473 3534 illud

1908 3572 2082 3651 prius
2126 3589 2255 3632 non
2288 3571 2591 3651 obligasse
2642 3590 2719 3633 ex
2762 3570 3013 3650 propria
3055 3568 3472 3650 prohibitione

1908 3664 2175 3725 Christi:
2206 3663 2327 3725 fuit
2349 3683 2497 3743 ergo
2530 3683 2641 3745 pro
2666 3664 2775 3725 illo
2800 3669 3079 3742 tempore
3106 3662 3473 3723 mandatum

1907 3757 2336 3837 apostolicum.
2367 3758 2598 3819 Deinde
2648 3756 2874 3819 Paulus
2899 3757 2969 3817 in
3023 3755 3150 3816 suis
3202 3753 3476 3835 epistolis

1908 3869 2069 3931 saepe
2101 3856 2543 3913 commemorat
2584 3856 2975 3931 potestatem,
3006 3866 3196 3929 quam
3229 3849 3318 3909 ait
3352 3847 3477 3911 sibi

1908 3944 2138 4006 dedisse
2188 3944 2518 4005 Dominum
2572 3944 2641 4004 in
2691 3942 3179 4019 aedificationem,
3235 3958 3354 4002 non
3407 3940 3477 4001 in

1910 4037 2383 4105 destructionem,
2422 4037 2462 4095 2
2492 4033 2572 4095 ad
2599 4033 2873 4096 Corinth.
2922 4035 3036 4110 133
3067 4038 3131 4093 et
3166 4036 3198 4093 1
3251 4033 3329 4093 ad
3367 4032 3478 4093 Co-

1909 4129 2107 4190 rinth.
2134 4130 2174 4189 4
2200 4129 2543 4207 interrogat
2575 4148 2590 4187 :
2624 4128 2824 4193 Vultis
2847 4131 2919 4188 nt
2942 4126 3011 4187 in
3038 4125 3220 4203 virya
3240 4126 3477 4187 veniam

1911 4222 1994 4283 ad
2018 4239 2121 4284 vos
2152 4223 2181 4282 ,²
2245 4221 2437 4300 Virqa
2488 4226 2701 4281 autem
2745 4217 3055 4297 significat
3111 4221 3476 4296 potestatem

1911 4312 2410 4391 gubernativam,
2459 4331 2623 4394 quae,
2673 4315 2980 4392 quatenus
3018 4309 3317 4370 directiva
3355 4314 3470 4386 est,

1911 4404 2138 4466 dicitur
2180 4406 2364 4486 oirqa
2389 4407 2760 4481 directionis,
2782 4403 3007 4464 Psalm.
3038 4404 3117 4463 44
3128 4417 3151 4479 3
3171 4407 3477 4481 quatenus

1909 4518 2057 4561 vero
2074 4500 2467 4577 estcoactiva,
2488 4500 2714 4561 dicitur
2725 4500 2906 4578 virga
2934 4499 3160 4574 smect,
3188 4495 3415 4556 Psalm.
3435 4499 3475 4557 2

1911 4611 1991 4655 ex
2021 4594 2281 4673 August.
2315 4598 2661 4675 exponente
2690 4597 3026 4670 utrumque
3056 4588 3284 4651 locum.
3314 4592 3472 4652 Nam

1909 4686 1978 4747 in
2006 4686 2197 4767 priori
2222 4687 2348 4747 ait:
2378 4685 2749 4750 Direetionis
2769 4686 2949 4764 virya
2972 4688 3081 4759 est,
3102 4699 3233 4764 quoe
3251 4684 3479 4762 diriyit

1909 4780 2197 4856 homines,
2239 4785 2303 4841 et
2337 4780 2503 4841 infra
2553 4795 2571 4839 ι
2610 4777 2833 4842 Accede
2871 4777 2955 4839 ad
2992 4777 3178 4839 istam
3205 4777 3471 4855 viryam,

1904 4874 1992 4935 sit
2032 4874 2147 4935 tibi
2180 4891 2289 4937 rece
2322 4871 2628 4949 Christus,
2668 4876 2843 4950 royac
2885 4874 2940 4933 te
2977 4870 3115 4949 ipsa
3150 4870 3354 4947 eirea,
3402 4888 3475 4933 ne

1907 4968 2171 5045 franaat
2207 4971 2282 5028 te.
2327 4966 2519 5046 Virya
2546 4965 2701 5027 enim
2731 4968 2817 5026 est
2843 4962 2959 5026 illa
2985 4961 3369 5041 infieoeibilis.
3397 4961 3476 5022 Et

1907 5059 1975 5120 in
2003 5058 2327 5139 posteriori
2359 5058 2495 5121 loco
2531 5060 2897 5138 exposuerat
2934 5056 3177 5133 virgam
3207 5057 3473 5130 sem-eam

1908 5170 2032 5215 esse
2051 5152 2446 5231 infieoeibilem
2461 5151 2796 5229 justitiam.
2823 5148 3000 5209 Unde
3043 5147 3111 5207 in
3140 5146 3330 5226 priori
3363 5148 3473 5209 ad-

1908 5243 2051 5305 dit:
2081 5243 2259 5306 Alios
2278 5243 2461 5322 reyit,
2492 5242 2648 5304 alios
2673 5242 2946 5316 conterit,
2971 5241 3132 5319 reait
3165 5241 3470 5319 spiritua-

1908 5338 2029 5414 les,
2075 5338 2326 5400 conterit
2377 5335 2666 5398 carnales.
2687 5333 2878 5401 ,Talis
2899 5351 3069 5421 ergo
3115 5338 3248 5395 erat
3294 5334 3472 5414 virga

1908 5428 2085 5491 Pauli
2106 5427 2392 5491 aChristo
2419 5416 2815 5508 participata3
2832 5422 3010 5513 unde
3019 5427 3238 5493 statim
3266 5446 3401 5508 cap.
3429 5430 3468 5489 5

1906 5522 2312 5604 virgaillaut
2351 5522 2552 5587 ferrea
2574 5527 2780 5600 utens,
2814 5521 2960 5635 aitf
2977 5520 3162 5586 Jam
3186 5522 3470 5601 judicavi
