3976 6219
530 392 652 459 380

527 519 585 563 c.
628 500 1049 582 Vener-abilam
1089 502 1130 585 ἓ
1157 500 1273 565 ult.
1315 500 1393 565 de
1419 500 1700 563 Sentent.
1731 516 2093 563 excommu-

529 594 743 671 nicat„
787 595 856 657 in
899 597 960 658 6.
1011 599 1089 659 Et
1124 596 1288 659 hanc
1333 594 1706 657 sententiam
1749 592 2095 655 defendunt

528 685 722 765 aliqui
749 688 1036 751 moderni
1061 690 1128 749 in
1152 688 1272 749 bac
1300 686 1580 760 materia,
1607 691 1671 749 et
1699 704 1777 747 ex
1801 686 1912 747 illa
1936 684 2095 745 infe·

527 784 677 841 runt
703 780 930 859 primo,
973 798 1120 843 eum
1159 779 1364 861 quiin
1389 778 1871 858 Quadragesima
1905 775 2093 839 confi-

527 876 696 933 tetur
722 872 1050 951 diminute,
1092 871 1358 937 tacendo
1375 877 1439 933 et
1469 871 1813 933 omittendo
1850 870 1918 931 in
1945 888 2093 933 3011-

529 961 792 1027 fessione
817 972 1067 1047 peccata
1087 964 1290 1029 cordis
1315 982 1428 1045 per
1452 982 1518 1027 se
1549 964 1810 1039 occulta,
1841 980 1970 1025 non
1996 963 2093 1023 in-

527 1073 774 1117 currere
811 1059 1182 1121 sententiam
1209 1054 1861 1119 excommunicationis
1897 1054 2092 1117 latam

529 1154 744 1211 contra
770 1168 874 1213 eos
913 1152 1024 1231 qui
1053 1169 1181 1212 non
1211 1150 1542 1212 observant
1577 1152 1952 1229 proeceptum
1979 1148 2093 1207 Ec-

529 1239 728 1303 cloeiae
754 1243 1092 1305 confitendi
1115 1242 1307 1306 semel
1331 1242 1400 1304 in
1435 1258 1624 1319 auno,
1654 1241 1804 1321 quia
1823 1238 1931 1301 ille
1965 1257 2096 1301 non

529 1336 978 1413 &ansgrcditur
985 1341 1360 1417 proeceptum
1373 1334 1672 1411 Ecclaeioe,
1685 1334 1796 1396 sed
1809 1332 2095 1395 divinum

527 1430 799 1503 tantum,
819 1429 968 1509 quia
989 1447 1120 1491 non
1145 1428 1378 1491 omittit
1401 1427 1934 1491 circumstantiam
1951 1444 2097 1489 con·

529 1517 812 1583 fessionis
863 1526 1209 1597 externam,
1261 1521 1340 1583 de
1393 1538 1520 1599 qua
1567 1520 1760 1600 possit
1813 1518 2097 1581 Ecclesiae

533 1617 811 1675 constare
839 1633 856 1673 ε
903 1612 1070 1675 unde
1103 1612 1269 1674 idem
1296 1631 1336 1674 a
1369 1611 1609 1673 fortiori
1635 1610 1845 1673 dicent
1875 1607 1954 1673 de
1990 1609 2099 1671 1110

532 1703 642 1783 qui
683 1703 1013 1766 confitetur
1056 1702 1331 1767 invalide
1375 1721 1456 1765 ex
1494 1703 1736 1767 defectu
1787 1702 2100 1763 interioris

533 1793 764 1857 doloris
789 1796 1136 1859 necessarii.
1170 1795 1478 1871 Secunde,
1499 1794 1780 1857 inferunt
1805 1794 2101 1857 clericum

533 1886 974 1949 beneficiatum
989 1888 1354 1950 recitantem
1367 1887 1550 1949 horas
1569 1888 1842 1951 exterius
1856 1886 2101 1965 integre

535 1984 599 2041 et
625 1979 948 2058 complete,
991 1980 1277 2059 quamvis
1303 1980 1440 2042 sine
1467 1980 1598 2041 ulla
1623 1980 2103 2043 attentionere·

535 2071 682 2133 citet
714 2072 1083 2149 voluntarie,
1125 2090 1252 2134 non
1280 2071 1628 2151 transgredi
1654 2072 1978 2153 proprium
2006 2088 2103 2133 ec·

537 2163 950 2227 elesiasticum
973 2170 1375 2245 praeceptum,
1405 2182 1522 2225 nec
1545 2164 1863 2227 incurrere
1889 2181 2103 2244 poenas

536 2256 972 2319 ecclesiasticas
998 2258 1316 2337 impositas
1351 2258 1912 2338 transgressoribus
1931 2258 2101 2319 1111113

536 2351 845 2430 praecepti,
895 2352 1043 2431 quia
1068 2350 1228 2411 nihil
1251 2352 1486 2413 omittit
1511 2369 1728 2413 eorum
1768 2370 1908 2427 quoe
1935 2356 2106 2413 exte-

535 2443 665 2503 rius
700 2442 834 2505 fieri
860 2444 1111 2519 debent,
1151 2450 1214 2505 et
1240 2445 1316 2506 de
1341 2444 1566 2524 quibus
1597 2444 1790 2524 possit
1816 2444 2102 2505 Ecclesiae

536 2542 834 2599 constare.
858 2537 1044 2599 Secus
1055 2554 1202 2599 vero
1221 2542 1380 2599 esset
1401 2537 1456 2597 si
1475 2537 1584 2598 illa
1600 2536 1828 2599 mentis
1845 2536 2101 2599 distrac-

536 2628 627 2689 tio
657 2647 736 2691 ex
762 2629 1004 2691 actione
1029 2628 1322 2691 exteriori
1348 2628 1662 2708 prohibita
1697 2630 2098 2709 proveniret3

537 2738 688 2782 nam
728 2725 882 2783 tune
915 2721 1052 2799 jam
1079 2726 1284 2799 posset
1317 2726 1602 2781 constare
1642 2721 1720 2782 de
1759 2727 2103 2799 transgres—

537 2815 732 2875 sione.
746 2813 976 2889 Tertio,
1005 2813 1285 2875 inferunt
1299 2830 1428 2875 non
1450 2831 1704 2892 peceare
1721 2820 1940 2876 contra
1959 2833 2105 2895 pro·

537 2904 908 2967 bibitionem
925 2905 1208 2967 Ecclesiae
1235 2906 1634 2985 inquisitores
1659 2907 1889 2987 injuste
1915 2925 2105 2987 agen·

536 3006 632 3061 tes
685 3018 762 3062 ex
816 2999 982 3077 odio,
1037 3018 1155 3063 nec
1206 3018 1532 3063 censuram
1585 3001 1922 3079 incurrere,
1977 3002 2102 3063 nisi

537 3093 751 3158 odium
773 3092 975 3156 illud
956 3114 1025 3157 13
1054 3092 1188 3177 ipso
1223 3100 1480 3160 externo
1505 3113 1692 3177 opere
1731 3096 2097 3174 ostendant3

536 3191 600 3250 31
625 3187 712 3248 313
733 3188 812 3250 (13
843 3187 1004 3250 31113.
1347 3251 1355 3258 .

617 3283 678 3342 5.
719 3283 902 3346 Metu
927 3282 1196 3348 auctoris
1218 3287 1274 3346 ot
1293 3281 1866 3346 distinctim—Mihi
1885 3287 2101 3345 autem

531 3373 776 3436 videtur
806 3374 1204 3437 distinctione
1229 3375 1574 3451 utendum3
1607 3392 1758 3436 nam
1784 3375 2101 3437 interdum

533 3471 712 3527 actus
752 3467 1040 3528 internus
1079 3467 1486 3545 coniungitur
1507 3483 1652 3527 cum
1683 3471 1940 3529 externo
1963 3473 2101 3528 tan-

532 3576 726 3638 quam
750 3559 1132 3621 necessarius
1159 3559 1240 3620 ad
1265 3559 1514 3638 aliquod
1547 3577 1680 3622 esse
1707 3559 1968 3634 morale,
1998 3559 2100 3622 vel

533 3649 708 3728 quasi
733 3649 1078 3726 artificiale,
1108 3649 1275 3730 quod
1315 3649 1422 3711 lex
1451 3649 1731 3712 humana
1776 3656 1979 3731 potest
2002 3651 2100 3713 in-

537 3739 790 3802 tendere
820 3740 922 3802 131
954 3742 1307 3820 praecipere,
1327 3745 1458 3803 3310
1487 3741 1594 3806 1113
1615 3747 1789 3804 actus
1805 3749 2100 3806 externus

535 3832 617 3894 ad
673 3832 1060 3895 materialem
1114 3833 1292 3896 illam
1345 3834 1652 3898 actionem
1707 3835 2098 3913 sensibilem,

535 3933 721 4007 prout
735 3927 1008 3990 exterius
1023 3933 1302 4009 apparet,
1321 3931 1703 3993 necessarius
1720 3949 1848 3994 non
1867 3931 1967 3994 sit.
1990 3933 2093 4009 Ut,

535 4023 710 4086 verbi
759 4022 992 4102 gratia,
1039 4023 1308 4086 intentio
1350 4022 1705 4106 baptizandi
1749 4025 2097 4088 necessaria

535 4121 626 4178 est
655 4122 726 4178 ut
758 4115 872 4178 flat
895 4114 1265 4196 Baptismus,
1293 4115 1440 4179 licet
1471 4133 1603 4178 non
1641 4117 1722 4180 sit
1745 4118 2092 4182 necessaria

533 4215 608 4270 ut
649 4208 760 4271 fiat
797 4207 1058 4282 ablutio,
1096 4226 1302 4288 neque
1337 4214 1412 4270 ut
1448 4207 1638 4272 verba
1662 4209 1933 4273 exterius
1953 4227 2096 4290 pro-

531 4299 837 4375 ferantur,
864 4306 928 4361 et
957 4300 1100 4362 ideo
1125 4317 1256 4362 non
1297 4299 1580 4363 obstante
1611 4301 1804 4381 priori
1832 4301 2095 4363 necessi·-

533 4398 682 4470 tate,
711 4393 826 4454 illa
848 4393 1110 4455 intentio
1136 4392 1492 4474 baptizandi
1513 4394 1782 4455 exterius
1806 4411 1936 4456 non
1962 4411 2095 4456 ma-

533 4486 864 4548 nifestatur
908 4486 1228 4548 evidenter
1283 4503 1396 4567 per
1439 4487 1774 4550 exteriores
1823 4487 2097 4549 actiones

533 4580 848 4658 abluendi,
867 4585 978 4642 aut
994 4579 1185 4643 verba
1199 4580 1574 4661 proferendi.
1591 4579 1940 4662 Aliquando
1947 4599 2097 4644 vero

533 4673 936 4753 conjungitur
979 4673 1258 4735 internus
1297 4678 1471 4734 aetus
1503 4674 1798 4737 exteriori
1840 4675 2099 4736 omnino

533 4767 877 4831 extrinsece
897 4772 1031 4829 tam
1047 4766 1304 4847 physice
1325 4780 1515 4850 qnam
1533 4767 1872 4841 moraliter,
1895 4768 1960 4836 id
1978 4773 2095 4843 est,

532 4863 666 4922 tam
719 4863 1000 4939 respectu
1053 4857 1314 4920 actionis
1365 4864 1636 4921 externae
1689 4847 2097 4928 materialiter

535 4955 820 5030 sumptui,
863 4967 1058 5031 quam
1099 4950 1390 5030 respectu
1405 4950 1684 5030 ejusdem
1712 4951 1827 5013 sub
1859 4953 2101 5015 ratione

535 5042 932 5120 sacramenti,
954 5041 1056 5105 vel
1079 5047 1450 5119 contractus,
1471 5042 1570 5104 vel
1590 5043 1848 5106 alterius
1879 5045 2101 5112 similis

535 5133 924 5198 formalitatis
953 5134 1229 5212 moralis,
1249 5153 1402 5216 quse
1409 5134 1728 5222 interdum
1750 5153 1882 5198 esse
1902 5143 2103 5218 potest

535 5227 798 5289 materia
838 5228 994 5307 legis
1017 5227 1333 5306 1111133313,
1377 5225 1480 5291 vel
1521 5215 1957 5310 precipientis,
2001 5230 2101 5304 vel

535 5317 962 5400 prohibentis:
994 5327 1066 5382 ut
1089 5320 1249 5384 erit
1231 5339 1302 5384 13
1327 5321 1496 5382 dic'to
1519 5321 1805 5404 exemplo
1833 5322 2103 5385 intentio

537 5411 897 5493 baptizandi
927 5415 1120 5492 gratis
1147 5421 1214 5478 31
1241 5433 1372 5478 non
1393 5421 1644 5495 propter
1679 5416 1974 5497 pretium,
2003 5415 2105 5478 131

541 5504 668 5574 alia
687 5501 932 5590 amnis,
961 5523 1002 5569 a
1025 5525 1152 5595 qua
1181 5525 1312 5574 non
1335 5507 1568 5594 pendet
1589 5508 1956 5592 baptismus,
1988 5525 2107 5573 nec

1521 398 1638 453 m.
1674 397 1758 453 tv.
1791 397 1876 452 DE
1905 396 2069 453 man
2098 395 2388 451 Posrrm
2416 394 2743 451 emotum.

2170 505 2243 561 ut
2282 498 2539 575 ablutio,
2574 516 2687 561 nec
2714 503 2787 561 ut
2822 504 3297 562 sacramentum.
3336 498 3429 561 De
3454 496 3565 559 his
3596 515 3749 578 ergo

2170 593 2414 655 duobus
2440 590 2770 671 generibus
2804 597 3060 655 actuum
3086 594 3483 655 internorum
3524 609 3751 655 censeo

2172 703 2302 749 3333
2330 686 2575 748 (1113130
2598 685 2788 747 modo
2813 684 3222 765 loquendum,
3242 692 3375 747 tam
3402 687 3475 747 in
3506 704 3747 766 1111333-

2171 780 2293 860 ptis
2318 779 2704 841 affirmativis
2726 794 2919 859 quam
2944 780 3015 841 in
3032 780 3361 861 negativis,
3398 786 3463 843 et
3488 781 3645 841 ideo
3672 782 3752 841 si-

2174 870 2443 953 gillatim
2462 872 2541 933 de
2567 870 2691 939 illis
2710 871 3011 935 dicemus.

2252 966 2313 1027 6.
2361 963 2631 1042 Sufficit
2658 965 2979 1028 necessitas
3010 963 3279 1045 alicuju
3302 981 3431 1029 cese
3460 965 3757 1041 moralis,

2174 1062 2245 1121 nt
2266 1056 3027 1136 aauintmmjuboatm
3044 1058 3115 1119 ob
3136 1064 3474 1134 mmm,
3494 1063 3759 1137 utputa

2174 1150 2516 1215 indacum
2554 1150 2623 1213 ia
2669 1151 3069 1213 sacramentis
3114 1150 3433 1215 Beck-sie.
3478 1184 3571 1195 —-
3610 1151 3759 1213 Dico

2176 1259 2324 1322 ergo
2368 1242 2604 1323 primo:
2650 1240 2985 1322 aliquando
3020 1247 3193 1304 331113
3230 1242 3525 1305 internus
3552 1248 3763 1323 poten

2176 1332 2396 1395 cadere
2438 1334 2555 1395 sub
2594 1332 3041 1413 obligationem
3076 1334 3253 1414 legis,
3298 1352 3415 1397 seu
3454 1335 3763 1415 praecepti

2177 1423 2462 1503 humani,
2492 1426 2683 1489 etiam
2708 1425 2763 1487 si
2788 1444 2867 1487 ex
2893 1426 2958 1488 vi
2996 1432 3169 1489 actus
3192 1426 3447 1489 externi
3478 1427 3765 1488 11133133-

2180 1536 2319 1581 3313
2344 1536 2473 1579 1103
2494 1518 2686 1599 possit
2710 1518 3139 1596 infallibiliter,
3186 1519 3253 1581 id
3294 1526 3414 1596 est,
3446 1519 3611 1581 licet
3636 1538 3765 1581 non

2180 1608 2263 1673 sit
2285 1610 2665 1673 necessarius
2690 1610 2834 1673 talis
2864 1617 3039 1673 actus
3062 1612 3345 1675 internus
3366 1612 3455 1675 ad
3482 1612 3765 1675 efficien-

2178 1702 2333 1765 dum
2364 1702 2769 1765 materialiter
2792 1708 3001 1765 actum
3020 1710 3375 1781 externum,
3402 1704 3763 1767 dummodo

2178 1794 2259 1857 sit
2278 1795 2657 1857 necessarius
2680 1794 2762 1857 ad
2786 1794 3037 1876 aliquod
3076 1814 3209 1861 esse
3238 1798 3485 1859 morale
3510 1800 3765 1861 externi

2178 1894 2379 1964 aetus,
2398 1888 2568 1967 quod
2596 1906 2759 1969 saepe
2777 1894 2981 1968 potest
3006 1907 3139 1953 3333
3160 1892 3425 1953 materia
3446 1890 3619 1970 legis
3646 1892 3763 1953 hu-

2177 1998 2402 2043 manas.
2428 1982 2499 2043 In
2523 1982 2645 2045 boe
2666 1981 2867 2043 sentio
2884 2000 3027 2045 cum
3072 1983 3266 2063 priori
3306 1985 3663 2057 sententia,
3700 1990 3763 2045 et

2176 2073 2435 2135 fortasse
2471 2073 2671 2154 Sylv„
2713 2074 2985 2137 Almain.
3015 2081 3079 2138 et
3114 2077 3337 2139 Navar.
3384 2094 3523 2137 non
3550 2076 3765 2137 inten-

2178 2166 2341 2228 dunt
2364 2165 2483 2228 hoc
2508 2183 2778 2246 negare3
2810 2167 2938 2229 imo
2958 2166 3207 2229 videtur
3230 2185 3367 2230 3333
3392 2168 3763 2229 communis

2178 2260 2483 2321 sententia
2502 2258 2956 2338 theologorum,
2976 2265 3049 2320 ut
3066 2259 3323 2339 patebit.
3352 2261 3431 2321 Et
3448 2260 3763 2339 probatur

2180 2352 2383 2431 primo
2401 2352 2793 2414 inductione:
2814 2370 2965 2415 nam
2986 2353 3066 2413 ad
3083 2370 3227 2415 vere
3246 2352 3761 2415 contrahendum

2184 2464 2296 2525 per
2320 2446 2625 2507 exteriora
2654 2444 2848 2509 verba
2890 2446 3271 2508 necessarius
3320 2452 3413 2509 est
3461 2446 3759 2507 internus

2183 2556 2535 2615 consensus,
2548 2537 2716 2615 licet,
2728 2557 2839 2619 per
2846 2539 3153 2601 exteriora
3164 2538 3353 2601 verba
3366 2544 3755 2614 conti-actus,

2180 2648 2309 2691 non
2351 2631 2670 2693 evidenter
2710 2637 3003 2712 appareat
3036 2631 3179 2693 talis
3208 2649 3567 2708 consensus,
3602 2632 3757 2711 quia

2178 2741 2310 2785 non
2334 2729 2427 2785 331
2452 2724 2831 2787 33333331133
2846 2722 2928 2785 3(1
2946 2724 3357 2811 substantiam
3376 2724 3749 2800 verborum,

2178 2822 2243 2879 et
2284 2822 2501 2879 tamen
2548 2816 2841 2893 Ecclesia,
2884 2817 3013 2878 imo
3052 2823 3118 2879 et
3156 2816 3501 2897 respublica
3542 2824 3753 2897 potest

2177 2908 2445 2971 subditis
2490 2910 2619 2971 suis
2660 2910 2989 2991 praecipere
3028 2910 3097 2971 in
3135 2909 3347 2971 multis
3390 2910 3641 2973 casibus
3678 2916 3751 2971 ut

2176 3018 2323 3063 vere
2341 3002 2730 3079 contrahant,
2754 3007 2820 3065 et
2844 3020 2957 3081 pro
2980 2998 3105 3063 illis
3130 3007 3331 3081 posset
3349 3002 3521 3083 leges
3541 3002 3747 3081 ferre3

2178 3111 2327 3174 ergo
2362 3115 2442 3159 ex
2478 3097 2544 3160 vi
2572 3097 2713 3160 talis
2747 3097 3037 3179 praecepti
3072 3096 3381 3178 obligatur
3428 3097 3623 3161 homo
3665 3100 3749 3162 ad

2178 3191 2669 3254 contrahendum
2700 3209 2845 3254 cum
2868 3208 3019 3253 vero
3050 3209 3374 3268 consensu,
3406 3191 3563 3253 31133
3589 3193 3747 3254 inu-

2176 3281 2303 3344 tilis
2322 3289 2482 3346 esset
2506 3283 2649 3346 talis
2669 3283 2792 3346 lex.
2828 3283 2931 3346 Sic
2950 3283 3139 3346 etiam
3162 3282 3436 3346 Ecclesia
3460 3284 3749 3363 praecipit
3793 3287 3802 3292 '

2176 3377 2469 3438 omnibus
2512 3377 2951 3457 recipientibus
2998 3393 3247 3438 sacrum
3296 3375 3584 3438 ordinem
3601 3421 3624 3452 ,
3674 3385 3745 3438 ut

2176 3470 2524 3532 castitatem
2557 3475 2847 3544 voveant,
2886 3469 3053 3550 quod
3086 3468 3288 3530 facere
3324 3487 3455 3532 non
3486 3475 3747 3549 possunt

2176 3562 2309 3624 3133
2342 3562 2591 3624 interna
2621 3562 2969 3624 intentione
3010 3561 3311 3638 vovendi,
3350 3568 3463 3623 aut
3492 3581 3559 3624 se
3590 3563 3749 3624 obli-

2176 3653 2367 3734 gandi
2384 3653 2466 3716 ad
2490 3654 2862 3730 castitatem,
2883 3672 3023 3734 qum
3048 3671 3163 3734 per
3182 3654 3557 3716 exteriorem
3578 3655 3746 3716 ordi-

2174 3746 2495 3808 nationem
2535 3763 2663 3808 303
2694 3745 3044 3808 innotescit.
3090 3745 3263 3807 Idem
3300 3752 3744 3825 argumentum

2178 3839 2342 3901 sumi
2370 3845 2569 3920 potest
2588 3857 2667 3902 ex
2688 3857 2787 3916 eo,
2822 3838 2985 3919 quod
3006 3839 3276 3902 Ecclesia
3302 3844 3503 3919 potest
3528 3841 3745 3919 praeei-

2180 3948 2329 4012 pere
2374 3931 2699 4008 sacerdoti,
2744 3938 2819 3994 ut
2850 3931 3187 4012 aliquando
3212 3931 3542 4009 sacrificet,
3572 3933 3743 4013 quod

2178 4023 2379 4087 facere
2408 4042 2539 4086 non
2557 4029 2759 4103 potest
2772 4026 2907 4086 sine
2924 4025 3211 4086 interiori
3228 4025 3577 4090 intentione
3594 4043 3745 4088 con-

2176 4115 2459 4193 1131313113
2502 4133 2651 4195 3130
2694 4117 2774 4178 ad
2818 4116 2993 4178 illam
3024 4117 3336 4196 obligatur
3360 4135 3437 4180 ex
3476 4119 3535 4179 vi
3568 4116 3741 4180 1111113

2178 4209 2503 4290 proecepti3
2526 4208 2679 4272 alias
2702 4209 2987 4272 inefficax
3008 4209 3189 4272 valde
3219 4215 3285 4271 et
3324 4209 3535 4272 inutile
3570 4216 3738 4271 esset

2178 4307 2592 4383 111-3133311113,
2642 4302 2971 4383 simileque
3008 4307 3102 4364 est
3134 4301 3213 4366 de
3238 4304 3413 4365 omni
3432 4309 3739 4384 proecepto

2178 4394 2585 4456 ecclesiastico
2609 4394 2952 4475 recipiendi
2979 4393 3231 4475 aliquod
3252 4401 3739 4472 sacramentum3

2178 4492 2243 4549 et
2264 4485 2343 4550 de
2367 4504 2503 4566 cap.
2537 4485 2653 4549 ult.
2674 4487 2755 4549 de
2778 4487 3004 4549 Haeret.
3034 4487 3103 4548 in
3130 4488 3197 4564 6,
3236 4487 3348 4550 ubi
3382 4488 3744 4569 praecipitur

2178 4578 2648 4659 inquisitoribus
2690 4584 2764 4644 ue
2796 4595 3047 4659 Μαι,
3094 4597 3165 4644 ac
3197 4581 3519 4661 providam
3548 4582 3745 4644 moa-

2178 4671 2399 4735 tiomm
2451 4671 2743 4742 habam,
2800 4675 2961 4750 etc.,
2940 4687 2957 4704 ·
3010 4678 3076 4734 et
3118 4671 3196 4734 de
3236 4678 3547 4753 praecepto
3584 4673 3743 4734 reci-

2180 4764 2355 4826 tandi
2396 4762 2581 4827 horas
2618 4765 2983 4842 canonicas,
3023 4783 3173 4828 nam
3206 4765 3535 4846 (quidquid
3560 4765 3645 4827 sit
3668 4765 3744 4828 de

2177 4855 2535 4937 attentione)
2558 4857 2779 4922 saltem
2798 4858 2879 4920 de
2904 4858 3251 4922 intentione
3274 4857 3497 4920 orandi
3522 4875 3741 4920 omnes

2179 4951 2457 5013 doctores
2499 4951 2881 5014 conveniunt
2920 4969 3054 5014 esse
3095 4950 3505 5014 necessariam
3550 4967 3633 5012 ex
3678 4951 3743 5012 vi

2178 5043 2323 5105 talis
2350 5043 2664 5124 praecepti,
2684 5043 2983 5124 quoniam
3002 5043 3139 5106 sine
3154 5043 3501 5108 intentione
3520 5043 3745 5106 orandi

2180 5153 2309 5198 non
2328 5137 2449 5198 erit
2480 5153 2629 5198 vera
2650 5136 2871 5213 oratio,
2900 5136 3009 5198 sed
3033 5135 3199 5198 ficta.

2260 5232 2320 5292 7.
2369 5229 2655 5294 Solvitm·
2694 5229 3401 5310 objectamenta—Dicet
3436 5228 3599 5292 forte
3634 5228 3748 5290 ali-

2180 5322 2319 5402 quis
2334 5322 2403 5383 in
2418 5321 2519 5382 bis
2539 5321 2829 5383 omnibus
2850 5321 3090 5384 casibus
3111 5339 3239 5384 non
3260 5322 3516 5404 praecipi
3534 5328 3746 5384 actum

2178 5416 2499 5478 internum
2528 5433 2609 5478 ex
2632 5415 2879 5496 viJuris
2920 5414 3207 5493 humani,
3248 5416 3357 5480 sed
3382 5435 3460 5479 ex
3500 5416 3744 5495 vijuris

2182 5507 2405 5588 (111131,
2426 5507 2531 5572 131
2554 5507 2876 5580 naturalis.
2898 5509 3057 5574 Nam
3080 5509 3351 5578 Ecclesia
3362 5510 3567 5576 solum
3591 5525 3745 5604 prse-
