3976 6219
448 379 568 439 218

448 486 761 547 bonorum
787 482 1112 563 distinguit
1126 500 1146 561 3
1187 485 1393 564 priora
1411 492 1590 546 vocat
1617 486 1852 561 divina,
1878 502 2014 564 pos-

449 578 677 639 teriora
701 576 1010 638 humana:
1037 584 1099 638 et
1115 578 1182 637 in
1211 578 1518 657 prioribus
1546 579 1721 658 ponit
1748 585 2017 657 quatuor

449 672 714 732 virtutes
747 669 1108 747 cardinales,
1143 671 1206 730 in
1239 671 1682 750 posterioribus
1707 671 1871 732 bona
1889 671 2015 732 for-

449 770 625 824 tunae
648 767 710 822 ct
741 762 1033 841 corporis,
1083 769 1145 824 ct
1191 764 1400 843 priora
1431 764 1580 825 dicit
1632 783 1763 826 esse
1798 764 2014 843 praefe·

449 856 671 931 renda,
714 874 1049 934 eorumque
1108 858 1390 918 ordinem
1444 876 1517 918 ac
1566 859 2015 919 connexionem

451 948 751 1024 declarat,
779 956 842 1009 et
872 948 1224 1027 subjungit:
1261 951 1457 1024 Quare
1484 957 1707 1030 oportet
1733 956 1801 1012 at
1821 952 2016 1030 teyam

447 1061 672 1124 qaoque
713 1044 872 1105 lator
897 1049 952 1105 et
981 1044 1107 1122 ipse
1149 1044 1306 1107 Itane
1332 1046 1596 1107 ordinem
1624 1050 1929 1124 sequatur,
1962 1052 2018 1108 et

449 1139 686 1200 mandet
727 1137 999 1200 omnibus
1019 1143 1090 1200 ut
1129 1157 1354 1217 semper
1382 1140 1506 1201 hoec
1533 1140 1669 1217 ipsa
1696 1140 2017 1218 respicien-

449 1234 537 1292 tes
559 1230 626 1291 in
649 1230 913 1308 sinqulis
936 1236 1270 1309 operentur.
1295 1232 1461 1292 Idem
1484 1232 1854 1312 profitentur
1874 1250 2019 1292 auc-

448 1328 612 1383 tores
636 1321 849 1401 legum
889 1322 1167 1383 civilium
1197 1340 1213 1384 2
1246 1342 1395 1385 nam
1423 1325 1489 1384 in
1522 1324 1564 1386 l.
1599 1329 1656 1401 1,
1684 1325 1748 1385 ff.
1778 1325 1853 1385 de
1880 1326 2017 1386 Jus-

449 1413 586 1476 titia
630 1420 694 1475 et
740 1416 867 1494 jur.
876 1461 898 1491 ,
950 1417 1038 1477 ait
1086 1416 1385 1497 Ulpianus
1427 1433 1444 1477 ε
1492 1419 1545 1480 J
1546 1418 1827 1480 ustitiam
1876 1419 2017 1481 coli-

449 1526 608 1581 mus,
633 1513 747 1569 etc.
781 1507 1062 1570 Declarat
1090 1517 1300 1571 autem
1320 1529 1384 1571 se
1414 1510 1580 1590 loqui
1612 1528 1739 1570 non
1768 1515 2014 1571 tantum

451 1600 526 1661 de
538 1600 831 1679 peculiari
845 1602 1114 1680 justitia,
1136 1604 1244 1664 sed
1267 1604 1343 1665 de
1362 1603 1804 1681 generali,quae
1822 1604 2015 1682 respi-

450 1692 534 1752 cit
561 1693 799 1771 justum
826 1694 1179 1773 legitimum
1209 1697 1300 1773 (ut
1319 1696 1673 1757 Aristoteles
1696 1714 1880 1775 supra
1915 1696 1976 1757 lo
1993 1731 2010 1739 -

450 1786 686 1865 quitur)
693 1803 713 1863 ;
730 1787 896 1849 unde
917 1787 1241 1868 subjungit
1269 1789 1564 1869 Ulpianus
1596 1803 1613 1848 t
1638 1790 1918 1869 AE'quum
1939 1790 2013 1851 ab

451 1878 659 1959 iniquo
688 1888 1053 1959 separantes,
1079 1884 1315 1945 licitum
1342 1884 1415 1943 ab
1439 1884 1656 1945 illicito
1684 1883 2016 1944 discernen-

452 1978 560 2049 tes,
595 1975 771 2036 bonos
803 1976 1043 2052 efficere
1070 1978 1387 2055 cupientes,
1419 1982 1482 2037 et
1504 1975 1666 2037 infra
1689 1976 1756 2035 in
1789 1976 1830 2037 l.
1863 1978 1916 2039 J
1916 1996 2017 2038 us-

452 2066 622 2141 titia,
659 2072 720 2127 et
746 2066 812 2127 in
844 2067 881 2147 ξ
913 2069 1130 2144 Puris,
1158 2069 1353 2130 Instit.
1380 2069 1515 2130 eod.
1549 2069 1771 2129 dicitur
1794 2086 1809 2129 ε
1831 2070 2021 2131 Jaris

443 2165 748 2238 praecepta
770 2166 911 2222 suat
939 2163 1083 2236 Itoeo,
1122 2164 1357 2224 honeste
1379 2163 1596 2237 vivere,
1618 2163 1875 2224 alteram
1902 2181 2020 2224 non

452 2251 682 2328 loedere,
723 2272 898 2315 suum
942 2257 1150 2335 cuique
1185 2257 1446 2319 tribuere
1459 2279 1488 2327 ,·
1531 2274 1606 2316 ex
1638 2256 1864 2335 quibus
1892 2256 2019 2335 pri-

453 2363 627 2406 mum
657 2346 842 2407 latius
876 2354 1046 2427 patet
1073 2368 1261 2429 quam
1283 2350 1669 2429 particularis
1689 2350 1951 2428 justitia.

532 2439 593 2499 8.
640 2441 918 2503 Potestas
964 2442 1311 2519 leyislativa
1355 2462 1474 2504 non
1531 2448 1726 2521 potest
1781 2445 2020 2522 assequi

451 2549 626 2594 suum
653 2533 856 2610 finem,
887 2534 1014 2596 nisi
1036 2536 1104 2595 in
1126 2536 1385 2597 materia
1425 2536 1689 2596 omnium
1723 2537 2020 2597 virtutum

448 2623 795 2701 praecipiat.
823 2658 902 2671 --·
925 2626 1110 2705 Leqes
1139 2628 1343 2690 civiles
1380 2628 1691 2689 intendant
1733 2629 1887 2691 cives
1917 2631 2019 2705 sa-

438 2731 580 2776 -oere
606 2716 779 2778 bonos
805 2718 989 2792 virae,
1036 2720 1181 2797 quia
1204 2738 1318 2782 non
1341 2725 1593 2799 possunt
1615 2721 1797 2783 aliter
1822 2723 2023 2798 faeere

460 2807 635 2869 bonos
663 2810 835 2871 cives.
854 2843 937 2858 --·
958 2811 1139 2872 Ratio
1170 2814 1420 2893 propria
1446 2818 1560 2890 est,
1588 2815 1735 2892 quia
1757 2819 2024 2893 potestas

458 2899 805 2980 legislativa
853 2904 1117 2965 civitatis
1161 2924 1287 2966 non
1328 2911 1528 2985 potest
1560 2908 1799 2985 assequi
1832 2906 2024 2968 finem

459 3012 666 3071 suum,
703 2995 820 3056 nisi
845 2997 911 3057 in
935 2999 1193 3059 materia
1220 2999 1504 3060 omnium
1538 3001 1839 3060 virtutum
1872 3019 2028 3079 prae-

461 3087 665 3167 cipiat.
704 3089 879 3163 Quod
901 3097 971 3151 ut
998 3091 1327 3167 declarem,
1360 3112 1640 3173 suppono
1669 3093 1870 3172 primo
1900 3112 2027 3154 ser-

463 3198 712 3242 monem
735 3183 836 3244 hic
857 3203 989 3246 esse
1012 3184 1090 3245 de
1117 3186 1448 3246 virtutibus
1477 3186 1813 3246 moralibus
1826 3203 1846 3263 ;
1877 3204 2026 3246 nam

462 3274 540 3335 de
589 3275 1040 3354 theologalibus
1072 3279 1230 3339 nihil
1268 3280 1545 3357 agnoscit
1582 3280 1883 3340 naturalis
1927 3298 2027 3340 ra-

459 3367 569 3442 tic,
594 3368 660 3428 in
689 3388 812 3448 qna
840 3370 1006 3448 leges
1027 3372 1233 3432 civiles
1257 3371 1598 3431 fundantur
1613 3388 1633 3447 ;
1665 3389 2025 3449 quanquam

462 3477 535 3520 eo
565 3460 773 3536 modo,
819 3480 943 3540 quo
970 3469 1172 3541 potest
1197 3481 1325 3523 esse
1348 3464 1416 3522 in
1451 3470 1673 3523 natura
1696 3465 1904 3542 aliqua
1930 3482 2026 3524 re·

463 3559 631 3612 mota
680 3553 948 3613 imitatio
1002 3554 1248 3616 illarum
1297 3556 1626 3629 virtutum,
1675 3555 1784 3615 illa
1834 3556 2023 3615 etiam

462 3650 667 3722 posset
693 3663 803 3723 per
829 3645 996 3724 leges
1023 3648 1233 3707 civiles
1266 3649 1331 3708 in
1367 3648 1565 3709 officio
1599 3648 1926 3724 contineri,
1955 3654 2026 3708 ut

465 3754 542 3796 ex
579 3735 855 3798 dicendis
894 3740 1216 3801 constabit.
1249 3742 1331 3800 De
1362 3739 1694 3801 virtutibus
1720 3757 1867 3818 ergo
1896 3759 2027 3801 mo-

463 3829 698 3889 ralibus
735 3832 1033 3909 probatur
1068 3840 1481 3913 assumptum,
1522 3834 1669 3913 quia
1699 3832 1842 3894 finis
1870 3834 2029 3912 juris

465 3919 663 3981 civilis
682 3928 773 3982 est
798 3924 1055 3986 felicitas
1085 3945 1232 3987 vera
1253 3927 1551 3987 naturalis
1578 3926 1840 4006 politicae
1875 3926 2027 3986 civi-

465 4013 663 4074 vatis:
694 4014 826 4077 haec
850 4023 1058 4079 autem
1093 4020 1361 4081 obtineri
1381 4038 1507 4080 non
1535 4024 1735 4099 potest
1767 4020 1898 4079 sine
1921 4018 2029 4081 ob·-

465 4109 773 4170 servantia
788 4112 1068 4171 omnium
1085 4113 1388 4173 virtutum
1408 4113 1738 4173 moralium
1757 4134 1772 4180 ;
1798 4130 1947 4190 ergo
1963 4112 2028 4172 in

466 4201 753 4263 omnibus
781 4210 981 4282 potest
1006 4207 1335 4286 proeeipere
1357 4207 1453 4285 jus
1474 4206 1676 4266 civile.
1700 4206 1899 4284 Major
1920 4223 2030 4284 pa-

463 4301 555 4356 tet
584 4313 662 4356 ex
684 4297 861 4358 dictis
879 4316 1013 4378 cap.
1027 4299 1316 4378 proeced.;
1335 4300 1541 4360 minor
1556 4306 1761 4360 autem
1782 4298 2027 4378 probari

466 4394 669 4469 posset
700 4407 777 4450 ex
804 4390 981 4451 dictis
1007 4391 1051 4451 l.
1089 4395 1112 4451 1
1128 4437 1147 4467 ,
1181 4411 1236 4453 c.
1266 4395 1365 4467 15,
1405 4392 1516 4452 ubi
1545 4393 1922 4452 ostendimus
1948 4391 2036 4451 le-

467 4501 575 4563 ges
604 4483 813 4545 civiles
845 4485 1166 4546 intendere
1195 4486 1357 4548 cives
1386 4485 1586 4546 facere
1624 4484 1819 4545 bonos
1844 4486 2032 4562 virne,

469 4578 616 4657 quia
657 4596 784 4639 non
825 4586 1080 4657 possunt
1122 4580 1303 4641 aliter
1348 4578 1551 4640 iacere
1593 4578 1788 4639 bonos
1831 4579 2032 4662 cives.

467 4669 740 4732 Ulterius
778 4687 925 4731 vero
958 4677 1157 4750 potest
1178 4671 1345 4732 idem
1378 4670 1626 4750 probari
1650 4671 2035 4732 inductione.

470 4765 625 4838 Quia
653 4765 822 4825 enim
854 4765 1180 4825 necessitas
1204 4764 1459 4843 justitiae
1491 4782 1602 4842 per
1629 4781 1692 4823 se
1722 4761 1888 4823 clara
1924 4768 2036 4838 est,

469 4857 611 4919 ideo
638 4858 706 4918 in
729 4857 836 4917 illa
855 4857 1115 4918 materia
1141 4855 1638 4937 multiplicantur
1656 4856 1856 4934 magis
1874 4856 2042 4935 leges

470 4949 703 5012 civiles.
722 4949 1158 5028 Temperantia
1178 4968 1323 5012 vero
1345 4950 1534 5011 etiam
1559 4955 1652 5010 est
1673 4950 2041 5026 necessaria,

470 5061 552 5105 ne
581 5047 806 5103 natura
825 5043 958 5122 ipsa
986 5044 1253 5103 nimium
1282 5047 1741 5121 corrumpatur,
1774 5048 1879 5102 aut
1899 5060 2044 5103 con-

473 5138 764 5211 servatio,
796 5136 892 5197 vel
920 5136 1284 5216 propagatio
1315 5137 1449 5214 eju’s
1495 5135 1907 5214 impediatur3
1940 5154 2045 5196 cu-

469 5231 572 5311 jus
606 5230 696 5290 rei
727 5248 873 5290 cura
902 5230 1090 5291 etiam
1113 5234 1345 5309 spectat
1365 5229 1444 5289 ad
1474 5227 1642 5307 leges
1683 5227 1889 5288 civiles
1919 5250 1937 5302 ;
1984 5232 2048 5287 et

474 5322 594 5384 hac
618 5323 866 5383 ratione
893 5322 1225 5402 prohibent
1245 5342 1315 5384 ac
1344 5323 1615 5403 puniunt
1635 5321 1803 5400 leges
1839 5321 2049 5381 civiles

480 5416 635 5477 vitia
657 5421 874 5477 contra
899 5421 1193 5476 naturam
1216 5439 1234 5492 ;
1267 5423 1520 5495 possunt
1543 5418 1731 5477 etiam
1761 5414 2050 5497 prohibe-

477 5526 546 5573 re
573 5510 838 5571 nimium
882 5508 1148 5571 abusum
1189 5509 1492 5589 ciborum,
1526 5510 1627 5575 vel
1659 5513 1726 5573 in
1755 5511 1845 5574 eis
1874 5526 2052 5571 men-

1458 385 1572 436 LIB.
1610 384 1692 436 111.
1729 384 1810 435 DE
1842 383 2003 435 LEGE
2035 384 2296 440 HUMANA
2328 391 2408 444 m·
2440 392 2646 446 civim.

2095 504 2299 553 suram
2331 499 2393 554 et
2420 494 2677 555 modum
2718 511 2965 573 ponere.
2997 491 3316 553 Fortitudo
3352 492 3540 554 etiam
3565 497 3664 553 est

2093 588 2438 647 necessaria
2469 588 2546 647 ad
2589 586 3012 649 defensionem
3054 586 3429 667 reipublicae,
3468 591 3539 646 ut
3581 586 3659 647 de

2094 695 2157 736 se
2206 686 2461 740 constat.
2512 682 2598 741 De
2635 680 2963 760 prudentIa
2998 698 3145 741 vero
3194 699 3321 741 non
3367 680 3660 740 videntur

2095 770 2228 831 dari
2262 773 2553 851 speciales
2573 774 2741 851 leges
2780 773 3081 833 distinctae
3109 791 3148 833 a
3176 772 3414 851 legibus
3442 773 3518 833 de
3559 792 3662 834 ac-

2095 865 2260 925 tibus
2286 865 2552 927 aliarum
2603 867 2905 927 virtutum
2941 866 3293 941 moralium,
3338 867 3485 946 quia
3512 885 3657 945 pru·

2096 957 2306 1018 dentia
2329 978 2436 1039 per
2461 978 2525 1021 se
2553 978 2679 1020 non
2703 965 2995 1038 operatur
3015 959 3174 1020 bene
3202 960 3300 1020 vel
3343 958 3664 1019 moraliter

2098 1051 2231 1112 sine
2260 1052 2593 1113 virtutibus
2621 1051 2960 1113 moralibus
3005 1050 3341 1112 voluntatis
3358 1068 3377 1127 ;
3419 1058 3659 1126 tamen,

2099 1144 2248 1222 quia
2273 1144 2411 1205 alise
2434 1145 2692 1205 virtutes
2721 1143 2984 1204 morales
3015 1162 3143 1204 non
3171 1150 3508 1223 operantur
3528 1144 3663 1205 sine

2098 1236 2454 1314 prudentia,
2486 1236 2627 1298 ideo
2659 1236 2825 1312 leges
2857 1236 2933 1296 de
2953 1235 3089 1296 aliis
3118 1235 3453 1297 virtutibus
3477 1234 3663 1295 simul

2099 1333 2245 1387 sunt
2268 1328 2343 1388 de
2376 1347 2492 1388 usu
2527 1328 2891 1406 prudentiae.

2178 1422 2239 1481 9.
2291 1421 2502 1483 Omnes
2528 1421 2787 1482 virtutes
2827 1420 3083 1482 morales
3111 1425 3218 1481 aut
3246 1421 3491 1482 suntad
3517 1419 3663 1481 alte·

2095 1530 2234 1573 ram
2257 1513 2574 1587 hominem,
2614 1518 2721 1573 aut
2764 1514 2846 1574 ad
2873 1529 2957 1587 se,
2994 1513 3212 1574 autad
3247 1512 3462 1587 Deum,
3501 1516 3555 1573 et
3577 1530 3663 1574 ee·

2095 1606 2350 1667 eundum
2394 1622 2589 1666 omnes
2625 1605 2733 1665 Itos
2773 1610 3071 1682 respectus
3106 1609 3299 1681 potest
3338 1604 3664 1681 proeeipere

2096 1698 2191 1759 Zea
2219 1697 2668 1760 civilis.—Alio
2691 1697 2839 1758 item
2865 1697 3049 1757 modo
3071 1702 3273 1775 potest
3293 1696 3424 1756 haec
3446 1696 3663 1756 induc-

2098 1791 2183 1851 tio
2198 1789 2355 1865 fieri,
2370 1791 2515 1869 quia
2527 1809 2742 1851 omnes
2752 1790 3011 1850 virtutes
3026 1789 3288 1850 morales
3302 1795 3413 1849 aut
3427 1788 3664 1850 suntad

2097 1883 2362 1943 alterum
2383 1882 2726 1958 hominem,
2740 1886 2848 1942 aut
2862 1888 3006 1942 sunt
3023 1883 3101 1942 ad
3120 1900 3207 1956 se,
3221 1887 3330 1941 aut
3349 1882 3428 1942 ad
3439 1883 3631 1942 Deum
3642 1898 3664 1959 ;

2098 1975 2263 2053 leges
2292 1980 2502 2035 autem
2525 1975 2734 2036 civiles
2771 1974 3112 2035 secundum
3149 1991 3366 2035 omnes
3402 1974 3516 2035 hos
3538 1992 3660 2035 res-

2101 2072 2313 2147 pectus
2349 2068 2677 2146 praecipere
2716 2072 2991 2146 possunt.
3034 2067 3241 2126 Primo
3280 2066 3558 2144 quidem,
3604 2073 3668 2128 et

2101 2161 2372 2221 maxime
2410 2162 2477 2220 in
2506 2161 2721 2221 ordine
2758 2160 2838 2221 ad
2875 2159 3164 2235 alterum,
3207 2159 3371 2237 quod
3410 2159 3666 2238 quidem

2100 2259 2357 2334 possunt
2394 2254 2593 2314 facere
2613 2272 2740 2313 non
2765 2252 2962 2313 solum
2998 2252 3107 2312 ubi
3130 2259 3221 2312 est
3239 2252 3517 2312 debitum
3530 2253 3666 2331 jus-

2099 2347 2274 2421 titiae,
2317 2347 2421 2407 sed
2466 2348 2652 2407 etiam
2697 2346 2805 2405 ubi
2847 2345 3124 2406 debitum
3164 2343 3477 2405 fidelitatis
3491 2390 3512 2420 ,
3557 2352 3668 2405 aut

2099 2438 2391 2517 simplicis
2430 2438 2851 2518 promissionis
2892 2438 3226 2499 intervenit
3272 2458 3285 2500 :
3333 2456 3481 2498 nam
3520 2437 3668 2498 hcet

2098 2550 2258 2611 saepe
2287 2532 2349 2591 id
2373 2550 2500 2593 non
2527 2532 2782 2607 faciant,
2809 2537 3018 2591 tamen
3044 2549 3170 2590 non
3211 2539 3303 2592 est
3343 2536 3519 2591 extra
3558 2549 3667 2610 po·

2099 2632 2382 2686 testatem
2407 2643 2648 2701 earum,
2674 2625 2823 2705 quia
2860 2626 3048 2685 etiam
3079 2624 3423 2686 observatio
3470 2624 3669 2686 fideli—

2101 2719 2248 2779 tatis
2293 2718 2471 2780 valde
2524 2719 2896 2779 conveniens
2921 2724 3015 2778 est
3051 2718 3130 2779 ad
3175 2719 3563 2780 concordiam
3582 2719 3669 2779 ci-

2103 2813 2305 2873 vium:
2326 2813 2489 2872 unde
2509 2812 2573 2872 iu
2593 2812 2805 2873 multis
2823 2812 3064 2872 casibus
3081 2812 3156 2873 de
3176 2812 3284 2873 illa
3303 2812 3663 2890 disponunt.

2106 2909 2258 2967 Item
2287 2907 2473 2967 etiam
2503 2907 2837 2985 respiciunt
2859 2905 3138 2967 debitum
3158 2906 3575 2983 gratitudinis.
3602 2912 3667 2967 et

2105 3006 2357 3079 propter
2389 3000 2901 3078 ingratitudinem
2953 2999 3199 3078 privant
3244 3000 3454 3060 multis
3503 3014 3668 3060 com-

2107 3092 2306 3153 modis
2328 3091 2408 3153 ob
2431 3091 2714 3153 eamdem
2756 3109 3025 3153 causam.
3060 3092 3257 3171 Opera
3298 3093 3486 3153 etiam
3509 3093 3668 3153 elee-

2109 3204 2409 3264 mosynae,
2440 3191 2503 3245 et
2532 3186 2881 3246 communis
2902 3185 3214 3260 amicitiae,
3245 3203 3354 3246 seu
3397 3184 3670 3246 dilectio-

2107 3278 2204 3338 nis
2243 3277 2322 3338 ad
2367 3278 2741 3356 proximum,
2774 3283 2836 3338 et
2873 3278 3141 3338 maxime
3184 3276 3291 3336 ubi
3336 3277 3672 3338 intervenit

2105 3371 2434 3431 necessitas
2453 3370 2825 3443 communis,
2847 3370 3174 3449 praecipere
3196 3375 3476 3449 possunt,
3497 3375 3559 3430 et
3585 3370 3673 3431 sic

2106 3462 2182 3522 de
2203 3462 2362 3523 aliis.
2387 3462 2692 3527 Secundo.
2719 3481 2796 3523 ex
2817 3463 3155 3523 virtutibus
3174 3463 3251 3523 ad
3266 3480 3330 3523 se
3345 3463 3673 3541 praecipere

2105 3559 2359 3634 possunt
2379 3554 2866 3615 observationem
2901 3561 3026 3615 tem
3035 3556 3326 3633 perantiae
3347 3560 3410 3615 et
3428 3555 3674 3615 fortitu-

2109 3647 2270 3707 dinis
2295 3647 2477 3706 modo
2514 3666 2701 3726 supra
2722 3647 2907 3708 dicto.
2955 3649 3211 3708 Possunt
3232 3651 3420 3708 etiam
3461 3648 3690 3726 praeci--

2108 3758 2252 3819 pere
2277 3740 2764 3801 moderationem
2798 3742 2867 3800 in
2895 3741 3167 3802 externis
3205 3740 3579 3819 sumptibus,
3604 3740 3676 3800 in

2109 3831 2367 3908 deliciis,
2414 3833 2481 3892 in
2522 3833 2688 3892 cultu
2723 3834 2990 3894 vestium
3031 3842 3093 3894 et
3133 3834 3327 3893 nimio
3371 3840 3676 3913 apparatu

2110 3925 2436 3986 domorum
2453 3970 2473 4001 ,
2516 3944 2589 3986 ac
2632 3926 3065 4002 servientium,
3109 3932 3222 3986 etc.
3274 3927 3418 3999 Qnae
3464 3927 3680 3986 omnia

2108 4023 2390 4097 spectant
2430 4018 2510 4078 ad
2546 4018 2932 4080 honestatem
2970 4035 3243 4098 personae
3280 4017 3346 4076 in
3385 4035 3502 4077 usu
3532 4036 3678 4096 pro-

2109 4112 2384 4190 priarum
2414 4129 2624 4172 rerum
2647 4117 2710 4172 et
2736 4115 3074 4188 actionum,
3098 4116 3159 4172 et
3181 4111 3515 4170 neccssaria
3537 4128 3678 4190 pos-

2112 4209 2256 4263 sunt
2293 4222 2423 4265 esse
2442 4203 2795 4283 reipublicae
2820 4205 3009 4280 civili,
3038 4209 3173 4263 tum
3197 4208 3445 4282 propter
3473 4204 3681 4264 vitan-

2114 4296 2260 4356 dum
2286 4297 2644 4357 scandalum
2668 4297 2956 4372 aliorum,
2995 4303 3057 4358 et
3080 4315 3158 4358 ne
3189 4296 3389 4356 noxiae
3427 4314 3683 4358 consue-

2117 4390 2360 4451 tudines
2400 4390 2904 4468 introducantur3
2958 4396 3095 4451 tum
3153 4390 3343 4450 etiam
3391 4408 3474 4450 ne
3521 4390 3684 4450 cives

2115 4484 2510 4562 pauperiores
2546 4481 2721 4559 fiant,
2756 4486 2922 4562 quod
2961 4489 3056 4544 est
3094 4484 3282 4544 etiam
3327 4481 3685 4562 reipublicae

2118 4577 2399 4637 noxium.
2426 4578 2578 4636 Item
2613 4589 2869 4655 possunt
2894 4575 2990 4637 hae
3022 4577 3191 4655 leges
3218 4577 3534 4637 interdum
3569 4576 3686 4635 im-

2120 4687 2334 4749 perare
2362 4687 2460 4730 res
2482 4669 2730 4745 arduas,
2766 4674 2829 4731 et
2855 4669 3126 4749 pericula
3161 4688 3300 4749 quae
3338 4669 3472 4729 sine
3512 4667 3689 4728 forti-

2119 4763 2333 4823 tudine
2352 4763 2630 4843 superari
2657 4780 2787 4823 non
2817 4768 3100 4843 possunt.
3132 4762 3364 4837 Tertio,
3390 4761 3578 4822 etiam
3609 4760 3690 4820 de

2120 4854 2303 4916 rebus
2321 4854 2777 4934 pertinentibus
2795 4855 2874 4915 ad
2891 4856 3079 4916 Deum
3103 4873 3316 4916 curam
3336 4853 3692 4914 habuerunt

2123 4947 2291 5027 leges
2316 4948 2525 5008 civiles
2563 4947 2752 5007 ductu
2775 4953 3037 5021 naturae,
3064 4948 3210 5025 quia
3232 4947 3691 5008 observantiam

2124 5040 2445 5117 religionis
2473 5044 2772 5118 putarunt
2808 5057 3051 5119 semper
3086 5039 3164 5100 ad
3202 5040 3694 5100 incolumitatem

2126 5131 2479 5210 reipublicae
2503 5132 2773 5193 maxime
2801 5132 3110 5211 pertinere
3139 5150 3156 5193 t
3186 5133 3353 5193 unde
3375 5132 3596 5211 opinor
3626 5131 3696 5191 in

2127 5230 2289 5286 statu
2318 5243 2488 5304 purae
2514 5231 2772 5300 naturae,
2815 5225 2865 5285 si
2905 5226 2971 5284 in
2994 5225 3102 5285 illo
3148 5232 3304 5287 esset
3351 5224 3698 5304 respublica

2129 5337 2348 5380 verum
2369 5320 2563 5378 Deum
2587 5318 2958 5379 naturaliter
2981 5318 3185 5379 colens
3191 5363 3210 5394 ,
3236 5319 3505 5398 potuisse
3531 5316 3701 5395 leges

2130 5411 2340 5473 civiles
2399 5411 2727 5491 prohibere
2772 5417 2833 5472 et
2883 5412 3104 5492 punire
3148 5412 3434 5474 docentae
3459 5410 3696 5471 cultum

2130 5506 2434 5569 falsorum
2457 5506 2738 5583 deorum,
2769 5512 2878 5567 aut
2894 5506 3077 5569 falsas
3106 5507 3429 5587 opiniones
3449 5505 3527 5567 de
3549 5505 3700 5581 Deo,
