3976 6219
523 406 646 467 480

1430 401 1548 454 Lm.
1582 402 1643 456 V.
1677 402 1759 454 m:
1796 400 2145 454 VAROETATE
2177 403 2386 457 LEGUH
2416 397 2824 456 HUMANARUM.

523 523 664 567 mus
692 502 1075 581 dispensator
1104 498 1410 559 bonorum
1429 499 1586 578 ejus,
1620 504 1682 559 et
1707 498 1846 559 ideo
1873 515 2087 578 supre-
2162 519 2318 562 rem.
2365 499 2539 563 Multi
2562 497 2733 560 enim
2762 494 3073 575 principes
3110 490 3458 566 inferioreS,
3502 490 3649 550 imo
3692 493 3757 547 et

523 616 693 659 mam
725 596 913 657 etiam
953 594 1023 654 in
1069 592 1186 653 hoc
1229 591 1417 652 habet
1456 596 1842 671 potestatem.
1876 590 2086 671 Aliqui
2164 594 2419 673 privatae
2463 607 2740 672 personae
2775 587 3010 647 habent
3044 604 3123 646 ex
3148 583 3600 646 consuetudine
3641 582 3755 659 jus

521 708 669 753 1810
696 687 977 768 Episcopi
1000 685 1117 746 hoc
1147 703 1276 746 non
1307 689 1587 764 possunt,
1614 703 1749 764 cap.
1787 684 2087 746 Prohibe-

523 800 679 858 mus,
703 780 780 842 de
808 777 1047 840 Censib.
1084 777 1427 838 Concilium
1451 782 1661 838 autem
1687 776 1877 838 etiam
1903 793 2090 855 gene-

521 874 652 937 rale
679 873 749 935 in
773 878 1020 934 tantum
1047 870 1109 931 id
1142 870 1390 951 poterit,
1412 870 1480 929 in
1509 874 1813 950 quantum
1836 868 2027 930 fuerit
2053 887 2091 929 a

523 965 822 1030 Pontifice
865 982 1245 1039 concessum,
1281 960 1382 1023 vel
1409 963 1837 1042 approbatum.
1886 963 2093 1022 Potest

525 1066 824 1141 praeterea
849 1056 1119 1118 Ecclesia
1144 1054 1454 1116 declarare
1483 1056 1590 1136 qui
1611 1054 1919 1135 principes
1937 1059 2093 1115 tem-

525 1153 767 1234 porales
785 1154 1041 1232 possunt
1062 1150 1380 1228 imponere
1397 1147 1652 1223 tributa,
1679 1152 1741 1209 et
1767 1146 2093 1226 prohibere

525 1263 608 1307 ne
653 1244 760 1306 alii
788 1244 1138 1323 imponant,
1168 1246 1240 1301 ut
1264 1239 1408 1301 fecit
1435 1239 1777 1301 Concilium
1802 1240 2087 1299 Lateran.

525 1341 597 1401 in
624 1339 789 1400 dicto
809 1356 943 1418 cap.
966 1337 1353 1410 Innovamus,
1379 1340 1441 1396 et
1460 1334 1551 1395 ita
1578 1334 1766 1395 etiam
1794 1331 2093 1411 intelligi-

526 1437 633 1492 tur
658 1431 893 1492 dictum
927 1446 1060 1507 cap.
1092 1426 1297 1507 Super
1323 1426 1700 1508 quibusdam.
1733 1426 1811 1486 Et
1833 1424 2093 1504 singulis

528 1523 711 1585 annis
738 1522 852 1583 sub
880 1520 1243 1600 gravissima
1270 1536 1528 1581 censura
1551 1517 1625 1579 fit
1646 1517 1864 1579 similis
1883 1516 2095 1598 prohi-

527 1615 682 1676 bitio
709 1615 778 1674 in
803 1612 982 1673 Bulla
1006 1612 1227 1674 Coenae.

609 1709 670 1768 4.
695 1706 824 1768 Illa
853 1704 1085 1768 tributa
1107 1704 1288 1768 etiam
1314 1722 1435 1768 esse
1446 1703 1627 1783 jueta
1649 1704 1718 1767 de
1741 1702 1957 1783 quibus
1977 1718 2097 1764 non

530 1803 761 1862 constat
793 1815 831 1859 a
852 1796 1066 1876 quibus
1087 1797 1211 1859 sint
1236 1795 1894 1876 imposita—Additur
1921 1810 2092 1865 vero,

530 1890 599 1951 in
649 1889 812 1950 dicto
859 1907 992 1968 cap.
1049 1887 1254 1967 Super
1301 1888 1676 1969 quibusdam,
1724 1905 1852 1948 non
1894 1885 2097 1946 solum

531 1982 642 2044 illa
681 2000 810 2044 esse
834 1983 1002 2060 justa
1047 1982 1280 2042 tributa
1305 1981 1382 2042 de
1419 1980 1644 2060 quibus
1691 1985 1928 2043 constat
1966 1997 2097 2041 esse

533 2075 822 2154 imposita
848 2092 885 2134 a
920 2073 1171 2152 regibus
1212 2073 1313 2134 vel
1356 2073 1735 2153 principibus
1771 2072 2095 2153 supremis,

534 2168 641 2229 sed
664 2168 850 2229 etiam
877 2166 984 2228 illa
1012 2165 1089 2226 de
1112 2165 1336 2244 quibus
1361 2183 1489 2227 non
1513 2171 1750 2227 constat
1775 2184 1814 2227 a
1839 2184 1962 2246 quo
1984 2164 2101 2225 im-

533 2259 732 2340 posita
754 2259 902 2334 sint,
932 2257 1268 2318 dummodo
1289 2276 1360 2320 ese
1378 2259 1810 2334 consuetudine,
1833 2260 1899 2321 de
1926 2258 2102 2337 eujus

534 2352 715 2415 initio
741 2369 858 2413 non
889 2355 1053 2414 extat
1077 2352 1387 2426 memoria,
1423 2351 1548 2413 sint
1582 2351 1945 2413 introducta.
1975 2351 2101 2411 Cu-

529 2445 634 2523 jus
660 2444 819 2505 ratio
841 2449 954 2518 est,
975 2441 1145 2522 quia,
1167 2441 1276 2502 ubi
1298 2461 1413 2503 nec
1427 2447 1665 2503 constat
1682 2461 1797 2504 nec
1822 2447 2103 2503 constare

534 2543 736 2616 potest
751 2537 827 2598 de
863 2534 1191 2614 injustitia,
1219 2535 1554 2597 secundum
1578 2536 1682 2615 jus
1708 2535 2104 2615 praesumitur

534 2628 776 2707 justitia
805 2651 823 2705 3
850 2628 918 2688 in
964 2627 1325 2706 hujusmodi
1373 2632 1581 2688 autem
1632 2646 1775 2689 casu
1825 2632 2103 2697 constare

536 2739 664 2782 non
692 2726 891 2802 potest
930 2721 1053 2782 tale
1092 2720 1399 2782 tributum
1426 2721 1559 2781 sine
1589 2719 1870 2801 legitima
1903 2725 2102 2800 pote&

538 2819 665 2875 tate
712 2832 839 2875 esse
887 2814 1288 2893 impositum,
1271 2829 1286 2844 ·
1334 2814 1484 2889 imo,
1520 2830 1665 2873 cum
1686 2812 1840 2874 adeo
1866 2830 2102 2893 praeva-

535 2905 723 2966 luerit
742 2910 814 2965 ut
839 2923 951 2985 per
972 2904 1403 2983 longissimum
1429 2911 1673 2985 tempus
1713 2923 1752 2965 a
1785 2910 1915 2966 tota
1936 2922 2102 2965 com-

539 2999 842 3059 munitate
890 2997 1158 3058 solutum
1201 2998 1323 3073 sit,
1366 2997 1761 3078 praesumitur
1805 2998 1966 3077 J‘uste
2009 2997 2104 3057 in-

538 3091 788 3170 cepisse.
860 3090 1065 3166 Item,
1128 3090 1275 3171 quia
1323 3090 1700 3171 praescriptio
1762 3089 2103 3172 praesertim

537 3183 1008 3244 immemorialis
1047 3182 1154 3243 dat
1187 3183 1290 3262 jus
1331 3183 1684 3244 sufficiens:
1742 3183 1852 3244 illa
1891 3188 2104 3245 autem

538 3274 914 3337 consuetudo
967 3275 1205 3336 inducit
1252 3276 1813 3356 praescriptionem,
1854 3280 1918 3337 et
1963 3276 2103 3338 ideo

539 3367 814 3429 diximus
839 3367 1072 3447 requiri
1116 3367 1346 3429 bonam
1386 3366 1598 3446 fidem,
1629 3369 1778 3451 (11118
1821 3369 1890 3430 111
1929 3368 2105 3431 omni

538 3461 997 3542 praescriptione
1024 3461 1365 3523 necessaria
1391 3466 1503 3522 est.

620 3556 681 3614 ὃ.
725 3553 1000 3614 Occurrit
1042 3559 1251 3615 autem
1295 3553 1398 3614 hic
1452 3571 1642 3633 grave
1689 3553 1975 3632 dubium,
2017 3573 2101 3617 811

538 3645 707 3707 1(18111
758 3645 1094 3706 dicendum
1138 3646 1242 3720 sit,
1268 3645 1346 3707 de
1390 3651 1688 3727 potestate
1737 3648 2101 3728 imponendi

529 3755 775 3799 ¹novum
817 3736 1155 3813 tributum,
1196 3756 1274 3798 ex
1305 3737 1738 3799 immemoriali
1777 3745 2101 3801 consuetu-

538 3827 776 3903 tudine,
825 3829 1068 3889 etiamsi
1108 3830 1161 3889 is
1204 3829 1316 3910 qui
1359 3829 1513 3890 illud
1558 3831 1825 3911 imponit
1865 3850 1994 3894 non
2021 3833 2101 3895 sit

537 3938 861 4001 supremus
904 3921 972 3981 in
1020 3921 1481 4002 temporalibus.
1526 3923 1632 3984 Est
1662 3924 1832 3987 enim
1863 3930 2099 3987 attente

541 4014 1058 4076 considerandum
1092 4015 1224 4078 hoec
1251 4014 1376 4077 duo
1412 4034 1544 4079 esse
1574 4017 1755 4080 valde
1786 4018 2095 4095 distincta,

538 4106 855 4187 imponere
874 4107 1179 4170 tributum
1192 4110 1290 4171 vel
1304 4109 1550 4188 exigere
1560 4110 1697 4190 jam
1711 4111 2095 4191 impositum3

539 4204 602 4262 et
643 4200 928 4262 8118111181
961 4201 1129 4262 aliud
1166 4220 1296 4264 esse
1325 4201 1554 4264 habere
1593 4204 2099 4269 consuetudinem

539 4292 1056 4356 immemorialem
1104 4296 1393 4375 exigendi
1454 4296 1699 4377 aliquod
1753 4297 2092 4375 tributum,

540 4387 706 4466 quod
738 4405 816 4448 ex
842 4388 1058 4450 eadem
1082 4388 1526 4453 consuetudine
1565 4390 1934 4471 supponitur
1961 4393 2098 4471 jam

540 4478 932 4560 impositum·
913 4525 934 4559 ,
964 4480 1133 4543 aliud
1159 4499 1306 4543 vero
1332 4481 1560 4546 11811818
1588 4484 2100 4546 consuetudinem

539 4571 1056 4634 immemorialem
1101 4574 1465 4653 imponendi
1518 4593 1681 4636 nova
1727 4574 1985 4653 tributa,
2038 4583 2102 4639 et

541 4672 985 4746 consequenter
1023 4667 1131 4727 illa
1169 4673 1383 4748 postea
1408 4667 1717 4748 exigendi.
1749 4670 1892 4731 Haec
1931 4671 2103 4732 enim

541 4763 807 4836 potestas
834 4758 967 4819 sine
997 4758 1186 4819 dubio
1213 4764 1305 4821 est
1346 4760 1545 4821 multo
1584 4761 1805 4841 major,
1833 4766 1906 4822 ut
1941 4760 2101 4824 bene

541 4855 838 4911 notarunt
862 4851 1095 4927 Castro,
1121 4852 1164 4913 l.
1192 4855 1252 4927 1,
1282 4871 1417 4933 cap.
1447 4854 1546 4929 10,
1584 4859 1646 4914 et
1672 4853 1924 4928 Medin„
1951 4854 2096 4916 dict.

540 4960 676 5023 cap.
711 4943 811 5018 13,
843 4942 881 5022 ξ
908 4942 1038 5007 Sed
1061 4945 1243 5020 forte,
1271 4951 1406 5006 tum
1433 4946 1581 5025 quia
1607 4951 1697 5006 est
1718 4951 1984 5025 potestas
2008 4947 2102 5010 le-

543 5035 828 5114 gislativa
842 5041 906 5096 et
924 5035 1324 5114 dominativa,
1341 5043 1404 5099 et
1419 5037 1777 5099 extenditur
1795 5039 1874 5099 ad
1894 5039 2102 5119 plures

542 5134 737 5204 881118,
789 5134 852 5190 81
901 5129 977 5190 ad
1030 5148 1221 5192 novas
1269 5131 1693 5213 impositiones
1743 5131 2097 5211 faciendas3

545 5220 666 5281 alia
678 5239 826 5283 1810
844 5227 934 5283 est
951 5223 1261 5302 quoddam
1280 5224 1650 5305 particulare
1665 5225 1767 5304 jus
1781 5224 2102 5289 obtinendi

542 5329 651 5372 seu
679 5312 959 5374 lucrandi
999 5319 1362 5395 pensionem
1397 5336 1534 5398 quae
1575 5319 1945 5399 supponitur
1966 5322 2099 5401 Jam

542 5404 860 5485 imposita3
886 5407 1051 5469 unde
1082 5410 1272 5472 etiam
1304 5416 1540 5473 certum
1567 5411 1723 5472 mihi
1744 5417 1837 5473 est
1871 5430 1950 5473 ex
1980 5413 2099 5475 hac

538 5497 862 5577 posteriori
887 5502 1330 5567 consuetudine
1357 5521 1484 5566 non
1509 5503 1668 5570 bene
1694 5503 1909 5567 inferri
1932 5513 2096 5591 prio-

2167 684 2458 764 exigendi
2506 683 2716 763 aliqua
2767 679 3005 741 tributa
3049 678 3325 756 antiqua,
3367 676 3472 738 vel
3517 694 3558 735 8
3592 691 3752 752 rege

2168 776 2477 857 imposita,
2491 776 2595 837 vel
2604 774 2682 836 de
2700 789 2969 853 quorum
2991 770 3173 831 initio
3196 775 3307 830 aut
3326 774 3585 830 auctore
3612 784 3752 827 non

2169 876 2427 945 constat,
2459 870 2568 949 qui
2614 886 2742 929 non
2781 866 3014 927 habent
3044 868 3409 946 potestatem
3445 862 3550 923 vel
3592 879 3753 922 con·

2171 963 2564 1024 suetudinem
2591 958 2956 1041 imponendi
2981 975 3145 1018 nova
3182 955 3439 1017 tributa.
3467 953 3751 1032 Ideoque

2171 1055 2317 1117 licet
2373 1056 2533 1117 ratio
2587 1055 2749 1115 facta
2799 1052 3016 1133 probet
3059 1049 3389 1129 antiquum
3426 1047 3749 1108 tributum

2171 1147 2248 1210 (18
2302 1148 2478 1227 cujus
2521 1147 2704 1209 initio
2748 1163 2877 1206 non
2927 1148 3019 1205 est
3063 1142 3365 1206 memoria
3386 1186 3408 1216 ,
3455 1138 3748 1218 reputari

2169 1241 2405 1321 justum
2443 1245 2505 1302 et
2539 1239 2821 1319 legitima
2855 1241 3154 1317 potestate
3190 1233 3646 1307 introductum,
3683 1236 3748 1292 et

2169 1334 2311 1396 ideo
2337 1334 2504 1414 exigi
2545 1335 2709 1413 juste
2749 1349 2927 1412 posse
2971 1348 3010 1391 a
3045 1345 3436 1410 quocumque
3467 1325 3746 1386 habente

2172 1426 2429 1488 titulum
2479 1426 2580 1487 vel
2629 1422 3137 1487 consuetudinem
3182 1420 3532 1499 legitimam
3579 1416 3748 1478 obti-

2172 1519 2364 1581 nendi
2388 1518 2578 1580 talem
2599 1517 2985 1599 pensionem,
3009 1513 3210 1575 adhuc
3236 1517 3514 1593 superest
3542 1528 3751 1590 quas-

2172 1611 2262 1673 tio
2289 1630 2372 1673 an
2398 1628 2561 1673 nova
2598 1609 2909 1691 impositio
2944 1605 3163 1669 tributi
3187 1603 3324 1667 fieri
3356 1605 3519 1684 juste
3546 1603 3750 1683 possit

2174 1722 2214 1765 a
2239 1722 2367 1765 non
2410 1720 2696 1784 supremo
2736 1700 3015 1782 principe
3055 1697 3364 1777 allegante
3407 1702 3749 1759 consuetu·

2178 1797 2390 1861 dinem
2417 1794 2934 1858 immemorialem
2968 1790 3331 1873 imponendi
3356 1791 3613 1853 tributa.

2255 1892 2315 1954 6.
2362 1889 2680 1956 Sententia
2720 1889 3052 1968 affirmans
3085 1885 3241 1948 idem
3287 1902 3409 1948 esee
3442 1885 3512 1947 de
3543 1889 3746 1963 potes-

2177 1988 2299 2047 tate
2317 1985 2658 2064 imponendi
2674 2000 2890 2046 novwm
2909 1980 3204 2045 tributum
3223 1996 3294 2042 ex
3310 1977 3744 2040 immemor-iuli

2178 2078 2610 2153 consuetudine,
2649 2076 2785 2139 lieet
2810 2075 3119 2155 imponens
3152 2089 3270 2133 non
3303 2071 3388 2133 eit
3426 2087 3746 2150 supremus

2178 2172 2474 2234 dominus.
2502 2203 2583 2217 —
2614 2171 2686 2230 In
2712 2187 2835 2250 qua
2868 2167 3253 2228 dubitatione
3281 2164 3549 2239 Medina,
3574 2163 3743 2224 dicto

2184 2281 2237 2324 c.
2263 2261 2340 2324 de
2358 2263 2554 2340 Rest.,
2577 2280 2633 2323 c.
2659 2262 2759 2338 13,
2781 2260 2819 2340 ξ
2857 2261 2938 2324 Ut
2953 2261 3176 2339 iyitwr,
3200 2256 3470 2317 affirmat
3489 2256 3613 2318 tale
3629 2256 3744 2317 tri-

2180 2355 2405 2416 butum
2420 2354 2659 2435 justum
2679 2372 2830 2415 esse.
2846 2352 3167 2413 Fundatur
3179 2350 3489 2431 praecipue
3507 2350 3577 2410 in
3592 2348 3659 2409 d.
3686 2366 3740 2409 8.

2188 2448 2393 2529 Super
2422 2448 2802 2529 quibusdam,
2841 2446 3005 2525 quod
3031 2445 3213 2524 longe
3241 2443 3424 2504 aliter
3453 2442 3748 2519 intelligit

2183 2558 2374 2623 quam
2391 2559 2430 2602 a
2456 2541 2635 2602 nobis
2658 2539 3037 2601 declaratum
3064 2539 3165 2600 sit.
3194 2539 3289 2598 Ex
3308 2536 3418 2598 illo
3440 2537 3614 2598 enim
3640 2554 3745 2596 ca·

2181 2635 2309 2716 pite
2363 2634 2602 2714 colligit
2642 2634 3071 2695 auctoritatem
3111 2630 3465 2711 imponendi
3508 2629 3746 2690 tributa

2181 2745 2310 2789 esse
2334 2727 2403 2787 in
2423 2727 2815 2807 imperatore,
2846 2742 3015 2803 rege,
3046 2726 3230 2804 Papa,
3256 2722 3553 2798 Concilio,
3586 2727 3657 2782 et
3680 2723 3747 2782 in

2180 2820 2438 2900 antiqua
2464 2819 2930 2881 consuetudine.
2952 2818 3030 2878 Et
3050 2818 3139 2878 ita
3170 2816 3354 2877 sentit
3370 2813 3745 2876 Pontificem

2180 2913 2250 2973 in
2275 2931 2349 2974 80
2364 2917 2536 2973 textu
2552 2911 2977 2992 principaliter
2988 2909 3158 2990 loqui
3178 2909 3254 2969 de
3268 2908 3443 2968 novis
3468 2906 3742 2983 tributis,

2183 3024 2321 3085 quae
2365 3005 2770 3085 imponuntur
2795 3022 2874 3065 ex
2898 3003 2964 3062 vi
3006 3000 3328 3082 potestatis
3371 3000 3741 3078 praescriptae

2181 3117 2295 3179 per
2321 3096 2829 3160 consuetudinem
2851 3096 2983 3157 sine
3004 3093 3127 3156 alio
3153 3092 3362 3170 titulo,
3383 3091 3525 3153 licet
3546 3092 3736 3171 paulo

2182 3192 2466 3269 inferius,
2506 3192 2543 3272 ἓ
2584 3193 2651 3254 de
2708 3190 3030 3264 Veteribus,
3080 3186 3348 3248 fateatur
3379 3184 3565 3247 etiam
3609 3203 3736 3246 esse

2181 3283 2423 3346 1181111111
2450 3285 2697 3363 exigere
2727 3281 2960 3343 tributa
2998 3281 3254 3360 antiqua
3279 3279 3348 3339 in
3369 3278 3499 3340 sola
3522 3279 3734 3359 11111118-

2182 3377 2428 3439 111011811
2461 3375 2899 3439 consuetudine
2937 3373 3218 3448 fundata,
3252 3371 3403 3452 quia
3439 3376 3589 3431 tunc
3626 3388 3734 3449 pro

2181 3469 2620 3551 recipientibus
2663 3468 2828 3549 juste
2867 3465 3283 3547 praesumitur,
3319 3469 3385 3526 et
3427 3464 3497 3524 in
3530 3462 3569 3544 ἓ
3614 3463 3734 3527 Sed

2180 3567 2364 3641 sorte,
2395 3560 2743 3643 objiciendo
2787 3564 3003 3622 contra
3039 3558 3160 3620 hoc
3185 3558 3424 3619 dictum
3451 3575 3505 3618 c.
3535 3555 3733 3636 Super

2179 3657 2558 3738 quibusdam,
2604 3653 2937 3735 respondet
2979 3671 3109 3715 non
3158 3669 3287 3714 esse
3334 3649 3727 3725 contrarium,

2180 3749 2286 3812 sed
2325 3750 2530 3831 potius
2567 3746 2964 3830 approbando
3009 3746 3118 3807 illa
3151 3762 3313 3807 nova
3345 3742 3603 3819 tributa,
3637 3743 3732 3806 iu-

2179 3859 2381 3920 nuere,
2403 3842 2533 3922 (ait)
2553 3843 2735 3905 etiam
2754 3841 2878 3903 hoee
2898 3839 3322 3920 antiquajusto
3342 3836 3531 3916 recipi
3541 3853 3725 3915 pom.

2179 3935 2383 3997 Potest
2408 3953 2522 4016 pro
2548 3935 2667 3997 hac
2704 3933 3008 3995 sententia
3040 3931 3218 4007 citari
3254 3931 3542 3991 Panorm.
3576 3929 3642 3989 in
3666 3927 3727 3988 d.

2178 4045 2234 4089 8.
2266 4028 2656 4104 Innovamws,
2687 4046 2752 4088 n.
2783 4028 2846 4102 6,
2875 4030 3177 4106 quatenus
3197 4023 3348 4085 dicit
3373 4026 3729 4102 potestatem

2177 4119 2341 4182 hanc
2384 4119 2748 4202 imponendi
2794 4117 3028 4179 tributa
3067 4134 3242 4198 posse
3281 4114 3731 4196 praescriptione

2178 4213 2440 4293 acquiri,
2488 4219 2552 4275 et
2595 4214 2739 4293 jura
2764 4211 3061 4292 principis
3086 4227 3261 4291 posse
3289 4206 3728 4270 consuetudine

2177 4306 2467 4382 obtineri,
2501 4305 2579 4368 de
2625 4305 2801 4386 cujus
2840 4304 3021 4365 initio
3061 4320 3189 4364 non
3222 4306 3390 4363 extet
3415 4299 3726 4373 memoria,

2170 4400 2353 4480 juxta
2395 4398 2740 4461 doctrinam
2784 4399 2952 4458 Bart.
2994 4396 3063 4457 in
3103 4396 3148 4458 l.
3184 4395 3513 4472 Infamm,
3552 4391 3617 4453 ff.
3660 4391 3730 4451 de

2177 4492 2354 4553 Publ.
2383 4492 2544 4572 J‘ud.,
2567 4497 2629 4553 et
2646 4492 2784 4552 1118.
2813 4491 2883 4550 111
2909 4508 2966 4550 8.
2997 4489 3163 4570 qu,
3194 4489 3262 4548 P.
3283 4485 3361 4547 de
3388 4485 3535 4547 Fide
3554 4484 3729 4544 instr.

2178 4583 2537 4664 Expressius
2575 4584 2643 4645 id
2678 4583 2859 4644 docet
2889 4583 3041 4642 Ρ811.
3082 4581 3153 4642 18
3190 4580 3252 4642 (1.
3282 4598 3337 4641 8.
3372 4578 3579 4657 Super
3604 4575 3735 4656 qui-

2181 4675 2450 4753 busdam,
2494 4694 2668 4738 num.
2703 4678 2735 4736 1
2765 4681 2829 4736 81
2855 4677 2916 4736 2.
2947 4675 3039 4735 Ex
3077 4692 3200 4754 quo
3222 4672 3466 4733 videtur
3494 4669 3739 4754 Medina

2182 4771 2510 4851 sumpsisse
2536 4770 2702 4831 illius
2718 4774 2922 4831 textus
2939 4765 3533 4848 interpretationem.
3556 4764 3739 4823 Eam-

2181 4863 2324 4926 dem
2351 4863 2721 4925 sententiam
2746 4868 2918 4924 tenet
2948 4863 3020 4922 D.
3047 4860 3275 4921 Anton.
3307 4857 3377 4917 in
3404 4858 3445 4916 2
3472 4875 3562 4936 p.,
3595 4860 3645 4916 t.
3680 4858 3705 4914 l
3719 4899 3739 4930 ,

2184 4974 2241 5019 8.
2257 4958 2356 5034 13,
2376 4957 2413 5037 ἓ
2431 4957 2492 5033 8,
2507 4958 2574 5016 18
2592 4955 2731 5032 fin.,
2745 4954 2857 5015 ubi
2873 4954 2941 5015 in
2954 4952 3203 5034 speciali
3219 4950 3494 5030 loquitur
3511 4948 3591 5010 de
3607 4948 3746 5028 qui-

2179 5049 2441 5111 busdam
2488 5047 2985 5129 impositionibus
3022 5042 3496 5127 particularibus
3524 5086 3545 5117 ,
3587 5058 3744 5121 quas

2180 5141 2403 5223 aliquae
2438 5142 2717 5204 civitates
2742 5140 2942 5202 facere
2975 5138 3174 5202 solent
3201 5154 3316 5218 pro
3343 5135 3470 5197 suis
3494 5140 3744 5195 tantum

2180 5235 2498 5311 membris,
2522 5239 2594 5295 ut
2620 5234 2699 5295 ad
2719 5250 3076 5295 communes
3098 5230 3489 5295 necessitates
3515 5226 3745 5288 contri-

2178 5327 2398 5404 buant,
2417 5330 2585 5409 quia,
2603 5328 2738 5391 lieet
2759 5329 2889 5403 Ιιοσ,
2906 5326 3128 5406 inquit,
3141 5324 3447 5388 ordinarie
3463 5340 3583 5383 uon
3606 5339 3746 5400 pos-

2176 5421 2304 5486 sint
2330 5425 2529 5500 faeere
2560 5421 2689 5484 sine
2714 5420 2958 5485 lieentia
2979 5419 3304 5500 principis,
3326 5434 3493 5480 secus
3524 5416 3647 5476 erit
3686 5414 3741 5475 si

2173 5513 2271 5581 ita
2281 5520 2483 5595 faeere
2493 5514 2893 5580 consueverint
2907 5517 3043 5578 aute
3054 5510 3356 5575 hominum
3368 5508 3741 5576 memoriam.
