3976 6219
839 427 975 479 CAP-
1009 427 1116 479 ΧΠ.
1151 422 1365 477 ΗΤΒΠΙ
1395 420 1592 474 Lac-Es
1621 416 1862 471 clvlLsss
1891 416 1956 469 IN
1988 414 2147 469 som
2178 416 2456 471 MATERIA
2486 416 2787 479 HONESTA,
2822 418 2960 471 ETG.

288 532 356 594 ‹1-
389 516 461 593 63
491 519 784 587 Ber-nard,
818 526 896 588 de
919 528 1183 607 Praecep.
1210 530 1273 587 et
1297 523 1452 605 disp.
1484 528 1546 583 et
1565 519 1757 600 Epist.
1785 520 1854 595 73

287 613 356 668 et
387 611 571 671 Basil.
610 614 828 695 Regul.
875 624 992 681 1¹4
1025 638 1100 681 ex
1139 619 1404 680 brevior.
1445 615 1617 690 Quod
1649 619 1858 674 autem

286 702 531 779 politici
559 706 796 788 dicunt,
841 731 967 774 non
1005 731 1180 793 posse
1217 709 1661 790 rempublicam
1701 712 1857 767 tem·

286 796 568 872 poralem
612 802 710 863 vel
751 822 1014 883 regnum
1059 804 1398 885 temporale
1429 800 1777 863 conservari
1804 801 1856 860 si

287 888 362 948 in
389 893 678 956 omnibus
709 899 988 977 regulam
1015 898 1352 960 honestatis
1382 902 1491 957 aut
1517 895 1742 955 divinae
1768 893 1858 954 le-

287 983 387 1061 gis
427 994 738 1066 sequatur,
770 993 1036 1053 omnino·
1069 993 1294 1053 falsum
1337 996 1430 1051 est
1442 1005 1462 1066 3
1492 1005 1639 1049 nam
1680 989 1732 1047 si
1769 987 1857 1048 lo-

287 1094 562 1154 quamur
586 1080 662 1142 de
691 1083 1013 1146 honestate
1047 1085 1341 1158 naturali,
1372 1084 1576 1162 potius
1606 1081 1713 1141 illa
1741 1098 1856 1141 ne-

287 1171 556 1232 cessaria
582 1179 674 1235 est
700 1176 780 1237 ad
806 1196 1019 1257 pacem
1059 1184 1121 1238 et
1160 1177 1519 1239 felicitatem
1548 1176 1859 1254 politicam

284 1264 644 1341 reipublicae
669 1268 984 1348 humanae,
1014 1277 1084 1331 ut
1110 1271 1299 1331 etiam
1326 1270 1460 1349 ipsa
1481 1270 1626 1347 jura
1655 1267 1858 1329 civilia

283 1354 587 1434 fatentur,
636 1379 774 1440 quae
822 1365 1031 1425 statim
1072 1363 1429 1424 referemus.
1479 1362 1542 1422 Si
1590 1378 1736 1421 vero
1777 1359 1859 1419 sit

273 1464 494 1511 *sermo
540 1451 618 1513 de
647 1454 1005 1534 integritate
1045 1456 1190 1517 fidei
1233 1460 1294 1517 et
1338 1453 1678 1532 religionis,
1723 1452 1856 1531 ipsa

284 1543 672 1621 experientia
698 1554 936 1609 constat
956 1548 1132 1609 nulla
1160 1566 1228 1608 re
1251 1546 1471 1609 melius
1506 1542 1856 1607 conservari

283 1652 509 1714 regna,
561 1642 751 1702 etiam
798 1642 865 1702 in
915 1642 1241 1721 temporali
1290 1640 1614 1715 felicitate,
1665 1656 1855 1718 quam

284 1727 639 1793 obedientia
664 1739 728 1796 et
766 1736 1225 1797 conservatione
1259 1732 1576 1795 catholicae
1605 1731 1750 1793 fidei
1781 1748 1854 1791 ac

283 1820 630 1902 religionis,
674 1826 752 1888 de
793 1846 916 1906 quo
958 1832 1326 1906 argumento
1363 1825 1562 1886 videri
1603 1828 1858 1904 possunt

285 1932 432 1993 quae
460 1919 699 1997 copiose
739 1920 950 1980 scribit
989 1922 1204 1981 Bozius
1232 1919 1308 1980 de
1352 1918 1559 1996 Signis
1599 1917 1854 1991 Eccles.,

285 2010 600 2089 praecipue
627 2011 784 2072 libro
815 2016 884 2073 Η
919 2019 980 2073 et
1007 2032 1170 2092 seq.;
1203 2010 1492 2073 Bellarm.
1525 2010 1686 2071 libro
1714 2011 1752 2069 4
1781 2009 1857 2071 de

283 2100 462 2162 Notis
491 2103 678 2179 Eccl.,
707 2124 760 2165 c.
795 2108 870 2167 17
894 2112 956 2168 et
983 2107 1062 2167 18
1072 2122 1092 2183 3
1126 2111 1189 2167 et
1214 2107 1374 2166 Petr.
1407 2102 1705 2165 Ribaden.
1742 2101 1786 2162 l.
1822 2105 1848 2162 ¹

283 2192 368 2253 de
395 2194 596 2258 Princ.
631 2197 852 2259 Christ.
879 2218 935 2260 c.
969 2200 1047 2260 13
1074 2204 1136 2259 et
1163 2201 1470 2276 sequent„
1497 2201 1558 2257 et
1586 2196 1714 2257 fere
1747 2214 1859 2275 per

283 2290 490 2347 totum
518 2288 672 2351 illud
701 2306 854 2370 opus
880 2291 1220 2373 prudenter
1243 2290 1390 2350 satis
1412 2308 1484 2350 ac
1510 2288 1771 2349 erudite.

369 2382 433 2442 6.
475 2381 676 2444 Aliud
702 2386 1030 2464 proecipere
1055 2385 1354 2464 iniquum,
1393 2382 1570 2444 aliud
1596 2382 1856 2460 permn-

285 2478 450 2549 tere,·
468 2476 576 2538 hoo
599 2476 898 2539 interdum
917 2479 1158 2553 faciunt
1179 2477 1356 2557 leges,
1381 2494 1498 2537 non
1518 2493 1652 2537 vero
1676 2474 1850 2536 illud.

283 2600 370 2610 -—
397 2568 814 2647 Explicantur
855 2570 1086 2649 aliquot
1114 2570 1288 2649 loyes.
1319 2602 1402 2615 —
1426 2567 1677 2629 Nullum
1710 2584 1856 2645 ergo

283 2665 384 2720 est
409 2659 577 2722 illius
595 2664 820 2724 erroris
839 2662 1340 2724 fundamentum.
1363 2659 1456 2722 Ad
1476 2659 1631 2721 illud
1648 2665 1857 2720 autem

287 2754 460 2831 quod
501 2772 576 2815 ex
615 2773 733 2816 usu
773 2756 984 2834 legum
1029 2755 1304 2817 civilium
1342 2752 1734 2827 afferebatur,
1765 2752 1856 2812 di-

291 2847 563 2908 cendum
599 2856 692 2910 est
717 2849 1024 2930 imprimis
1057 2848 1212 2910 nihil
1240 2866 1369 2909 esse
1409 2848 1477 2908 in
1503 2846 1743 2926 legibus
1768 2846 1857 2907 ibi

289 2940 496 3001 citatis
521 2941 685 3020 quod
719 2942 951 3003 directe
984 2940 1341 3003 adversetur
1365 2938 1641 3020 aequitati
1676 2944 1856 3000 natu-

285 3032 410 3095 rali
434 3033 532 3094 vel
552 3033 879 3112 honestati,
906 3034 1071 3116 quod
1093 3034 1216 3095 late
1241 3038 1465 3095 tractat
1497 3031 1749 3093 Fortun.
1787 3032 1853 3092 in

290 3123 462 3186 dicto
499 3131 579 3187 tr.
609 3127 686 3189 de
721 3127 834 3188 ult.
867 3127 1015 3203 fine,
1057 3128 1378 3188 vindicans
1414 3128 1515 3206 jus
1555 3126 1734 3187 civile
1775 3125 1855 3185 ab

289 3217 412 3278 hac
439 3225 605 3281 nota.
635 3221 756 3280 Pro
785 3219 883 3280 his
910 3238 1058 3282 vero
1088 3237 1226 3300 quae
1247 3219 1642 3292 adduximuS,
1671 3235 1855 3296 gene-

289 3309 442 3371 ralis
465 3312 684 3390 regula
714 3313 990 3374 notanda
1015 3319 1131 3389 est,
1161 3311 1334 3373 aliud
1369 3329 1496 3373 esse
1523 3311 1854 3391 praecipere

289 3403 607 3483 iniquum,
631 3404 798 3466 aliud
821 3406 1198 3485 permittere,
1224 3409 1481 3465 autnon
1512 3404 1735 3484 punire
1758 3404 1857 3465 vel

289 3514 422 3556 non
462 3497 808 3559 rescindere
840 3497 1004 3577 quod
1046 3498 1210 3559 male
1248 3497 1480 3559 factum
1524 3502 1646 3573 est3
1688 3496 1856 3574 leges

287 3606 442 3666 ergo
469 3589 680 3650 civiles
715 3608 844 3651 non
877 3590 1238 3670 praecipiunt
1264 3589 1480 3668 iniqua
1491 3605 1511 3666 ;
1542 3588 1855 3649 interdum

286 3699 440 3742 vero
465 3683 836 3760 permittunt
862 3688 974 3742 aut
998 3682 1286 3757 tolerant,
1317 3682 1397 3742 ad
1429 3683 1667 3760 majora
1694 3681 1858 3742 mala

287 3773 567 3850 vitanda,
585 3780 656 3834 ut
671 3773 796 3836 late
814 3775 1076 3856 explicat
1089 3775 1378 3851 Barbosa,
1401 3774 1852 3836 ff.Solut.Mat1-.

287 3865 358 3926 in
387 3865 564 3928 rubr.
594 3887 658 3947 p.
697 3870 760 3944 2,
791 3874 853 3930 et
879 3888 945 3929 n.
979 3870 1056 3929 10
1091 3873 1153 3929 et
1191 3874 1466 3946 sequent.
1511 3885 1657 3927 mox
1693 3867 1858 3928 dice-

287 3977 453 4020 mus.
474 3960 681 4021 Primo
697 3960 890 4039 igitur
906 3961 974 4020 in
991 3960 1154 4021 dicta
1169 3960 1212 4020 l.
1231 3961 1384 4022 Dolo
1405 3961 1590 4020 datur
1608 3960 1769 4021 actio
1789 3961 1855 4021 in

284 4052 431 4132 jure
459 4053 648 4128 civili,
691 4071 817 4113 non
846 4053 1126 4114 obstante
1153 4052 1315 4129 dole,
1357 4053 1425 4112 in
1449 4053 1860 4114 contractibus

286 4146 488 4206 stricti
510 4146 694 4225 juris,
733 4165 860 4208 non
888 4147 1036 4226 quia
1071 4147 1175 4226 jus
1211 4145 1531 4227 approbet,
1571 4147 1676 4208 sed
1713 4148 1861 4227 quia

285 4238 428 4297 vult
448 4238 716 4317 judicari
743 4239 820 4300 de
845 4239 955 4300 illo
987 4257 1098 4319 per
1129 4245 1478 4319 praetorem,
1504 4244 1567 4300 et
1599 4241 1689 4300 ita
1715 4258 1860 4300 con-

285 4331 452 4390 cedit
478 4332 905 4411 exceptionem
939 4331 1087 4408 doli,
1114 4331 1274 4411 quod
1310 4331 1547 4392 malum
1575 4349 1702 4392 non
1739 4337 1855 4409 est,

285 4428 353 4484 et
399 4428 600 4502 potest
646 4441 776 4484 esse
823 4423 976 4484 utile
1017 4423 1415 4503 reipublicae:
1455 4423 1860 4487 nihilominus

285 4523 500 4578 tamen
513 4516 623 4594 qui
641 4516 787 4577 iecit
809 4515 1046 4592 dolum,
1062 4517 1129 4577 in
1153 4519 1528 4579 conscientia
1545 4518 1860 4580 tenebitur

285 4606 620 4670 abstinere.
661 4607 756 4670 Ad
794 4608 1137 4670 secundum
1169 4629 1340 4686 vero,
1369 4611 1446 4672 de
1476 4612 1718 4672 actione
1746 4631 1858 4691 pu-

283 4699 558 4762 bliciana
595 4699 673 4760 de
716 4719 840 4780 qua
879 4700 1218 4783 loquitur§
1260 4703 1562 4784 Namque,
1593 4709 1860 4782 negatur

286 4793 464 4855 illam
483 4811 612 4854 esse
634 4793 938 4854 actionem
963 4793 1446 4871 fraudulentam,
1473 4797 1618 4875 quia
1641 4801 1704 4856 et
1726 4795 1858 4857 sine

287 4885 613 4948 mendacio
631 4886 894 4966 proponi
915 4893 1137 4966 potest,
1151 4888 1261 4948 ubi
1283 4887 1495 4949 Glossa
1506 4889 1654 4964 late,
1669 4889 1858 4950 verbo

289 4981 488 5055 Dicit,
519 4985 584 5041 et
613 4979 845 5039 bonam
857 4978 1049 5040 fidem
1073 4980 1356 5060 requirit,
1387 4985 1459 5040 ut
1488 4981 1610 5041 late
1638 4982 1854 5042 Covar.

285 5073 355 5133 in
383 5071 604 5150 regula
630 5072 973 5148 Posseseor,
1003 5075 1044 5132 2
1081 5078 1270 5152 part.,
1315 5073 1352 5153 ς
1385 5075 1486 5149 Η,
1525 5091 1590 5135 n.
1636 5074 1708 5150 6;
1749 5073 1859 5133 ubi

283 5164 562 5225 ostendit
602 5163 792 5224 etiam
827 5164 972 5241 jure
1011 5165 1311 5226 canonico
1349 5183 1481 5226 esse
1521 5172 1852 5246 receptam.

279 5257 380 5319 Ad
427 5257 712 5332 tertium,
755 5273 833 5318 ex
872 5255 919 5317 l.
966 5257 1214 5320 Pacisci
1257 5258 1611 5338 responderi
1656 5265 1860 5339 posset

283 5349 462 5410 illam
483 5367 618 5410 esse
643 5349 1115 5430 permissionem
1150 5351 1515 5430 quamdam3
1539 5352 1746 5413 verius
1766 5357 1858 5412 ta·

283 5463 438 5506 men
473 5443 702 5506 dicitur
721 5449 970 5527 pactum
993 5443 1072 5506 de
1095 5463 1221 5525 quo
1242 5445 1330 5506 ibi
1361 5451 1454 5508 est
1477 5463 1700 5522 sermn,
1725 5445 1858 5507 lici-

281 5544 426 5600 tum
458 5555 613 5614 esse,
637 5543 712 5598 ut
742 5537 909 5618 quod
937 5542 1182 5618 emptor
1207 5555 1352 5600 cum
1373 5539 1694 5602 venditore
1713 5555 1858 5602 eon-

3379 418 3447 476 21
3466 418 3503 476 7

1936 518 2148 580 veniat
2185 526 2255 579 ut
2289 518 2365 580 de
2402 519 2569 580 vitiis
2595 520 2686 581 rei
2712 518 2977 581 venditas
3018 538 3147 581 non
3186 526 3498 599 teneatur,

1938 630 2052 673 nec
2087 614 2275 691 possit
2302 613 2539 673 moveri
2566 614 2850 693 quaestio:
2884 612 3001 673 hoc
3028 615 3197 675 enim
3233 615 3507 694 emptori·

1937 703 2100 779 lieet,
2126 722 2267 764 cum
2293 722 2401 784 per
2420 704 2538 766 hoc
2562 706 2879 767 renuntiet
2890 706 3020 785 juri
3052 725 3163 767 suo
3175 723 3195 783 3
3221 723 3297 767 ex
3325 714 3499 787 parte

1939 803 2149 858 autem
2205 798 2528 859 vendentis
2576 801 2917 860 necessaria
2970 800 3089 860 erit
3135 799 3299 860 bona
3346 800 3500 863 fides

1935 907 2063 950 non
2086 890 2285 950 solum
2303 908 2379 951 ex
2396 893 2539 968 jure
2558 891 2849 967 naturali,
2868 892 2975 953 sed
2997 893 3185 953 etiam
3209 912 3285 954 ex
3306 894 3496 973 civili,

1935 988 2008 1041 ut
2030 981 2119 1042 ibi
2146 987 2320 1043 notat
2350 982 2579 1043 Glossa.
2608 984 2700 1043 Ad
2729 991 3043 1063 quartum,
3078 986 3154 1047 de
3181 988 3499 1068 praescrip-

1936 1075 2138 1150 tione,
2187 1076 2593 1155 respondetur
2641 1078 3047 1137 necessariam
3096 1096 3225 1139 esse
3270 1079 3499 1142 bonam

1938 1168 2149 1245 fidem,
2177 1170 2361 1230 etiam
2391 1169 2724 1230 secundum
2744 1171 3082 1248 posteriora
3101 1172 3245 1250 jura
3268 1173 3491 1236 civilia.

1939 1263 2149 1341 Neque
2172 1268 2502 1342 potuerunt
2520 1280 2797 1342 unquam
2813 1263 2960 1341 jura
2977 1263 3183 1324 civilia
3210 1282 3499 1328 securum

1936 1354 2193 1415 reddere
2212 1356 2277 1414 in
2301 1355 2670 1415 conscientia
2693 1372 3097 1433 possessorem
3120 1357 3300 1418 malae
3327 1357 3495 1434 fidei,

1937 1447 2045 1507 sed
2104 1448 2181 1508 ad
2236 1466 2549 1508 summum
2603 1453 2938 1526 potuerunt
2991 1467 3120 1510 non
3176 1450 3500 1513 admittere

1935 1545 2151 1600 contra
2172 1539 2347 1600 illum
2368 1542 2699 1616 actionem,
2724 1547 2835 1602 aut
2849 1542 3021 1604 litem
3045 1558 3062 1602 t
3086 1548 3148 1604 et
3165 1544 3331 1605 idem
3354 1562 3499 1606 cum

1933 1634 2329 1714 proportione
2381 1633 2713 1695 dicendum
2762 1640 2855 1696 est
2904 1636 2981 1697 de
3029 1638 3317 1699 omnibus
3362 1638 3501 1699 aliis

1935 1726 2177 1786 casibus
2206 1727 2273 1787 in
2302 1726 2525 1805 quibus
2548 1727 2648 1806 jus
2670 1728 2848 1789 civile
2876 1728 3104 1789 dicitur
3139 1747 3265 1791 non
3289 1748 3503 1810 proce·

1934 1818 2079 1880 dere
2112 1819 2177 1879 in
2204 1819 2339 1880 foro
2368 1820 2614 1880 animas.
2642 1822 2712 1881 ln
2738 1840 2861 1901 quo
2893 1823 3079 1882 etiam
3109 1829 3201 1883 est
3226 1823 3501 1885 conside⁴

1935 1911 2203 1972 randum
2250 1913 2410 1991 quod
2433 1958 2452 1988 ,
2496 1912 2639 1973 licet
2687 1916 3081 1994 magistratus
3126 1915 3320 1977 civilis
3370 1932 3500 1979 non

1936 2010 2223 2065 teneatur
2250 2023 2491 2085 semper
2527 2025 2741 2068 cavere
2768 2008 3043 2088 pericula
3082 2014 3495 2089 peccatorum,

1936 2097 2248 2158 interdum
2262 2104 2471 2160 tamen
2496 2116 2671 2179 posse
2692 2100 3011 2177 excedere,
3040 2101 3294 2163 ferendo
3308 2103 3496 2181 leges,

1935 2189 2252 2269 quae,licet
2274 2190 2351 2252 de
2368 2193 2633 2271 peccatis
2655 2210 2783 2254 non
2805 2195 2950 2270 sint,
2964 2194 3238 2274 pericula
3252 2194 3500 2255 illorum

1935 2282 2279 2358 involvant,
2320 2284 2420 2344 vel
2457 2284 2580 2345 illis
2606 2285 3000 2366 aliquomodo
3040 2285 3249 2348 favere
3275 2287 3375 2348 vel
3402 2306 3501 2349 oc-

1937 2377 2245 2438 casionem
2273 2377 2542 2457 praebere
2564 2379 2924 2441 videantur:
2954 2386 3017 2441 et
3041 2380 3107 2441 in
3134 2380 3232 2440 his
3259 2379 3499 2441 casibus

1937 2469 2137 2529 solent
2175 2470 2339 2548 leges
2366 2472 2676 2533 canonica}
2704 2472 3011 2552 corrigere
3044 2473 3277 2547 civileS,
3308 2477 3381 2534 ut
3405 2472 3501 2534 in-

1936 2560 2034 2622 fra
2058 2562 2409 2624 videbimus
2432 2580 2447 2625 :
2472 2564 2575 2625 ille
2602 2582 2749 2626 vero
2777 2566 3051 2627 defectus
3078 2570 3168 2627 est
3198 2584 3497 2646 personas,

1936 2672 2065 2715 non
2092 2655 2315 2733 officii;
2346 2662 2409 2717 et
2435 2657 2799 2738 prudentiae,
2826 2676 2955 2720 non
2981 2660 3299 2740 potestatis
3320 2675 3501 2720 :nam

1935 2746 2038 2807 lex
2084 2748 2305 2824 civilis,
2354 2748 2405 2809 si
2450 2751 2787 2829 prudenter
2830 2752 3091 2829 feratur,
3142 2770 3269 2813 non
3314 2752 3498 2813 modo
3533 2771 3549 2786 ·

1935 2858 2065 2901 non
2105 2840 2286 2903 debet
2320 2844 2650 2923 proecipere
2690 2850 2893 2924 turpe,
2924 2863 3143 2906 verum
3168 2846 3355 2906 etiam
3382 2862 3498 2905 nec

1937 2934 2169 2996 morale
2218 2936 2567 3015 periculum
2620 2938 2913 3016 peccandi
2956 2939 3125 2999 dare.
3180 2938 3497 3012 Quomodo

1936 3035 2147 3090 autem
2192 3030 2294 3091 lex
2329 3031 2519 3111 possit
2557 3029 2976 3091 indifferentia
3021 3032 3375 3113 praecipere,
3402 3031 3496 3092 di-

1933 3141 2069 3186 cam
2096 3125 2165 3183 in
2186 3124 2310 3186 fine
2338 3124 2575 3203 capitiS.

2014 3219 2075 3279 ’1.
2119 3218 2303 3297 Leqes
2328 3217 2536 3280 civiles
2549 3235 2724 3296 posse
2742 3217 3069 3297 precipere
3086 3222 3253 3280 recta
3277 3219 3345 3280 in
3372 3237 3495 3281 om-

1931 3311 2111 3373 nibus
2136 3311 2488 3386 virtutibus,
2512 3316 2567 3373 et
2593 3311 2865 3390 opposita
2886 3311 3020 3372 illis
3038 3311 3495 3374 votam—Pla·

1937 3408 1997 3464 to
2041 3405 2187 3465 duos
2232 3403 2512 3465 bonorum
2558 3403 2795 3465 ordines
2834 3403 3183 3482 distinquit.
3227 3435 3310 3448 —
3349 3403 3495 3464 Dico

1937 3495 2246 3557 secundo:
2277 3497 2465 3574 Leges
2493 3496 2705 3557 civiles
2731 3514 2857 3556 non
2886 3495 3083 3556 solum
3130 3496 3497 3576 praecipiunt

1936 3594 2105 3650 recta
2148 3588 2215 3649 in
2244 3590 2503 3651 materia
2543 3589 2820 3670 justitiae,
2854 3589 2960 3650 sed
2992 3589 3179 3650 etiam
3208 3589 3275 3649 in
3305 3593 3498 3650 mate-

1936 3683 2032 3743 ria
2064 3681 2330 3743 aliarum
2377 3682 2679 3743 virtutum
2724 3682 3079 3758 moralium,
3125 3687 3189 3744 et
3215 3683 3497 3743 similiter

1937 3783 2147 3836 vetare
2194 3782 2447 3855 possunt
2486 3777 2639 3837 vitia
2683 3781 2902 3837 contra
2955 3794 3170 3837 omnes
3210 3776 3490 3837 virtutes.

1939 3869 2083 3930 Hoec
2119 3870 2287 3930 enim
2320 3869 2443 3930 duo
2477 3869 2761 3932 eamdem
2788 3887 3031 3949 semper
3058 3870 3363 3930 rationem
3387 3887 3497 3930 seu

1937 3963 2399 4042 proportionem
2426 3968 2696 4037 servant,
2727 3964 2876 4041 quia
2912 3963 3111 4023 facere
3160 3962 3394 4022 bonum
3433 3967 3497 4023 et

1938 4056 2134 4116 vitare
2156 4055 2390 4116 malum
2416 4060 2619 4133 partes
2649 4059 2794 4114 sunt
2816 4054 3069 4134 justitioe
3097 4072 3223 4114 non
3251 4058 3493 4116 tantum

1937 4149 2345 4228 particularia,
2371 4148 2477 4209 sed
2505 4148 2694 4208 etiam
2719 4148 3043 4226 generalis.
3072 4147 3213 4208 Haec
3240 4149 3495 4209 assertio

1939 4239 2207 4301 sumitur
2246 4257 2322 4301 ex
2346 4241 2417 4300 D.
2462 4239 2721 4316 Thoma,
2751 4257 2814 4319 q.
2859 4241 2963 4314 95,
2999 4257 3056 4299 a.
3089 4242 3149 4314 3,
3182 4244 3244 4300 et
3268 4239 3378 4299 ubi
3418 4239 3496 4300 de

1937 4331 2075 4412 lege
2102 4332 2376 4393 humana
2413 4334 2482 4393 in
2508 4333 2821 4393 communi
2852 4323 3160 4411 loquitur3
3189 4331 3495 4412 praecipue

1937 4425 2171 4486 veroid
2197 4425 2377 4487 docet
2404 4431 2655 4506 propter
2680 4424 2923 4486 civilem
2949 4469 2970 4500 ,
3006 4441 3155 4484 nam
3199 4424 3275 4485 de
3315 4443 3498 4486 cano-

1937 4517 2078 4578 nica
2109 4516 2281 4578 nulla
2304 4523 2545 4597 poterat
2567 4534 2697 4578 esse
2725 4514 3053 4593 dubitatio,
3082 4521 3146 4578 ct
3166 4516 3255 4576 ita
3272 4516 3497 4579 confir·

1938 4615 2070 4671 mat
2128 4611 2530 4684 assertionem
2578 4629 2656 4672 ex
2698 4610 2950 4672 Aristot.
2994 4611 3033 4671 5
3070 4609 3209 4672 Eth.
3242 4629 3295 4672 c.
3339 4614 3368 4671 1
3403 4610 3496 4672 di-

1938 4708 2152 4765 cente:
2186 4705 2352 4783 Ipsoe
2377 4711 2575 4767 autom
2622 4704 2778 4783 loyes
2822 4705 2891 4767 do
2934 4704 3204 4766 omnibus
3241 4704 3493 4780 dictant,

1937 4799 2327 4876 conjectantes
2381 4815 2738 4862 communem
2784 4798 3115 4861 utilitatem
3124 4823 3153 4872 ,·
3182 4802 3245 4859 et
3286 4796 3489 4858 intra:

1938 4890 2236 4969 Proecipit
2268 4895 2465 4953 autem
2504 4891 2599 4952 lem
2628 4895 2683 4954 et
2709 4908 2779 4954 ea
2814 4907 2990 4986 affore
3020 4909 3153 4972 qua·
3180 4890 3263 4952 ad
3292 4889 3495 4952 virum

1933 4981 2239 5061 pertinent
2262 4985 2505 5059 fortem,
2522 4986 2595 5044 ut
2620 5001 2737 5044 non
2756 4984 3015 5046 deserere
3040 4983 3231 5045 locum
3254 4984 3321 5044 in
3344 4983 3490 5057 acie,

1935 5091 2055 5136 non
2080 5077 2314 5154 suffere,
2348 5093 2466 5136 non
2492 5075 2748 5154 abjicere
2778 5093 2972 5136 arma.
2990 5075 3085 5136 Ec
3104 5076 3247 5136 item
3268 5091 3337 5136 ea
3363 5091 3495 5154 quoe

1937 5172 2079 5229 sunt
2105 5169 2512 5246 temperantis,
2560 5173 2631 5228 ut
2653 5183 2769 5227 non
2802 5167 3162 5242 adulterari,
3191 5183 3311 5226 non
3349 5166 3496 5228 libi-

1939 5260 2076 5320 dine
2094 5260 2211 5321 uti.
2238 5259 2331 5319 Et
2356 5258 2472 5320 illa
2494 5260 2675 5336 etiam
2702 5275 2835 5337 qaoe
2853 5263 2996 5320 sunt
3026 5258 3287 5320 mater-ia
3299 5257 3491 5338 justi,

1936 5357 2008 5414 ut
2024 5369 2139 5412 non
2158 5351 2430 5429 pulsare,
2454 5368 2573 5411 non
2608 5351 2875 5412 convicia
2902 5351 3114 5427 dicere,
3144 5357 3200 5414 et
3230 5351 3298 5414 in
3320 5356 3495 5414 ooete-

1935 5446 2031 5508 ris
2054 5443 2387 5507 virtutibus
2412 5449 2587 5524 atque
2610 5443 2810 5521 vitiis,
2840 5445 3221 5525 aliajubm,
3246 5445 3378 5506 alia
3402 5461 3497 5507 ve·

1936 5544 2098 5603 tans.
2128 5536 2301 5600 Plato
2328 5536 2516 5600 etiam
2558 5540 2589 5600 1
2620 5535 2699 5599 de
2740 5537 3007 5620 Legibus
3044 5537 3201 5600 duos
3244 5535 3493 5600 ordines
