<?xml version="1.0" encoding="UTF-8"?>
<!DOCTYPE html PUBLIC "-//W3C//DTD XHTML 1.0 Transitional//EN"
    "http://www.w3.org/TR/xhtml1/DTD/xhtml1-transitional.dtd">
<html xmlns="http://www.w3.org/1999/xhtml" xml:lang="en" lang="en">
 <head>
  <title>
</title>
<meta http-equiv="Content-Type" content="text/html;charset=utf-8" />
  <meta name='ocr-system' content='tesseract 3.04.00' />
  <meta name='ocr-capabilities' content='ocr_page ocr_carea ocr_par ocr_line ocrx_word'/>
</head>
<body>
  <div class='ocr_page' id='page_1' title='image "./rpfranciscisuar02duvagoog_0224.png"; bbox 0 0 3976 6219; ppageno 0'>
   <div class='ocr_carea' id='block_1_1' title="bbox 507 406 627 467">
    <p class='ocr_par' dir='ltr' id='par_1_1' title="bbox 507 406 627 467">
     <span class='ocr_line' id='line_1_1' title="bbox 507 406 627 467; baseline 0.017 -2"><span class='ocrx_word' id='word_1_1' title='bbox 507 406 627 467; x_wconf 75' lang='lat'><strong>206</strong></span> 
     </span>
    </p>
   </div>
   <div class='ocr_carea' id='block_1_2' title="bbox 507 510 2082 1611">
    <p class='ocr_par' dir='ltr' id='par_1_2' title="bbox 507 510 2082 1611">
     <span class='ocr_line' id='line_1_2' title="bbox 507 510 2079 590; baseline -0.003 -17"><span class='ocrx_word' id='word_1_2' title='bbox 507 530 640 573; x_wconf 88' lang='lat' dir='ltr'><strong>rem</strong></span> <span class='ocrx_word' id='word_1_3' title='bbox 670 530 796 572; x_wconf 83' lang='lat' dir='ltr'><strong>suae</strong></span> <span class='ocrx_word' id='word_1_4' title='bbox 825 512 1161 590; x_wconf 82' lang='lat' dir='ltr'><strong>dignitatis,</strong></span> <span class='ocrx_word' id='word_1_5' title='bbox 1207 516 1278 571; x_wconf 90' lang='grc'><strong>111</strong></span> <span class='ocrx_word' id='word_1_6' title='bbox 1304 510 1468 570; x_wconf 90' lang='lat' dir='ltr'><strong>idem</strong></span> <span class='ocrx_word' id='word_1_7' title='bbox 1513 516 1726 572; x_wconf 86' lang='lat' dir='ltr'><strong>auctor</strong></span> <span class='ocrx_word' id='word_1_8' title='bbox 1766 510 2079 589; x_wconf 84' lang='lat' dir='ltr'><strong>prosequi-</strong></span> 
     </span>
     <span class='ocr_line' id='line_1_3' title="bbox 509 603 2076 683; baseline 0.001 -20"><span class='ocrx_word' id='word_1_9' title='bbox 509 609 665 664; x_wconf 89' lang='lat' dir='ltr'><strong>tura</strong></span> <span class='ocrx_word' id='word_1_10' title='bbox 692 623 757 663; x_wconf 93' lang='lat' dir='ltr'><strong>n.</strong></span> <span class='ocrx_word' id='word_1_11' title='bbox 783 606 879 664; x_wconf 83' lang='lat'><strong>39.</strong></span> <span class='ocrx_word' id='word_1_12' title='bbox 913 605 1041 665; x_wconf 88' lang='lat' dir='ltr'><strong>Hoc</strong></span> <span class='ocrx_word' id='word_1_13' title='bbox 1062 622 1209 682; x_wconf 90' lang='lat' dir='ltr'><strong>ergo</strong></span> <span class='ocrx_word' id='word_1_14' title='bbox 1240 603 1438 663; x_wconf 87' lang='lat' dir='ltr'><strong>solum</strong></span> <span class='ocrx_word' id='word_1_15' title='bbox 1467 609 1557 664; x_wconf 88' lang='lat' dir='ltr'><strong>est</strong></span> <span class='ocrx_word' id='word_1_16' title='bbox 1585 605 1749 682; x_wconf 89' lang='lat' dir='ltr'><strong>quod</strong></span> <span class='ocrx_word' id='word_1_17' title='bbox 1779 622 1889 683; x_wconf 89' lang='lat' dir='ltr'><strong>per</strong></span> <span class='ocrx_word' id='word_1_18' title='bbox 1906 603 2076 664; x_wconf 89' lang='lat' dir='ltr'><strong>illam</strong></span> 
     </span>
     <span class='ocr_line' id='line_1_4' title="bbox 509 695 2076 775; baseline -0.001 -19"><span class='ocrx_word' id='word_1_19' title='bbox 509 695 712 775; x_wconf 90' lang='lat' dir='ltr'><strong>legem</strong></span> <span class='ocrx_word' id='word_1_20' title='bbox 741 697 1049 774; x_wconf 75' lang='lat' dir='ltr'><strong>Hispaniae</strong></span> <span class='ocrx_word' id='word_1_21' title='bbox 1068 696 1375 757; x_wconf 84' lang='lat' dir='ltr'><strong>statuitur.</strong></span> <span class='ocrx_word' id='word_1_22' title='bbox 1400 697 1475 755; x_wconf 90' lang='lat' dir='ltr'><strong>Et</strong></span> <span class='ocrx_word' id='word_1_23' title='bbox 1503 697 1650 774; x_wconf 89' lang='lat' dir='ltr'><strong>quia</strong></span> <span class='ocrx_word' id='word_1_24' title='bbox 1681 714 1909 756; x_wconf 91' lang='lat' dir='ltr'><strong>nomen</strong></span> <span class='ocrx_word' id='word_1_25' title='bbox 1921 696 2076 756; x_wconf 87' lang='lat' dir='ltr'><strong>illud</strong></span> 
     </span>
     <span class='ocr_line' id='line_1_5' title="bbox 509 789 2078 868; baseline 0 -19"><span class='ocrx_word' id='word_1_26' title='bbox 509 789 677 867; x_wconf 90' lang='lat' dir='ltr'><strong>regis</strong></span> <span class='ocrx_word' id='word_1_27' title='bbox 720 807 984 850; x_wconf 84' lang='lat' dir='ltr'><strong>vacuum</strong></span> <span class='ocrx_word' id='word_1_28' title='bbox 1015 808 1141 850; x_wconf 91' lang='lat' dir='ltr'><strong>non</strong></span> <span class='ocrx_word' id='word_1_29' title='bbox 1198 794 1312 864; x_wconf 90' lang='lat' dir='ltr'><strong>est,</strong></span> <span class='ocrx_word' id='word_1_30' title='bbox 1363 789 1588 849; x_wconf 90' lang='lat' dir='ltr'><strong>dicitur</strong></span> <span class='ocrx_word' id='word_1_31' title='bbox 1626 789 1814 850; x_wconf 90' lang='lat' dir='ltr'><strong>etiam</strong></span> <span class='ocrx_word' id='word_1_32' title='bbox 1844 789 1941 849; x_wconf 80' lang='lat' dir='ltr'><strong>vir</strong></span> <span class='ocrx_word' id='word_1_33' title='bbox 1966 807 2078 868; x_wconf 90' lang='lat' dir='ltr'><strong>per</strong></span> 
     </span>
     <span class='ocr_line' id='line_1_6' title="bbox 511 881 2074 961; baseline 0 -19"><span class='ocrx_word' id='word_1_34' title='bbox 511 881 979 943; x_wconf 78' lang='lat' dir='ltr'><strong>matrimonium</strong></span> <span class='ocrx_word' id='word_1_35' title='bbox 1018 882 1307 961; x_wconf 78' lang='lat' dir='ltr'><strong>consequi</strong></span> <span class='ocrx_word' id='word_1_36' title='bbox 1342 881 1689 942; x_wconf 91' lang='lat' dir='ltr'><strong>dominium</strong></span> <span class='ocrx_word' id='word_1_37' title='bbox 1717 882 1918 961; x_wconf 86' lang='lat' dir='ltr'><strong>regni,</strong></span> <span class='ocrx_word' id='word_1_38' title='bbox 1949 900 2074 942; x_wconf 90' lang='lat' dir='ltr'><strong>non</strong></span> 
     </span>
     <span class='ocr_line' id='line_1_7' title="bbox 509 974 2078 1054; baseline 0.001 -19"><span class='ocrx_word' id='word_1_39' title='bbox 509 974 715 1054; x_wconf 91' lang='lat' dir='ltr'><strong>quoad</strong></span> <span class='ocrx_word' id='word_1_40' title='bbox 724 974 1220 1052; x_wconf 84' lang='lat' dir='ltr'><strong>jurisdictionem</strong></span> <span class='ocrx_word' id='word_1_41' title='bbox 1243 975 1579 1054; x_wconf 85' lang='lat' dir='ltr'><strong>propriam,</strong></span> <span class='ocrx_word' id='word_1_42' title='bbox 1602 975 1705 1035; x_wconf 91' lang='lat' dir='ltr'><strong>sed</strong></span> <span class='ocrx_word' id='word_1_43' title='bbox 1732 993 1842 1054; x_wconf 90' lang='lat' dir='ltr'><strong>per</strong></span> <span class='ocrx_word' id='word_1_44' title='bbox 1860 994 2078 1054; x_wconf 89' lang='lat' dir='ltr'><strong>quam-</strong></span> 
     </span>
     <span class='ocr_line' id='line_1_8' title="bbox 510 1068 2079 1145; baseline 0 -17"><span class='ocrx_word' id='word_1_45' title='bbox 510 1068 653 1128; x_wconf 88' lang='lat' dir='ltr'><strong>dam</strong></span> <span class='ocrx_word' id='word_1_46' title='bbox 699 1068 1321 1129; x_wconf 81' lang='lat' dir='ltr'><strong>communicationem</strong></span> <span class='ocrx_word' id='word_1_47' title='bbox 1370 1086 1511 1128; x_wconf 91' lang='lat' dir='ltr'><strong>cum</strong></span> <span class='ocrx_word' id='word_1_48' title='bbox 1558 1068 1797 1145; x_wconf 88' lang='lat' dir='ltr'><strong>regina,</strong></span> <span class='ocrx_word' id='word_1_49' title='bbox 1837 1069 2079 1128; x_wconf 88' lang='lat' dir='ltr'><strong>ratione</strong></span> 
     </span>
     <span class='ocr_line' id='line_1_9' title="bbox 510 1162 2081 1241; baseline -0.001 -18"><span class='ocrx_word' id='word_1_50' title='bbox 510 1162 687 1241; x_wconf 87' lang='lat' dir='ltr'><strong>eujus</strong></span> <span class='ocrx_word' id='word_1_51' title='bbox 710 1168 781 1222; x_wconf 89' lang='lat' dir='ltr'><strong>ut</strong></span> <span class='ocrx_word' id='word_1_52' title='bbox 803 1162 1093 1223; x_wconf 90' lang='lat' dir='ltr'><strong>dominus</strong></span> <span class='ocrx_word' id='word_1_53' title='bbox 1107 1162 1428 1223; x_wconf 89' lang='lat' dir='ltr'><strong>habendus</strong></span> <span class='ocrx_word' id='word_1_54' title='bbox 1446 1168 1561 1237; x_wconf 90' lang='lat' dir='ltr'><strong>est,</strong></span> <span class='ocrx_word' id='word_1_55' title='bbox 1593 1168 1654 1222; x_wconf 92' lang='lat' dir='ltr'><strong>et</strong></span> <span class='ocrx_word' id='word_1_56' title='bbox 1681 1162 2081 1223; x_wconf 89' lang='lat' dir='ltr'><strong>honorandus</strong></span> 
     </span>
     <span class='ocr_line' id='line_1_10' title="bbox 510 1255 2081 1336; baseline 0.001 -21"><span class='ocrx_word' id='word_1_57' title='bbox 510 1262 580 1315; x_wconf 93' lang='lat' dir='ltr'><strong>ut</strong></span> <span class='ocrx_word' id='word_1_58' title='bbox 609 1273 738 1316; x_wconf 83' lang='lat' dir='ltr'><strong>rex.</strong></span> <span class='ocrx_word' id='word_1_59' title='bbox 770 1257 899 1317; x_wconf 90' lang='lat' dir='ltr'><strong>Imo</strong></span> <span class='ocrx_word' id='word_1_60' title='bbox 944 1255 1257 1336; x_wconf 80' lang='lat' dir='ltr'><strong>probabile</strong></span> <span class='ocrx_word' id='word_1_61' title='bbox 1286 1261 1401 1329; x_wconf 88' lang='lat' dir='ltr'><strong>est,</strong></span> <span class='ocrx_word' id='word_1_62' title='bbox 1437 1256 1489 1315; x_wconf 88' lang='lat' dir='ltr'><strong>si</strong></span> <span class='ocrx_word' id='word_1_63' title='bbox 1530 1256 1764 1334; x_wconf 89' lang='lat' dir='ltr'><strong>aliquid</strong></span> <span class='ocrx_word' id='word_1_64' title='bbox 1796 1257 2081 1335; x_wconf 86' lang='lat' dir='ltr'><strong>disponat</strong></span> 
     </span>
     <span class='ocr_line' id='line_1_11' title="bbox 510 1347 2082 1427; baseline 0.001 -19"><span class='ocrx_word' id='word_1_65' title='bbox 510 1347 671 1409; x_wconf 88' lang='lat' dir='ltr'><strong>circa</strong></span> <span class='ocrx_word' id='word_1_66' title='bbox 694 1349 973 1427; x_wconf 89' lang='lat' dir='ltr'><strong>regimen</strong></span> <span class='ocrx_word' id='word_1_67' title='bbox 998 1349 1200 1427; x_wconf 85' lang='lat' dir='ltr'><strong>regni,</strong></span> <span class='ocrx_word' id='word_1_68' title='bbox 1243 1347 1343 1409; x_wconf 75' lang='lat' dir='ltr'><strong>vel</strong></span> <span class='ocrx_word' id='word_1_69' title='bbox 1361 1348 1562 1427; x_wconf 88' lang='lat' dir='ltr'><strong>legem</strong></span> <span class='ocrx_word' id='word_1_70' title='bbox 1577 1348 1756 1423; x_wconf 80' lang='lat' dir='ltr'><strong>serat,</strong></span> <span class='ocrx_word' id='word_1_71' title='bbox 1775 1354 1837 1409; x_wconf 91' lang='lat' dir='ltr'><strong>et</strong></span> <span class='ocrx_word' id='word_1_72' title='bbox 1862 1350 2082 1427; x_wconf 88' lang='lat' dir='ltr'><strong>regina</strong></span> 
     </span>
     <span class='ocr_line' id='line_1_12' title="bbox 509 1440 2079 1521; baseline 0.001 -20"><span class='ocrx_word' id='word_1_73' title='bbox 509 1441 728 1502; x_wconf 80' lang='lat' dir='ltr'><strong>videns</strong></span> <span class='ocrx_word' id='word_1_74' title='bbox 756 1448 977 1517; x_wconf 88' lang='lat' dir='ltr'><strong>taceat,</strong></span> <span class='ocrx_word' id='word_1_75' title='bbox 1009 1441 1354 1521; x_wconf 91' lang='lat' dir='ltr'><strong>parendum</strong></span> <span class='ocrx_word' id='word_1_76' title='bbox 1388 1440 1481 1501; x_wconf 91' lang='lat' dir='ltr'><strong>illi</strong></span> <span class='ocrx_word' id='word_1_77' title='bbox 1511 1459 1660 1516; x_wconf 90' lang='lat' dir='ltr'><strong>esse,</strong></span> <span class='ocrx_word' id='word_1_78' title='bbox 1687 1442 1835 1520; x_wconf 88' lang='lat' dir='ltr'><strong>quia</strong></span> <span class='ocrx_word' id='word_1_79' title='bbox 1862 1442 2079 1520; x_wconf 89' lang='lat' dir='ltr'><strong>regina</strong></span> 
     </span>
     <span class='ocr_line' id='line_1_13' title="bbox 509 1535 2079 1611; baseline 0 -14"><span class='ocrx_word' id='word_1_80' title='bbox 509 1538 766 1597; x_wconf 85' lang='lat' dir='ltr'><strong>tacendo</strong></span> <span class='ocrx_word' id='word_1_81' title='bbox 789 1543 1072 1598; x_wconf 89' lang='lat' dir='ltr'><strong>censetur</strong></span> <span class='ocrx_word' id='word_1_82' title='bbox 1099 1536 1192 1597; x_wconf 92' lang='lat' dir='ltr'><strong>illi</strong></span> <span class='ocrx_word' id='word_1_83' title='bbox 1216 1536 1585 1611; x_wconf 88' lang='lat' dir='ltr'><strong>consentire,</strong></span> <span class='ocrx_word' id='word_1_84' title='bbox 1608 1535 1707 1598; x_wconf 84' lang='lat' dir='ltr'><strong>vel</strong></span> <span class='ocrx_word' id='word_1_85' title='bbox 1735 1538 2079 1597; x_wconf 89' lang='lat' dir='ltr'><strong>committe-</strong></span> 
     </span>
    </p>
   </div>
   <div class='ocr_carea' id='block_1_3' title="bbox 398 1628 2083 1709">
    <p class='ocr_par' dir='ltr' id='par_1_3' title="bbox 398 1628 2083 1709">
     <span class='ocr_line' id='line_1_14' title="bbox 398 1628 2083 1709; baseline -0.001 -19"><span class='ocrx_word' id='word_1_86' title='bbox 398 1631 404 1637; x_wconf 84' lang='grc'>’</span> <span class='ocrx_word' id='word_1_87' title='bbox 509 1647 577 1690; x_wconf 90' lang='grc'><strong>16</strong></span> <span class='ocrx_word' id='word_1_88' title='bbox 604 1630 766 1690; x_wconf 78' lang='lat' dir='ltr'><strong>vices</strong></span> <span class='ocrx_word' id='word_1_89' title='bbox 788 1646 969 1691; x_wconf 88' lang='lat' dir='ltr'><strong>suas:</strong></span> <span class='ocrx_word' id='word_1_90' title='bbox 1004 1629 1290 1709; x_wconf 85' lang='lat' dir='ltr'><strong>quamvis</strong></span> <span class='ocrx_word' id='word_1_91' title='bbox 1315 1629 1384 1689; x_wconf 91' lang='lat' dir='ltr'><strong>in</strong></span> <span class='ocrx_word' id='word_1_92' title='bbox 1425 1628 1542 1689; x_wconf 88' lang='lat' dir='ltr'><strong>hoc</strong></span> <span class='ocrx_word' id='word_1_93' title='bbox 1567 1629 1998 1689; x_wconf 88' lang='lat' dir='ltr'><strong>consuetudini</strong></span> <span class='ocrx_word' id='word_1_94' title='bbox 2021 1635 2083 1689; x_wconf 92' lang='lat' dir='ltr'><strong>et</strong></span> 
     </span>
    </p>
   </div>
   <div class='ocr_carea' id='block_1_4' title="bbox 507 1719 2085 5610">
    <p class='ocr_par' dir='ltr' id='par_1_4' title="bbox 511 1719 2081 1874">
     <span class='ocr_line' id='line_1_15' title="bbox 511 1719 2081 1799; baseline 0 -18"><span class='ocrx_word' id='word_1_95' title='bbox 511 1723 824 1782; x_wconf 88' lang='lat' dir='ltr'><strong>communi</strong></span> <span class='ocrx_word' id='word_1_96' title='bbox 881 1721 1064 1782; x_wconf 92' lang='lat' dir='ltr'><strong>modo</strong></span> <span class='ocrx_word' id='word_1_97' title='bbox 1100 1720 1404 1782; x_wconf 85' lang='lat' dir='ltr'><strong>sentiendi</strong></span> <span class='ocrx_word' id='word_1_98' title='bbox 1442 1720 1620 1799; x_wconf 88' lang='lat' dir='ltr'><strong>regni</strong></span> <span class='ocrx_word' id='word_1_99' title='bbox 1657 1719 1947 1781; x_wconf 90' lang='lat' dir='ltr'><strong>standum</strong></span> <span class='ocrx_word' id='word_1_100' title='bbox 1991 1720 2081 1781; x_wconf 83' lang='lat' dir='ltr'><strong>vi-</strong></span> 
     </span>
     <span class='ocr_line' id='line_1_16' title="bbox 514 1812 753 1874; baseline 0.008 -2"><span class='ocrx_word' id='word_1_101' title='bbox 514 1812 753 1874; x_wconf 88' lang='lat' dir='ltr'><strong>deatur.</strong></span> 
     </span>
    </p>

    <p class='ocr_par' dir='ltr' id='par_1_5' title="bbox 507 1906 2085 5424">
     <span class='ocr_line' id='line_1_17' title="bbox 597 1906 2080 1986; baseline 0 -20"><span class='ocrx_word' id='word_1_102' title='bbox 597 1909 692 1968; x_wconf 82' lang='lat'><strong>15.</strong></span> <span class='ocrx_word' id='word_1_103' title='bbox 742 1908 1044 1969; x_wconf 76' lang='lat' dir='ltr'><strong>Maritum</strong></span> <span class='ocrx_word' id='word_1_104' title='bbox 1079 1907 1308 1986; x_wconf 69' lang='lat' dir='ltr'><strong>reyinoe</strong></span> <span class='ocrx_word' id='word_1_105' title='bbox 1329 1906 1503 1968; x_wconf 69' lang='lat' dir='ltr'><strong>subdi</strong></span> <span class='ocrx_word' id='word_1_106' title='bbox 1525 1906 1624 1967; x_wconf 85' lang='lat' dir='ltr'><strong>illi</strong></span> <span class='ocrx_word' id='word_1_107' title='bbox 1655 1907 1852 1986; x_wconf 80' lang='lat' dir='ltr'><strong>quoad</strong></span> <span class='ocrx_word' id='word_1_108' title='bbox 1868 1906 2080 1985; x_wconf 78' lang='lat' dir='ltr'><strong>politi-</strong></span> 
     </span>
     <span class='ocr_line' id='line_1_18' title="bbox 512 1999 2079 2079; baseline -0.001 -18"><span class='ocrx_word' id='word_1_109' title='bbox 512 2017 645 2061; x_wconf 80' lang='lat' dir='ltr'><strong>cum</strong></span> <span class='ocrx_word' id='word_1_110' title='bbox 673 2002 959 2079; x_wconf 75' lang='lat' dir='ltr'><strong>reyimen‚</strong></span> <span class='ocrx_word' id='word_1_111' title='bbox 1000 2002 1067 2060; x_wconf 75' lang='lat' dir='ltr'><strong>in</strong></span> <span class='ocrx_word' id='word_1_112' title='bbox 1096 2000 1438 2061; x_wconf 68' lang='lat' dir='ltr'><strong>oeconomico</strong></span> <span class='ocrx_word' id='word_1_113' title='bbox 1479 2017 1613 2060; x_wconf 80' lang='lat' dir='ltr'><strong>vero</strong></span> <span class='ocrx_word' id='word_1_114' title='bbox 1646 2018 1766 2061; x_wconf 74' lang='lat' dir='ltr'><strong>esse</strong></span> <span class='ocrx_word' id='word_1_115' title='bbox 1802 1999 2079 2076; x_wconf 75' lang='lat' dir='ltr'><strong>superio-</strong></span> 
     </span>
     <span class='ocr_line' id='line_1_19' title="bbox 509 2091 2081 2172; baseline -0.001 -18"><span class='ocrx_word' id='word_1_116' title='bbox 509 2111 742 2154; x_wconf 84' lang='lat' dir='ltr'><strong>rem.—</strong></span> <span class='ocrx_word' id='word_1_117' title='bbox 766 2093 861 2153; x_wconf 89' lang='lat' dir='ltr'><strong>Ad</strong></span> <span class='ocrx_word' id='word_1_118' title='bbox 894 2093 1160 2172; x_wconf 86' lang='lat' dir='ltr'><strong>primam</strong></span> <span class='ocrx_word' id='word_1_119' title='bbox 1193 2091 1721 2153; x_wconf 88' lang='lat' dir='ltr'><strong>confirmationem</strong></span> <span class='ocrx_word' id='word_1_120' title='bbox 1751 2093 2081 2171; x_wconf 88' lang='lat' dir='ltr'><strong>responde-</strong></span> 
     </span>
     <span class='ocr_line' id='line_1_20' title="bbox 510 2183 2082 2263; baseline 0 -18"><span class='ocrx_word' id='word_1_121' title='bbox 510 2192 635 2254; x_wconf 83' lang='lat' dir='ltr'><strong>tur,</strong></span> <span class='ocrx_word' id='word_1_122' title='bbox 667 2185 1076 2259; x_wconf 84' lang='lat' dir='ltr'><strong>concedendO,</strong></span> <span class='ocrx_word' id='word_1_123' title='bbox 1101 2186 1166 2243; x_wconf 89' lang='lat' dir='ltr'><strong>in</strong></span> <span class='ocrx_word' id='word_1_124' title='bbox 1197 2183 1293 2244; x_wconf 89' lang='lat' dir='ltr'><strong>his</strong></span> <span class='ocrx_word' id='word_1_125' title='bbox 1316 2203 1452 2263; x_wconf 87' lang='lat' dir='ltr'><strong>quae</strong></span> <span class='ocrx_word' id='word_1_126' title='bbox 1477 2186 1786 2263; x_wconf 87' lang='lat' dir='ltr'><strong>pertinent</strong></span> <span class='ocrx_word' id='word_1_127' title='bbox 1815 2185 1892 2244; x_wconf 91' lang='lat' dir='ltr'><strong>ad</strong></span> <span class='ocrx_word' id='word_1_128' title='bbox 1915 2202 2082 2245; x_wconf 91' lang='lat' dir='ltr'><strong>com-</strong></span> 
     </span>
     <span class='ocr_line' id='line_1_21' title="bbox 509 2276 2081 2357; baseline -0.001 -19"><span class='ocrx_word' id='word_1_129' title='bbox 509 2295 765 2339; x_wconf 88' lang='lat' dir='ltr'><strong>munem</strong></span> <span class='ocrx_word' id='word_1_130' title='bbox 792 2276 1145 2357; x_wconf 81' lang='lat' dir='ltr'><strong>reipublieoe</strong></span> <span class='ocrx_word' id='word_1_131' title='bbox 1183 2277 1719 2355; x_wconf 81' lang='lat' dir='ltr'><strong>gubernationem,</strong></span> <span class='ocrx_word' id='word_1_132' title='bbox 1766 2296 1977 2355; x_wconf 88' lang='lat' dir='ltr'><strong>regem</strong></span> <span class='ocrx_word' id='word_1_133' title='bbox 2013 2279 2081 2338; x_wconf 89' lang='lat' dir='ltr'><strong>in</strong></span> 
     </span>
     <span class='ocr_line' id='line_1_22' title="bbox 511 2371 2084 2451; baseline -0.001 -18"><span class='ocrx_word' id='word_1_134' title='bbox 511 2389 584 2433; x_wconf 93' lang='lat' dir='ltr'><strong>eo</strong></span> <span class='ocrx_word' id='word_1_135' title='bbox 625 2390 771 2434; x_wconf 88' lang='lat' dir='ltr'><strong>casu</strong></span> <span class='ocrx_word' id='word_1_136' title='bbox 809 2391 937 2433; x_wconf 91' lang='lat' dir='ltr'><strong>esse</strong></span> <span class='ocrx_word' id='word_1_137' title='bbox 973 2371 1314 2449; x_wconf 88' lang='lat' dir='ltr'><strong>subjectum</strong></span> <span class='ocrx_word' id='word_1_138' title='bbox 1357 2372 1613 2449; x_wconf 85' lang='lat' dir='ltr'><strong>reginae‚</strong></span> <span class='ocrx_word' id='word_1_139' title='bbox 1668 2371 1814 2451; x_wconf 89' lang='lat' dir='ltr'><strong>quia</strong></span> <span class='ocrx_word' id='word_1_140' title='bbox 1840 2390 1907 2432; x_wconf 89' lang='lat' dir='ltr'><strong>re</strong></span> <span class='ocrx_word' id='word_1_141' title='bbox 1935 2390 2084 2432; x_wconf 88' lang='lat' dir='ltr'><strong>vera</strong></span> 
     </span>
     <span class='ocr_line' id='line_1_23' title="bbox 510 2463 2082 2544; baseline 0.001 -19"><span class='ocrx_word' id='word_1_142' title='bbox 510 2465 620 2525; x_wconf 85' lang='lat' dir='ltr'><strong>illa</strong></span> <span class='ocrx_word' id='word_1_143' title='bbox 665 2466 794 2526; x_wconf 86' lang='lat' dir='ltr'><strong>sola</strong></span> <span class='ocrx_word' id='word_1_144' title='bbox 821 2472 913 2527; x_wconf 90' lang='lat' dir='ltr'><strong>est</strong></span> <span class='ocrx_word' id='word_1_145' title='bbox 958 2482 1246 2544; x_wconf 91' lang='lat' dir='ltr'><strong>suprema</strong></span> <span class='ocrx_word' id='word_1_146' title='bbox 1287 2463 1540 2524; x_wconf 87' lang='lat' dir='ltr'><strong>domina</strong></span> <span class='ocrx_word' id='word_1_147' title='bbox 1568 2464 1769 2543; x_wconf 91' lang='lat' dir='ltr'><strong>quoad</strong></span> <span class='ocrx_word' id='word_1_148' title='bbox 1795 2465 2082 2542; x_wconf 88' lang='lat' dir='ltr'><strong>jurisdic-</strong></span> 
     </span>
     <span class='ocr_line' id='line_1_24' title="bbox 509 2556 2085 2638; baseline 0 -21"><span class='ocrx_word' id='word_1_149' title='bbox 509 2558 745 2619; x_wconf 87' lang='lat' dir='ltr'><strong>tionem</strong></span> <span class='ocrx_word' id='word_1_150' title='bbox 795 2558 1132 2638; x_wconf 85' lang='lat' dir='ltr'><strong>politicam,</strong></span> <span class='ocrx_word' id='word_1_151' title='bbox 1187 2557 1352 2617; x_wconf 91' lang='lat' dir='ltr'><strong>unde</strong></span> <span class='ocrx_word' id='word_1_152' title='bbox 1399 2556 1528 2617; x_wconf 89' lang='lat' dir='ltr'><strong>sola</strong></span> <span class='ocrx_word' id='word_1_153' title='bbox 1574 2562 1664 2617; x_wconf 90' lang='lat' dir='ltr'><strong>est</strong></span> <span class='ocrx_word' id='word_1_154' title='bbox 1707 2563 1923 2636; x_wconf 87' lang='lat' dir='ltr'><strong>caput:</strong></span> <span class='ocrx_word' id='word_1_155' title='bbox 1973 2574 2085 2617; x_wconf 83' lang='lat' dir='ltr'><strong>rex</strong></span> 
     </span>
     <span class='ocr_line' id='line_1_25' title="bbox 514 2648 2083 2729; baseline -0.001 -18"><span class='ocrx_word' id='word_1_156' title='bbox 514 2656 724 2711; x_wconf 90' lang='lat' dir='ltr'><strong>autem</strong></span> <span class='ocrx_word' id='word_1_157' title='bbox 756 2656 846 2711; x_wconf 89' lang='lat' dir='ltr'><strong>est</strong></span> <span class='ocrx_word' id='word_1_158' title='bbox 868 2650 1218 2710; x_wconf 87' lang='lat' dir='ltr'><strong>membrum</strong></span> <span class='ocrx_word' id='word_1_159' title='bbox 1255 2649 1421 2709; x_wconf 87' lang='lat' dir='ltr'><strong>illius</strong></span> <span class='ocrx_word' id='word_1_160' title='bbox 1444 2648 1795 2729; x_wconf 81' lang='lat' dir='ltr'><strong>reipublieae</strong></span> <span class='ocrx_word' id='word_1_161' title='bbox 1820 2665 1841 2726; x_wconf 90' lang='lat'>;</span> <span class='ocrx_word' id='word_1_162' title='bbox 1873 2649 1985 2709; x_wconf 88' lang='lat' dir='ltr'><strong>sub</strong></span> <span class='ocrx_word' id='word_1_163' title='bbox 2010 2667 2083 2710; x_wconf 88' lang='lat' dir='ltr'><strong>ea</strong></span> 
     </span>
     <span class='ocr_line' id='line_1_26' title="bbox 515 2742 2081 2820; baseline -0.001 -17"><span class='ocrx_word' id='word_1_164' title='bbox 515 2760 662 2820; x_wconf 85' lang='lat' dir='ltr'><strong>ergo</strong></span> <span class='ocrx_word' id='word_1_165' title='bbox 702 2743 940 2803; x_wconf 89' lang='lat' dir='ltr'><strong>ratione</strong></span> <span class='ocrx_word' id='word_1_166' title='bbox 968 2742 1284 2802; x_wconf 92' lang='lat' dir='ltr'><strong>subditum</strong></span> <span class='ocrx_word' id='word_1_167' title='bbox 1327 2760 1455 2802; x_wconf 91' lang='lat' dir='ltr'><strong>esse</strong></span> <span class='ocrx_word' id='word_1_168' title='bbox 1488 2759 1731 2802; x_wconf 87' lang='grc'><strong>11666556</strong></span> <span class='ocrx_word' id='word_1_169' title='bbox 1760 2746 1873 2802; x_wconf 87' lang='grc'><strong>651.</strong></span> <span class='ocrx_word' id='word_1_170' title='bbox 1906 2742 2081 2803; x_wconf 86' lang='lat' dir='ltr'><strong>Unde</strong></span> 
     </span>
     <span class='ocr_line' id='line_1_27' title="bbox 516 2832 2084 2913; baseline 0 -18"><span class='ocrx_word' id='word_1_171' title='bbox 516 2853 642 2895; x_wconf 91' lang='lat' dir='ltr'><strong>non</strong></span> <span class='ocrx_word' id='word_1_172' title='bbox 671 2840 765 2895; x_wconf 86' lang='lat' dir='ltr'><strong>est</strong></span> <span class='ocrx_word' id='word_1_173' title='bbox 784 2833 1038 2894; x_wconf 90' lang='lat' dir='ltr'><strong>dubium</strong></span> <span class='ocrx_word' id='word_1_174' title='bbox 1061 2835 1211 2912; x_wconf 90' lang='lat' dir='ltr'><strong>quin</strong></span> <span class='ocrx_word' id='word_1_175' title='bbox 1227 2832 1535 2913; x_wconf 84' lang='lat' dir='ltr'><strong>obligetur</strong></span> <span class='ocrx_word' id='word_1_176' title='bbox 1550 2834 1791 2913; x_wconf 88' lang='lat' dir='ltr'><strong>legibus</strong></span> <span class='ocrx_word' id='word_1_177' title='bbox 1812 2852 1849 2894; x_wconf 92' lang='lat' dir='ltr'><strong>a</strong></span> <span class='ocrx_word' id='word_1_178' title='bbox 1867 2835 2084 2913; x_wconf 86' lang='lat' dir='ltr'><strong>regina</strong></span> 
     </span>
     <span class='ocr_line' id='line_1_28' title="bbox 512 2925 2084 3006; baseline 0.001 -20"><span class='ocrx_word' id='word_1_179' title='bbox 512 2925 675 3002; x_wconf 90' lang='lat' dir='ltr'><strong>latis,</strong></span> <span class='ocrx_word' id='word_1_180' title='bbox 702 2944 903 3006; x_wconf 90' lang='lat' dir='ltr'><strong>neque</strong></span> <span class='ocrx_word' id='word_1_181' title='bbox 925 2927 1043 2987; x_wconf 88' lang='lat' dir='ltr'><strong>hoc</strong></span> <span class='ocrx_word' id='word_1_182' title='bbox 1061 2932 1153 2987; x_wconf 88' lang='lat' dir='ltr'><strong>est</strong></span> <span class='ocrx_word' id='word_1_183' title='bbox 1173 2926 1424 3002; x_wconf 87' lang='lat' dir='ltr'><strong>mirum,</strong></span> <span class='ocrx_word' id='word_1_184' title='bbox 1448 2927 1596 3005; x_wconf 89' lang='lat' dir='ltr'><strong>quia</strong></span> <span class='ocrx_word' id='word_1_185' title='bbox 1624 2926 1785 2987; x_wconf 77' lang='lat' dir='ltr'><strong>infra</strong></span> <span class='ocrx_word' id='word_1_186' title='bbox 1803 2928 2084 2988; x_wconf 90' lang='lat' dir='ltr'><strong>ostende-</strong></span> 
     </span>
     <span class='ocr_line' id='line_1_29' title="bbox 513 3019 2081 3100; baseline -0.001 -19"><span class='ocrx_word' id='word_1_187' title='bbox 513 3038 654 3081; x_wconf 88' lang='lat' dir='ltr'><strong>mus</strong></span> <span class='ocrx_word' id='word_1_188' title='bbox 681 3023 868 3082; x_wconf 91' lang='lat' dir='ltr'><strong>etiam</strong></span> <span class='ocrx_word' id='word_1_189' title='bbox 897 3020 1103 3100; x_wconf 86' lang='lat' dir='ltr'><strong>ipsum</strong></span> <span class='ocrx_word' id='word_1_190' title='bbox 1131 3019 1545 3098; x_wconf 84' lang='lat' dir='ltr'><strong>legislatorem</strong></span> <span class='ocrx_word' id='word_1_191' title='bbox 1562 3019 1823 3098; x_wconf 87' lang='lat' dir='ltr'><strong>obligari</strong></span> <span class='ocrx_word' id='word_1_192' title='bbox 1846 3020 1972 3079; x_wconf 88' lang='lat' dir='ltr'><strong>suis</strong></span> <span class='ocrx_word' id='word_1_193' title='bbox 1995 3020 2081 3080; x_wconf 89' lang='lat' dir='ltr'><strong>le-</strong></span> 
     </span>
     <span class='ocr_line' id='line_1_30' title="bbox 513 3113 2082 3194; baseline 0 -20"><span class='ocrx_word' id='word_1_194' title='bbox 513 3114 692 3193; x_wconf 86' lang='lat' dir='ltr'><strong>gibus</strong></span> <span class='ocrx_word' id='word_1_195' title='bbox 726 3131 742 3174; x_wconf 91' lang='lat'><strong>:</strong></span> <span class='ocrx_word' id='word_1_196' title='bbox 770 3121 831 3175; x_wconf 88' lang='lat' dir='ltr'><strong>et</strong></span> <span class='ocrx_word' id='word_1_197' title='bbox 870 3113 1202 3175; x_wconf 86' lang='lat' dir='ltr'><strong>verisimile</strong></span> <span class='ocrx_word' id='word_1_198' title='bbox 1231 3119 1323 3173; x_wconf 90' lang='lat' dir='ltr'><strong>est</strong></span> <span class='ocrx_word' id='word_1_199' title='bbox 1351 3113 1417 3173; x_wconf 92' lang='lat' dir='ltr'><strong>in</strong></span> <span class='ocrx_word' id='word_1_200' title='bbox 1449 3113 1565 3174; x_wconf 91' lang='lat' dir='ltr'><strong>hoc</strong></span> <span class='ocrx_word' id='word_1_201' title='bbox 1594 3114 1965 3194; x_wconf 82' lang='lat' dir='ltr'><strong>aequiparari</strong></span> <span class='ocrx_word' id='word_1_202' title='bbox 1990 3114 2082 3174; x_wconf 88' lang='lat' dir='ltr'><strong>vi-</strong></span> 
     </span>
     <span class='ocr_line' id='line_1_31' title="bbox 508 3208 2076 3289; baseline -0.001 -21"><span class='ocrx_word' id='word_1_203' title='bbox 508 3226 651 3268; x_wconf 91' lang='lat' dir='ltr'><strong>rum</strong></span> <span class='ocrx_word' id='word_1_204' title='bbox 684 3208 863 3269; x_wconf 87' lang='lat' dir='ltr'><strong>uxori</strong></span> <span class='ocrx_word' id='word_1_205' title='bbox 888 3253 909 3284; x_wconf 91' lang='lat'><strong>,</strong></span> <span class='ocrx_word' id='word_1_206' title='bbox 946 3208 1092 3287; x_wconf 90' lang='lat' dir='ltr'><strong>quia</strong></span> <span class='ocrx_word' id='word_1_207' title='bbox 1117 3213 1416 3286; x_wconf 89' lang='lat' dir='ltr'><strong>tanquam</strong></span> <span class='ocrx_word' id='word_1_208' title='bbox 1451 3226 1651 3268; x_wconf 90' lang='lat' dir='ltr'><strong>unum</strong></span> <span class='ocrx_word' id='word_1_209' title='bbox 1687 3214 2076 3289; x_wconf 88' lang='lat' dir='ltr'><strong>reputantur,</strong></span> 
     </span>
     <span class='ocr_line' id='line_1_32' title="bbox 508 3300 2073 3381; baseline 0.001 -19"><span class='ocrx_word' id='word_1_210' title='bbox 508 3308 878 3381; x_wconf 86' lang='lat' dir='ltr'><strong>argumento</strong></span> <span class='ocrx_word' id='word_1_211' title='bbox 926 3307 1171 3380; x_wconf 88' lang='lat' dir='ltr'><strong>sumpto</strong></span> <span class='ocrx_word' id='word_1_212' title='bbox 1219 3320 1258 3362; x_wconf 90' lang='lat' dir='ltr'><strong>a</strong></span> <span class='ocrx_word' id='word_1_213' title='bbox 1303 3301 1544 3362; x_wconf 82' lang='lat' dir='ltr'><strong>fortiori</strong></span> <span class='ocrx_word' id='word_1_214' title='bbox 1576 3319 1654 3362; x_wconf 83' lang='lat' dir='ltr'><strong>ex</strong></span> <span class='ocrx_word' id='word_1_215' title='bbox 1679 3300 1722 3362; x_wconf 94' lang='lat' dir='ltr'><strong>l.</strong></span> <span class='ocrx_word' id='word_1_216' title='bbox 1757 3303 2073 3380; x_wconf 69' lang='lat' dir='ltr'><strong>Princeps,</strong></span> 
     </span>
     <span class='ocr_line' id='line_1_33' title="bbox 508 3392 2079 3473; baseline -0.001 -18"><span class='ocrx_word' id='word_1_217' title='bbox 508 3392 573 3455; x_wconf 84' lang='lat' dir='ltr'><strong>ff.</strong></span> <span class='ocrx_word' id='word_1_218' title='bbox 611 3395 687 3455; x_wconf 93' lang='lat' dir='ltr'><strong>de</strong></span> <span class='ocrx_word' id='word_1_219' title='bbox 727 3394 1009 3473; x_wconf 76' lang='lat' dir='ltr'><strong>LegibuS.</strong></span> <span class='ocrx_word' id='word_1_220' title='bbox 1050 3395 1260 3473; x_wconf 89' lang='lat' dir='ltr'><strong>Neque</strong></span> <span class='ocrx_word' id='word_1_221' title='bbox 1306 3392 1409 3453; x_wconf 89' lang='lat' dir='ltr'><strong>hic</strong></span> <span class='ocrx_word' id='word_1_222' title='bbox 1437 3394 1655 3453; x_wconf 90' lang='lat' dir='ltr'><strong>modus</strong></span> <span class='ocrx_word' id='word_1_223' title='bbox 1683 3393 2079 3471; x_wconf 72' lang='lat' dir='ltr'><strong>subiectionis</strong></span> 
     </span>
     <span class='ocr_line' id='line_1_34' title="bbox 508 3484 2080 3558; baseline -0.001 -12"><span class='ocrx_word' id='word_1_224' title='bbox 508 3486 626 3547; x_wconf 84' lang='lat' dir='ltr'><strong>viri</strong></span> <span class='ocrx_word' id='word_1_225' title='bbox 647 3484 726 3546; x_wconf 87' lang='lat' dir='ltr'><strong>ad</strong></span> <span class='ocrx_word' id='word_1_226' title='bbox 752 3503 1009 3546; x_wconf 83' lang='lat' dir='ltr'><strong>uxorem</strong></span> <span class='ocrx_word' id='word_1_227' title='bbox 1025 3491 1117 3546; x_wconf 87' lang='lat' dir='ltr'><strong>est</strong></span> <span class='ocrx_word' id='word_1_228' title='bbox 1138 3491 1351 3546; x_wconf 87' lang='lat' dir='ltr'><strong>contra</strong></span> <span class='ocrx_word' id='word_1_229' title='bbox 1382 3486 1710 3558; x_wconf 89' lang='lat' dir='ltr'><strong>rationem,</strong></span> <span class='ocrx_word' id='word_1_230' title='bbox 1732 3491 1843 3544; x_wconf 87' lang='lat' dir='ltr'><strong>aut</strong></span> <span class='ocrx_word' id='word_1_231' title='bbox 1863 3490 2080 3545; x_wconf 89' lang='lat' dir='ltr'><strong>contra</strong></span> 
     </span>
     <span class='ocr_line' id='line_1_35' title="bbox 507 3576 2080 3657; baseline -0.001 -17"><span class='ocrx_word' id='word_1_232' title='bbox 507 3578 698 3640; x_wconf 82' lang='lat' dir='ltr'><strong>verba</strong></span> <span class='ocrx_word' id='word_1_233' title='bbox 724 3578 924 3653; x_wconf 90' lang='lat' dir='ltr'><strong>Pauli,</strong></span> <span class='ocrx_word' id='word_1_234' title='bbox 942 3578 1088 3657; x_wconf 91' lang='lat' dir='ltr'><strong>quia</strong></span> <span class='ocrx_word' id='word_1_235' title='bbox 1115 3578 1230 3638; x_wconf 88' lang='lat' dir='ltr'><strong>sub</strong></span> <span class='ocrx_word' id='word_1_236' title='bbox 1252 3578 1509 3639; x_wconf 86' lang='lat' dir='ltr'><strong>diversis</strong></span> <span class='ocrx_word' id='word_1_237' title='bbox 1527 3576 1896 3652; x_wconf 78' lang='lat' dir='ltr'><strong>rationibuS,</strong></span> <span class='ocrx_word' id='word_1_238' title='bbox 1927 3584 1990 3639; x_wconf 89' lang='lat' dir='ltr'><strong>et</strong></span> <span class='ocrx_word' id='word_1_239' title='bbox 2012 3579 2080 3638; x_wconf 91' lang='lat' dir='ltr'><strong>in</strong></span> 
     </span>
     <span class='ocr_line' id='line_1_36' title="bbox 509 3671 2073 3753; baseline -0.001 -19"><span class='ocrx_word' id='word_1_240' title='bbox 509 3673 725 3734; x_wconf 91' lang='lat' dir='ltr'><strong>ordine</strong></span> <span class='ocrx_word' id='word_1_241' title='bbox 776 3673 855 3734; x_wconf 88' lang='lat' dir='ltr'><strong>ad</strong></span> <span class='ocrx_word' id='word_1_242' title='bbox 897 3673 1166 3734; x_wconf 84' lang='lat' dir='ltr'><strong>diversos</strong></span> <span class='ocrx_word' id='word_1_243' title='bbox 1220 3671 1374 3733; x_wconf 88' lang='lat' dir='ltr'><strong>fines</strong></span> <span class='ocrx_word' id='word_1_244' title='bbox 1410 3671 1546 3733; x_wconf 89' lang='lat' dir='ltr'><strong>fieri</strong></span> <span class='ocrx_word' id='word_1_245' title='bbox 1591 3678 1790 3753; x_wconf 89' lang='lat' dir='ltr'><strong>potest</strong></span> <span class='ocrx_word' id='word_1_246' title='bbox 1843 3678 1915 3733; x_wconf 91' lang='lat' dir='ltr'><strong>ut</strong></span> <span class='ocrx_word' id='word_1_247' title='bbox 1954 3673 2073 3749; x_wconf 83' lang='lat' dir='ltr'><strong>vir,</strong></span> 
     </span>
     <span class='ocr_line' id='line_1_37' title="bbox 509 3765 2078 3846; baseline 0.001 -21"><span class='ocrx_word' id='word_1_248' title='bbox 509 3772 813 3846; x_wconf 86' lang='lat' dir='ltr'><strong>quatenus</strong></span> <span class='ocrx_word' id='word_1_249' title='bbox 853 3765 1041 3826; x_wconf 86' lang='lat' dir='ltr'><strong>habet</strong></span> <span class='ocrx_word' id='word_1_250' title='bbox 1080 3770 1447 3844; x_wconf 88' lang='lat' dir='ltr'><strong>potestatem</strong></span> <span class='ocrx_word' id='word_1_251' title='bbox 1474 3767 1615 3844; x_wconf 88' lang='lat' dir='ltr'><strong>jure</strong></span> <span class='ocrx_word' id='word_1_252' title='bbox 1656 3766 1959 3844; x_wconf 86' lang='lat' dir='ltr'><strong>conjugii,</strong></span> <span class='ocrx_word' id='word_1_253' title='bbox 1999 3766 2078 3826; x_wconf 90' lang='lat' dir='ltr'><strong>sit</strong></span> 
     </span>
     <span class='ocr_line' id='line_1_38' title="bbox 510 3858 2077 3939; baseline 0.001 -20"><span class='ocrx_word' id='word_1_254' title='bbox 510 3859 787 3938; x_wconf 87' lang='lat' dir='ltr'><strong>superior</strong></span> <span class='ocrx_word' id='word_1_255' title='bbox 809 3877 1001 3920; x_wconf 84' lang='lat' dir='ltr'><strong>uxore</strong></span> <span class='ocrx_word' id='word_1_256' title='bbox 1023 3859 1210 3920; x_wconf 89' lang='lat' dir='ltr'><strong>etiam</strong></span> <span class='ocrx_word' id='word_1_257' title='bbox 1247 3859 1484 3937; x_wconf 85' lang='lat' dir='ltr'><strong>regina,</strong></span> <span class='ocrx_word' id='word_1_258' title='bbox 1517 3859 1583 3918; x_wconf 92' lang='lat' dir='ltr'><strong>in</strong></span> <span class='ocrx_word' id='word_1_259' title='bbox 1605 3858 1704 3919; x_wconf 92' lang='grc'><strong>1115</strong></span> <span class='ocrx_word' id='word_1_260' title='bbox 1725 3877 1864 3938; x_wconf 81' lang='lat' dir='ltr'><strong>quae</strong></span> <span class='ocrx_word' id='word_1_261' title='bbox 1904 3878 2077 3939; x_wconf 89' lang='lat' dir='ltr'><strong>spec-</strong></span> 
     </span>
     <span class='ocr_line' id='line_1_39' title="bbox 509 3951 2077 4031; baseline 0 -19"><span class='ocrx_word' id='word_1_262' title='bbox 509 3957 647 4012; x_wconf 88' lang='lat' dir='ltr'><strong>tant</strong></span> <span class='ocrx_word' id='word_1_263' title='bbox 673 3952 749 4013; x_wconf 89' lang='lat' dir='ltr'><strong>ad</strong></span> <span class='ocrx_word' id='word_1_264' title='bbox 774 3970 958 4012; x_wconf 90' lang='lat' dir='ltr'><strong>usum</strong></span> <span class='ocrx_word' id='word_1_265' title='bbox 998 3952 1403 4028; x_wconf 89' lang='lat' dir='ltr'><strong>matrimonii,</strong></span> <span class='ocrx_word' id='word_1_266' title='bbox 1445 3951 1959 4031; x_wconf 80' lang='lat' dir='ltr'><strong>gubernationem</strong></span> <span class='ocrx_word' id='word_1_267' title='bbox 1987 3952 2077 4013; x_wconf 87' lang='lat' dir='ltr'><strong>fa-</strong></span> 
     </span>
     <span class='ocr_line' id='line_1_40' title="bbox 509 4043 2076 4122; baseline -0.001 -16"><span class='ocrx_word' id='word_1_268' title='bbox 509 4043 700 4106; x_wconf 83' lang='lat' dir='ltr'><strong>miliae</strong></span> <span class='ocrx_word' id='word_1_269' title='bbox 720 4090 740 4120; x_wconf 91' lang='lat'>‚</span> <span class='ocrx_word' id='word_1_270' title='bbox 798 4045 1137 4106; x_wconf 87' lang='lat' dir='ltr'><strong>custodiam</strong></span> <span class='ocrx_word' id='word_1_271' title='bbox 1172 4046 1406 4122; x_wconf 83' lang='lat' dir='ltr'><strong>uxoris,</strong></span> <span class='ocrx_word' id='word_1_272' title='bbox 1453 4045 1876 4106; x_wconf 88' lang='lat' dir='ltr'><strong>educationem</strong></span> <span class='ocrx_word' id='word_1_273' title='bbox 1917 4045 2076 4105; x_wconf 86' lang='lat' dir='ltr'><strong>filio-</strong></span> 
     </span>
     <span class='ocr_line' id='line_1_41' title="bbox 508 4138 2078 4218; baseline 0.001 -21"><span class='ocrx_word' id='word_1_274' title='bbox 508 4155 674 4214; x_wconf 86' lang='lat' dir='ltr'><strong>rum,</strong></span> <span class='ocrx_word' id='word_1_275' title='bbox 696 4156 853 4198; x_wconf 90' lang='lat' dir='ltr'><strong>uxor</strong></span> <span class='ocrx_word' id='word_1_276' title='bbox 864 4143 1098 4214; x_wconf 86' lang='lat' dir='ltr'><strong>autem,</strong></span> <span class='ocrx_word' id='word_1_277' title='bbox 1124 4150 1431 4218; x_wconf 90' lang='lat' dir='ltr'><strong>quatenus</strong></span> <span class='ocrx_word' id='word_1_278' title='bbox 1451 4138 1689 4217; x_wconf 86' lang='lat' dir='ltr'><strong>regina,</strong></span> <span class='ocrx_word' id='word_1_279' title='bbox 1708 4138 1787 4198; x_wconf 88' lang='lat' dir='ltr'><strong>sit</strong></span> <span class='ocrx_word' id='word_1_280' title='bbox 1798 4139 2078 4218; x_wconf 88' lang='lat' dir='ltr'><strong>superior</strong></span> 
     </span>
     <span class='ocr_line' id='line_1_42' title="bbox 507 4231 2076 4311; baseline -0.001 -19"><span class='ocrx_word' id='word_1_281' title='bbox 507 4232 578 4292; x_wconf 92' lang='lat' dir='ltr'><strong>in</strong></span> <span class='ocrx_word' id='word_1_282' title='bbox 605 4231 817 4292; x_wconf 90' lang='lat' dir='ltr'><strong>ordine</strong></span> <span class='ocrx_word' id='word_1_283' title='bbox 845 4231 924 4291; x_wconf 90' lang='lat' dir='ltr'><strong>ad</strong></span> <span class='ocrx_word' id='word_1_284' title='bbox 950 4231 1260 4311; x_wconf 85' lang='lat' dir='ltr'><strong>politicam</strong></span> <span class='ocrx_word' id='word_1_285' title='bbox 1286 4231 1819 4309; x_wconf 86' lang='lat' dir='ltr'><strong>gubernationem.</strong></span> <span class='ocrx_word' id='word_1_286' title='bbox 1843 4232 1917 4291; x_wconf 90' lang='lat' dir='ltr'><strong>Et</strong></span> <span class='ocrx_word' id='word_1_287' title='bbox 1931 4232 2076 4309; x_wconf 89' lang='lat' dir='ltr'><strong>jux-</strong></span> 
     </span>
     <span class='ocr_line' id='line_1_43' title="bbox 509 4324 2076 4386; baseline 0 -1"><span class='ocrx_word' id='word_1_288' title='bbox 509 4330 574 4385; x_wconf 86' lang='lat' dir='ltr'><strong>ta</strong></span> <span class='ocrx_word' id='word_1_289' title='bbox 601 4325 732 4385; x_wconf 84' lang='lat' dir='ltr'><strong>haee</strong></span> <span class='ocrx_word' id='word_1_290' title='bbox 751 4324 1084 4385; x_wconf 87' lang='lat' dir='ltr'><strong>dicendum</strong></span> <span class='ocrx_word' id='word_1_291' title='bbox 1114 4325 1302 4385; x_wconf 87' lang='lat' dir='ltr'><strong>etiam</strong></span> <span class='ocrx_word' id='word_1_292' title='bbox 1337 4330 1429 4385; x_wconf 88' lang='lat' dir='ltr'><strong>est</strong></span> <span class='ocrx_word' id='word_1_293' title='bbox 1443 4325 1523 4386; x_wconf 91' lang='lat' dir='ltr'><strong>ad</strong></span> <span class='ocrx_word' id='word_1_294' title='bbox 1563 4325 1896 4385; x_wconf 86' lang='lat' dir='ltr'><strong>secundam</strong></span> <span class='ocrx_word' id='word_1_295' title='bbox 1930 4342 2076 4385; x_wconf 90' lang='lat' dir='ltr'><strong>con-</strong></span> 
     </span>
     <span class='ocr_line' id='line_1_44' title="bbox 512 4415 2076 4497; baseline -0.001 -19"><span class='ocrx_word' id='word_1_296' title='bbox 512 4415 949 4493; x_wconf 85' lang='lat' dir='ltr'><strong>firmationem,</strong></span> <span class='ocrx_word' id='word_1_297' title='bbox 974 4417 1179 4477; x_wconf 83' lang='lat' dir='ltr'><strong>virum</strong></span> <span class='ocrx_word' id='word_1_298' title='bbox 1201 4435 1328 4476; x_wconf 90' lang='lat' dir='ltr'><strong>non</strong></span> <span class='ocrx_word' id='word_1_299' title='bbox 1356 4416 1582 4478; x_wconf 90' lang='lat' dir='ltr'><strong>habere</strong></span> <span class='ocrx_word' id='word_1_300' title='bbox 1603 4417 1946 4478; x_wconf 86' lang='lat' dir='ltr'><strong>absolutam</strong></span> <span class='ocrx_word' id='word_1_301' title='bbox 1966 4436 2076 4497; x_wconf 91' lang='lat' dir='ltr'><strong>po-</strong></span> 
     </span>
     <span class='ocr_line' id='line_1_45' title="bbox 507 4510 2077 4584; baseline -0.001 -12"><span class='ocrx_word' id='word_1_302' title='bbox 507 4517 791 4572; x_wconf 86' lang='lat' dir='ltr'><strong>testatem</strong></span> <span class='ocrx_word' id='word_1_303' title='bbox 847 4511 915 4570; x_wconf 91' lang='lat' dir='ltr'><strong>in</strong></span> <span class='ocrx_word' id='word_1_304' title='bbox 954 4527 1211 4571; x_wconf 84' lang='lat' dir='ltr'><strong>uxorem</strong></span> <span class='ocrx_word' id='word_1_305' title='bbox 1237 4557 1255 4584; x_wconf 88' lang='lat'><em>‚</em></span> <span class='ocrx_word' id='word_1_306' title='bbox 1302 4510 1409 4571; x_wconf 85' lang='lat' dir='ltr'><strong>sed</strong></span> <span class='ocrx_word' id='word_1_307' title='bbox 1442 4516 1687 4570; x_wconf 82' lang='lat' dir='ltr'><strong>tantum</strong></span> <span class='ocrx_word' id='word_1_308' title='bbox 1746 4511 1815 4569; x_wconf 90' lang='lat' dir='ltr'><strong>in</strong></span> <span class='ocrx_word' id='word_1_309' title='bbox 1859 4511 2077 4571; x_wconf 88' lang='lat' dir='ltr'><strong>ordine</strong></span> 
     </span>
     <span class='ocr_line' id='line_1_46' title="bbox 510 4603 2076 4683; baseline -0.001 -17"><span class='ocrx_word' id='word_1_310' title='bbox 510 4605 589 4666; x_wconf 89' lang='lat' dir='ltr'><strong>ad</strong></span> <span class='ocrx_word' id='word_1_311' title='bbox 624 4604 1070 4665; x_wconf 87' lang='lat' dir='ltr'><strong>oeconomicum</strong></span> <span class='ocrx_word' id='word_1_312' title='bbox 1092 4603 1396 4681; x_wconf 84' lang='lat' dir='ltr'><strong>regimen,</strong></span> <span class='ocrx_word' id='word_1_313' title='bbox 1420 4603 1584 4664; x_wconf 89' lang='lat' dir='ltr'><strong>unde</strong></span> <span class='ocrx_word' id='word_1_314' title='bbox 1597 4622 1723 4663; x_wconf 92' lang='lat' dir='ltr'><strong>non</strong></span> <span class='ocrx_word' id='word_1_315' title='bbox 1737 4608 1938 4683; x_wconf 87' lang='lat' dir='ltr'><strong>potest</strong></span> <span class='ocrx_word' id='word_1_316' title='bbox 1953 4604 2076 4665; x_wconf 89' lang='lat' dir='ltr'><strong>dis-</strong></span> 
     </span>
     <span class='ocr_line' id='line_1_47' title="bbox 510 4694 2068 4778; baseline -0.001 -20"><span class='ocrx_word' id='word_1_317' title='bbox 510 4715 739 4778; x_wconf 90' lang='lat' dir='ltr'><strong>ponere</strong></span> <span class='ocrx_word' id='word_1_318' title='bbox 762 4698 835 4757; x_wconf 89' lang='lat' dir='ltr'><strong>ad</strong></span> <span class='ocrx_word' id='word_1_319' title='bbox 858 4696 1107 4756; x_wconf 89' lang='lat' dir='ltr'><strong>libitum</strong></span> <span class='ocrx_word' id='word_1_320' title='bbox 1127 4696 1204 4756; x_wconf 90' lang='lat' dir='ltr'><strong>de</strong></span> <span class='ocrx_word' id='word_1_321' title='bbox 1232 4694 1517 4756; x_wconf 88' lang='lat' dir='ltr'><strong>omnibus</strong></span> <span class='ocrx_word' id='word_1_322' title='bbox 1542 4695 1887 4756; x_wconf 89' lang='lat' dir='ltr'><strong>actionibus</strong></span> <span class='ocrx_word' id='word_1_323' title='bbox 1913 4697 2068 4775; x_wconf 77' lang='lat' dir='ltr'><strong>ejuS,</strong></span> 
     </span>
     <span class='ocr_line' id='line_1_48' title="bbox 510 4787 2076 4867; baseline -0.001 -17"><span class='ocrx_word' id='word_1_324' title='bbox 510 4808 626 4850; x_wconf 88' lang='grc'><strong>1166</strong></span> <span class='ocrx_word' id='word_1_325' title='bbox 667 4796 813 4850; x_wconf 85' lang='lat' dir='ltr'><strong>vota</strong></span> <span class='ocrx_word' id='word_1_326' title='bbox 868 4789 998 4867; x_wconf 87' lang='lat' dir='ltr'><strong>ejus</strong></span> <span class='ocrx_word' id='word_1_327' title='bbox 1047 4787 1589 4849; x_wconf 88' lang='lat' dir='ltr'><strong>indiscriminatim</strong></span> <span class='ocrx_word' id='word_1_328' title='bbox 1641 4789 1906 4863; x_wconf 89' lang='lat' dir='ltr'><strong>irritare,</strong></span> <span class='ocrx_word' id='word_1_329' title='bbox 1969 4788 2076 4849; x_wconf 87' lang='lat' dir='ltr'><strong>sed</strong></span> 
     </span>
     <span class='ocr_line' id='line_1_49' title="bbox 509 4878 2073 4961; baseline -0.001 -19"><span class='ocrx_word' id='word_1_330' title='bbox 509 4887 755 4942; x_wconf 90' lang='lat' dir='ltr'><strong>tantum</strong></span> <span class='ocrx_word' id='word_1_331' title='bbox 788 4899 859 4941; x_wconf 89' lang='lat' dir='ltr'><strong>ea</strong></span> <span class='ocrx_word' id='word_1_332' title='bbox 888 4898 1027 4960; x_wconf 83' lang='lat' dir='ltr'><strong>quae</strong></span> <span class='ocrx_word' id='word_1_333' title='bbox 1053 4879 1193 4956; x_wconf 89' lang='lat' dir='ltr'><strong>sibi,</strong></span> <span class='ocrx_word' id='word_1_334' title='bbox 1230 4878 1329 4939; x_wconf 88' lang='lat' dir='ltr'><strong>vel</strong></span> <span class='ocrx_word' id='word_1_335' title='bbox 1357 4898 1483 4939; x_wconf 85' lang='lat' dir='ltr'><strong>suae</strong></span> <span class='ocrx_word' id='word_1_336' title='bbox 1504 4879 1779 4950; x_wconf 81' lang='lat' dir='ltr'><strong>familiae,</strong></span> <span class='ocrx_word' id='word_1_337' title='bbox 1809 4895 1918 4941; x_wconf 86' lang='lat' dir='ltr'><strong>aut</strong></span> <span class='ocrx_word' id='word_1_338' title='bbox 1938 4881 2073 4961; x_wconf 89' lang='lat' dir='ltr'><strong>pri-</strong></span> 
     </span>
     <span class='ocr_line' id='line_1_50' title="bbox 508 4971 2074 5053; baseline -0.002 -18"><span class='ocrx_word' id='word_1_339' title='bbox 508 4980 652 5035; x_wconf 80' lang='lat' dir='ltr'><strong>vato</strong></span> <span class='ocrx_word' id='word_1_340' title='bbox 671 4973 961 5053; x_wconf 91' lang='lat' dir='ltr'><strong>regimini</strong></span> <span class='ocrx_word' id='word_1_341' title='bbox 992 4972 1422 5052; x_wconf 83' lang='lat' dir='ltr'><strong>proejudicant,</strong></span> <span class='ocrx_word' id='word_1_342' title='bbox 1448 4978 1512 5032; x_wconf 89' lang='lat' dir='ltr'><strong>et</strong></span> <span class='ocrx_word' id='word_1_343' title='bbox 1534 4971 1673 5032; x_wconf 90' lang='lat' dir='ltr'><strong>ideo</strong></span> <span class='ocrx_word' id='word_1_344' title='bbox 1692 4990 1818 5032; x_wconf 92' lang='lat' dir='ltr'><strong>non</strong></span> <span class='ocrx_word' id='word_1_345' title='bbox 1833 4978 2074 5052; x_wconf 89' lang='lat' dir='ltr'><strong>oportet</strong></span> 
     </span>
     <span class='ocr_line' id='line_1_51' title="bbox 510 5064 2075 5144; baseline -0.002 -17"><span class='ocrx_word' id='word_1_346' title='bbox 510 5072 581 5127; x_wconf 90' lang='grc'><strong>111</strong></span> <span class='ocrx_word' id='word_1_347' title='bbox 614 5068 679 5127; x_wconf 87' lang='grc'><strong>111</strong></span> <span class='ocrx_word' id='word_1_348' title='bbox 703 5085 776 5127; x_wconf 89' lang='lat' dir='ltr'><strong>eo</strong></span> <span class='ocrx_word' id='word_1_349' title='bbox 804 5085 946 5128; x_wconf 88' lang='lat' dir='ltr'><strong>casu</strong></span> <span class='ocrx_word' id='word_1_350' title='bbox 965 5066 1234 5126; x_wconf 88' lang='lat' dir='ltr'><strong>actiones</strong></span> <span class='ocrx_word' id='word_1_351' title='bbox 1256 5065 1443 5143; x_wconf 84' lang='lat' dir='ltr'><strong>regiae</strong></span> <span class='ocrx_word' id='word_1_352' title='bbox 1461 5064 1778 5144; x_wconf 88' lang='lat' dir='ltr'><strong>potestatis</strong></span> <span class='ocrx_word' id='word_1_353' title='bbox 1803 5065 2014 5124; x_wconf 83' lang='lat' dir='ltr'><strong>uxoris</strong></span> <span class='ocrx_word' id='word_1_354' title='bbox 2036 5083 2075 5124; x_wconf 92' lang='lat' dir='ltr'><strong>a</strong></span> 
     </span>
     <span class='ocr_line' id='line_1_52' title="bbox 511 5156 2074 5237; baseline -0.002 -17"><span class='ocrx_word' id='word_1_355' title='bbox 511 5160 737 5220; x_wconf 89' lang='lat' dir='ltr'><strong>marito</strong></span> <span class='ocrx_word' id='word_1_356' title='bbox 772 5160 841 5220; x_wconf 91' lang='lat' dir='ltr'><strong>in</strong></span> <span class='ocrx_word' id='word_1_357' title='bbox 880 5159 1084 5237; x_wconf 89' lang='lat' dir='ltr'><strong>rigore</strong></span> <span class='ocrx_word' id='word_1_358' title='bbox 1120 5157 1472 5237; x_wconf 83' lang='lat' dir='ltr'><strong>pendeant3</strong></span> <span class='ocrx_word' id='word_1_359' title='bbox 1506 5156 1788 5236; x_wconf 85' lang='lat' dir='ltr'><strong>quamvis</strong></span> <span class='ocrx_word' id='word_1_360' title='bbox 1810 5175 1884 5217; x_wconf 89' lang='lat' dir='ltr'><strong>ex</strong></span> <span class='ocrx_word' id='word_1_361' title='bbox 1915 5174 2074 5235; x_wconf 90' lang='lat' dir='ltr'><strong>qua-</strong></span> 
     </span>
     <span class='ocr_line' id='line_1_53' title="bbox 510 5250 2076 5314; baseline -0.002 -1"><span class='ocrx_word' id='word_1_362' title='bbox 510 5252 655 5314; x_wconf 88' lang='lat' dir='ltr'><strong>dam</strong></span> <span class='ocrx_word' id='word_1_363' title='bbox 683 5252 1004 5314; x_wconf 89' lang='lat' dir='ltr'><strong>honestate</strong></span> <span class='ocrx_word' id='word_1_364' title='bbox 1031 5251 1250 5313; x_wconf 88' lang='lat' dir='ltr'><strong>debeat</strong></span> <span class='ocrx_word' id='word_1_365' title='bbox 1267 5269 1424 5312; x_wconf 85' lang='lat' dir='ltr'><strong>uxor</strong></span> <span class='ocrx_word' id='word_1_366' title='bbox 1442 5252 1630 5313; x_wconf 89' lang='lat' dir='ltr'><strong>etiam</strong></span> <span class='ocrx_word' id='word_1_367' title='bbox 1659 5252 1723 5312; x_wconf 93' lang='lat' dir='ltr'><strong>in</strong></span> <span class='ocrx_word' id='word_1_368' title='bbox 1747 5250 1844 5311; x_wconf 91' lang='lat' dir='ltr'><strong>his</strong></span> <span class='ocrx_word' id='word_1_369' title='bbox 1880 5251 2076 5311; x_wconf 86' lang='lat' dir='ltr'><strong>consi-</strong></span> 
     </span>
     <span class='ocr_line' id='line_1_54' title="bbox 508 5346 1392 5424; baseline -0.001 -17"><span class='ocrx_word' id='word_1_370' title='bbox 508 5346 665 5407; x_wconf 90' lang='lat' dir='ltr'><strong>lium</strong></span> <span class='ocrx_word' id='word_1_371' title='bbox 700 5347 905 5420; x_wconf 88' lang='lat' dir='ltr'><strong>mariti</strong></span> <span class='ocrx_word' id='word_1_372' title='bbox 934 5347 1145 5424; x_wconf 87' lang='lat' dir='ltr'><strong>magni</strong></span> <span class='ocrx_word' id='word_1_373' title='bbox 1172 5346 1392 5406; x_wconf 80' lang='lat' dir='ltr'><strong>facere.</strong></span> 
     </span>
    </p>

    <p class='ocr_par' dir='ltr' id='par_1_6' title="bbox 508 5437 2070 5610">
     <span class='ocr_line' id='line_1_55' title="bbox 594 5437 2067 5518; baseline -0.001 -19"><span class='ocrx_word' id='word_1_374' title='bbox 594 5440 692 5499; x_wconf 82' lang='lat'><strong>16.</strong></span> <span class='ocrx_word' id='word_1_375' title='bbox 740 5437 843 5499; x_wconf 74' lang='lat' dir='ltr'><strong>An</strong></span> <span class='ocrx_word' id='word_1_376' title='bbox 866 5439 1137 5518; x_wconf 65' lang='lat' dir='ltr'><strong>quaelibet</strong></span> <span class='ocrx_word' id='word_1_377' title='bbox 1169 5439 1388 5500; x_wconf 74' lang='lat' dir='ltr'><strong>civitae</strong></span> <span class='ocrx_word' id='word_1_378' title='bbox 1408 5438 1608 5516; x_wconf 75' lang='lat' dir='ltr'><strong>possit</strong></span> <span class='ocrx_word' id='word_1_379' title='bbox 1633 5438 1871 5500; x_wconf 76' lang='lat' dir='ltr'><strong>condere</strong></span> <span class='ocrx_word' id='word_1_380' title='bbox 1892 5437 2067 5515; x_wconf 70' lang='lat' dir='ltr'><strong>leyes.</strong></span> 
     </span>
     <span class='ocr_line' id='line_1_56' title="bbox 508 5530 2070 5610; baseline -0.001 -16"><span class='ocrx_word' id='word_1_381' title='bbox 508 5564 590 5580; x_wconf 95' lang='lat'>—</span> <span class='ocrx_word' id='word_1_382' title='bbox 623 5532 766 5607; x_wconf 82' lang='lat' dir='ltr'><strong>Quoe</strong></span> <span class='ocrx_word' id='word_1_383' title='bbox 814 5531 1089 5595; x_wconf 74' lang='lat' dir='ltr'><strong>civitates</strong></span> <span class='ocrx_word' id='word_1_384' title='bbox 1141 5530 1401 5594; x_wconf 81' lang='lat' dir='ltr'><strong>dieendoe</strong></span> <span class='ocrx_word' id='word_1_385' title='bbox 1452 5532 1757 5605; x_wconf 73' lang='lat' dir='ltr'><strong>maoeimoe,</strong></span> <span class='ocrx_word' id='word_1_386' title='bbox 1787 5530 2070 5610; x_wconf 74' lang='lat' dir='ltr'><strong>majores,</strong></span> 
     </span>
    </p>
   </div>
   <div class='ocr_carea' id='block_1_5' title="bbox 1517 366 2702 462">
    <p class='ocr_par' dir='ltr' id='par_1_7' title="bbox 1517 366 2702 462">
     <span class='ocr_line' id='line_1_57' title="bbox 1517 366 2702 462; baseline 0 -2"><span class='ocrx_word' id='word_1_387' title='bbox 1517 408 1634 462; x_wconf 74' lang='grc' dir='ltr'><strong>ΠΒ.</strong></span> <span class='ocrx_word' id='word_1_388' title='bbox 1668 408 1751 461; x_wconf 89' lang='lat'><strong>111.</strong></span> <span class='ocrx_word' id='word_1_389' title='bbox 1788 407 1868 460; x_wconf 85' lang='lat' dir='ltr'><strong>DE</strong></span> <span class='ocrx_word' id='word_1_390' title='bbox 1901 407 2062 461; x_wconf 80' lang='lat' dir='ltr'><strong>LEGE</strong></span> <span class='ocrx_word' id='word_1_391' title='bbox 2094 366 2356 461; x_wconf 48' lang='lat' dir='ltr'><strong>nutam</strong></span> <span class='ocrx_word' id='word_1_392' title='bbox 2387 409 2468 460; x_wconf 79' lang='lat' dir='ltr'><strong>m·</strong></span> <span class='ocrx_word' id='word_1_393' title='bbox 2500 407 2702 461; x_wconf 79' lang='lat' dir='ltr'><strong>crvlu.</strong></span> 
     </span>
    </p>
   </div>
   <div class='ocr_carea' id='block_1_6' title="bbox 2153 508 3732 3659">
    <p class='ocr_par' dir='ltr' id='par_1_8' title="bbox 2153 508 3732 2985">
     <span class='ocr_line' id='line_1_58' title="bbox 2155 508 3729 590; baseline 0.001 -19"><span class='ocrx_word' id='word_1_394' title='bbox 2155 513 2434 574; x_wconf 74' lang='lat' dir='ltr'><strong>minores.</strong></span> <span class='ocrx_word' id='word_1_395' title='bbox 2456 545 2538 558; x_wconf 94' lang='lat'><strong>—</strong></span> <span class='ocrx_word' id='word_1_396' title='bbox 2559 510 2742 573; x_wconf 89' lang='lat' dir='ltr'><strong>Aliud</strong></span> <span class='ocrx_word' id='word_1_397' title='bbox 2768 508 3033 583; x_wconf 64' lang='lat' dir='ltr'><strong>dubium⁴</strong></span> <span class='ocrx_word' id='word_1_398' title='bbox 3067 509 3386 590; x_wconf 88' lang='lat' dir='ltr'><strong>pertinens</strong></span> <span class='ocrx_word' id='word_1_399' title='bbox 3425 510 3501 571; x_wconf 87' lang='lat' dir='ltr'><strong>ad</strong></span> <span class='ocrx_word' id='word_1_400' title='bbox 3553 530 3729 573; x_wconf 87' lang='lat' dir='ltr'><strong>eom-</strong></span> 
     </span>
     <span class='ocr_line' id='line_1_59' title="bbox 2155 602 3728 682; baseline 0.001 -17"><span class='ocrx_word' id='word_1_401' title='bbox 2155 606 2486 666; x_wconf 89' lang='lat' dir='ltr'><strong>munitates</strong></span> <span class='ocrx_word' id='word_1_402' title='bbox 2523 610 2614 665; x_wconf 86' lang='lat' dir='ltr'><strong>est</strong></span> <span class='ocrx_word' id='word_1_403' title='bbox 2643 623 2727 665; x_wconf 90' lang='lat' dir='ltr'><strong>an</strong></span> <span class='ocrx_word' id='word_1_404' title='bbox 2767 603 3060 682; x_wconf 81' lang='lat' dir='ltr'><strong>quaelibet</strong></span> <span class='ocrx_word' id='word_1_405' title='bbox 3087 602 3300 663; x_wconf 87' lang='lat' dir='ltr'><strong>civitas</strong></span> <span class='ocrx_word' id='word_1_406' title='bbox 3330 605 3521 682; x_wconf 88' lang='lat' dir='ltr'><strong>possit</strong></span> <span class='ocrx_word' id='word_1_407' title='bbox 3545 625 3728 667; x_wconf 77' lang='lat' dir='ltr'><strong>veras</strong></span> 
     </span>
     <span class='ocr_line' id='line_1_60' title="bbox 2154 695 3730 777; baseline 0.001 -18"><span class='ocrx_word' id='word_1_408' title='bbox 2154 697 2320 777; x_wconf 84' lang='lat' dir='ltr'><strong>leges</strong></span> <span class='ocrx_word' id='word_1_409' title='bbox 2350 697 2630 759; x_wconf 88' lang='lat' dir='ltr'><strong>condere.</strong></span> <span class='ocrx_word' id='word_1_410' title='bbox 2665 695 3039 756; x_wconf 89' lang='lat' dir='ltr'><strong>Dividuntur</strong></span> <span class='ocrx_word' id='word_1_411' title='bbox 3065 701 3275 756; x_wconf 89' lang='lat' dir='ltr'><strong>autem</strong></span> <span class='ocrx_word' id='word_1_412' title='bbox 3308 697 3586 758; x_wconf 86' lang='lat' dir='ltr'><strong>civitates</strong></span> <span class='ocrx_word' id='word_1_413' title='bbox 3629 718 3730 760; x_wconf 90' lang='lat' dir='ltr'><strong>se-</strong></span> 
     </span>
     <span class='ocr_line' id='line_1_61' title="bbox 2155 788 3729 870; baseline 0 -18"><span class='ocrx_word' id='word_1_414' title='bbox 2155 792 2426 852; x_wconf 88' lang='lat' dir='ltr'><strong>cundum</strong></span> <span class='ocrx_word' id='word_1_415' title='bbox 2449 793 2552 870; x_wconf 86' lang='lat' dir='ltr'><strong>jus</strong></span> <span class='ocrx_word' id='word_1_416' title='bbox 2580 788 2759 851; x_wconf 86' lang='lat' dir='ltr'><strong>civile</strong></span> <span class='ocrx_word' id='word_1_417' title='bbox 2785 788 2852 849; x_wconf 90' lang='lat' dir='ltr'><strong>in</strong></span> <span class='ocrx_word' id='word_1_418' title='bbox 2879 789 3209 863; x_wconf 87' lang='lat' dir='ltr'><strong>maximas,</strong></span> <span class='ocrx_word' id='word_1_419' title='bbox 3235 790 3498 869; x_wconf 87' lang='lat' dir='ltr'><strong>majores</strong></span> <span class='ocrx_word' id='word_1_420' title='bbox 3524 797 3585 852; x_wconf 90' lang='lat' dir='ltr'><strong>et</strong></span> <span class='ocrx_word' id='word_1_421' title='bbox 3607 793 3729 852; x_wconf 89' lang='lat' dir='ltr'><strong>mi-</strong></span> 
     </span>
     <span class='ocr_line' id='line_1_62' title="bbox 2157 881 3721 963; baseline 0.002 -19"><span class='ocrx_word' id='word_1_422' title='bbox 2157 901 2361 958; x_wconf 89' lang='grc'><strong>116165,</strong></span> <span class='ocrx_word' id='word_1_423' title='bbox 2398 885 2576 963; x_wconf 84' lang='lat' dir='ltr'><strong>juxta</strong></span> <span class='ocrx_word' id='word_1_424' title='bbox 2611 882 2656 943; x_wconf 97' lang='grc'><strong>1.</strong></span> <span class='ocrx_word' id='word_1_425' title='bbox 2690 882 2772 946; x_wconf 78' lang='lat' dir='ltr'><strong>Si</strong></span> <span class='ocrx_word' id='word_1_426' title='bbox 2800 883 2976 955; x_wconf 76' lang='lat' dir='ltr'><strong>duas,</strong></span> <span class='ocrx_word' id='word_1_427' title='bbox 3009 881 3077 941; x_wconf 84' lang='lat' dir='ltr'><strong>ff.</strong></span> <span class='ocrx_word' id='word_1_428' title='bbox 3110 881 3186 942; x_wconf 91' lang='lat' dir='ltr'><strong>de</strong></span> <span class='ocrx_word' id='word_1_429' title='bbox 3217 884 3496 945; x_wconf 83' lang='lat' dir='ltr'><strong>Excusat.</strong></span> <span class='ocrx_word' id='word_1_430' title='bbox 3526 891 3721 947; x_wconf 90' lang='lat' dir='ltr'><strong>tutor.</strong></span> 
     </span>
     <span class='ocr_line' id='line_1_63' title="bbox 2154 974 3726 1057; baseline 0.002 -19"><span class='ocrx_word' id='word_1_431' title='bbox 2154 977 2439 1038; x_wconf 83' lang='lat' dir='ltr'><strong>Maximae</strong></span> <span class='ocrx_word' id='word_1_432' title='bbox 2478 976 2770 1037; x_wconf 83' lang='lat' dir='ltr'><strong>dicuntur</strong></span> <span class='ocrx_word' id='word_1_433' title='bbox 2818 976 2886 1035; x_wconf 92' lang='lat' dir='ltr'><strong>in</strong></span> <span class='ocrx_word' id='word_1_434' title='bbox 2918 974 3024 1036; x_wconf 91' lang='lat' dir='ltr'><strong>illa</strong></span> <span class='ocrx_word' id='word_1_435' title='bbox 3060 974 3199 1053; x_wconf 90' lang='lat' dir='ltr'><strong>lege</strong></span> <span class='ocrx_word' id='word_1_436' title='bbox 3245 974 3367 1037; x_wconf 80' lang='lat' dir='ltr'><strong>illae</strong></span> <span class='ocrx_word' id='word_1_437' title='bbox 3416 996 3548 1057; x_wconf 78' lang='lat' dir='ltr'><strong>quoe</strong></span> <span class='ocrx_word' id='word_1_438' title='bbox 3578 984 3726 1041; x_wconf 78' lang='lat' dir='ltr'><strong>sunt</strong></span> 
     </span>
     <span class='ocr_line' id='line_1_64' title="bbox 2153 1066 3720 1147; baseline 0.002 -18"><span class='ocrx_word' id='word_1_439' title='bbox 2153 1069 2502 1147; x_wconf 71' lang='lat' dir='ltr'><strong>metropoles</strong></span> <span class='ocrx_word' id='word_1_440' title='bbox 2524 1068 2818 1147; x_wconf 69' lang='lat' dir='ltr'><strong>yentiwm.</strong></span> <span class='ocrx_word' id='word_1_441' title='bbox 2846 1066 2965 1127; x_wconf 80' lang='lat' dir='ltr'><strong>Ubi</strong></span> <span class='ocrx_word' id='word_1_442' title='bbox 2999 1067 3210 1129; x_wconf 89' lang='lat' dir='ltr'><strong>Glossa</strong></span> <span class='ocrx_word' id='word_1_443' title='bbox 3232 1068 3508 1130; x_wconf 87' lang='lat' dir='ltr'><strong>declarat</strong></span> <span class='ocrx_word' id='word_1_444' title='bbox 3546 1090 3720 1132; x_wconf 87' lang='lat' dir='ltr'><strong>nune</strong></span> 
     </span>
     <span class='ocr_line' id='line_1_65' title="bbox 2155 1160 3721 1243; baseline 0.001 -22"><span class='ocrx_word' id='word_1_445' title='bbox 2155 1178 2282 1221; x_wconf 86' lang='lat' dir='ltr'><strong>esse</strong></span> <span class='ocrx_word' id='word_1_446' title='bbox 2314 1160 2616 1238; x_wconf 85' lang='lat' dir='ltr'><strong>ejusmodi</strong></span> <span class='ocrx_word' id='word_1_447' title='bbox 2646 1177 2864 1221; x_wconf 87' lang='lat' dir='ltr'><strong>omnes</strong></span> <span class='ocrx_word' id='word_1_448' title='bbox 2906 1161 3184 1222; x_wconf 82' lang='lat' dir='ltr'><strong>civitates</strong></span> <span class='ocrx_word' id='word_1_449' title='bbox 3230 1161 3721 1243; x_wconf 87' lang='lat' dir='ltr'><strong>archiepiscopa-</strong></span> 
     </span>
     <span class='ocr_line' id='line_1_66' title="bbox 2153 1251 3724 1333; baseline 0.003 -21"><span class='ocrx_word' id='word_1_450' title='bbox 2153 1251 2263 1327; x_wconf 88' lang='grc'><strong>165,</strong></span> <span class='ocrx_word' id='word_1_451' title='bbox 2294 1253 2442 1331; x_wconf 89' lang='lat' dir='ltr'><strong>quia</strong></span> <span class='ocrx_word' id='word_1_452' title='bbox 2464 1252 2697 1313; x_wconf 85' lang='lat' dir='ltr'><strong>habent</strong></span> <span class='ocrx_word' id='word_1_453' title='bbox 2724 1251 3289 1333; x_wconf 84' lang='lat' dir='ltr'><strong>metropolitanum,</strong></span> <span class='ocrx_word' id='word_1_454' title='bbox 3322 1254 3407 1315; x_wconf 90' lang='grc'><strong>516</strong></span> <span class='ocrx_word' id='word_1_455' title='bbox 3429 1255 3595 1317; x_wconf 87' lang='grc'><strong>6111111</strong></span> <span class='ocrx_word' id='word_1_456' title='bbox 3620 1273 3724 1316; x_wconf 89' lang='lat' dir='ltr'><strong>ar·</strong></span> 
     </span>
     <span class='ocr_line' id='line_1_67' title="bbox 2155 1345 3726 1427; baseline 0.002 -20"><span class='ocrx_word' id='word_1_457' title='bbox 2155 1345 2577 1427; x_wconf 87' lang='lat' dir='ltr'><strong>chiepiscopus</strong></span> <span class='ocrx_word' id='word_1_458' title='bbox 2603 1347 2969 1427; x_wconf 82' lang='lat' dir='ltr'><strong>appellatur.</strong></span> <span class='ocrx_word' id='word_1_459' title='bbox 2994 1348 3256 1426; x_wconf 86' lang='lat' dir='ltr'><strong>Majores</strong></span> <span class='ocrx_word' id='word_1_460' title='bbox 3276 1354 3483 1410; x_wconf 90' lang='lat' dir='ltr'><strong>autem</strong></span> <span class='ocrx_word' id='word_1_461' title='bbox 3507 1348 3726 1410; x_wconf 89' lang='lat' dir='ltr'><strong>dicun-</strong></span> 
     </span>
     <span class='ocr_line' id='line_1_68' title="bbox 2157 1440 3727 1522; baseline 0.002 -22"><span class='ocrx_word' id='word_1_462' title='bbox 2157 1446 2261 1500; x_wconf 89' lang='lat' dir='ltr'><strong>tur</strong></span> <span class='ocrx_word' id='word_1_463' title='bbox 2282 1440 2511 1501; x_wconf 88' lang='lat' dir='ltr'><strong>ibidem</strong></span> <span class='ocrx_word' id='word_1_464' title='bbox 2541 1459 2673 1521; x_wconf 79' lang='lat' dir='ltr'><strong>quoe</strong></span> <span class='ocrx_word' id='word_1_465' title='bbox 2705 1442 2917 1504; x_wconf 72' lang='lat' dir='ltr'><strong>habent</strong></span> <span class='ocrx_word' id='word_1_466' title='bbox 2935 1444 3140 1519; x_wconf 77' lang='lat' dir='ltr'><strong>forum</strong></span> <span class='ocrx_word' id='word_1_467' title='bbox 3164 1459 3483 1505; x_wconf 77' lang='lat' dir='ltr'><strong>causarum</strong></span> <span class='ocrx_word' id='word_1_468' title='bbox 3498 1470 3524 1516; x_wconf 92' lang='lat'><strong>,·</strong></span> <span class='ocrx_word' id='word_1_469' title='bbox 3546 1461 3727 1522; x_wconf 87' lang='lat' dir='ltr'><strong>opor-</strong></span> 
     </span>
     <span class='ocr_line' id='line_1_69' title="bbox 2159 1533 3727 1611; baseline 0.001 -17"><span class='ocrx_word' id='word_1_470' title='bbox 2159 1538 2247 1594; x_wconf 89' lang='lat' dir='ltr'><strong>tet</strong></span> <span class='ocrx_word' id='word_1_471' title='bbox 2268 1533 2440 1594; x_wconf 84' lang='lat' dir='ltr'><strong>enim</strong></span> <span class='ocrx_word' id='word_1_472' title='bbox 2465 1539 2537 1592; x_wconf 91' lang='lat' dir='ltr'><strong>ut</strong></span> <span class='ocrx_word' id='word_1_473' title='bbox 2575 1533 2789 1595; x_wconf 81' lang='lat' dir='ltr'><strong>civitas</strong></span> <span class='ocrx_word' id='word_1_474' title='bbox 2837 1533 3066 1594; x_wconf 90' lang='lat' dir='ltr'><strong>habeat</strong></span> <span class='ocrx_word' id='word_1_475' title='bbox 3091 1533 3610 1611; x_wconf 88' lang='lat' dir='ltr'><strong>jurisdictionem,</strong></span> <span class='ocrx_word' id='word_1_476' title='bbox 3660 1540 3727 1595; x_wconf 89' lang='lat' dir='ltr'><strong>et</strong></span> 
     </span>
     <span class='ocr_line' id='line_1_70' title="bbox 2158 1625 3724 1705; baseline 0.001 -19"><span class='ocrx_word' id='word_1_477' title='bbox 2158 1625 2484 1705; x_wconf 89' lang='lat' dir='ltr'><strong>specialem</strong></span> <span class='ocrx_word' id='word_1_478' title='bbox 2517 1626 2969 1701; x_wconf 87' lang='lat' dir='ltr'><strong>auctoritatem,</strong></span> <span class='ocrx_word' id='word_1_479' title='bbox 3000 1631 3062 1686; x_wconf 91' lang='lat' dir='ltr'><strong>et</strong></span> <span class='ocrx_word' id='word_1_480' title='bbox 3101 1626 3357 1688; x_wconf 91' lang='lat' dir='ltr'><strong>modum</strong></span> <span class='ocrx_word' id='word_1_481' title='bbox 3401 1645 3464 1687; x_wconf 87' lang='lat' dir='ltr'><strong>se</strong></span> <span class='ocrx_word' id='word_1_482' title='bbox 3498 1626 3724 1705; x_wconf 88' lang='lat' dir='ltr'><strong>guber-</strong></span> 
     </span>
     <span class='ocr_line' id='line_1_71' title="bbox 2158 1719 3724 1800; baseline 0.001 -21"><span class='ocrx_word' id='word_1_483' title='bbox 2158 1719 2371 1780; x_wconf 90' lang='lat' dir='ltr'><strong>nandi.</strong></span> <span class='ocrx_word' id='word_1_484' title='bbox 2404 1720 2479 1779; x_wconf 95' lang='lat' dir='ltr'><strong>Et</strong></span> <span class='ocrx_word' id='word_1_485' title='bbox 2501 1719 2590 1780; x_wconf 89' lang='lat' dir='ltr'><strong>ita</strong></span> <span class='ocrx_word' id='word_1_486' title='bbox 2616 1720 2826 1799; x_wconf 90' lang='lat' dir='ltr'><strong>populi</strong></span> <span class='ocrx_word' id='word_1_487' title='bbox 2849 1720 2916 1780; x_wconf 91' lang='lat' dir='ltr'><strong>in</strong></span> <span class='ocrx_word' id='word_1_488' title='bbox 2935 1720 3160 1798; x_wconf 90' lang='lat' dir='ltr'><strong>quibus</strong></span> <span class='ocrx_word' id='word_1_489' title='bbox 3179 1727 3324 1782; x_wconf 89' lang='lat' dir='ltr'><strong>sunt</strong></span> <span class='ocrx_word' id='word_1_490' title='bbox 3350 1720 3724 1800; x_wconf 51' lang='lat' dir='ltr'><strong>episcopales</strong></span> 
     </span>
     <span class='ocr_line' id='line_1_72' title="bbox 2157 1811 3723 1891; baseline 0 -19"><span class='ocrx_word' id='word_1_491' title='bbox 2157 1813 2328 1873; x_wconf 86' lang='lat' dir='ltr'><strong>sedes</strong></span> <span class='ocrx_word' id='word_1_492' title='bbox 2355 1816 2500 1872; x_wconf 88' lang='grc'><strong>511111</strong></span> <span class='ocrx_word' id='word_1_493' title='bbox 2527 1830 2604 1873; x_wconf 84' lang='lat' dir='ltr'><strong>ex</strong></span> <span class='ocrx_word' id='word_1_494' title='bbox 2633 1811 2732 1873; x_wconf 92' lang='lat' dir='ltr'><strong>his</strong></span> <span class='ocrx_word' id='word_1_495' title='bbox 2764 1812 3137 1887; x_wconf 79' lang='lat' dir='ltr'><strong>civitatibuS,</strong></span> <span class='ocrx_word' id='word_1_496' title='bbox 3162 1812 3446 1891; x_wconf 83' lang='lat' dir='ltr'><strong>quamvis</strong></span> <span class='ocrx_word' id='word_1_497' title='bbox 3483 1831 3608 1873; x_wconf 91' lang='lat' dir='ltr'><strong>non</strong></span> <span class='ocrx_word' id='word_1_498' title='bbox 3641 1813 3723 1872; x_wconf 89' lang='lat' dir='ltr'><strong>sit</strong></span> 
     </span>
     <span class='ocr_line' id='line_1_73' title="bbox 2158 1903 3724 1985; baseline 0.001 -22"><span class='ocrx_word' id='word_1_499' title='bbox 2158 1903 2235 1964; x_wconf 92' lang='lat' dir='ltr'><strong>de</strong></span> <span class='ocrx_word' id='word_1_500' title='bbox 2282 1904 2521 1964; x_wconf 89' lang='lat' dir='ltr'><strong>ratione</strong></span> <span class='ocrx_word' id='word_1_501' title='bbox 2560 1905 2851 1980; x_wconf 77' lang='lat' dir='ltr'><strong>civitatiS,</strong></span> <span class='ocrx_word' id='word_1_502' title='bbox 2895 1905 3082 1965; x_wconf 89' lang='lat' dir='ltr'><strong>etiam</strong></span> <span class='ocrx_word' id='word_1_503' title='bbox 3129 1906 3372 1985; x_wconf 91' lang='lat' dir='ltr'><strong>proprie</strong></span> <span class='ocrx_word' id='word_1_504' title='bbox 3414 1904 3616 1979; x_wconf 78' lang='lat' dir='ltr'><strong>dictae,</strong></span> <span class='ocrx_word' id='word_1_505' title='bbox 3648 1909 3724 1965; x_wconf 89' lang='lat' dir='ltr'><strong>ut</strong></span> 
     </span>
     <span class='ocr_line' id='line_1_74' title="bbox 2159 1995 3716 2076; baseline 0.002 -21"><span class='ocrx_word' id='word_1_506' title='bbox 2159 1995 2385 2056; x_wconf 89' lang='lat' dir='ltr'><strong>habeat</strong></span> <span class='ocrx_word' id='word_1_507' title='bbox 2415 1996 2801 2076; x_wconf 88' lang='lat' dir='ltr'><strong>Episcopum,</strong></span> <span class='ocrx_word' id='word_1_508' title='bbox 2819 2004 2892 2058; x_wconf 89' lang='lat' dir='ltr'><strong>ut</strong></span> <span class='ocrx_word' id='word_1_509' title='bbox 2919 1998 3156 2058; x_wconf 86' lang='lat' dir='ltr'><strong>notavit</strong></span> <span class='ocrx_word' id='word_1_510' title='bbox 3177 1998 3464 2058; x_wconf 88' lang='lat' dir='ltr'><strong>Panorm.</strong></span> <span class='ocrx_word' id='word_1_511' title='bbox 3490 1998 3557 2057; x_wconf 92' lang='lat' dir='ltr'><strong>in</strong></span> <span class='ocrx_word' id='word_1_512' title='bbox 3581 2016 3716 2076; x_wconf 87' lang='lat' dir='ltr'><strong>cap.</strong></span> 
     </span>
     <span class='ocr_line' id='line_1_75' title="bbox 2159 2089 3715 2164; baseline -0.001 -13"><span class='ocrx_word' id='word_1_513' title='bbox 2159 2090 2597 2164; x_wconf 78' lang='lat' dir='ltr'><strong>Perniciosum,</strong></span> <span class='ocrx_word' id='word_1_514' title='bbox 2627 2090 2704 2149; x_wconf 91' lang='lat' dir='ltr'><strong>de</strong></span> <span class='ocrx_word' id='word_1_515' title='bbox 2733 2089 2902 2150; x_wconf 83' lang='lat' dir='ltr'><strong>Offic.</strong></span> <span class='ocrx_word' id='word_1_516' title='bbox 2922 2090 3151 2162; x_wconf 90' lang='lat' dir='ltr'><strong>ordin.,</strong></span> <span class='ocrx_word' id='word_1_517' title='bbox 3172 2108 3235 2149; x_wconf 90' lang='lat' dir='ltr'><strong>n.</strong></span> <span class='ocrx_word' id='word_1_518' title='bbox 3268 2093 3296 2150; x_wconf 82' lang='lat'><strong>1</strong></span> <span class='ocrx_word' id='word_1_519' title='bbox 3324 2097 3386 2150; x_wconf 89' lang='lat' dir='ltr'><strong>et</strong></span> <span class='ocrx_word' id='word_1_520' title='bbox 3406 2089 3526 2151; x_wconf 89' lang='lat' dir='ltr'><strong>late</strong></span> <span class='ocrx_word' id='word_1_521' title='bbox 3551 2092 3715 2150; x_wconf 86' lang='lat' dir='ltr'><strong>Bart.</strong></span> 
     </span>
     <span class='ocr_line' id='line_1_76' title="bbox 2159 2180 3726 2257; baseline 0.003 -18"><span class='ocrx_word' id='word_1_522' title='bbox 2159 2180 2228 2240; x_wconf 93' lang='lat' dir='ltr'><strong>in</strong></span> <span class='ocrx_word' id='word_1_523' title='bbox 2253 2182 2499 2241; x_wconf 84' lang='lat' dir='ltr'><strong>Extrav.</strong></span> <span class='ocrx_word' id='word_1_524' title='bbox 2528 2180 2646 2253; x_wconf 74' lang='lat' dir='ltr'><strong>Qui</strong></span> <span class='ocrx_word' id='word_1_525' title='bbox 2666 2184 2791 2244; x_wconf 73' lang='lat' dir='ltr'><strong>sint</strong></span> <span class='ocrx_word' id='word_1_526' title='bbox 2814 2182 3072 2253; x_wconf 77' lang='lat' dir='ltr'><strong>rebelles,</strong></span> <span class='ocrx_word' id='word_1_527' title='bbox 3107 2181 3298 2242; x_wconf 82' lang='lat' dir='ltr'><strong>verbo</strong></span> <span class='ocrx_word' id='word_1_528' title='bbox 3325 2182 3726 2257; x_wconf 70' lang='lat' dir='ltr'><strong>lombar-dice,</strong></span> 
     </span>
     <span class='ocr_line' id='line_1_77' title="bbox 2159 2273 3732 2353; baseline 0.001 -20"><span class='ocrx_word' id='word_1_529' title='bbox 2159 2274 2308 2352; x_wconf 90' lang='lat' dir='ltr'><strong>quia</strong></span> <span class='ocrx_word' id='word_1_530' title='bbox 2336 2273 2614 2334; x_wconf 84' lang='lat' dir='ltr'><strong>civitates</strong></span> <span class='ocrx_word' id='word_1_531' title='bbox 2641 2275 3023 2353; x_wconf 89' lang='lat' dir='ltr'><strong>antiquiores</strong></span> <span class='ocrx_word' id='word_1_532' title='bbox 3052 2280 3194 2335; x_wconf 90' lang='lat' dir='ltr'><strong>sunt</strong></span> <span class='ocrx_word' id='word_1_533' title='bbox 3213 2274 3523 2353; x_wconf 89' lang='lat' dir='ltr'><strong>Episcopis</strong></span> <span class='ocrx_word' id='word_1_534' title='bbox 3535 2297 3553 2348; x_wconf 83' lang='lat'>3</span> <span class='ocrx_word' id='word_1_535' title='bbox 3581 2292 3732 2353; x_wconf 86' lang='lat' dir='ltr'><strong>ergo</strong></span> 
     </span>
     <span class='ocr_line' id='line_1_78' title="bbox 2160 2366 3729 2447; baseline 0 -21"><span class='ocrx_word' id='word_1_536' title='bbox 2160 2366 2491 2447; x_wconf 89' lang='lat' dir='ltr'><strong>Episcopus</strong></span> <span class='ocrx_word' id='word_1_537' title='bbox 2519 2367 2812 2447; x_wconf 89' lang='lat' dir='ltr'><strong>supponit</strong></span> <span class='ocrx_word' id='word_1_538' title='bbox 2838 2367 3174 2441; x_wconf 87' lang='lat' dir='ltr'><strong>civitatem,</strong></span> <span class='ocrx_word' id='word_1_539' title='bbox 3213 2385 3339 2427; x_wconf 93' lang='lat' dir='ltr'><strong>non</strong></span> <span class='ocrx_word' id='word_1_540' title='bbox 3381 2366 3527 2427; x_wconf 84' lang='lat' dir='ltr'><strong>facit</strong></span> <span class='ocrx_word' id='word_1_541' title='bbox 3544 2389 3562 2441; x_wconf 92' lang='lat'>;</span> <span class='ocrx_word' id='word_1_542' title='bbox 3594 2367 3729 2427; x_wconf 91' lang='lat' dir='ltr'><strong>imo</strong></span> 
     </span>
     <span class='ocr_line' id='line_1_79' title="bbox 2160 2458 3727 2539; baseline 0.001 -22"><span class='ocrx_word' id='word_1_543' title='bbox 2160 2458 2308 2518; x_wconf 91' lang='lat' dir='ltr'><strong>olim</strong></span> <span class='ocrx_word' id='word_1_544' title='bbox 2334 2478 2461 2520; x_wconf 91' lang='lat' dir='ltr'><strong>non</strong></span> <span class='ocrx_word' id='word_1_545' title='bbox 2495 2461 2563 2520; x_wconf 92' lang='lat' dir='ltr'><strong>in</strong></span> <span class='ocrx_word' id='word_1_546' title='bbox 2589 2459 2869 2539; x_wconf 88' lang='lat' dir='ltr'><strong>pluribus</strong></span> <span class='ocrx_word' id='word_1_547' title='bbox 2896 2459 3248 2520; x_wconf 76' lang='lat' dir='ltr'><strong>civitatibus</strong></span> <span class='ocrx_word' id='word_1_548' title='bbox 3282 2458 3390 2520; x_wconf 92' lang='lat' dir='ltr'><strong>sed</strong></span> <span class='ocrx_word' id='word_1_549' title='bbox 3413 2459 3612 2520; x_wconf 89' lang='lat' dir='ltr'><strong>solum</strong></span> <span class='ocrx_word' id='word_1_550' title='bbox 3659 2460 3727 2519; x_wconf 90' lang='lat' dir='ltr'><strong>in</strong></span> 
     </span>
     <span class='ocr_line' id='line_1_80' title="bbox 2159 2550 3724 2632; baseline 0.001 -22"><span class='ocrx_word' id='word_1_551' title='bbox 2159 2550 2678 2630; x_wconf 84' lang='lat' dir='ltr'><strong>frequentioribus</strong></span> <span class='ocrx_word' id='word_1_552' title='bbox 2714 2558 2892 2612; x_wconf 88' lang='grc'><strong>616111</strong></span> <span class='ocrx_word' id='word_1_553' title='bbox 2920 2553 3207 2632; x_wconf 90' lang='lat' dir='ltr'><strong>episcopi.</strong></span> <span class='ocrx_word' id='word_1_554' title='bbox 3259 2553 3524 2613; x_wconf 86' lang='lat' dir='ltr'><strong>Minores</strong></span> <span class='ocrx_word' id='word_1_555' title='bbox 3575 2570 3724 2613; x_wconf 84' lang='lat' dir='ltr'><strong>vero</strong></span> 
     </span>
     <span class='ocr_line' id='line_1_81' title="bbox 2160 2643 3720 2724; baseline 0.001 -21"><span class='ocrx_word' id='word_1_556' title='bbox 2160 2643 2436 2704; x_wconf 85' lang='lat' dir='ltr'><strong>civitates</strong></span> <span class='ocrx_word' id='word_1_557' title='bbox 2464 2644 2753 2704; x_wconf 90' lang='lat' dir='ltr'><strong>dicuntur</strong></span> <span class='ocrx_word' id='word_1_558' title='bbox 2790 2644 2882 2704; x_wconf 92' lang='lat' dir='ltr'><strong>illi</strong></span> <span class='ocrx_word' id='word_1_559' title='bbox 2911 2645 3124 2724; x_wconf 90' lang='lat' dir='ltr'><strong>populi</strong></span> <span class='ocrx_word' id='word_1_560' title='bbox 3152 2645 3259 2724; x_wconf 86' lang='lat' dir='ltr'><strong>qui</strong></span> <span class='ocrx_word' id='word_1_561' title='bbox 3295 2644 3409 2704; x_wconf 91' lang='lat' dir='ltr'><strong>sub</strong></span> <span class='ocrx_word' id='word_1_562' title='bbox 3457 2646 3720 2705; x_wconf 83' lang='lat' dir='ltr'><strong>civitati-</strong></span> 
     </span>
     <span class='ocr_line' id='line_1_82' title="bbox 2159 2734 3720 2816; baseline 0.002 -22"><span class='ocrx_word' id='word_1_563' title='bbox 2159 2734 2275 2795; x_wconf 84' lang='lat' dir='ltr'><strong>bus</strong></span> <span class='ocrx_word' id='word_1_564' title='bbox 2301 2740 2467 2811; x_wconf 87' lang='lat' dir='ltr'><strong>sunt,</strong></span> <span class='ocrx_word' id='word_1_565' title='bbox 2503 2741 2567 2797; x_wconf 86' lang='lat' dir='ltr'><strong>et</strong></span> <span class='ocrx_word' id='word_1_566' title='bbox 2614 2736 2693 2797; x_wconf 93' lang='lat' dir='ltr'><strong>ab</strong></span> <span class='ocrx_word' id='word_1_567' title='bbox 2732 2737 2980 2798; x_wconf 89' lang='lat' dir='ltr'><strong>illorum</strong></span> <span class='ocrx_word' id='word_1_568' title='bbox 3009 2737 3142 2797; x_wconf 82' lang='lat' dir='ltr'><strong>foro</strong></span> <span class='ocrx_word' id='word_1_569' title='bbox 3167 2737 3539 2816; x_wconf 87' lang='lat' dir='ltr'><strong>judicantur.</strong></span> <span class='ocrx_word' id='word_1_570' title='bbox 3571 2738 3720 2811; x_wconf 79' lang='lat' dir='ltr'><strong>Quoe</strong></span> 
     </span>
     <span class='ocr_line' id='line_1_83' title="bbox 2159 2831 3721 2908; baseline 0.001 -18"><span class='ocrx_word' id='word_1_571' title='bbox 2159 2848 2327 2890; x_wconf 90' lang='lat' dir='ltr'><strong>nunc</strong></span> <span class='ocrx_word' id='word_1_572' title='bbox 2375 2848 2503 2891; x_wconf 91' lang='lat' dir='ltr'><strong>non</strong></span> <span class='ocrx_word' id='word_1_573' title='bbox 2553 2837 2854 2892; x_wconf 85' lang='lat' dir='ltr'><strong>vocantur</strong></span> <span class='ocrx_word' id='word_1_574' title='bbox 2901 2832 3205 2908; x_wconf 69' lang='grc'><strong>6111116165,</strong></span> <span class='ocrx_word' id='word_1_575' title='bbox 3257 2831 3362 2892; x_wconf 83' lang='lat' dir='ltr'><strong>sed</strong></span> <span class='ocrx_word' id='word_1_576' title='bbox 3407 2831 3570 2892; x_wconf 71' lang='lat' dir='ltr'><strong>vium</strong></span> <span class='ocrx_word' id='word_1_577' title='bbox 3620 2831 3721 2893; x_wconf 86' lang='lat' dir='ltr'><strong>vel</strong></span> 
     </span>
     <span class='ocr_line' id='line_1_84' title="bbox 2160 2930 2382 2985; baseline 0 -1"><span class='ocrx_word' id='word_1_578' title='bbox 2160 2930 2382 2985; x_wconf 87' lang='lat' dir='ltr'><strong>castra.</strong></span> 
     </span>
    </p>

    <p class='ocr_par' dir='ltr' id='par_1_9' title="bbox 2156 3019 3724 3659">
     <span class='ocr_line' id='line_1_85' title="bbox 2239 3019 3722 3084; baseline 0.002 -5"><span class='ocrx_word' id='word_1_579' title='bbox 2239 3021 2338 3079; x_wconf 83' lang='grc'><strong>17.</strong></span> <span class='ocrx_word' id='word_1_580' title='bbox 2388 3019 2700 3083; x_wconf 74' lang='lat' dir='ltr'><strong>Conclusio</strong></span> <span class='ocrx_word' id='word_1_581' title='bbox 2723 3053 2803 3064; x_wconf 91' lang='lat'><strong>-—</strong></span> <span class='ocrx_word' id='word_1_582' title='bbox 2826 3019 3096 3083; x_wconf 70' lang='lat' dir='ltr'><strong>Minores</strong></span> <span class='ocrx_word' id='word_1_583' title='bbox 3139 3021 3413 3084; x_wconf 80' lang='lat' dir='ltr'><strong>civitates</strong></span> <span class='ocrx_word' id='word_1_584' title='bbox 3447 3039 3565 3083; x_wconf 76' lang='lat' dir='ltr'><strong>non</strong></span> <span class='ocrx_word' id='word_1_585' title='bbox 3610 3021 3722 3082; x_wconf 73' lang='lat' dir='ltr'><strong>lia-</strong></span> 
     </span>
     <span class='ocr_line' id='line_1_86' title="bbox 2159 3111 3720 3194; baseline 0 -20"><span class='ocrx_word' id='word_1_586' title='bbox 2159 3111 2288 3175; x_wconf 79' lang='lat' dir='ltr'><strong>bere</strong></span> <span class='ocrx_word' id='word_1_587' title='bbox 2326 3120 2675 3192; x_wconf 73' lang='lat' dir='ltr'><strong>potestatem</strong></span> <span class='ocrx_word' id='word_1_588' title='bbox 2722 3114 2959 3191; x_wconf 76' lang='lat' dir='ltr'><strong>ferendi</strong></span> <span class='ocrx_word' id='word_1_589' title='bbox 2997 3116 3285 3193; x_wconf 73' lang='lat' dir='ltr'><strong>proprias</strong></span> <span class='ocrx_word' id='word_1_590' title='bbox 3329 3115 3506 3194; x_wconf 70' lang='lat' dir='ltr'><strong>loyes.</strong></span> <span class='ocrx_word' id='word_1_591' title='bbox 3528 3146 3612 3160; x_wconf 88' lang='lat'><strong>-—</strong></span> <span class='ocrx_word' id='word_1_592' title='bbox 3637 3114 3720 3175; x_wconf 89' lang='lat' dir='ltr'><strong>De</strong></span> 
     </span>
     <span class='ocr_line' id='line_1_87' title="bbox 2157 3207 3722 3287; baseline 0.002 -21"><span class='ocrx_word' id='word_1_593' title='bbox 2157 3207 2398 3287; x_wconf 90' lang='lat' dir='ltr'><strong>populis</strong></span> <span class='ocrx_word' id='word_1_594' title='bbox 2442 3226 2591 3286; x_wconf 88' lang='lat' dir='ltr'><strong>ergo</strong></span> <span class='ocrx_word' id='word_1_595' title='bbox 2628 3208 2817 3286; x_wconf 86' lang='lat' dir='ltr'><strong>hujus</strong></span> <span class='ocrx_word' id='word_1_596' title='bbox 2848 3207 3017 3268; x_wconf 90' lang='lat' dir='ltr'><strong>tertii</strong></span> <span class='ocrx_word' id='word_1_597' title='bbox 3054 3208 3280 3287; x_wconf 84' lang='lat' dir='ltr'><strong>gradus</strong></span> <span class='ocrx_word' id='word_1_598' title='bbox 3330 3208 3577 3270; x_wconf 83' lang='lat' dir='ltr'><strong>videtur</strong></span> <span class='ocrx_word' id='word_1_599' title='bbox 3625 3227 3722 3269; x_wconf 88' lang='lat' dir='ltr'><strong>res</strong></span> 
     </span>
     <span class='ocr_line' id='line_1_88' title="bbox 2160 3299 3724 3382; baseline 0.003 -23"><span class='ocrx_word' id='word_1_600' title='bbox 2160 3299 2347 3376; x_wconf 88' lang='lat' dir='ltr'><strong>clara,</strong></span> <span class='ocrx_word' id='word_1_601' title='bbox 2391 3319 2495 3362; x_wconf 89' lang='lat' dir='ltr'><strong>eos</strong></span> <span class='ocrx_word' id='word_1_602' title='bbox 2522 3319 2646 3362; x_wconf 93' lang='lat' dir='ltr'><strong>non</strong></span> <span class='ocrx_word' id='word_1_603' title='bbox 2677 3300 2904 3362; x_wconf 88' lang='lat' dir='ltr'><strong>habere</strong></span> <span class='ocrx_word' id='word_1_604' title='bbox 2931 3306 3294 3380; x_wconf 86' lang='lat' dir='ltr'><strong>potestatem</strong></span> <span class='ocrx_word' id='word_1_605' title='bbox 3317 3301 3555 3363; x_wconf 84' lang='lat' dir='ltr'><strong>ferendi</strong></span> <span class='ocrx_word' id='word_1_606' title='bbox 3582 3320 3724 3382; x_wconf 89' lang='lat' dir='ltr'><strong>pro·</strong></span> 
     </span>
     <span class='ocr_line' id='line_1_89' title="bbox 2159 3392 3718 3474; baseline 0.001 -22"><span class='ocrx_word' id='word_1_607' title='bbox 2159 3393 2322 3471; x_wconf 86' lang='lat' dir='ltr'><strong>prias</strong></span> <span class='ocrx_word' id='word_1_608' title='bbox 2347 3392 2531 3472; x_wconf 78' lang='lat' dir='ltr'><strong>leges,</strong></span> <span class='ocrx_word' id='word_1_609' title='bbox 2576 3395 2666 3454; x_wconf 87' lang='lat' dir='ltr'><strong>Ita</strong></span> <span class='ocrx_word' id='word_1_610' title='bbox 2694 3393 2870 3454; x_wconf 90' lang='lat' dir='ltr'><strong>docet</strong></span> <span class='ocrx_word' id='word_1_611' title='bbox 2891 3394 3058 3454; x_wconf 88' lang='lat' dir='ltr'><strong>Bart.</strong></span> <span class='ocrx_word' id='word_1_612' title='bbox 3083 3394 3152 3453; x_wconf 91' lang='lat' dir='ltr'><strong>in</strong></span> <span class='ocrx_word' id='word_1_613' title='bbox 3189 3393 3236 3454; x_wconf 92' lang='lat'><strong>1.</strong></span> <span class='ocrx_word' id='word_1_614' title='bbox 3265 3413 3459 3458; x_wconf 75' lang='lat' dir='ltr'><strong>omnes</strong></span> <span class='ocrx_word' id='word_1_615' title='bbox 3479 3394 3718 3474; x_wconf 80' lang='lat' dir='ltr'><strong>populi,</strong></span> 
     </span>
     <span class='ocr_line' id='line_1_90' title="bbox 2157 3482 3714 3567; baseline 0.002 -23"><span class='ocrx_word' id='word_1_616' title='bbox 2157 3482 2223 3544; x_wconf 84' lang='lat' dir='ltr'><strong>ff.</strong></span> <span class='ocrx_word' id='word_1_617' title='bbox 2273 3486 2351 3546; x_wconf 91' lang='lat' dir='ltr'><strong>de</strong></span> <span class='ocrx_word' id='word_1_618' title='bbox 2377 3487 2533 3547; x_wconf 89' lang='lat' dir='ltr'><strong>Just.</strong></span> <span class='ocrx_word' id='word_1_619' title='bbox 2581 3491 2642 3547; x_wconf 91' lang='lat' dir='ltr'><strong>et</strong></span> <span class='ocrx_word' id='word_1_620' title='bbox 2676 3486 2804 3564; x_wconf 87' lang='lat' dir='ltr'><strong>jur.</strong></span> <span class='ocrx_word' id='word_1_621' title='bbox 2838 3486 2905 3546; x_wconf 91' lang='lat' dir='ltr'><strong>in</strong></span> <span class='ocrx_word' id='word_1_622' title='bbox 2945 3486 3286 3567; x_wconf 86' lang='lat' dir='ltr'><strong>principio:</strong></span> <span class='ocrx_word' id='word_1_623' title='bbox 3319 3492 3382 3548; x_wconf 85' lang='lat' dir='ltr'><strong>et</strong></span> <span class='ocrx_word' id='word_1_624' title='bbox 3412 3488 3573 3547; x_wconf 90' lang='lat' dir='ltr'><strong>ratio</strong></span> <span class='ocrx_word' id='word_1_625' title='bbox 3601 3493 3714 3563; x_wconf 87' lang='lat' dir='ltr'><strong>est,</strong></span> 
     </span>
     <span class='ocr_line' id='line_1_91' title="bbox 2156 3579 3714 3659; baseline 0.001 -21"><span class='ocrx_word' id='word_1_626' title='bbox 2156 3579 2304 3656; x_wconf 90' lang='lat' dir='ltr'><strong>quia</strong></span> <span class='ocrx_word' id='word_1_627' title='bbox 2331 3596 2514 3657; x_wconf 87' lang='lat' dir='ltr'><strong>supra</strong></span> <span class='ocrx_word' id='word_1_628' title='bbox 2537 3585 2851 3639; x_wconf 82' lang='lat' dir='ltr'><strong>ostensum</strong></span> <span class='ocrx_word' id='word_1_629' title='bbox 2876 3585 2968 3639; x_wconf 87' lang='lat' dir='ltr'><strong>est</strong></span> <span class='ocrx_word' id='word_1_630' title='bbox 2990 3597 3118 3639; x_wconf 94' lang='lat' dir='ltr'><strong>non</strong></span> <span class='ocrx_word' id='word_1_631' title='bbox 3137 3598 3311 3659; x_wconf 90' lang='lat' dir='ltr'><strong>posse</strong></span> <span class='ocrx_word' id='word_1_632' title='bbox 3334 3580 3492 3641; x_wconf 82' lang='lat' dir='ltr'><strong>ferre</strong></span> <span class='ocrx_word' id='word_1_633' title='bbox 3514 3580 3714 3659; x_wconf 82' lang='lat' dir='ltr'><strong>legem</strong></span> 
     </span>
    </p>
   </div>
   <div class='ocr_carea' id='block_1_7' title="bbox 2131 3670 3717 3753">
    <p class='ocr_par' dir='ltr' id='par_1_10' title="bbox 2131 3670 3717 3753">
     <span class='ocr_line' id='line_1_92' title="bbox 2131 3670 3717 3753; baseline 0.004 -24"><span class='ocrx_word' id='word_1_634' title='bbox 2131 3671 2264 3751; x_wconf 87' lang='lat' dir='ltr'><strong>qui</strong></span> <span class='ocrx_word' id='word_1_635' title='bbox 2291 3688 2419 3730; x_wconf 91' lang='lat' dir='ltr'><strong>non</strong></span> <span class='ocrx_word' id='word_1_636' title='bbox 2447 3670 2632 3732; x_wconf 88' lang='lat' dir='ltr'><strong>habet</strong></span> <span class='ocrx_word' id='word_1_637' title='bbox 2653 3671 3167 3749; x_wconf 87' lang='lat' dir='ltr'><strong>jurisdictionem,</strong></span> <span class='ocrx_word' id='word_1_638' title='bbox 3195 3674 3322 3733; x_wconf 93' lang='lat' dir='ltr'><strong>imo</strong></span> <span class='ocrx_word' id='word_1_639' title='bbox 3351 3692 3465 3735; x_wconf 89' lang='lat' dir='ltr'><strong>nec</strong></span> <span class='ocrx_word' id='word_1_640' title='bbox 3500 3691 3717 3753; x_wconf 89' lang='lat' dir='ltr'><strong>quam·</strong></span> 
     </span>
    </p>
   </div>
   <div class='ocr_carea' id='block_1_8' title="bbox 2149 3764 3717 5611">
    <p class='ocr_par' dir='ltr' id='par_1_11' title="bbox 2149 3764 3717 5611">
     <span class='ocr_line' id='line_1_93' title="bbox 2156 3764 3716 3847; baseline 0.001 -21"><span class='ocrx_word' id='word_1_641' title='bbox 2156 3783 2421 3844; x_wconf 89' lang='lat' dir='ltr'><strong>eumque</strong></span> <span class='ocrx_word' id='word_1_642' title='bbox 2466 3764 2769 3842; x_wconf 88' lang='lat' dir='ltr'><strong>sufficere,</strong></span> <span class='ocrx_word' id='word_1_643' title='bbox 2824 3766 2928 3826; x_wconf 87' lang='lat' dir='ltr'><strong>sed</strong></span> <span class='ocrx_word' id='word_1_644' title='bbox 2974 3765 3152 3828; x_wconf 86' lang='lat' dir='ltr'><strong>valde</strong></span> <span class='ocrx_word' id='word_1_645' title='bbox 3189 3767 3592 3847; x_wconf 86' lang='lat' dir='ltr'><strong>superiorem,</strong></span> <span class='ocrx_word' id='word_1_646' title='bbox 3645 3773 3716 3827; x_wconf 92' lang='lat' dir='ltr'><strong>ut</strong></span> 
     </span>
     <span class='ocr_line' id='line_1_94' title="bbox 2155 3858 3716 3940; baseline 0.001 -22"><span class='ocrx_word' id='word_1_647' title='bbox 2155 3875 2301 3918; x_wconf 83' lang='lat' dir='ltr'><strong>mox</strong></span> <span class='ocrx_word' id='word_1_648' title='bbox 2330 3858 2516 3918; x_wconf 88' lang='lat' dir='ltr'><strong>etiam</strong></span> <span class='ocrx_word' id='word_1_649' title='bbox 2545 3858 2986 3938; x_wconf 85' lang='lat' dir='ltr'><strong>explicabimus</strong></span> <span class='ocrx_word' id='word_1_650' title='bbox 3001 3875 3020 3936; x_wconf 91' lang='lat'>;</span> <span class='ocrx_word' id='word_1_651' title='bbox 3053 3861 3157 3921; x_wconf 89' lang='lat' dir='ltr'><strong>sed</strong></span> <span class='ocrx_word' id='word_1_652' title='bbox 3181 3859 3246 3920; x_wconf 90' lang='lat' dir='ltr'><strong>hi</strong></span> <span class='ocrx_word' id='word_1_653' title='bbox 3296 3860 3506 3940; x_wconf 88' lang='lat' dir='ltr'><strong>populi</strong></span> <span class='ocrx_word' id='word_1_654' title='bbox 3529 3861 3716 3940; x_wconf 83' lang='lat' dir='ltr'><strong>juris-</strong></span> 
     </span>
     <span class='ocr_line' id='line_1_95' title="bbox 2157 3951 3713 4032; baseline 0.003 -21"><span class='ocrx_word' id='word_1_655' title='bbox 2157 3951 2487 4013; x_wconf 88' lang='lat' dir='ltr'><strong>dictionem</strong></span> <span class='ocrx_word' id='word_1_656' title='bbox 2516 3951 2707 4012; x_wconf 73' lang='lat' dir='ltr'><strong>talem</strong></span> <span class='ocrx_word' id='word_1_657' title='bbox 2738 3970 2863 4013; x_wconf 91' lang='lat' dir='ltr'><strong>non</strong></span> <span class='ocrx_word' id='word_1_658' title='bbox 2888 3952 3142 4028; x_wconf 88' lang='lat' dir='ltr'><strong>habent,</strong></span> <span class='ocrx_word' id='word_1_659' title='bbox 3172 3954 3318 4032; x_wconf 88' lang='lat' dir='ltr'><strong>quia</strong></span> <span class='ocrx_word' id='word_1_660' title='bbox 3347 3972 3462 4014; x_wconf 89' lang='lat' dir='ltr'><strong>nec</strong></span> <span class='ocrx_word' id='word_1_661' title='bbox 3506 3953 3713 4015; x_wconf 83' lang='lat' dir='ltr'><strong>forum</strong></span> 
     </span>
     <span class='ocr_line' id='line_1_96' title="bbox 2155 4044 3715 4126; baseline 0.002 -21"><span class='ocrx_word' id='word_1_662' title='bbox 2155 4062 2480 4106; x_wconf 88' lang='lat' dir='ltr'><strong>causarum</strong></span> <span class='ocrx_word' id='word_1_663' title='bbox 2509 4044 2762 4121; x_wconf 87' lang='lat' dir='ltr'><strong>habent,</strong></span> <span class='ocrx_word' id='word_1_664' title='bbox 2815 4051 2887 4106; x_wconf 95' lang='grc'><strong>111</strong></span> <span class='ocrx_word' id='word_1_665' title='bbox 2933 4047 3296 4126; x_wconf 89' lang='lat' dir='ltr'><strong>supponitur</strong></span> <span class='ocrx_word' id='word_1_666' title='bbox 3335 4047 3402 4107; x_wconf 92' lang='lat' dir='ltr'><strong>in</strong></span> <span class='ocrx_word' id='word_1_667' title='bbox 3440 4045 3503 4105; x_wconf 92' lang='lat' dir='ltr'><strong>d.</strong></span> <span class='ocrx_word' id='word_1_668' title='bbox 3536 4045 3579 4107; x_wconf 94' lang='lat' dir='ltr'><strong>l.</strong></span> <span class='ocrx_word' id='word_1_669' title='bbox 3629 4046 3715 4110; x_wconf 77' lang='lat' dir='ltr'><strong>Si</strong></span> 
     </span>
     <span class='ocr_line' id='line_1_97' title="bbox 2157 4136 3712 4217; baseline 0 -18"><span class='ocrx_word' id='word_1_670' title='bbox 2157 4138 2330 4214; x_wconf 75' lang='lat' dir='ltr'><strong>duas,</strong></span> <span class='ocrx_word' id='word_1_671' title='bbox 2360 4136 2459 4198; x_wconf 87' lang='lat' dir='ltr'><strong>vel</strong></span> <span class='ocrx_word' id='word_1_672' title='bbox 2491 4143 2653 4199; x_wconf 89' lang='lat' dir='ltr'><strong>certe</strong></span> <span class='ocrx_word' id='word_1_673' title='bbox 2680 4138 2731 4197; x_wconf 89' lang='lat' dir='ltr'><strong>si</strong></span> <span class='ocrx_word' id='word_1_674' title='bbox 2763 4137 3036 4217; x_wconf 86' lang='lat' dir='ltr'><strong>aliquem</strong></span> <span class='ocrx_word' id='word_1_675' title='bbox 3072 4138 3323 4199; x_wconf 90' lang='lat' dir='ltr'><strong>modum</strong></span> <span class='ocrx_word' id='word_1_676' title='bbox 3353 4138 3571 4217; x_wconf 86' lang='lat' dir='ltr'><strong>judicii</strong></span> <span class='ocrx_word' id='word_1_677' title='bbox 3601 4137 3712 4199; x_wconf 90' lang='lat' dir='ltr'><strong>ha-</strong></span> 
     </span>
     <span class='ocr_line' id='line_1_98' title="bbox 2153 4229 3712 4305; baseline 0.001 -16"><span class='ocrx_word' id='word_1_678' title='bbox 2153 4229 2340 4304; x_wconf 90' lang='lat' dir='ltr'><strong>bent,</strong></span> <span class='ocrx_word' id='word_1_679' title='bbox 2381 4235 2473 4291; x_wconf 91' lang='lat' dir='ltr'><strong>est</strong></span> <span class='ocrx_word' id='word_1_680' title='bbox 2518 4236 2763 4290; x_wconf 87' lang='lat' dir='ltr'><strong>tantum</strong></span> <span class='ocrx_word' id='word_1_681' title='bbox 2804 4231 2869 4290; x_wconf 90' lang='lat' dir='ltr'><strong>in</strong></span> <span class='ocrx_word' id='word_1_682' title='bbox 2916 4230 3154 4291; x_wconf 84' lang='lat' dir='ltr'><strong>levibus</strong></span> <span class='ocrx_word' id='word_1_683' title='bbox 3195 4232 3416 4305; x_wconf 87' lang='lat' dir='ltr'><strong>causis,</strong></span> <span class='ocrx_word' id='word_1_684' title='bbox 3465 4238 3527 4292; x_wconf 90' lang='lat' dir='ltr'><strong>et</strong></span> <span class='ocrx_word' id='word_1_685' title='bbox 3570 4248 3712 4291; x_wconf 90' lang='lat' dir='ltr'><strong>cum</strong></span> 
     </span>
     <span class='ocr_line' id='line_1_99' title="bbox 2154 4322 3710 4402; baseline 0.001 -20"><span class='ocrx_word' id='word_1_686' title='bbox 2154 4341 2382 4402; x_wconf 86' lang='lat' dir='ltr'><strong>magna</strong></span> <span class='ocrx_word' id='word_1_687' title='bbox 2411 4322 2916 4385; x_wconf 89' lang='lat' dir='ltr'><strong>subordinatione</strong></span> <span class='ocrx_word' id='word_1_688' title='bbox 2944 4325 3021 4385; x_wconf 89' lang='lat' dir='ltr'><strong>ad</strong></span> <span class='ocrx_word' id='word_1_689' title='bbox 3049 4325 3257 4385; x_wconf 80' lang='lat' dir='ltr'><strong>forum</strong></span> <span class='ocrx_word' id='word_1_690' title='bbox 3285 4323 3569 4399; x_wconf 85' lang='lat' dir='ltr'><strong>civitatis,</strong></span> <span class='ocrx_word' id='word_1_691' title='bbox 3614 4324 3710 4384; x_wconf 86' lang='lat' dir='ltr'><strong>vel</strong></span> 
     </span>
     <span class='ocr_line' id='line_1_100' title="bbox 2153 4415 3713 4495; baseline 0 -18"><span class='ocrx_word' id='word_1_692' title='bbox 2153 4415 2419 4477; x_wconf 89' lang='lat' dir='ltr'><strong>similem</strong></span> <span class='ocrx_word' id='word_1_693' title='bbox 2440 4417 2819 4494; x_wconf 88' lang='lat' dir='ltr'><strong>superiorem</strong></span> <span class='ocrx_word' id='word_1_694' title='bbox 2835 4417 3144 4495; x_wconf 81' lang='lat' dir='ltr'><strong>judieem3</strong></span> <span class='ocrx_word' id='word_1_695' title='bbox 3177 4435 3325 4495; x_wconf 90' lang='lat' dir='ltr'><strong>ergo</strong></span> <span class='ocrx_word' id='word_1_696' title='bbox 3348 4436 3473 4478; x_wconf 90' lang='lat' dir='ltr'><strong>non</strong></span> <span class='ocrx_word' id='word_1_697' title='bbox 3501 4422 3591 4478; x_wconf 87' lang='lat' dir='ltr'><strong>est</strong></span> <span class='ocrx_word' id='word_1_698' title='bbox 3613 4435 3713 4477; x_wconf 82' lang='lat' dir='ltr'><strong>ve-</strong></span> 
     </span>
     <span class='ocr_line' id='line_1_101' title="bbox 2151 4507 3713 4589; baseline -0.001 -20"><span class='ocrx_word' id='word_1_699' title='bbox 2151 4507 2408 4569; x_wconf 87' lang='lat' dir='ltr'><strong>risimile</strong></span> <span class='ocrx_word' id='word_1_700' title='bbox 2444 4508 2672 4571; x_wconf 88' lang='lat' dir='ltr'><strong>habere</strong></span> <span class='ocrx_word' id='word_1_701' title='bbox 2718 4508 2830 4569; x_wconf 91' lang='lat' dir='ltr'><strong>hos</strong></span> <span class='ocrx_word' id='word_1_702' title='bbox 2870 4510 3129 4589; x_wconf 89' lang='lat' dir='ltr'><strong>populos</strong></span> <span class='ocrx_word' id='word_1_703' title='bbox 3157 4515 3522 4589; x_wconf 85' lang='lat' dir='ltr'><strong>potestatem</strong></span> <span class='ocrx_word' id='word_1_704' title='bbox 3569 4528 3713 4570; x_wconf 87' lang='lat' dir='ltr'><strong>con·</strong></span> 
     </span>
     <span class='ocr_line' id='line_1_102' title="bbox 2153 4600 3714 4677; baseline 0 -17"><span class='ocrx_word' id='word_1_705' title='bbox 2153 4600 2341 4662; x_wconf 92' lang='lat' dir='ltr'><strong>dendi</strong></span> <span class='ocrx_word' id='word_1_706' title='bbox 2366 4600 2555 4677; x_wconf 60' lang='grc'><strong>161165.</strong></span> <span class='ocrx_word' id='word_1_707' title='bbox 2587 4604 2662 4663; x_wconf 87' lang='grc' dir='ltr'><strong>Ε1</strong></span> <span class='ocrx_word' id='word_1_708' title='bbox 2688 4602 2808 4662; x_wconf 90' lang='grc'><strong>1166</strong></span> <span class='ocrx_word' id='word_1_709' title='bbox 2847 4620 2925 4662; x_wconf 83' lang='lat' dir='ltr'><strong>ex</strong></span> <span class='ocrx_word' id='word_1_710' title='bbox 2954 4602 3093 4663; x_wconf 87' lang='lat' dir='ltr'><strong>aliis</strong></span> <span class='ocrx_word' id='word_1_711' title='bbox 3134 4602 3373 4663; x_wconf 89' lang='lat' dir='ltr'><strong>duobus</strong></span> <span class='ocrx_word' id='word_1_712' title='bbox 3418 4602 3714 4663; x_wconf 88' lang='lat' dir='ltr'><strong>membris</strong></span> 
     </span>
     <span class='ocr_line' id='line_1_103' title="bbox 2153 4693 3712 4774; baseline 0.001 -21"><span class='ocrx_word' id='word_1_713' title='bbox 2153 4693 2351 4771; x_wconf 85' lang='lat' dir='ltr'><strong>magis</strong></span> <span class='ocrx_word' id='word_1_714' title='bbox 2379 4695 2703 4755; x_wconf 87' lang='lat' dir='ltr'><strong>constabit.</strong></span> <span class='ocrx_word' id='word_1_715' title='bbox 2739 4694 3004 4757; x_wconf 84' lang='lat' dir='ltr'><strong>Adhibet</strong></span> <span class='ocrx_word' id='word_1_716' title='bbox 3035 4701 3247 4757; x_wconf 90' lang='lat' dir='ltr'><strong>autem</strong></span> <span class='ocrx_word' id='word_1_717' title='bbox 3290 4695 3712 4774; x_wconf 83' lang='lat' dir='ltr'><strong>exceptionem</strong></span> 
     </span>
     <span class='ocr_line' id='line_1_104' title="bbox 2154 4785 3711 4866; baseline 0.001 -20"><span class='ocrx_word' id='word_1_718' title='bbox 2154 4787 2318 4847; x_wconf 87' lang='lat' dir='ltr'><strong>Bart.</strong></span> <span class='ocrx_word' id='word_1_719' title='bbox 2353 4785 2582 4863; x_wconf 88' lang='lat' dir='ltr'><strong>dicens,</strong></span> <span class='ocrx_word' id='word_1_720' title='bbox 2621 4804 2799 4866; x_wconf 87' lang='lat' dir='ltr'><strong>posse</strong></span> <span class='ocrx_word' id='word_1_721' title='bbox 2827 4788 3025 4849; x_wconf 86' lang='lat' dir='ltr'><strong>facere</strong></span> <span class='ocrx_word' id='word_1_722' title='bbox 3061 4793 3290 4849; x_wconf 88' lang='lat' dir='ltr'><strong>statuta</strong></span> <span class='ocrx_word' id='word_1_723' title='bbox 3336 4788 3410 4849; x_wconf 91' lang='lat' dir='ltr'><strong>de</strong></span> <span class='ocrx_word' id='word_1_724' title='bbox 3437 4787 3536 4848; x_wconf 90' lang='lat' dir='ltr'><strong>his</strong></span> <span class='ocrx_word' id='word_1_725' title='bbox 3575 4805 3711 4866; x_wconf 81' lang='lat' dir='ltr'><strong>quae</strong></span> 
     </span>
     <span class='ocr_line' id='line_1_105' title="bbox 2152 4879 3713 4957; baseline 0.001 -19"><span class='ocrx_word' id='word_1_726' title='bbox 2152 4879 2467 4957; x_wconf 89' lang='lat' dir='ltr'><strong>pertinent</strong></span> <span class='ocrx_word' id='word_1_727' title='bbox 2493 4879 2573 4940; x_wconf 91' lang='lat' dir='ltr'><strong>ad</strong></span> <span class='ocrx_word' id='word_1_728' title='bbox 2596 4898 2846 4940; x_wconf 91' lang='lat' dir='ltr'><strong>suorum</strong></span> <span class='ocrx_word' id='word_1_729' title='bbox 2885 4879 3193 4942; x_wconf 91' lang='lat' dir='ltr'><strong>bonorum</strong></span> <span class='ocrx_word' id='word_1_730' title='bbox 3235 4879 3713 4941; x_wconf 85' lang='lat' dir='ltr'><strong>administratio·</strong></span> 
     </span>
     <span class='ocr_line' id='line_1_106' title="bbox 2153 4970 3713 5035; baseline 0.001 -5"><span class='ocrx_word' id='word_1_731' title='bbox 2153 4988 2319 5032; x_wconf 95' lang='lat' dir='ltr'><strong>nem.</strong></span> <span class='ocrx_word' id='word_1_732' title='bbox 2368 4970 2489 5033; x_wconf 89' lang='lat' dir='ltr'><strong>Sed</strong></span> <span class='ocrx_word' id='word_1_733' title='bbox 2527 4991 2654 5033; x_wconf 90' lang='lat' dir='ltr'><strong>non</strong></span> <span class='ocrx_word' id='word_1_734' title='bbox 2700 4979 2792 5034; x_wconf 88' lang='lat' dir='ltr'><strong>est</strong></span> <span class='ocrx_word' id='word_1_735' title='bbox 2824 4974 3165 5035; x_wconf 88' lang='lat' dir='ltr'><strong>necessaria</strong></span> <span class='ocrx_word' id='word_1_736' title='bbox 3204 4972 3511 5034; x_wconf 84' lang='lat' dir='ltr'><strong>limitatio.</strong></span> <span class='ocrx_word' id='word_1_737' title='bbox 3558 4973 3713 5032; x_wconf 88' lang='lat' dir='ltr'><strong>Nam</strong></span> 
     </span>
     <span class='ocr_line' id='line_1_107' title="bbox 2151 5064 3713 5141; baseline 0.001 -17"><span class='ocrx_word' id='word_1_738' title='bbox 2151 5064 2304 5126; x_wconf 88' lang='lat' dir='ltr'><strong>talia</strong></span> <span class='ocrx_word' id='word_1_739' title='bbox 2322 5071 2573 5141; x_wconf 88' lang='lat' dir='ltr'><strong>statuta,</strong></span> <span class='ocrx_word' id='word_1_740' title='bbox 2593 5066 2644 5126; x_wconf 90' lang='lat' dir='ltr'><strong>si</strong></span> <span class='ocrx_word' id='word_1_741' title='bbox 2666 5084 2794 5126; x_wconf 91' lang='lat' dir='ltr'><strong>non</strong></span> <span class='ocrx_word' id='word_1_742' title='bbox 2817 5066 2941 5127; x_wconf 86' lang='lat' dir='ltr'><strong>sint</strong></span> <span class='ocrx_word' id='word_1_743' title='bbox 2963 5065 3326 5127; x_wconf 89' lang='lat' dir='ltr'><strong>confirmata</strong></span> <span class='ocrx_word' id='word_1_744' title='bbox 3346 5066 3425 5127; x_wconf 90' lang='lat' dir='ltr'><strong>ab</strong></span> <span class='ocrx_word' id='word_1_745' title='bbox 3446 5065 3713 5127; x_wconf 89' lang='lat' dir='ltr'><strong>habente</strong></span> 
     </span>
     <span class='ocr_line' id='line_1_108' title="bbox 2151 5158 3714 5238; baseline 0.001 -21"><span class='ocrx_word' id='word_1_746' title='bbox 2151 5163 2538 5236; x_wconf 82' lang='lat' dir='ltr'><strong>potestatem,</strong></span> <span class='ocrx_word' id='word_1_747' title='bbox 2571 5176 2698 5220; x_wconf 91' lang='lat' dir='ltr'><strong>non</strong></span> <span class='ocrx_word' id='word_1_748' title='bbox 2726 5166 2982 5238; x_wconf 88' lang='lat' dir='ltr'><strong>possunt</strong></span> <span class='ocrx_word' id='word_1_749' title='bbox 3010 5158 3239 5220; x_wconf 85' lang='lat' dir='ltr'><strong>habere</strong></span> <span class='ocrx_word' id='word_1_750' title='bbox 3271 5160 3401 5220; x_wconf 82' lang='lat' dir='ltr'><strong>vim</strong></span> <span class='ocrx_word' id='word_1_751' title='bbox 3437 5165 3499 5220; x_wconf 87' lang='lat' dir='ltr'><strong>et</strong></span> <span class='ocrx_word' id='word_1_752' title='bbox 3526 5159 3714 5219; x_wconf 85' lang='lat' dir='ltr'><strong>ratio-</strong></span> 
     </span>
     <span class='ocr_line' id='line_1_109' title="bbox 2149 5253 3715 5334; baseline 0.001 -22"><span class='ocrx_word' id='word_1_753' title='bbox 2149 5269 2294 5312; x_wconf 89' lang='lat' dir='ltr'><strong>nem</strong></span> <span class='ocrx_word' id='word_1_754' title='bbox 2319 5253 2492 5332; x_wconf 67' lang='grc'><strong>16315,</strong></span> <span class='ocrx_word' id='word_1_755' title='bbox 2526 5254 2671 5332; x_wconf 89' lang='lat' dir='ltr'><strong>quia</strong></span> <span class='ocrx_word' id='word_1_756' title='bbox 2699 5253 2775 5314; x_wconf 91' lang='lat' dir='ltr'><strong>de</strong></span> <span class='ocrx_word' id='word_1_757' title='bbox 2817 5256 3057 5314; x_wconf 89' lang='lat' dir='ltr'><strong>ratione</strong></span> <span class='ocrx_word' id='word_1_758' title='bbox 3102 5253 3257 5332; x_wconf 86' lang='lat' dir='ltr'><strong>legis</strong></span> <span class='ocrx_word' id='word_1_759' title='bbox 3304 5253 3581 5334; x_wconf 86' lang='lat' dir='ltr'><strong>positivae</strong></span> <span class='ocrx_word' id='word_1_760' title='bbox 3623 5259 3715 5314; x_wconf 89' lang='lat' dir='ltr'><strong>est</strong></span> 
     </span>
     <span class='ocr_line' id='line_1_110' title="bbox 2151 5345 3716 5425; baseline 0.001 -22"><span class='ocrx_word' id='word_1_761' title='bbox 2151 5349 2223 5403; x_wconf 91' lang='lat' dir='ltr'><strong>ut</strong></span> <span class='ocrx_word' id='word_1_762' title='bbox 2251 5345 2540 5423; x_wconf 87' lang='lat' dir='ltr'><strong>procedat</strong></span> <span class='ocrx_word' id='word_1_763' title='bbox 2566 5345 2644 5405; x_wconf 89' lang='lat' dir='ltr'><strong>ab</strong></span> <span class='ocrx_word' id='word_1_764' title='bbox 2675 5345 2942 5407; x_wconf 89' lang='lat' dir='ltr'><strong>habente</strong></span> <span class='ocrx_word' id='word_1_765' title='bbox 2968 5346 3479 5425; x_wconf 81' lang='lat' dir='ltr'><strong>jurisdictionem,</strong></span> <span class='ocrx_word' id='word_1_766' title='bbox 3522 5351 3590 5405; x_wconf 90' lang='lat' dir='ltr'><strong>ut</strong></span> <span class='ocrx_word' id='word_1_767' title='bbox 3616 5363 3716 5404; x_wconf 90' lang='lat' dir='ltr'><strong>su-</strong></span> 
     </span>
     <span class='ocr_line' id='line_1_111' title="bbox 2150 5437 3714 5517; baseline 0 -21"><span class='ocrx_word' id='word_1_768' title='bbox 2150 5437 2381 5516; x_wconf 89' lang='lat' dir='ltr'><strong>periori</strong></span> <span class='ocrx_word' id='word_1_769' title='bbox 2403 5437 2561 5497; x_wconf 90' lang='lat' dir='ltr'><strong>libro</strong></span> <span class='ocrx_word' id='word_1_770' title='bbox 2590 5444 2902 5499; x_wconf 88' lang='lat' dir='ltr'><strong>ostensum</strong></span> <span class='ocrx_word' id='word_1_771' title='bbox 2933 5444 3044 5499; x_wconf 89' lang='lat' dir='ltr'><strong>est.</strong></span> <span class='ocrx_word' id='word_1_772' title='bbox 3073 5440 3373 5500; x_wconf 88' lang='lat' dir='ltr'><strong>Poterunt</strong></span> <span class='ocrx_word' id='word_1_773' title='bbox 3395 5454 3544 5517; x_wconf 88' lang='lat' dir='ltr'><strong>ergo</strong></span> <span class='ocrx_word' id='word_1_774' title='bbox 3583 5454 3714 5497; x_wconf 88' lang='lat' dir='ltr'><strong>esse</strong></span> 
     </span>
     <span class='ocr_line' id='line_1_112' title="bbox 2154 5530 3717 5611; baseline -0.001 -21"><span class='ocrx_word' id='word_1_775' title='bbox 2154 5530 2255 5591; x_wconf 81' lang='lat' dir='ltr'><strong>vel</strong></span> <span class='ocrx_word' id='word_1_776' title='bbox 2277 5535 2455 5609; x_wconf 86' lang='lat' dir='ltr'><strong>pacta</strong></span> <span class='ocrx_word' id='word_1_777' title='bbox 2477 5531 2761 5610; x_wconf 75' lang='lat' dir='ltr'><strong>quaedam</strong></span> <span class='ocrx_word' id='word_1_778' title='bbox 2788 5531 2954 5595; x_wconf 89' lang='lat' dir='ltr'><strong>inter</strong></span> <span class='ocrx_word' id='word_1_779' title='bbox 2978 5550 3081 5595; x_wconf 86' lang='lat' dir='ltr'><strong>eos</strong></span> <span class='ocrx_word' id='word_1_780' title='bbox 3102 5532 3211 5611; x_wconf 88' lang='lat' dir='ltr'><strong>qui</strong></span> <span class='ocrx_word' id='word_1_781' title='bbox 3250 5536 3396 5593; x_wconf 89' lang='grc'><strong>511111</strong></span> <span class='ocrx_word' id='word_1_782' title='bbox 3437 5530 3514 5593; x_wconf 89' lang='grc'><strong>(16</strong></span> <span class='ocrx_word' id='word_1_783' title='bbox 3550 5546 3717 5590; x_wconf 86' lang='grc'><strong>66111-</strong></span> 
     </span>
    </p>
   </div>
  </div>
 </body>
</html>
