3976 6219
545 414 668 475 444

542 514 632 577 let
654 514 925 577 dubitari
953 532 1036 577 an
1053 515 1134 578 sit
1157 522 1404 598 recepta
1427 519 1632 598 quoad
1652 519 1816 581 hanc
1836 524 2101 600 partem,

543 626 651 669 seu
695 608 992 688 abrogata
1019 628 1130 689 per
1169 612 1541 673 contrariam
1569 613 2101 687 consuetudinem,

545 707 608 763 et
633 719 715 762 an
742 702 932 782 possit
959 702 1028 764 13
1049 703 1159 764 illa
1185 704 1414 768 habere
1440 706 1649 768 locum
1683 707 2009 787 expositiO,
2035 712 2108 766 ut

542 812 670 857 non
698 794 982 857 excludat
1015 797 1438 879 necessitatem
1474 800 1796 861 sententias
1829 799 2106 861 declara·

541 890 740 965 toriae,
755 893 818 950 et
839 889 1091 968 quidem
1110 890 1228 952 hoc
1255 892 1557 971 posterius
1583 893 1763 955 valde
1790 892 2107 973 probabile

542 982 789 1043 videtur
797 998 819 1060 3
849 986 988 1043 tum
1022 983 1165 1063 quia
1204 1002 1332 1045 non
1371 984 1519 1046 dicit
1554 992 1692 1048 auto
1727 987 2104 1061 sementiam,

543 1072 853 1151 absolute,
892 1074 1000 1136 sed
1043 1080 1181 1139 anto
1217 1078 1755 1141 condemnationem
1769 1124 1790 1155 ‚
1835 1096 1945 1141 seu
1990 1097 2109 1141 non

542 1174 850 1246 aspectam
867 1168 1341 1232 condemnatione
1353 1193 1381 1240 ,·
1395 1174 1533 1230 tum
1553 1170 1743 1231 etiam
1768 1170 1934 1250 quia,
1961 1170 2109 1231 licet

544 1260 711 1321 dicat
735 1279 809 1323 eo)
827 1278 1004 1337 nune,
1030 1279 1160 1323 non
1186 1261 1359 1323 addit
1377 1281 1494 1343 pro
1528 1270 1705 1338 taemc;
1735 1268 1798 1325 et
1825 1264 1936 1338 ita,
1965 1262 2110 1325 licet

542 1354 643 1415 lex
663 1353 822 1415 ferat
841 1356 1214 1416 sententiam
1235 1356 1826 1429 condemnatoriam,
1853 1375 1982 1419 non
2004 1356 2109 1419 de-

543 1446 750 1525 signat
773 1452 1018 1527 tempus
1043 1467 1156 1528 pro
1176 1466 1299 1528 quo
1325 1450 1498 1512 illam
1521 1450 1665 1528 fert,
1696 1467 1812 1511 nec
1838 1448 2109 1511 excludit

543 1540 912 1601 sententiam
954 1539 1458 1619 declaratoriam3
1496 1548 1634 1605 tum
1663 1542 1930 1622 denique
1960 1541 2111 1621 quia

545 1631 733 1693 etiam
764 1631 883 1693 hoc
907 1632 1092 1694 modo
1127 1638 1259 1695 tam
1295 1634 1745 1714 juramentum,
1787 1652 1976 1717 quam
2002 1638 2107 1695 're-

543 1724 716 1804 liqua
743 1724 936 1786 verba
960 1725 1194 1787 habent
1220 1744 1480 1806 magnos
1505 1727 1794 1791 effectus:
1832 1744 1980 1790 nam
2008 1745 2107 1789 ra-

544 1817 715 1879 tione
737 1819 1081 1898 juramenti
1115 1824 1367 1881 tenetur
1405 1822 1545 1901 quis
1571 1821 1782 1883 statim
1807 1838 1882 1882 ac
1908 1820 2107 1882 decla-

543 1916 720 1972 ratur
772 1911 850 1973 de
903 1912 1184 1990 crimine,
1232 1914 1468 1976 solvere
1517 1915 1936 1995 quadruplum
1991 1914 2107 1975 sub

544 2020 730 2083 poena
755 2005 1032 2083 perjurii,
1066 2024 1182 2068 nec
1207 2013 1405 2087 potest
1431 2009 1740 2071 occultare
1773 2009 1940 2071 bona
1966 2008 2106 2088 qui-

539 2095 660 2156 ·bus
706 2102 908 2176 potest
952 2097 1187 2161 solvere
1236 2117 1509 2179 poenam,
1568 2102 1696 2163 imo
1745 2120 1860 2163 nec
1905 2106 2106 2181 potest

545 2207 774 2268 negare
819 2191 1232 2270 quantitatem
1277 2212 1611 2257 munerum
1661 2214 1800 2275 quae
1849 2194 2103 2273 recepit,

546 2282 788 2344 etiamsi
808 2283 876 2344 in
890 2286 1195 2348 sententia
1209 2304 1336 2348 non
1354 2287 1720 2364 declaretur,
1741 2288 1847 2351 sed
1859 2293 2109 2350 tantum

545 2376 780 2438 crimen
805 2378 1144 2458 recipiendi
1171 2398 1454 2443 munera.
1486 2382 1639 2442 Item
1669 2381 1747 2442 ad
1774 2380 1893 2442 hoc
1919 2382 2111 2443 etiam

547 2468 781 2549 obligat
811 2470 920 2532 illa
958 2471 1061 2533 lex
1095 2490 1210 2534 sua
1239 2474 1488 2553 propria
1519 2475 1584 2533 vi
1612 2477 1837 2553 praeter
1873 2472 2105 2552 obliga·

547 2564 780 2624 tionem
813 2563 1200 2643 juramenti:
1243 2567 1372 2627 imo
1407 2568 1497 2629 ita
1535 2566 1786 2647 obligat,
1837 2572 1911 2627 ut
1947 2565 2110 2627 facta

545 2656 960 2719 declaratione
975 2656 1184 2719 delicti
1203 2659 1410 2720 nullus
1436 2660 1692 2721 inferior
1703 2659 1898 2739 judex
1916 2660 2109 2739 possit

548 2748 723 2809 illam
750 2750 1055 2824 minuere,
1089 2751 1197 2829 qui
1225 2758 1318 2811 est
1345 2751 1532 2812 etiam
1559 2769 1824 2830 magnus
1851 2752 2109 2813 effectus

547 2839 800 2900 illorum
815 2841 1168 2903 verborum.
1181 2844 1259 2903 Et
1280 2843 1498 2904 saltem
1519 2843 1638 2904 hoc
1657 2842 1842 2903 modo
1864 2842 2112 2903 videtur

548 2931 706 2993 mihi
730 2932 838 2994 illa
868 2933 971 2995 lex
996 2934 1402 3011 observanda,
1445 2954 1558 2997 nec
1583 2954 1758 3016 posse
1785 2936 1906 2996 dici
1933 2934 2113 2997 abro-

547 3031 694 3104 gata
738 3028 1050 3089 contraria
1096 3029 1562 3106 consuetudine,
1609 3031 1758 3109 quia
1801 3048 1916 3092 nec
1969 3030 2112 3091 talis

547 3121 923 3182 consuetudo
948 3122 1196 3201 probari
1218 3129 1440 3203 potest,
1463 3142 1577 3186 nec
1595 3124 1924 3186 tolerantia
1941 3124 2112 3204 prin-

547 3212 699 3291 cipis
725 3213 972 3274 scientis
998 3215 1192 3278 illam.

625 3307 686 3368 9.
711 3307 822 3369 Ea
851 3306 1026 3370 Cone.
1053 3309 1192 3372 Lat.
1224 3315 1280 3373 et
1305 3311 1482 3373 Motu
1505 3310 1618 3373 Pii
1656 3309 1712 3376 V
1729 3310 1918 3374 teneri
1947 3309 2111 3372 boote-

544 3399 821 3475 siciarios
849 3419 968 3462 non
1001 3405 1320 3466 recitantes
1353 3404 1667 3467 restituero
1692 3406 1938 3482 fructus
1981 3421 2107 3465 cor-

545 3493 956 3570 respondentes
1001 3495 1301 3574 boneficiis
1342 3513 1458 3575 pro
1497 3500 1663 3557 rata.
1705 3530 1788 3541 -—
1826 3495 2107 3556 Tertium

545 3584 900 3663 exemplum
926 3587 1134 3648 afferri
1175 3587 1328 3649 solet
1365 3607 1443 3649 ex
1477 3588 1707 3650 Concil.
1749 3589 1951 3648 Later.
1992 3588 2107 3649 sub

545 3675 748 3736 Leone
787 3677 862 3752 X,
907 3682 969 3738 et
1012 3679 1182 3740 Motu
1213 3680 1484 3758 quodam
1515 3680 1607 3739 Pii
1633 3680 1715 3756 V,
1753 3679 1862 3739 ubi
1901 3679 2109 3741 clerici

547 3767 926 3829 beneficiarii
969 3788 1095 3830 non
1137 3771 1466 3832 recitantes
1509 3770 1792 3832 divinum
1835 3771 2109 3833 officium

545 3859 782 3920 fructus
809 3878 1025 3922 omnes
1051 3863 1335 3924 omnium
1367 3863 1812 3925 beneficiorum
1846 3865 2108 3944 singulis

545 3954 764 4016 diebus
805 3955 1244 4036 respondentes
1279 3977 1392 4039 pro
1418 3963 1554 4020 rata
1595 3959 1921 4020 restituere
1952 3959 2108 4020 obli-

545 4051 773 4126 gantur
806 4047 874 4108 in
907 4050 1300 4127 conscientia,
1343 4051 1576 4127 statim,
1619 4056 1683 4112 et
1718 4051 1948 4132 absque
1983 4051 2109 4113 alia

543 4139 982 4219 declaratione,
1007 4160 1116 4204 seu
1143 4144 1468 4206 sententia.
1492 4146 1582 4206 Ita
1609 4144 1778 4206 enim
1801 4163 1930 4206 esse
1953 4129 2108 4205 illu'd

545 4241 948 4315 praeceptum,
979 4241 1042 4298 et
1067 4255 1317 4316 poenam
1349 4238 1418 4299 in
1444 4257 1518 4300 eo
1545 4238 1896 4318 impositam
1925 4237 2107 4298 intel-

543 4325 817 4405 ligenda,
847 4327 973 4388 late
997 4329 1238 4391 ostendi
1256 4330 1367 4391 lib.
1393 4332 1434 4391 4
1458 4329 1536 4390 de
1561 4331 1724 4392 Orat.
1740 4377 1755 4404 ,
1780 4348 1916 4409 cap.
1941 4332 2024 4392 29
2044 4335 2108 4391 et

546 4421 662 4497 303
697 4421 803 4482 sed
843 4420 1253 4484 nihilominus
1277 4423 1395 4484 hoc
1428 4422 1778 4503 exemplum
1813 4441 1941 4484 non
1967 4439 2108 4503 per-

542 4510 704 4573 tinet
719 4515 966 4593 proprie
983 4519 1046 4576 et
1071 4513 1301 4577 directe
1321 4517 1400 4576 ad
1418 4515 1584 4576 hanc
1609 4515 1891 4596 regulam
1918 4533 2107 4596 quam

544 4605 730 4666 modo
753 4612 1111 4682 tractamus,
1144 4608 1291 4686 quia
1317 4607 1426 4668 illa
1455 4625 1644 4688 poena
1672 4607 1980 4688 privativa
2002 4626 2109 4688 po·

543 4697 668 4758 tius
701 4703 795 4759 est
835 4717 1025 4778 quam
1068 4701 1290 4775 activa,
1320 4707 1392 4762 ut
1415 4701 1502 4762 sic
1527 4700 1752 4762 dicam.
1782 4701 1904 4762 Lex
1935 4701 2107 4762 enim

544 4787 654 4850 illa
697 4789 1053 4852 immediate
1106 4790 1367 4871 impedit
1419 4791 1890 4872 acquisitionem
1941 4791 2107 4853 fruc-

541 4887 724 4943 tuum
752 4881 1037 4944 beneficii
1059 4889 1312 4964 propter
1337 4885 1734 4946 omissionem
1755 4883 1964 4961 officii,
1978 4902 2107 4964 quo

541 4975 742 5055 posito
792 4974 1239 5056 impedimento
1293 4995 1371 5038 ex
1417 4983 1642 5038 natura
1687 4977 1780 5038 rei
1830 4976 2109 5058 sequitur

543 5067 840 5146 obligatio
865 5075 1146 5150 respectu
1172 5070 1508 5149 fructuum,
1534 5071 1683 5150 quia
1707 5086 1894 5132 nemo
1910 5075 2111 5150 potest

545 5160 815 5222 retinere
837 5161 955 5224 sibi
977 5164 1141 5243 quod
1180 5181 1362 5224 suum
1387 5181 1517 5225 non
1539 5168 1655 5226 est.
1693 5163 1772 5224 Et
1791 5163 1881 5225 ita
1919 5163 2109 5224 inter-

545 5257 866 5332 pretantur
880 5272 1097 5319 omnes
1112 5255 1270 5318 illud
1287 5262 1688 5338 praeceptum,
1709 5261 1774 5320 et
1795 5256 2107 5336 colligitur

543 5351 755 5427 aperte
791 5364 870 5408 ex
902 5349 1107 5411 verbis
1145 5350 1413 5430 concilii,
1441 5356 1582 5414 tum
1612 5350 1738 5413 ibi:
1777 5349 2107 5428 Beneficio-

542 5455 684 5503 nom
735 5455 982 5504 ottonom
1034 5444 1280 5520 fructu
1327 5462 1468 5508 suos
1519 5463 1638 5508 vion
1685 5444 1926 5523 facian
1971 5447 2110 5504 tum

543 5532 818 5599 maxime
837 5530 961 5597 ibi:
980 5533 1296 5617 Tanquam
1307 5536 1538 5618 injusto
1548 5542 1854 5619 perceptos
1866 5551 2113 5617 oroyaro

1453 419 1571 474 Lm.
1607 420 1666 473 V.
1701 420 1782 474 DE
1815 418 2173 475 unimam
2202 420 2414 476 menn
2442 415 2851 475 mmmmm.

2184 524 2477 583 teneatur.
2524 515 2683 579 [llud
2728 530 2879 592 ergo
2924 508 3099 591 prius
3132 508 3359 571 factum
3404 513 3503 571 est
3526 506 3761 569 virtute

2184 610 2351 673 illius
2394 612 2573 690 legis,
2620 608 2961 670 secundum
2987 609 3201 669 autem
3242 604 3526 683 sequitur
3570 620 3657 663 ex
3700 602 3765 661 vi

2177 704 2458 784 justitiae,
2480 720 2607 764 non
2634 702 2783 781 quia
2802 716 2915 780 per
2943 716 3009 759 se
3030 701 3096 759 et
3127 696 3490 758 immediate
3518 696 3597 757 in
3636 713 3767 775 poe-

2184 816 2333 861 nam
2369 796 2731 877 impositum
2759 796 2861 856 sit.

2267 892 2368 952 10.
2416 890 2637 951 Dices:
2670 887 2985 949 interdum
3012 906 3091 949 ex
3124 885 3192 947 vi
3228 884 3397 947 illius
3428 880 3622 961 13313,
3656 879 3765 940 be-

2186 983 2543 1046 neficiarius
2580 986 2831 1043 tenetur
2876 999 2943 1042 se
2988 979 3252 1062 spoliare
3288 975 3599 1037 fructibus
3626 973 3772 1079 jam

2188 1078 2513 1159 perceptis,
2538 1081 2602 1137 et
2624 1093 2779 1155 quos
2800 1093 2946 1137 vere
2970 1074 3203 1136 fecerat
3228 1086 3415 1133 suos:
3438 1074 3513 1129 ut
3538 1068 3595 1129 si
3620 1067 3771 1147 quis

2186 1186 2461 1250 grossam
2485 1168 2773 1230 beneficii
2798 1167 3151 1249 acquisierit
3178 1170 3241 1226 et
3258 1162 3587 1243 receperit,
3616 1162 3771 1239 jure

2186 1263 2361 1325 illam
2388 1262 2643 1341 accepit,
2677 1267 2741 1323 et
2763 1261 2914 1323 fecit
2955 1278 3181 1322 suam·
3164 1305 3181 1336 ‚
3226 1261 3291 1319 et
3314 1254 3765 1327 311111οωὶ333,

2186 1358 2239 1419 31
2264 1362 2477 1437 postea
2511 1356 2771 1417 recitare
2806 1354 3051 1417 desinat
3088 1350 3400 1433 aliquibus
3432 1348 3594 1409 anni
3634 1347 3770 1407 die-

2187 1451 2305 1512 bus
2327 1496 2348 1527 ,
2401 1454 2649 1512 tenetur
2687 1455 2929 1529 partem
2976 1464 3203 1527 grossae
3240 1444 3365 1505 illis
3391 1442 3621 1504 diebus
3652 1458 3769 1520 pro

2186 1549 2323 1606 rata
2348 1543 2824 1624 respondentem
2850 1543 3176 1603 restituere
3207 1584 3229 1616 ,
3270 1538 3455 1618 juxta
3482 1534 3767 1596 declara-

2186 1638 2423 1699 tionem
2458 1642 2671 1717 aperte
2696 1636 2922 1697 tactam
2948 1653 2989 1695 a
3014 1634 3124 1695 Pio
3148 1633 3203 1693 V
3238 1649 3255 1693 ε
3304 1648 3455 1709 ergo
3484 1628 3767 1689 nascitur

2185 1732 2318 1793 haec
2356 1730 2653 1809 obligatio
2695 1728 3053 1790 immediate
3090 1746 3168 1789 ex
3208 1724 3541 1807 punitione
3574 1721 3763 1799 legis,

2184 1843 2313 1888 non
2332 1844 2410 1886 ex
2428 1823 2943 1903 aliaobligatione
2956 1821 3233 1901 justitias.
3257 1818 3379 1880 Sed
3390 1817 3514 1878 1103
3530 1815 3761 1890 obstat,

2184 1935 2334 1979 nam
2351 1917 2486 1978 haec
2511 1916 2805 1995 obligatio
2822 1912 3187 1975 restituendi
3203 1916 3445 1991 partem
3470 1908 3661 1969 illam
3690 1926 3767 1969 ex

2186 2009 2580 2072 eodemfonte
2592 2009 2881 2071 eteodem
2890 2006 3077 2069 modo
3090 2006 3386 2067 nascitur.
3406 2004 3567 2065 Cum
3588 2003 3769 2063 enim

2185 2122 2467 2184 expresse
2494 2102 2823 2165 concilium
2849 2100 3036 2176 dicat,
3065 2102 3311 2177 fructus
3332 2114 3477 2160 suos
3508 2114 3637 2159 non
3660 2099 3771 2173 sa-

2186 2197 2333 2272 ciat,
2356 2198 2459 2260 sed
2482 2214 2577 2258 eos
2598 2200 2886 2275 tanquam
2914 2194 3141 2274 injuste
3148 2196 3457 2272 perceptos
3466 2206 3589 2270 pro
3620 2196 3773 2253 rata

2186 2290 2503 2355 restituere
2542 2294 2813 2353 tencatur
2836 2333 2858 2365 ,
2912 2292 2976 2348 et
2998 2287 3143 2347 Pius
3173 2286 3227 2347 V
3252 2302 3382 2346 non
3409 2290 3620 2345 mutet
3648 2302 3773 2344 nec

2188 2388 2415 2462 augeat
2436 2382 2600 2443 hanc
2622 2398 2873 2461 poenam
2887 2425 2910 2456 ,
2942 2379 3051 2441 sed
3070 2382 3321 2439 tantum
3344 2382 3555 2437 ratam
3583 2376 3771 2437 illam

2188 2476 2477 2552 declaret,
2516 2494 2644 2536 non
2671 2492 2994 2553 possumus
3027 2491 3142 2533 nos
3168 2471 3249 2533 ad
3278 2471 3561 2550 aliquam
3582 2472 3770 2531 resti-

2186 2570 2493 2631 tutionem
2514 2567 2789 2646 obligare
2808 2584 2883 2627 ex
2908 2566 2972 2627 vi
2995 2564 3162 2626 illius
3187 2564 3367 2642 legis,
3390 2563 3516 2623 nisi
3538 2562 3767 2623 eodem

2186 2661 2373 2723 modo
2394 2668 2457 2723 et
2474 2661 2678 2722 titulo.
2710 2660 2857 2721 Dico
2876 2676 3025 2737 ergo
3029 2702 3050 2733 ‚
3070 2676 3149 2717 ex
3170 2656 3235 2716 vi
3257 2656 3425 2715 illius
3444 2654 3607 2733 legis
3634 2655 3765 2715 fac-

2186 2762 2325 2817 tum
2356 2773 2506 2827 esse,
2538 2759 2610 2815 ut
2634 2754 2703 2813 in
2728 2753 2891 2813 dicto
2922 2770 3069 2813 casu
3094 2768 3221 2811 non
3254 2749 3554 2829 percipiat
3593 2749 3767 2809 fruc-

2188 2854 2289 2910 tus
2312 2864 2525 2909 omnes
2542 2864 2789 2925 grossae,
2806 2844 2931 2905 nisi
2956 2844 3073 2905 sub
3089 2842 3441 2905 conditione
3468 2847 3535 2902 et
3566 2860 3761 2903 onere

2189 2958 2319 3001 non
2346 2939 2671 3001 omittendi
2694 2938 3119 3019 peccaminose
3140 2936 3426 2997 divinum
3448 2935 3756 2996 officium.

2192 3032 2391 3109 Unde,
2419 3033 2473 3094 si
2511 3037 2662 3093 tunc
2702 3031 3030 3112 recepisset
3068 3046 3344 3108 grossam
3374 3033 3575 3088 totam
3610 3044 3759 3087 cum

2189 3127 2401 3188 animo
2449 3145 2579 3187 303
2620 3124 2920 3188 recitandi
2958 3123 3171 3184 decem
3222 3121 3462 3199 diebuS,
3514 3122 3757 3201 injuste

2188 3218 2531 3299 recepisset,
2563 3234 2860 3297 suamque
2880 3234 3010 3277 non
3026 3215 3272 3276 fecisset
3292 3220 3535 3294 partem
3552 3213 3757 3288 illam,

2188 3316 2576 3418 repugnante
2610 3311 2747 3390 lege
2784 3308 3052 3372 concilii.
3102 3308 3363 3382 Quando
3407 3324 3563 3386 ergo
3590 3306 3759 3366 bono

2186 3404 2399 3464 animo
2426 3409 2490 3464 et
2517 3403 2831 3482 proposito
2864 3407 3061 3462 totam
3098 3399 3341 3479 recipit,
3376 3399 3555 3479 quasi
3594 3399 3761 3459 anti-

2188 3496 2392 3588 cipata
2416 3495 2743 3570 solutione,
2790 3511 2967 3555 suam
3002 3492 3259 3572 quidem
3284 3491 3458 3568 facit,
3504 3510 3636 3552 non
3664 3498 3763 3552 ta-

2188 3606 2333 3649 men
2360 3588 2617 3648 omnino
2644 3586 2824 3666 plene
2850 3591 2912 3648 et
2939 3584 3238 3660 absolute,
3266 3585 3374 3646 sed
3410 3585 3527 3644 sub
3570 3585 3759 3646 modo

2188 3687 2252 3742 et
2272 3681 2624 3742 conditione
2650 3680 2757 3740 tali
2779 3685 2852 3740 ut
2868 3679 2977 3740 illa
2996 3697 3125 3739 non
3146 3677 3404 3758 impleta
3426 3678 3762 3739 amittatur

2188 3773 2536 3835 dominium
2568 3819 2587 3847 ,
2636 3791 2714 3834 ex
2740 3773 2805 3833 vi
2830 3772 2989 3850 legis
3013 3789 3155 3850 quae
3189 3769 3344 3831 illud
3381 3788 3419 3831 a
3444 3771 3759 3850 principio

2186 3866 2551 3942 infirmavit,
2575 3869 2646 3926 ut
2670 3865 2757 3926 sic
2778 3865 3002 3941 dicam,
3032 3870 3097 3925 et
3114 3863 3263 3926 fecit
3289 3863 3569 3943 pendens
3592 3881 3633 3924 a
3657 3863 3761 3925 fu-

2184 3964 2329 4021 turo
2350 3963 2599 4034 eventu,
2628 3958 2737 4038 qui
2750 3957 3004 4019 effectus
3024 3956 3181 4036 legis
3198 3957 3545 4036 privativus
3562 3957 3757 4018 etiam

2184 4051 2343 4128 fuit,
2386 4056 2450 4112 et
2476 4069 2553 4112 ex
2578 4049 2686 4111 illo
2717 4049 2991 4112 nascitur
3020 4055 3233 4130 postea
3270 4067 3350 4111 ex
3394 4055 3625 4112 natura
3660 4051 3759 4111 rei

2186 4143 2481 4223 obligatio
2508 4141 2899 4204 restituendi.

2269 4239 2366 4298 11.
2412 4235 2707 4310 Quamvis
2734 4241 2943 4297 autem
2976 4233 3111 4296 hoec
3150 4251 3300 4297 vera
3340 4235 3487 4311 sint,
3522 4235 3758 4300 nibilo-

2185 4330 2395 4391 minus
2424 4346 2502 4391 ex
2532 4328 2640 4389 illa
2673 4326 2812 4407 lege
2846 4328 3115 4389 sumitur
3156 4326 3495 4408 probabilis
3530 4328 3757 4390 confir-

2186 4423 2379 4484 matio
2423 4421 2602 4482 dictoe
2643 4421 2894 4500 regulae,
2932 4437 3081 4482 nam
3126 4421 3287 4482 sicut
3326 4421 3429 4482 lex
3473 4421 3759 4484 humana

2186 4515 2454 4596 imponit
2476 4515 2607 4594 ipso
2632 4514 2795 4576 facto
2817 4531 3069 4594 poenam
3096 4514 3497 4594 privatIvam,
3526 4533 3603 4576 ex
3628 4535 3761 4596 qua

2186 4609 2528 4672 necessario
2558 4608 2834 4688 sequitur
2858 4607 3157 4688 obligatio
3174 4609 3257 4669 ad
3284 4607 3594 4670 actionem
3624 4629 3759 4688 pce-

2186 4702 2389 4764 nalem
2392 4746 2416 4779 ,
2438 4703 2527 4763 ita
2540 4706 2739 4782 potest
2765 4700 3038 4780 obligare
3060 4701 3140 4762 ad
3158 4701 3425 4762 similem
3440 4703 3757 4764 actionem

2184 4795 2494 4875 poenalem
2520 4791 2897 4855 immediate.
2948 4791 3273 4872 Colligitur
3310 4793 3501 4855 etiam
3528 4810 3607 4854 ex
3632 4793 3756 4855 illis

2166 4885 2469 4968 decretis,
2494 4891 2567 4945 ut
2581 4885 2685 4946 lex
2704 4883 2939 4962 obliget
2960 4902 3071 4963 per
3090 4901 3157 4945 se
3178 4885 3259 4945 ad
3283 4885 3595 4948 actionem
3624 4905 3757 4966 pce·

2184 4981 2393 5043 nalem
2410 5025 2428 5053 ,
2476 4978 2605 5040 sive
2656 4977 2948 5054 mediate,
2992 4978 3121 5040 sive
3170 4979 3530 5042 immediate
3544 5026 3567 5057 ,
3624 4999 3757 5043 non

2186 5078 2467 5153 oportere
2506 5076 2579 5131 ut
2620 5087 2865 5152 semper
2904 5088 3193 5151 expresse
3232 5071 3500 5135 declaret
3524 5071 3761 5136 forma-

2186 5165 2349 5228 libus
2394 5163 2599 5226 verbis
2633 5163 3077 5243 obligationem
3108 5164 3178 5226 in
3226 5165 3615 5234 conscientia,
3645 5167 3759 5228 an-

2186 5263 2251 5320 te
2293 5273 2545 5319 omnem
2586 5257 2959 5319 sententiam
2990 5302 3012 5334 ,
3062 5257 3170 5318 sed
3212 5259 3361 5320 satis
3402 5275 3538 5320 esse
3577 5264 3651 5319 ut
3692 5258 3759 5319 id

2184 5348 2448 5429 explicet
2473 5367 2585 5428 per
2622 5349 2895 5430 aliquem
2930 5349 3241 5427 effectum,
3278 5351 3387 5432 qui
3426 5351 3759 5414 subsistere

2188 5461 2317 5506 non
2344 5443 2535 5523 possit
2551 5442 2685 5505 sine
2703 5443 2815 5505 tali
2833 5443 3235 5523 obligatione,
3255 5445 3355 5506 vel
3373 5445 3525 5526 quia
3547 5464 3759 5508 neces-

2190 5537 2353 5600 sario
2378 5535 2555 5600 illam
2580 5535 2829 5616 inferat,
2859 5537 3018 5602 sicut
3042 5536 3154 5616 ibi,
3186 5554 3267 5602 ex
3294 5537 3516 5602 effectu
3554 5539 3760 5622 impe·
