3976 6219
517 502 658 564 ticse
710 494 1070 561 hierarchiae
1117 494 1240 557 illis
1288 492 1636 572 superiores
1684 498 1830 555 sunt
1880 491 2089 571 aliquo

521 594 727 657 modo,
753 592 910 653 Nam
929 589 1074 651 inde
1099 588 1310 649 statim
1343 586 1418 651 fit
1436 593 1529 662 ut,
1553 592 1858 666 quatenus
1880 586 2090 665 plures

520 685 802 768 Episcopi
832 681 946 744 sub
967 700 1095 743 uno
1114 680 1587 760 Archiepiscopo
1606 679 1708 740 vel
1734 677 2087 740 Patriarcha

519 778 1000 849 constituuntur,
1031 774 1268 854 possint
1288 774 1476 835 etiam
1515 772 1584 832 in
1603 790 1802 833 unum
1835 788 2089 848 congre-

520 872 678 951 gari,
719 874 780 931 et
819 868 1175 947 legitimum
1213 884 1432 945 corpus
1456 864 1792 943 mysticum
1819 864 2082 938 efficere,

517 965 587 1027 in
614 981 736 1043 quo
777 980 854 1023 ex
878 966 1106 1022 natura
1159 959 1250 1020 rei
1283 964 1376 1020 est
1402 962 1668 1037 potestas
1715 956 2083 1037 legislativa,

517 1075 592 1119 eo
635 1056 770 1136 ipso
812 1053 977 1134 quod
1009 1071 1046 1113 a
1076 1051 1392 1132 superiore
1421 1067 1552 1113 non
1581 1049 1944 1129 prohibetur
1971 1064 1986 1107 :
2026 1052 2087 1109 et

518 1148 738 1211 eadem
769 1146 928 1207 ratio
958 1144 1230 1224 procedit
1258 1143 1324 1205 in
1352 1144 1513 1206 clero
1536 1142 1650 1203 sub
1679 1160 1806 1203 uno
1837 1142 2087 1219 Episco-

515 1260 597 1321 po
620 1240 972 1313 constituto,
1004 1242 1120 1299 etc.
1151 1236 1262 1297 Vel
1293 1236 1480 1297 etiam
1511 1240 1713 1314 potest
1741 1234 1872 1295 hoec
1891 1232 2083 1312 juris·-

518 1333 706 1395 dictio
750 1332 984 1393 censeri
1026 1348 1102 1391 ex
1144 1328 1531 1389 institutione
1579 1328 1886 1402 humana,
1933 1324 2085 1404 quia

518 1426 747 1489 summi
771 1423 1095 1485 Pontifices
1114 1422 1444 1483 voluerunt
1469 1421 1878 1499 admaJ'orem
1903 1418 2086 1478 unio-

517 1538 662 1583 nem
690 1524 752 1582 et
799 1515 1294 1579 conformitatem
1323 1514 1707 1575 diversarum
1731 1511 2081 1586 nationum,

516 1614 616 1675 vel
640 1610 1125 1693 provinciarum,
1158 1614 1266 1669 aut
1290 1607 1756 1686 episcopatuum
1795 1604 2084 1683 respecti-

515 1725 614 1783 ve,
661 1711 724 1767 et
750 1704 828 1765 ad
873 1702 1075 1779 magis
1127 1717 1381 1762 suavem
1433 1698 1972 1778 gubernationem,
2014 1700 2086 1754 ut

513 1817 644 1859 non
673 1797 874 1858 solum
912 1812 1025 1875 per
1063 1794 1225 1874 ipsos
1247 1792 1595 1873 EpiscopOS,
1631 1808 1741 1853 seu
1782 1789 2085 1850 primates

518 1889 860 1969 sigillatim,
899 1886 1006 1949 sed
1041 1886 1230 1951 etiam
1257 1902 1369 1964 per
1419 1883 1699 1963 legitima
1737 1882 1999 1944 concilia
2021 1886 2084 1943 et

520 1983 785 2063 synodos
832 1980 996 2059 leges
1040 1978 1192 2039 ferri
1250 1982 1522 2057 possent.
1575 1978 1722 2051 Quoe
1774 1976 2083 2037 institutio

519 2080 758 2136 constat
780 2092 853 2134 ex
877 2072 1208 2133 traditione
1239 2070 1691 2150 antiquissima,
1723 2075 1786 2129 et
1806 2069 2085 2129 insinua-

515 2175 620 2229 tur
639 2168 708 2228 in
737 2167 939 2228 citatis
961 2164 1238 2238 decretiS,
1273 2168 1337 2225 et
1362 2162 1692 2223 novissime
1721 2162 1787 2222 in
1809 2161 2082 2223 Concilio

516 2262 820 2335 Trident.,
841 2275 986 2319 sess.
1019 2258 1122 2331 24,
1148 2274 1280 2335 cap.
1303 2256 1343 2316 2
1370 2255 1448 2316 de
1474 2254 1843 2330 Reformat.,
1866 2260 2081 2334 quate-

517 2373 635 2415 nus
655 2351 952 2433 praecipit,
982 2348 1304 2429 synodalia
1319 2352 1384 2408 et
1399 2346 1802 2428 provincialia
1823 2345 2085 2408 concilia

517 2448 875 2526 frequenter
894 2442 1052 2503 fieri.

600 2540 698 2600 10.
725 2537 901 2598 Unde
929 2534 1001 2595 fit
1027 2540 1120 2609 ut,
1141 2532 1222 2595 ad
1238 2531 1680 2611 obligationem
1702 2531 1914 2611 legum
1940 2546 2081 2610 quae

519 2633 599 2695 ab
630 2632 729 2693 his
777 2627 1053 2691 conciliis
1095 2626 1280 2702 fiunt,
1303 2644 1432 2687 non
1453 2626 1532 2685 sit
1559 2625 1901 2687 necessaria
1931 2642 2082 2685 con-

517 2727 786 2788 firmatio
812 2726 1012 2803 Papae.
1046 2722 1201 2795 Quia
1223 2722 1356 2781 haec
1395 2719 1656 2783 concilia
1689 2721 1856 2781 intra
1875 2738 1940 2782 se
1967 2720 2073 2781 ba-

517 2821 690 2895 bent,
718 2816 820 2878 vel
853 2814 1084 2875 habere
1121 2812 1349 2874 debent
1377 2817 1560 2892 caput
1589 2812 1708 2873 sibi
1733 2814 2080 2891 proportio·-

517 2918 759 2984 natum,
807 2906 1037 2968 scilicet
1073 2904 1517 2980 patriarcham,
1565 2910 1674 2965 aut
1713 2906 2069 2981 Primatcm,

515 3004 617 3065 vel
660 2999 1220 3081 Archiepiscopum,
1261 2996 1362 3059 vel
1411 2999 1803 3078 Episcopum,
1837 3016 2077 3078 respec-

520 3097 641 3158 tive
665 3119 682 3172 ;
713 3100 774 3155 et
800 3092 940 3154 ideo
967 3090 1283 3153 sufficiunt
1328 3091 1403 3155 ad
1433 3090 1716 3153 ferendas
1760 3096 1822 3153 et
1849 3092 2075 3153 confir-

517 3190 772 3252 mandas
804 3205 946 3248 suas
993 3187 1164 3266 leges
1206 3185 1632 3266 particulares,
1679 3187 1830 3247 item
1878 3187 1946 3246 in
1975 3187 2077 3248 his

517 3283 756 3362 legibus
773 3299 884 3362 per
907 3299 972 3342 se
996 3281 1256 3360 sumptis
1283 3298 1411 3340 non
1449 3285 1538 3340 est
1583 3279 1691 3339 illa
1729 3278 2077 3348 infallibilis

514 3375 846 3437 auctoritas
867 3391 1004 3452 quea
1024 3373 1092 3432 in
1109 3372 1354 3450 legibus
1383 3371 1782 3432 conciliorum
1816 3389 2073 3449 genera-

513 3468 692 3541 lium,
724 3465 872 3545 quia
899 3483 1027 3526 non
1059 3464 1345 3526 feruntur
1369 3480 1486 3542 pro
1515 3469 1647 3524 tota
1669 3463 1956 3526 Ecclesia.
1998 3465 2076 3526 Et

516 3559 663 3618 hinc
693 3559 880 3618 etiam
926 3561 1161 3618 constat
1201 3555 1490 3616 limitatio
1523 3555 1743 3634 posita,
1792 3555 1942 3634 quia
1979 3556 2077 3618 hoe

516 3652 684 3731 leges
718 3668 847 3711 non
876 3648 1218 3728 procedunt
1241 3665 1280 3709 a
1305 3665 1591 3726 suprema
1623 3647 2071 3726 jurisdictione,

518 3750 580 3805 et
607 3742 748 3803 ideo
775 3759 888 3802 nec
935 3739 1316 3801 universales
1347 3755 1478 3805 esse
1521 3747 1798 3819 possunt,
1835 3757 1950 3800 nec
1998 3741 2075 3803 de

517 3835 704 3897 rebus
731 3831 1140 3912 gravioribus,
1169 3850 1310 3912 quae
1363 3831 1463 3894 vel
1509 3839 1704 3896 totam
1743 3833 2075 3899 Ecclesiam

517 3928 852 4006 attingunt,
873 3926 973 3987 vel
991 3943 1236 3986 summo
1265 3925 1547 3987 Pontifici
1563 3940 1884 3988 reservatae
1903 3933 2071 3988 sunt.

517 4023 647 4084 Hoc
667 4027 874 4082 autem
910 4019 1384 4098 intelligendum
1412 4025 1505 4081 est
1525 4020 1772 4100 praeciee
1804 4022 2073 4082 sistendo

517 4115 586 4175 in
627 4113 988 4175 auctoritate
1027 4111 1246 4180 talium
1285 4113 1687 4175 conciliorum
1729 4113 2075 4176 secundum

517 4223 581 4268 se
597 4222 617 4283 3
647 4222 819 4282 nam,
867 4205 918 4265 si
963 4207 1028 4266 in
1072 4205 1284 4285 aliquo
1323 4223 1540 4268 comm
1587 4205 1749 4266 adsit
1791 4223 2077 4272 summus

516 4299 822 4373 Pontifex,
853 4298 952 4360 vel
979 4298 1112 4377 ejus
1155 4297 1544 4359 confirmatio
1563 4304 1776 4378 postea
1801 4301 2073 4375 accedat,

516 4405 769 4473 possunt
787 4391 942 4452 tales
951 4390 1120 4469 leges
1131 4408 1384 4452 omnem
1401 4391 1534 4451 vim
1549 4396 1612 4452 et
1628 4391 1962 4456 efficaciam
1973 4409 2076 4452 ac-

515 4489 716 4566 cipere
726 4481 1214 4564 juxtaPontificis
1229 4483 1609 4545 voluntatem
1619 4485 1794 4558 ‚Quia
1805 4491 2075 4564 potestas

517 4582 584 4641 in
609 4597 684 4641 eo
717 4595 845 4638 non
869 4576 1061 4652 deest,
1091 4581 1163 4638 ut
1189 4593 1374 4655 supra
1389 4575 1546 4652 dixi,
1577 4581 1640 4637 et
1667 4577 1808 4638 ideo
1833 4577 1913 4639 ad
1941 4596 2075 4640 ma·

509 4672 612 4750 jus
634 4669 1013 4730 auctoritatis
1039 4666 1250 4744 robur,
1275 4674 1339 4729 et
1355 4675 1430 4729 ut
1445 4670 1611 4748 leges
1631 4669 2073 4732 immutabilio-

515 4782 613 4826 res
638 4763 786 4838 sint,
829 4761 1026 4822 solent
1072 4761 1205 4822 hinc
1257 4761 1516 4824 eoncilia
1540 4762 2073 4826 confirmationem

515 4872 770 4917 suarum
794 4852 1007 4932 legum
1031 4872 1067 4914 a
1095 4853 1390 4914 Pontifiee
1417 4854 1748 4935 postulare.
1794 4856 1934 4916 Haee
1961 4873 2075 4916 au·-

515 4954 644 5010 tem
665 4944 1048 5008 confirmatio
1071 4963 1199 5006 non
1221 4947 1370 5007 satis
1401 4952 1494 5011 est
1515 4952 1585 5006 ut
1606 4947 1760 5008 tales
1785 4947 1954 5026 loges
1977 4949 2072 5008 ul-

514 5047 612 5101 tra
649 5037 1028 5102 territorium
1068 5056 1250 5099 suum
1295 5038 1708 5100 extendantur
1725 5084 1746 5114 ,
1793 5039 1914 5100 nisi
1955 5039 2074 5103 hac

514 5133 859 5194 intentione
903 5150 942 5192 a
986 5129 1278 5194 Pontifica
1319 5131 1791 5211 confirmentur,
1833 5132 1934 5196 vel
1961 5152 2074 5215 per

511 5224 933 5301 traditionem,
972 5225 1070 5286 vel
1109 5225 1302 5291 alium
1331 5224 1588 5286 modum
1631 5227 2067 5289 extendantur.

515 5317 617 5378 Sic
642 5316 812 5376 enim
860 5317 1058 5383 multa
1081 5317 1326 5380 decreta
1365 5318 1770 5381 conciliorum
1813 5322 2073 5401 provin-

511 5407 764 5469 cialium
787 5409 1157 5484 generaliter
1177 5415 1426 5489 recepta
1441 5417 1504 5474 et
1519 5415 1880 5474 canonizata
1891 5421 2063 5478 sunt.

513 5501 606 5562 Ad
631 5502 752 5562 hoc
778 5505 991 5560 autem
1013 5519 1136 5560 uon
1155 5504 1304 5565 satia
1327 5509 1420 5568 est
1445 5505 1714 5573 inveniri
1733 5507 1800 5566 in
1815 5507 2069 5568 Deci-eto

1523 392 1639 445 Lm.
1675 393 1759 446 IV.
1795 392 1876 445 m:
1906 390 2069 445 LEGE
2099 390 2385 445 1²08va
2416 393 2744 447 canorum,

2160 492 2460 570 Gratiani,
2487 500 2558 554 ut
2579 510 2767 587 supra
2787 491 2991 571 tetigi,
3014 490 3121 553 sed
3148 491 3447 555 aliunde
3428 510 3501 553 in
3528 492 3736 571 parti-

2164 584 2358 647 culari
2384 585 2838 649 observandum
2863 588 2979 659 est,
3006 602 3085 645 ex
3110 603 3254 661 usu,
3276 590 3340 645 et
3354 583 3736 659 traditione,

2161 677 2263 741 vel
2290 678 2653 741 Pontificum
2681 677 2961 739 decretis.

2243 775 2342 832 11.
2374 773 2466 834 De
2502 770 2905 848 inferioribus
2938 768 3481 845 communitatibus.
3500 802 3583 814 -
3606 770 3747 831 Mi-

2160 882 2311 926 nora
2337 865 2609 945 quoedam
2632 880 2763 944 Μ
2782 864 2973 925 solum
2991 862 3295 943 pertinent
3308 862 3625 925 adbomm
3644 880 3749 922 or-

2163 958 2381 1032 dinem,
2412 962 2467 1019 et
2492 956 2759 1035 reqimon
2776 955 3054 1033 capituli,
3077 972 3251 1033 posse
3272 956 3345 1017 ab
3378 956 3513 1033 ipso
3536 956 3749 1016 statui

2160 1049 2289 1111 sine
2316 1047 2767 1126 confirmatione
2793 1046 3403 1127 Episcopi.—Tertio
3427 1046 3594 1122 loco,
3648 1046 3749 1107 di-

2163 1142 2427 1203 cendum
2466 1147 2560 1203 est
2601 1141 2681 1203 (18
2718 1138 3119 1203 inferioribus
3150 1140 3743 1215 communitatibus,

2163 1240 2225 1297 et
2249 1237 2450 1315 primo
2464 1236 2541 1297 (18
2558 1234 2832 1315 capitulo
2854 1234 3135 1296 Ecclesiae
3148 1234 3545 1309 cathedralis,
3560 1234 3747 1313 quod

2160 1330 2488 1409 dupliciter
2524 1327 2899 1391 considerari
2943 1332 3168 1408 potest,
3196 1327 3451 1404 scilicet,
3498 1328 3607 1389 vel
3650 1328 3747 1387 vi-

2159 1427 2342 1483 vente
2367 1423 2690 1501 Episcopo,
2720 1421 2822 1484 vel
2848 1420 2993 1483 sede
3017 1426 3299 1483 vacante.
3333 1422 3493 1483 Item
3528 1426 3749 1499 potest

2163 1532 2294 1575 esse
2316 1532 2520 1575 sermo
2545 1512 2647 1575 vel
2678 1512 2756 1575 de
2780 1514 3025 1577 statutis
3046 1512 3463 1621 obligantibus
3480 1519 3747 1573 tantum

2158 1607 2493 1687 ipsummet
2532 1607 2874 1687 capitulum
2916 1612 2979 1668 et
3005 1606 3285 1669 membra
3310 1608 3465 1685 ejus,
3497 1607 3603 1667 vel
3666 1607 3745 1668 de

2156 1699 2606 1780 pertinentibus
2632 1700 2709 1760 ad
2755 1705 2959 1762 totum
3008 1701 3449 1780 episcopatum,
3478 1699 3585 1761 vel
3616 1699 3744 1760 cle-

2158 1809 2320 1853 rum.
2354 1792 2561 1853 Primo
2590 1810 2741 1872 ergo
2780 1798 2873 1853 cst
2910 1798 3148 1853 certum
3176 1791 3525 1872 capitulum
3570 1791 3745 1852 nihil

2158 1903 2358 1965 posse,
2390 1885 2641 1947 vivente
2660 1886 2982 1966 Episcopo,
3014 1889 3283 1947 statuere
3316 1884 3395 1945 de
3420 1884 3523 1945 his
3544 1883 3743 1945 rebus

2160 1996 2298 2058 quse
2324 1976 2403 2040 ad
2428 1978 2581 2039 alios
2611 1979 2949 2058 pertinent,
2980 1978 3129 2057 quia
3158 1976 3399 2039 nullam
3414 1976 3658 2041 habet
3628 1998 3735 2056 Ju-

2158 2071 2601 2133 risdictionem.
2673 2071 2956 2133 Secundo
2980 2116 3001 2145 ,
3058 2070 3453 2131 consentiunt
3510 2088 3743 2133 omn&

2160 2181 2333 2243 posse
2346 2164 2557 2244 aliqua
2576 2169 2809 2226 statuta
2832 2164 3037 2225 facere
3056 2163 3430 2244 pertinentia
3457 2163 3541 2225 ad
3568 2164 3741 2243 seip-

2158 2277 2317 2327 sum,
2370 2278 2479 2321 seu
2527 2258 2890 2338 eapiturales
2939 2277 3099 2319 suos.
3160 2257 3457 2319 Dubitant
3510 2265 3741 2319 autem

2159 2352 2437 2412 doctores
2459 2370 2540 2413 an
2566 2352 2757 2431 possit
2780 2368 2856 2412 ea
2874 2350 3075 2413 facere
3095 2368 3207 2431 per
3226 2368 3293 2412 se
3306 2350 3438 2411 sine
3466 2368 3743 2411 consen-

2158 2462 2231 2505 su
2276 2444 2578 2525 Episcopi,
2620 2444 2722 2506 vel
2772 2444 2951 2506 illum
3000 2443 3295 2523 requirat.
3347 2444 3501 2505 Cum
3552 2444 3742 2505 enim

2157 2537 2488 2616 Episcopus
2514 2537 2593 2597 sit
2618 2541 2825 2617 caput,
2874 2555 3002 2597 non
3038 2536 3284 2599 videtur
3322 2553 3546 2616 corpus
3591 2536 3740 2599 sine

2158 2628 2265 2689 illo
2303 2630 2647 2709 quidquam
2682 2648 2856 2709 posse
2883 2629 3103 2705 facere,
3156 2635 3526 2709 argumento
3560 2631 3741 2709 capi-

2158 2722 2271 2782 tuli
2323 2722 2539 2799 Novit,
2568 2723 2647 2784 de
2695 2723 2802 2783 His
2845 2740 2980 2802 quoe
3006 2722 3170 2784 fiunt
3208 2740 3248 2783 a
3274 2722 3570 2798 ProelatiS,
3602 2730 3731 2784 etc.

2156 2813 2423 2876 Aliunde
2438 2833 2586 2876 vero
2615 2815 2864 2877 videtur
2886 2814 3239 2895 Capitulum
3254 2814 3411 2875 illud
3434 2832 3567 2877 esse
3592 2834 3736 2877 cor—

2157 2926 2271 2987 pus
2324 2907 2706 2984 distinctum,
2748 2913 2813 2969 et
2865 2908 3093 2969 habere
3142 2926 3327 2968 suum
3364 2908 3731 2989 proximum

2156 3006 2363 3079 caput,
2388 3000 2637 3076 scilicet,
2668 3001 3003 3076 Decanum,
3028 3004 3091 3061 et
3112 3007 3185 3061 ut
3210 3001 3296 3061 sic
3322 3018 3501 3081 posse
3521 3000 3731 3063 facere

2154 3111 2265 3156 sua
2290 3098 2541 3155 statuta.
2590 3094 2689 3156 Sic
2724 3094 2890 3156 enim
2920 3092 3252 3174 aliquando
3278 3094 3347 3154 in
3376 3093 3519 3174 jure
3546 3094 3732 3174 Capi-

2153 3185 2361 3248 tulum
2388 3186 2467 3246 ab
2498 3187 2794 3266 Episcopo
2821 3186 3245 3266 distinguitur,
3274 3186 3342 3247 in
3378 3205 3509 3266 quo
3531 3188 3732 3266 signi-

2154 3277 2378 3340 ficatur
2405 3280 2776 3360 Episcopum
2816 3297 2945 3341 non
2983 3297 3116 3340 esse
3146 3285 3385 3360 partem
3429 3279 3726 3359 Capituli,

2156 3373 2400 3434 etiamsi
2432 3372 2584 3434 81188
2606 3373 2687 3433 sit
2712 3372 3011 3452 superior.
3044 3373 3129 3433 De
3154 3389 3279 3452 quo
3300 3372 3491 3433 videri
3510 3379 3729 3450 potest

2155 3465 2387 3544 optime
2406 3465 2616 3526 Glossa
2642 3466 2709 3526 in
2732 3464 3116 3530 clementina
3142 3467 3181 3526 2
3210 3465 3289 3526 de
3312 3468 3445 3528 stat.
3466 3469 3532 3524 et
3556 3483 3729 3544 qua-

2155 3559 2277 3633 lit.,
2302 3557 2472 3619 verb.
2500 3559 2584 3620 In
2606 3559 2821 3620 eisdem
2825 3603 2846 3634 ,
2864 3563 2929 3619 et
2946 3575 3083 3637 quoe
3110 3563 3402 3622 notantur
3420 3557 3489 3616 in
3508 3557 3729 3618 rubri-

2156 3669 2228 3712 ca
2254 3651 2331 3717 (18
2358 3651 2469 3711 His
2506 3667 2644 3730 quae
2671 3649 2833 3710 fiunt
2858 3668 2899 3711 a
2937 3649 3213 3711 Praelatis
3242 3651 3377 3712 sine
3417 3667 3729 3712 consensu

2154 3731 2448 3822 Capituli,
2466 3743 2534 3804 in
2568 3761 2693 3822 qua
2722 3741 2795 3802 fit
2820 3742 2985 3804 clane
3009 3741 3173 3809 dicte
3198 3742 3537 3818 distinctio,
3564 3750 3629 3803 et
3654 3743 3725 3805 in

2154 3855 2285 3916 cap.
2334 3837 2531 3911 unic„
2550 3836 2640 3898 Ne
2672 3835 2815 3896 sede
2847 3841 3127 3911 vacante,
3157 3835 3227 3895 in
3266 3837 3330 3895 6.
3360 3834 3725 3896 Communis

2152 3933 2367 3990 tamen
2390 3928 2683 3992 resolutio
2710 3932 2826 4004 est,
2856 3928 3101 3992 minora
3124 3926 3436 4008 quadam,
3465 3947 3609 4008 quse
3628 3946 3725 3989 so-

2156 4023 2289 4083 lum
2318 4023 2634 4102 pertinent
2670 4021 2750 4084 ad
2778 4021 3015 4083 bonum
3040 4021 3323 4082 ordinem
3350 4026 3414 4083 et
3439 4024 3725 4102 regimen

2156 4114 2443 4194 Capituli,
2473 4133 2647 4194 posse
2670 4114 2908 4195 abipso
2932 4114 3120 4176 stauai
3146 4115 3279 4176 sine
3301 4114 3725 4178 confirmatio·-

2154 4225 2235 4268 ne
2266 4207 2570 4314 Episcopi,
2618 4213 2991 4286 argumento
3020 4225 3155 4287 cap.
3202 4207 3354 4272 Cum
3392 4227 3615 4285 omnes,
3643 4209 3720 4268 de

2154 4300 2439 4376 Constit.;
2462 4301 2531 4363 in
2552 4299 2941 4378 gravioribus
2952 4305 3163 4362 autem
3164 4319 3331 4380 ,quae
3344 4307 3623 4381 spectant
3640 4300 3719 4362 ad

2154 4409 2281 4452 suoe
2319 4391 2602 4453 Ecclesioe
2643 4392 2991 4467 commoda,
3036 4397 3101 4454 et
3144 4391 3223 4452 ad
3263 4391 3723 4454 observantiam

2154 4485 2551 4564 antiquarum
2584 4486 3127 4562 consuetudinum,
3152 4486 3572 4549 necessarium
3587 4505 3723 4549 8888

2153 4596 2518 4638 consensum
2543 4578 2849 4659 Episcopi,
2882 4585 3253 4658 argumento
3279 4597 3413 4660 cap.
3446 4579 3603 4643 cvm
3622 4597 3723 4643 ιο-

2152 4673 2484 4748 emissent,
2516 4672 2595 4736 de
2621 4671 2873 4732 Constit.
2926 4671 3045 4732 Ubi
3076 4673 3143 4732 in
3180 4690 3250 4733 re
3280 4671 3459 4750 gravi
3482 4671 3721 4732 confir-

2152 4768 2343 4828 matio
2381 4768 2560 4848 Papoe
2586 4766 2952 4848 postulatur,
2994 4773 3365 4846 argumento
3392 4785 3530 4846 cap.
3566 4765 3721 4830 Cau

2152 4862 2619 4937 consuetudines,
2668 4861 2749 4922 de
2795 4861 3118 4938 Consuet.;
3175 4865 3241 4922 et
3281 4860 3557 4921 rationes
3604 4877 3721 4938 pro

2150 4958 2411 5034 utraque
2452 4959 2627 5033 parte
2674 4953 2853 5014 factm
2891 4958 3223 5032 utramque
3248 4953 3440 5014 etiam
3468 4957 3721 5032 partem

2150 5043 2439 5124 probant,
2467 5051 2531 5107 et
2550 5047 2641 5107 ita
2664 5046 2875 5108 docuit
2909 5045 3119 5108 Glossa
3160 5045 3228 5106 in
3276 5063 3408 5125 cap.
3459 5049 3523 5121 Ξ,
3572 5044 3611 5124 5
3643 5048 3717 5123 1;

2147 5137 2319 5200 verb.
2373 5137 2717 5214 Statum,
2744 5137 2823 5199 de
2870 5137 3125 5200 Verbor.
3176 5137 3468 5218 signifie„
3514 5137 3583 5197 in
3632 5139 3718 5213 63

2152 5230 2317 5310 Sylv.
2350 5231 2521 5293 verb.
2553 5231 2699 5306 Lam,
2736 5249 2803 5310 q.
2838 5233 2915 5310 ⁴3
2946 5231 3312 5308 Panormit„
3348 5247 3489 5296 cum
3534 5231 3723 5290 Inno-

2148 5328 2309 5384 cent.
2340 5323 2409 5383 in
2446 5323 2592 5384 dict.
2625 5341 2759 5402 cap.
2796 5323 2948 5387 Cum
2984 5341 3202 5400 omnes,
3249 5341 3316 5386 n.
3346 5326 3412 5399 4,
3444 5327 3507 5384 et
3530 5319 3722 5383 latius

2146 5415 2235 5476 ibi
2258 5416 2505 5478 Felinus
2526 5416 2799 5478 referens
2822 5415 3033 5496 plures
3050 5435 3089 5480 a
3113 5435 3178 5478 n.
3208 5418 3272 5478 8.

2230 5511 2328 5570 12.
2352 5509 2473 5570 sod
2496 5509 2711 5589 oinoit
2738 5509 2987 5571 selinus
3011 5511 3192 5587 ibid„
3222 5528 3287 5574 n.
3324 5512 3425 5586 io,
3452 5507 3493 5590 ς
3514 5509 3719 5585 Qum
