3976 6219
524 414 603 475 38

525 520 755 598 positas
780 520 859 581 ab
894 521 1143 597 Isidoro,
1174 523 1284 583 lib.
1318 526 1355 583 ὅ
1390 524 1686 601 Etymol.,
1718 542 1850 601 cap.
1886 524 1947 597 2,
1974 521 2082 581 ubi

523 612 611 671 sic
637 613 877 690 inquit:
910 615 1033 675 Lex
1062 616 1177 675 erit
1211 634 1373 676 omne
1412 618 1567 694 quod
1598 617 1831 676 rationo
1859 614 2081 697 coqu-ti-

525 705 687 777 teo-ic,
736 706 1029 765 duntaxat
1069 708 1223 783 quod
1256 708 1369 768 reli
1371 709 1539 785 yioni
1576 710 1886 783 coum-nat,
1931 706 2088 784 quod

525 796 863 871 disciplinae
891 800 1218 872 conveniat,
1250 800 1404 878 quod
1427 800 1616 860 saluti
1639 800 1949 875 proficiat.
1976 797 2082 855 Vi-

527 886 708 946 detur
732 893 939 948 autem
969 889 1138 967 loqui
1168 891 1367 967 magis
1389 891 1465 951 de
1494 890 1934 950 consuetudine
1967 887 2081 947 hu-

523 996 712 1037 mana
745 997 931 1057 quam
956 980 1031 1039 de
1053 981 1188 1059 lege
1219 983 1284 1042 in
1317 1000 1564 1060 genere,
1591 982 1874 1060 quamvis
1896 979 2085 1039 verba

524 1070 759 1148 possint
782 1072 860 1130 ad
884 1073 1093 1131 omnia
1118 1074 1589 1134 accommodari.
1610 1075 1678 1133 In
1702 1073 1917 1133 eodem
1939 1090 2083 1131 vero

524 1160 663 1236 lib.,
712 1180 844 1241 cap.
878 1165 977 1238 21,
1022 1170 1085 1225 et
1111 1165 1217 1224 lib.
1260 1168 1322 1241 2,
1356 1184 1491 1245 cap.
1528 1168 1626 1240 10,
1675 1165 1825 1225 alias
1868 1165 2083 1223 condi-

524 1254 746 1328 tioneS,
762 1255 861 1315 vel
877 1256 1120 1316 easdem
1140 1259 1483 1319 distinctius
1504 1264 1825 1318 enumerat
1842 1258 2079 1317 dicens:

525 1346 682 1407 Erit
721 1352 917 1408 autem
962 1350 1057 1411 lem
1094 1351 1357 1414 honesta.
1383 1352 1584 1428 justa,
1625 1350 1958 1427 possibilis,
1990 1368 2084 1410 se-

528 1440 779 1500 cundum
807 1446 1111 1515 naturam,
1136 1445 1449 1504 secundum
1479 1445 1948 1504 consuetudinem
1970 1460 2082 1520 pa-

529 1530 691 1603 trice,
720 1535 993 1608 tempori,
1037 1534 1269 1613 locoque
1301 1536 1659 1596 conveniens.
1708 1535 1868 1606 Quas
1896 1534 2084 1593 etiam

528 1623 907 1683 conditiones
944 1626 1019 1685 de
1046 1626 1181 1703 lege
1209 1627 1485 1687 humana
1526 1629 1966 1705 interpretatur
1994 1628 2086 1686 di-

526 1732 640 1773 vus
666 1714 954 1791 Thomas,
987 1721 1044 1776 1.
1078 1721 1138 1791 2,
1168 1724 1383 1797 quaest.
1411 1721 1513 1793 95,
1540 1725 1658 1778 art.
1693 1722 1749 1779 3.
1765 1720 1920 1791 Quia
1937 1736 2084 1778 vero

527 1804 626 1864 vel
649 1824 884 1881 01111105,
916 1808 1013 1868 vel
1036 1812 1359 1889 praecipuae
1380 1811 1629 1870 illarum
1653 1812 1721 1870 in
1749 1811 1921 1869 omni
1948 1811 2088 1887 lege.

527 1895 730 1956 locum
760 1898 1011 1973 habent,
1043 1908 1105 1962 et
1132 1904 1207 1962 ad
1238 1902 1721 1962 concludendam
1755 1902 1908 1979 legis
1936 1902 2084 1962 defi-

530 1988 830 2049 nitionem
886 1994 1295 2053 necessarium
1344 2000 1436 2053 est
1493 1995 1777 2053 notitiam
1838 1994 2086 2053 illarum

452 2096 459 2103 ·
530 2078 756 2141 habere
773 2125 793 2155 ,
840 2082 977 2143 ideo
1018 2102 1233 2144 earum
1279 2085 1604 2163 explicatio
1650 2086 2088 2145 convenienter

528 2170 596 2230 in
625 2172 791 2232 hunc
814 2174 1019 2235 locum
1042 2178 1226 2237 cadit..
1251 2178 1475 2238 Omnes
1502 2184 1709 2237 autem
1729 2196 2087 2238 revocamus

530 2262 610 2321 ad
638 2265 791 2325 duas
815 2267 1195 2328 conditiones
1223 2270 1289 2328 iu
1316 2269 1499 2329 titulo
1528 2270 1887 2345 insinuatae,
1924 2270 2087 2329 scili-

532 2360 652 2427 cet,
682 2363 752 2416 ut
784 2358 884 2418 lex
915 2359 993 2418 sit
1013 2362 1205 2437 justa,
1240 2368 1302 2421 et
1331 2364 1499 2439 juste
1533 2361 1791 2437 feratur,
1822 2380 1973 2439 quas
2012 2381 2087 2420 ex

531 2447 802 2524 professo
840 2451 1303 2529 explicabimus,
1342 2460 1404 2513 et
1440 2472 1582 2512 cum
1625 2454 1745 2513 illis
1789 2454 1941 2513 alias
1982 2472 2086 2513 co-

532 2538 778 2600 rollarie
804 2541 1270 2605 declarabimus.

613 2631 677 2689 2:
720 2632 940 2694 Prima
972 2637 1426 2697 asserum—De
1444 2637 1680 2696 racione
1700 2635 1854 2713 lepis
1881 2641 1990 2708 est,
2021 2642 2090 2698 ut

530 2723 851 2799 proecipiat
864 2726 1066 2802 justa.
1090 2760 1169 2771 -—
1190 2727 1533 2805 Dupliciter
1558 2728 1967 2787 consideratur
1994 2727 2090 2787 20oe

532 2816 813 2892 utjusta.
838 2818 1073 2877 -Dico
1101 2836 1246 2896 ergo
1272 2822 1507 2897 primo:
1534 2819 1617 2877 De
1646 2818 1883 2877 ratione
1906 2824 1969 2878 et
1997 2837 2090 2879 es·-

532 2907 730 2966 sentia
755 2908 908 2985 legis
938 2914 1030 2968 est
1053 2916 1125 2968 ut
1150 2911 1462 2988 praecipiat
1484 2910 1674 2987 justa.
1706 2910 1971 2970 Assertio
1999 2917 2090 2971 est

534 3016 662 3057 non
704 2999 904 3059 solum
932 3006 1100 3061 certa
1136 3002 1473 3061 secundum
1511 3001 1720 3074 fidem,
1753 3002 1857 3060 sed
1901 3003 2090 3062 etiam

534 3090 697 3152 clara
739 3094 1076 3152 secundum
1121 3092 1467 3154 naturalem
1511 3094 1837 3156 rationem.
1884 3097 1958 3155 Et
2004 3096 2092 3156 ita

536 3202 672 3243 eam
701 3185 956 3245 tradunt
976 3204 1103 3246 non
1132 3186 1333 3246 solum
1357 3186 1654 3263 theologi,
1679 3191 1744 3246 et
1766 3187 1969 3247 Patres
1995 3189 2090 3248 in-

535 3275 725 3336 ferius
751 3277 1085 3353 allegandi,
1116 3279 1222 3338 sed
1250 3279 1436 3338 etiam
1472 3279 1703 3356 passim
1738 3277 2090 3358 philosophi

534 3367 601 3427 in
634 3368 1003 3446 praecedenti
1039 3370 1237 3448 capite
1272 3371 1465 3430 citati.
1495 3369 1849 3428 Declaratur
1880 3378 2088 3430 autem

534 3459 601 3518 in
638 3460 803 3519 hunc
832 3460 1109 3536 modum,
1141 3461 1288 3538 quia
1316 3460 1553 3520 duobus
1585 3460 1785 3519 modis
1824 3461 2088 3540 intelligi

531 3556 732 3629 potest
772 3551 974 3629 legem
1008 3553 1229 3613 debere
1275 3570 1401 3612 esse
1441 3553 1695 3631 justam,
1739 3570 1866 3610 uno
1901 3555 2087 3613 modo

529 3650 809 3720 respectu
838 3644 1029 3722 ipsius
1049 3649 1222 3704 actus
1248 3645 1568 3704 exercendi
1591 3662 1630 3704 a
1656 3643 1901 3704 subdito
1924 3663 2001 3704 ex
2023 3646 2084 3705 vi

532 3734 671 3794 talis
692 3735 869 3813 legiS,
898 3737 1221 3810 nimirum,
1247 3737 1411 3814 quod
1431 3736 1573 3795 talis
1594 3738 1675 3796 sit
1696 3741 1767 3795 ut
1794 3737 1982 3814 possit
2005 3737 2084 3797 ab

532 3843 607 3886 eo
643 3827 807 3905 juste
847 3826 1023 3888 fieri:
1062 3828 1185 3887 alio
1220 3828 1403 3888 modo
1444 3835 1726 3906 respectu
1768 3829 2086 3906 ipsiusmet

529 3917 705 3994 legis,
736 3919 903 3996 quod
933 3920 1231 3979 nimirum
1266 3921 1399 3980 sine
1423 3921 1654 3999 injuria
1691 3920 1932 3979 homini
1967 3921 2084 3980 im-

528 4027 829 4088 ponatur:
857 4017 1056 4089 potest
1082 4013 1249 4072 enim
1278 4012 1594 4072 interdum
1621 4019 1793 4072 actus
1827 4030 1955 4072 esse
1990 4019 2084 4073 ta-

527 4101 625 4177 lis,
657 4107 728 4160 ut
766 4119 805 4162 a
842 4102 1086 4162 subdito
1126 4105 1289 4182 juste
1328 4103 1463 4163 fieri
1510 4105 1721 4181 possit,
1769 4110 1859 4178 ut,
1907 4103 2084 4164 verbi

524 4195 747 4270 gratia,
776 4195 1057 4272 jejunare
1084 4197 1151 4255 in
1190 4213 1349 4274 pane
1384 4201 1447 4257 et
1484 4215 1668 4275 aqua,
1697 4202 1761 4257 et
1792 4197 1955 4275 quod
1983 4216 2079 4257 su-

526 4287 732 4364 perior
757 4287 1053 4364 injuriam
1087 4287 1179 4347 illi
1203 4288 1391 4348 faciat
1424 4288 1613 4348 talem
1641 4297 1845 4349 actum
1868 4290 2080 4367 praeci-

526 4377 767 4454 piend0.
813 4379 1007 4450 Quam
1047 4379 1503 4440 distinctionem
1530 4381 1782 4440 tradidit
1816 4382 1889 4440 D:
1917 4382 2078 4440 Tho-

522 4487 679 4543 11105,
709 4474 762 4531 1.
792 4472 854 4546 2,
880 4477 1093 4549 quaest.
1120 4473 1223 4544 96,
1254 4478 1371 4531 art.
1397 4474 1456 4532 4.
1484 4472 1622 4532 Haec
1646 4490 1795 4549 ergo
1822 4475 2077 4534 assertio

521 4562 891 4640 intelligitur
931 4563 1006 4623 de
1050 4564 1245 4641 priori
1286 4569 1495 4642 parte,
1542 4583 1649 4624 seu
1694 4565 1878 4624 modo
1920 4567 2076 4643 legis

514 4653 733 4731 justae:
765 4673 912 4714 nam
940 4655 1019 4714 ad
1040 4655 1538 4733 distinguendam
1569 4656 1738 4716 illam
1766 4656 1847 4716 ab
1881 4656 2076 4718 altera

514 4751 712 4824 parte,
739 4746 1007 4805 diximus
1038 4746 1242 4825 legem
1271 4746 1494 4807 debere
1526 4747 1691 4826 justa
1716 4749 2069 4827 praecipere.

516 4839 817 4898 Praeterea
835 4839 1078 4916 justitia
1106 4839 1420 4900 interdum
1459 4839 1766 4918 significat
1806 4844 2074 4920 particu-

515 4931 711 4990 larem
756 4933 1077 5006 virtutem,
1120 4933 1435 4992 interdum
1478 4952 1627 4994 vero
1670 4952 1916 4994 omues:
1968 4936 2072 4995 hic

512 5041 660 5082 vero
684 5025 1027 5100 generatim
1055 5023 1483 5103 accipiendum
1504 5031 1620 5100 est,
1645 5044 1785 5085 cum
1809 5027 2072 5086 dicimus

510 5113 715 5190 legem
748 5116 971 5176 dehere
1009 5135 1136 5177 esse
1165 5118 1421 5196 justam,
1446 5117 1595 5196 quia
1622 5118 1686 5177 id
1715 5117 1877 5197 quod
1918 5136 2072 5196 prae-

509 5207 657 5283 cipit
694 5205 813 5265 tale
854 5225 981 5267 esse
1018 5208 1220 5282 debet,
1254 5215 1325 5268 ut
1351 5209 1515 5286 juste
1560 5215 1621 5269 et
1652 5209 1927 5284 honeste,
1958 5228 2070 5270 5011

506 5299 776 5357 studiose
824 5297 953 5358 fieri
1004 5302 1211 5377 possit.
1260 5302 1704 5360 Verumtamen
1754 5301 1887 5360 haec
1936 5304 2068 5379 ipsa

505 5391 777 5450 conditio
818 5391 1145 5468 dupliciter
1190 5394 1485 5470 explicari
1526 5398 1755 5470 potest,
1800 5395 2064 5469 scilicet,

502 5482 599 5543 vel
626 5483 936 5561 negative,
964 5489 1058 5558 ut,
1092 5483 1343 5560 scilicet,
1378 5485 1545 5562 quod
1570 5486 1923 5564 praecipitur
1950 5505 2066 5547 1100

1511 423 1627 475 LIB.
1664 424 1701 475 l.
1738 422 1818 473 DE
1850 420 2104 472 NATURA
2134 419 2312 473 LEGIS
2344 420 2406 473 m
2439 418 2732 471 commum.

2162 521 2461 598 injustum
2487 538 2599 580 nec
2625 523 2804 595 turpe
2827 515 2927 588 sit,
2953 513 3052 574 vel
3077 511 3358 591 positive,
3389 514 3461 569 ut
3491 508 3570 568 sit
3587 506 3722 584 jus-

2162 619 2294 673 tum
2319 618 2380 671 et
2405 613 2756 671 honestum.

2244 707 2298 764 3.
2348 704 2628 764 Conditio
2655 719 2803 777 ergo
2829 699 2962 758 haec
3004 697 3309 776 praecipue
3348 692 3720 769 intelligitur

2161 797 2351 875 priori
2372 797 2578 871 modo,
2598 803 2658 855 et
2675 795 2758 854 sic
2772 798 2862 853 est
2881 791 3130 851 evidens
3145 805 3164 865 3
3181 789 3302 847 alia
3316 804 3464 847 vero
3482 784 3722 845 ratione

2161 889 2476 949 invenitur
2494 891 2559 948 in
2590 887 2831 965 legibus
2854 883 3101 956 diviniS,
3125 886 3185 941 et
3211 880 3390 939 aliter
3408 879 3474 936 in
3498 877 3722 935 huma-

2163 981 2280 1041 nis.
2314 981 2383 1040 In
2413 980 2639 1041 divinis
2667 979 2835 1039 enim
2861 976 3020 1035 ratio
3051 979 3141 1033 est
3167 970 3470 1032 rectitudo
3492 987 3603 1047 per
3629 986 3721 1027 es-

2164 1073 2426 1133 sentiam
2446 1073 2670 1131 divinae
2689 1068 3052 1130 voluntatis:
3076 1070 3168 1126 est
3189 1065 3356 1124 enim
3377 1062 3538 1121 Deus
3554 1078 3724 1119 sum-

2163 1184 2263 1225 me
2290 1166 2513 1239 bonuS,
2549 1170 2612 1224 et
2637 1164 2776 1222 ideo
2804 1175 2936 1220 non·
2968 1164 3166 1237 potest
3200 1154 3432 1233 aliquid
3458 1170 3724 1231 pravum

2162 1259 2512 1338 proecipere.
2533 1259 2684 1317 item
2714 1256 2860 1333 quia
2888 1271 3015 1312 non
3041 1254 3240 1330 potest
3265 1250 3423 1309 Deus
3448 1247 3565 1306 sibi
3593 1262 3724 1306 esse

2165 1350 2536 1410 contrarius:
2557 1366 2704 1425 ergo
2724 1364 2837 1406 noc
2855 1344 3162 1405 contraria
3185 1340 3372 1401 simul
3389 1338 3724 1419 praecipere

2167 1448 2458 1503 manente
2487 1440 2915 1501 contrarietate
2929 1454 2948 1514 3
2978 1436 3078 1496 vel
3104 1452 3252 1511 ergo
3282 1450 3433 1511 opus
3456 1448 3724 1509 praecep-

2163 1539 2298 1594 tum
2335 1535 2456 1593 tale
2484 1539 2597 1608 est,
2628 1538 2698 1591 ut
2735 1530 2905 1590 nullo
2935 1528 3119 1588 modo
3153 1527 3339 1605 possit
3377 1524 3456 1583 ab
3497 1522 3604 1582 illo
3631 1540 3724 1582 se-

2163 1626 2369 1705 parari
2409 1626 2727 1703 iniquitaS,
2757 1629 2826 1682 ut
2867 1627 2960 1681 est
3001 1619 3275 1692 mentiri,
3306 1617 3405 1677 vel
3446 1616 3586 1676 odio
3615 1613 3726 1674 ha-

2164 1717 2308 1778 here
2355 1720 2572 1790 Deum,
2617 1716 2716 1777 vel
2751 1716 2809 1776 ei
2855 1714 3229 1773 sufficienter
3271 1708 3553 1788 loquenti
3594 1726 3724 1767 non

2165 1810 2432 1883 credere,
2459 1814 2521 1868 et
2539 1807 2799 1883 similia3
2829 1806 2927 1866 vel
2952 1810 3044 1866 est
3070 1805 3216 1877 tale,
3237 1809 3307 1862 ut
3334 1801 3413 1861 ab
3437 1819 3512 1861 eo
3535 1803 3725 1879 possit

2164 1900 2401 1961 malitia
2424 1899 2718 1979 separari,
2746 1903 2980 1958 mutata
3001 1895 3283 1967 materia,
3305 1893 3404 1953 vel
3425 1892 3723 1971 operandi

2166 1992 2372 2066 modo,
2403 1997 2473 2051 ut
2498 1998 2589 2051 est
2613 1991 2884 2050 hominis
2913 1989 3155 2061 occisi0,
3187 1988 3285 2047 vel
3313 1985 3463 2063 quid
3497 1985 3720 2044 simile.

2166 2083 2423 2156 Quando
2465 2102 2618 2162 opus
2657 2089 2748 2143 est
2783 2083 2976 2161 priori
3005 2080 3189 2139 modo
3217 2079 3549 2138 intrinsece
3590 2094 3726 2136 ma-

2165 2176 2319 2250 lum,
2355 2194 2428 2235 eo
2456 2176 2589 2253 ipso
2616 2174 2974 2253 prohibetur
3004 2172 3141 2249 lege
3168 2168 3461 2243 naturali,
3493 2174 3555 2227 et
3581 2186 3726 2229 con-

2167 2273 2495 2345 sequenter
2525 2285 2562 2325 a
2601 2268 2723 2326 Deo
2753 2272 2822 2325 ut
2861 2273 2952 2325 est
2991 2270 3204 2323 auctor
3229 2264 3396 2340 ejus:
3431 2278 3578 2336 ergo
3608 2261 3728 2319 im-

2167 2359 2452 2437 possibile
2502 2365 2593 2418 est
2641 2364 2711 2417 ut
2764 2357 2862 2416 lex
2910 2356 3122 2416 divina
3174 2354 3437 2433 positiva
3490 2353 3726 2431 aliquid

2167 2456 2382 2510 contra
2425 2450 2586 2509 hanc
2636 2449 2982 2509 naturalem
3025 2446 3327 2526 justitiam
3376 2447 3723 2518 contineat,

2166 2542 2310 2602 licet
2335 2560 2520 2619 supra
2547 2542 2718 2601 illam
2748 2541 2945 2599 multa
2980 2540 3169 2618 possit
3199 2538 3554 2616 praecipere,
3585 2556 3727 2616 quae

2168 2636 2236 2694 111
2284 2652 2396 2693 5110
2450 2633 2664 2693 ordine
2715 2638 2856 2692 sunt
2895 2630 3343 2691 honestissima.
3399 2631 3464 2690 Si
3512 2636 3725 2689 autem

2169 2745 2323 2805 opus
2364 2726 2442 2785 sit
2486 2726 2842 2804 posterioris
2887 2724 3167 2795 rationiS,
3200 2740 3274 2782 eo
3319 2722 3452 2800 ipso
3496 2722 3646 2800 quia
3685 2741 3729 2781 a

2167 2818 2290 2877 Deo
2336 2818 2746 2895 praecipiatur,
2783 2816 2904 2875 erit
2945 2815 3296 2887 honestum,
3343 2818 3415 2871 ut
3454 2813 3522 2872 in
3562 2814 3728 2873 facto

2169 2909 2430 2969 Abrahae
2459 2909 2668 2969 videre
2700 2908 2872 2983 licet3
2895 2913 2958 2967 et
2983 2907 3149 2966 idem
3176 2911 3267 2965 est
3293 2905 3361 2964 111
3386 2904 3724 2979 similibus,

2169 3002 2246 3061 de
2272 3001 2495 3078 quihus
2521 3000 2794 3059 dicemus
2821 2999 3004 3073 infra,
3031 2998 3350 3057 tractando
3376 2996 3454 3056 de
3483 2997 3728 3075 dispen-

2169 3094 2404 3153 satione
2453 3092 2606 3170 legis
2655 3091 2977 3152 naturalis.
3031 3091 3143 3150 Hic
3201 3090 3368 3150 enim
3426 3091 3730 3168 posterior

2168 3186 2389 3245 modus
2414 3185 2805 3264 praecipiendi
2837 3182 3034 3261 (quod
3059 3183 3402 3242 notandum
3438 3180 3555 3260 est)
3597 3200 3728 3242 non

2169 3279 2477 3356 contingit
2515 3279 2582 3335 in
2615 3276 3006 3353 generalibus
3042 3275 3283 3353 legibus
3322 3274 3574 3349 divinis,
3618 3275 3728 3335 sed

2167 3369 2247 3429 ad
2275 3387 2590 3429 summum
2612 3369 2678 3428 in
2699 3368 3008 3446 aliquibus
3035 3381 3097 3427 et
3123 3369 3278 3427 raris
3305 3367 3730 3446 personalibus

2166 3464 2512 3541 praeceptis,
2546 3468 2608 3521 et
2639 3461 2778 3521 ideo
2824 3461 2900 3520 de
2939 3459 3181 3538 legibus
3221 3459 3450 3518 divinis
3475 3460 3720 3519 eviden-

2163 3554 2474 3613 tissimum
2523 3559 2615 3614 est
2659 3555 2972 3612 continere
3021 3569 3261 3630 semper
3311 3551 3428 3612 hoc
3473 3551 3729 3629 justitiae

2165 3662 2382 3722 genus,

2243 3739 2304 3797 4.
2353 3739 2436 3797 De
2451 3737 2691 3814 legibus
2717 3741 2928 3797 autem
2951 3735 3264 3810 humanis,
3285 3735 3402 3794 hoc
3425 3734 3728 3795 fundatur

2164 3828 2231 3888 in
2280 3829 2404 3889 0110
2451 3829 2778 3907 principio.
2833 3829 2988 3887 Nam
3045 3827 3361 3904 legislator
3409 3827 3726 3887 humanus

2163 3938 2290 3980 non
2317 3920 2505 3980 hahet
2541 3920 2920 3979 voluntatem
2955 3919 3312 3997 perfectam,
3349 3919 3507 3978 sicut
3537 3920 3722 3992 DeuS,

2163 4017 2226 4072 et
2263 4013 2403 4072 ideo
2445 4020 2748 4090 quantum
2789 4019 2882 4070 est
2918 4013 2984 4070 111
3017 4029 3104 4084 50,
3145 4016 3208 4070 et
3249 4011 3453 4088 quoad
3487 4010 3726 4070 factum

2161 4109 2360 4183 potest
2390 4103 2702 4163 interdum
2728 4104 2945 4180 iniqua
2969 4103 3323 4181 praecipere,
3351 4108 3420 4162 ut
3447 4110 3682 4162 constat
3699 4125 3718 4162 ε

2159 4213 2288 4255 11011
2331 4203 2542 4256 tamen
2585 4195 2771 4255 habet
2798 4201 3162 4273 potestatem
3195 4194 3274 4254 ad
3315 4193 3724 4271 obligandum

2160 4306 2271 4367 per
2305 4289 2550 4366 iniquas
2589 4287 2780 4363 leges,
2815 4292 2879 4346 et
2918 4287 3056 4345 ideo
3087 4287 3231 4346 licet
3256 4287 3469 4363 iniqua
3507 4288 3724 4365 praeci-

2159 4381 2309 4456 piat,
2353 4379 2472 4438 tale
2517 4384 2890 4456 praeceptum
2937 4397 3065 4437 11011
3109 4383 3203 4437 est
3243 4377 3368 4452 lex,
3407 4379 3554 4456 quia
3589 4381 3722 4440 vim

2156 4478 2265 4530 aut
2291 4471 2562 4530 valorem
2589 4471 2666 4530 ad
2685 4469 3090 4548 obligandum
3109 4487 3238 4530 non
3259 4469 3450 4530 habet
3467 4490 3482 4532 :
3499 4471 3724 4549 loquor

2155 4569 2364 4622 autem
2396 4563 2472 4622 de
2504 4581 2686 4641 opere
2715 4563 2952 4640 iniquo,
2976 4563 3144 4641 quod
3169 4563 3249 4623 sit
3271 4570 3489 4623 contra
3514 4564 3720 4641 legem

2154 4655 2499 4715 naturalem
2534 4667 2644 4715 aut
2686 4655 2983 4715 divinam.
3035 4657 3213 4728 Nam,
3258 4656 3308 4714 si
3357 4656 3440 4714 sit
3477 4656 3715 4716 malum

2151 4750 2351 4810 solum
2383 4751 2529 4828 quia
2574 4749 2952 4828 prohibitum
2985 4749 3120 4827 lege
3160 4750 3460 4824 humana,
3503 4756 3567 4810 et
3608 4750 3720 4810 illa

2151 4843 2342 4921 possit
2380 4842 2610 4903 auferri
2653 4861 2763 4920 per
2801 4841 3272 4918 subsequentem
3317 4841 3545 4919 legem,
3577 4843 3716 4919 jam

2149 4935 2260 4995 illa
2285 4936 2586 5013 posterior
2615 4935 2717 4994 lex
2745 4953 2870 4993 non
2897 4935 3015 4993 erit
3036 4935 3112 4993 de
3140 4952 3324 5012 opere
3353 4935 3542 5008 malo,
3563 4937 3718 5014 quia

2147 5039 2434 5087 revocata
2463 5028 2649 5106 priori
2675 5026 2833 5103 lege,
2859 5026 3096 5086 tollitur
3117 5026 3358 5086 malitia
3385 5028 3609 5104 operis,
3637 5029 3718 5086 Et

2147 5120 2236 5179 ita
2283 5126 2375 5179 est
2420 5120 2584 5179 clara
2627 5121 2788 5178 ratio
2819 5118 3194 5191 assertioniS,
3233 5124 3370 5177 tum
3413 5120 3565 5196 quia
3605 5119 3716 5180 illa

2145 5217 2414 5290 potestas
2441 5218 2532 5272 est
2557 5229 2597 5271 a
2625 5213 2784 5271 Deo:
2814 5229 2952 5288 quse
2972 5217 3180 5270 autem
3204 5229 3242 5269 a
3266 5212 3388 5270 Deo
3415 5221 3582 5285 sunt,
3613 5231 3716 5271 or-

2148 5305 2362 5364 dinata
2407 5310 2592 5363 sunt:
2642 5323 2790 5381 ergo
2837 5309 2927 5363 est
2957 5303 3102 5362 data
3146 5303 3212 5362 in
3261 5303 3492 5363 bonum
3541 5313 3604 5364 et
3643 5307 3712 5365 in

2146 5395 2638 5470 aedificationem,
2665 5415 2790 5454 non
2823 5397 2888 5453 in
2917 5395 3178 5469 malum,
3203 5413 3312 5454 seu
3341 5397 3408 5455 111
3434 5396 3714 5456 destruc-

2143 5488 2380 5548 tionem
2405 5504 2422 5548 :
2451 5495 2584 5548 tum
2612 5489 2802 5548 etiam
2827 5486 2972 5565 quia
2994 5487 3203 5547 nullus
3223 5487 3483 5549 inferior
3505 5495 3713 5569 potest
