3976 6219
944 416 1076 467 CAP.
1112 415 1220 466 XX.
1256 414 1342 467 AN
1372 414 1568 469 LEGES
1599 414 1958 468 SYNODALES
1990 415 2304 471 PERSONAS
2334 420 2713 484 RELIGIOSAS,
2748 422 2884 473 ETC.

312 514 570 595 cularoe,
617 517 726 579 sed
774 518 963 580 etiam
1014 515 1334 594 religiosos
1349 531 1369 592 3
1415 533 1563 595 ergo
1604 515 1876 577 maxime

310 607 543 671 habent
566 611 729 673 hanc
760 609 1289 672 universalitatem
1337 607 1501 687 leges
1546 609 1875 688 pontificias

313 720 456 763 cum
486 704 701 765 eadem
743 703 1138 778 limitatione,
1174 703 1406 763 scilicet
1432 703 1500 764 de
1541 721 1625 778 se,
1660 708 1722 762 et
1752 702 1874 762 nisi

311 796 392 857 ab
413 798 548 876 ipso
571 798 860 860 Pontifice
880 797 1247 858 limitentur.
1272 797 1429 870 Quia
1450 802 1716 876 potestas
1735 798 1874 857 uni-

312 890 565 951 versalis
585 898 699 969 est,
721 891 1047 970 nullusque
1075 890 1397 951 hominum
1420 889 1872 968 baptizatorum

311 984 627 1048 invenitur
647 987 727 1048 ab
749 986 859 1047 illa
886 990 1229 1064 exemptus.
1248 985 1377 1045 Hoc
1396 990 1606 1045 autem
1634 1002 1876 1064 semper

310 1077 679 1157 intelligitur
716 1080 898 1158 juxta
941 1077 1219 1138 materiae
1266 1077 1664 1157 exigentiam.
1722 1077 1875 1150 Quia

311 1188 438 1231 non
475 1172 734 1250 singulae
761 1171 929 1249 leges
972 1169 1388 1231 ecclesiasticae
1414 1187 1523 1231 seu
1545 1169 1876 1249 pontificias

312 1265 589 1344 obligant
614 1284 828 1328 omnes
847 1264 1097 1327 fideles:
1125 1265 1253 1326 1100
1281 1282 1490 1345 paucae
1521 1264 1675 1325 tales
1703 1270 1872 1339 sunt,

310 1357 433 1418 illm
450 1359 735 1420 videlicet
752 1377 892 1439 quae
909 1357 1245 1437 respiciunt
1268 1356 1621 1436 generalem
1644 1363 1874 1418 statum

314 1450 825 1527 Christianorum,
851 1456 914 1512 et
952 1451 1284 1525 viatorum,
1314 1468 1468 1529 quos
1490 1450 1768 1527 dirigunt
1795 1450 1873 1510 ad

311 1543 506 1604 vitam
530 1550 850 1606 aeternam.
876 1542 1031 1604 Aliae
1055 1561 1202 1604 vero
1228 1548 1374 1602 sunt
1396 1541 1873 1602 accommodatae

311 1635 567 1698 diversis
620 1637 879 1699 statibus
924 1636 1432 1710 Christianorum,
1475 1641 1537 1696 et
1578 1635 1667 1694 ita
1708 1633 1875 1713 leges

312 1729 664 1807 pontificiae,
689 1736 760 1790 ut
784 1729 896 1805 sic,
927 1729 1006 1791 ad
1039 1747 1252 1790 omnes
1279 1733 1558 1808 spectant
1572 1743 1593 1805 3
1628 1746 1755 1789 non
1783 1734 1873 1789 ta-

313 1841 458 1885 men
480 1825 742 1903 singulae
769 1826 848 1886 ad
875 1842 1110 1898 010003,
1149 1823 1256 1883 3οᾶ
1283 1823 1614 1902 partitione
1635 1840 1874 1884 accom-

313 1917 518 1976 moda.
551 1918 1026 1996 Intelligendum
1057 1916 1248 1978 etiam
1273 1915 1430 1976 illud
1472 1921 1563 1975 est
1592 1915 1671 1977 de
1703 1916 1873 1976 stati-

311 2008 429 2070 bus
445 2011 889 2087 ecclesiasticis,
902 2029 1009 2072 seu
1027 2010 1235 2088 aliquo
1248 2009 1434 2070 modo
1452 2008 1874 2088 spiritualibus

312 2120 386 2163 ex
410 2104 671 2164 materia
692 2110 755 2166 et
776 2103 924 2165 fine.
952 2104 1133 2178 Nam,
1168 2103 1220 2162 si
1241 2101 1562 2162 christiani
1590 2101 1872 2163 homines

311 2201 639 2255 sumantur
669 2195 938 2273 politice,
973 2200 1036 2257 et
1080 2200 1153 2254 ut
1187 2194 1353 2255 cives
1392 2199 1559 2269 sunt,
1609 2194 1696 2255 sic
1744 2213 1871 2255 non

311 2286 658 2347 subduntur
682 2287 1101 2349 ecclesiasticis
1120 2286 1364 2365 legibus
1382 2305 1493 2366 per
1518 2305 1582 2348 se
1610 2286 1870 2366 loquen-

311 2380 412 2454 do,
452 2384 524 2438 ut
550 2398 736 2459 supra
762 2385 1094 2439 tractatum
1139 2385 1252 2439 est.
1293 2378 1491 2454 Unde,
1539 2379 1687 2441 licet
1726 2398 1870 2440 vere

311 2472 588 2532 dicamus
612 2472 895 2533 homines
911 2473 1355 2550 cujuscumque
1388 2476 1581 2531 status
1606 2471 1870 2548 obligari

310 2564 730 2626 ecclesiasticis
769 2564 1033 2643 legibuS,
1076 2562 1484 2623 nihilominus
1511 2580 1652 2623 vere
1680 2563 1870 2623 etiam

311 2658 596 2734 (1101111113,
626 2658 794 2737 legoe
820 2656 1259 2719 ecclesiasticas
1279 2675 1409 2717 non
1435 2674 1609 2736 posse
1636 2656 1714 2716 de
1737 2673 1869 2715 om-

308 2752 492 2812 nibus
528 2753 786 2812 omnino
831 2750 1092 2812 statibus
1139 2750 1465 2810 hominum
1516 2748 1866 2828 disponere,

309 2852 381 2904 ut
410 2849 580 2923 patet
605 2845 673 2904 in
699 2844 797 2904 his
818 2861 956 2922 quse
992 2843 1073 2902 ad
1096 2847 1324 2902 statum
1354 2859 1523 2903 mere
1561 2846 1869 2921 tempora-

310 2936 433 2997 lem
461 2941 524 2997 et
557 2936 802 2997 civilem
827 2935 1158 3014 pertinent.

391 3031 452 3090 5.
495 3030 679 3109 Leyes
713 3029 1153 3108 Episcoporum
1178 3027 1304 3088 sive
1334 3027 1646 3106 synodales
1674 3045 1871 3091 omnes

312 3122 578 3200 obliquare
603 3122 774 3183 intra
809 3121 1210 3194 territorium,
1236 3124 1412 3182 extra
1439 3138 1574 3182 vero
1599 3120 1866 3196 minime,

311 3214 469 3275 sieut
518 3219 575 3277 et
629 3214 782 3293 loyes
829 3212 1214 3276 conciliorum
1255 3212 1750 3291 provincialium.
1791 3245 1874 3258 -—

312 3306 517 3367 Tertio
545 3306 873 3368 dicendum
919 3309 1047 3365 est:
1081 3305 1245 3383 leges
1271 3304 1733 3384 Episcoporum,
1764 3323 1871 3366 seu

310 3398 657 3477 synodales,
706 3399 849 3459 licet
879 3396 1107 3475 ubique
1148 3415 1274 3457 non
1322 3397 1623 3475 obligent,
1658 3404 1870 3459 tamen

309 3491 476 3552 intra
523 3491 906 3552 territorium
947 3489 1222 3567 obligare
1257 3496 1512 3569 possunt
1554 3491 1632 3551 de
1670 3509 1733 3551 se
1759 3490 1871 3551 ho-

311 3584 510 3644 mines
547 3584 990 3662 cujuscumque
1027 3586 1242 3642 3101113.
1280 3583 1488 3643 Prima
1518 3602 1659 3661 pars
1707 3583 1871 3643 clara

312 3682 425 3751 est,
458 3677 608 3755 quia
633 3682 809 3737 extra
834 3676 1214 3737 territorium
1235 3676 1340 3754 jus
1365 3675 1595 3736 dicenti
1616 3695 1744 3736 non
1766 3694 1872 3755 pa-

310 3775 485 3830 retur
501 3770 779 3849 impune,
800 3769 845 3830 1.
866 3768 982 3829 1111.
1003 3769 1079 3829 (10
1097 3768 1324 3829 Jurisd.
1347 3769 1630 3829 omnium
1649 3769 1870 3848 judic.‚

314 3868 378 3922 et
400 3880 531 3941 cap.
581 3864 662 3926 Ut
689 3864 1055 3937 animarum,
1101 3862 1178 3923 de
1207 3861 1531 3924 Constitut.
1562 3860 1631 3921 in
1674 3863 1735 3922 6.
1767 3863 1873 3924 Se—

315 3956 520 4017 cunda
545 3958 698 4019 item
726 3975 869 4037 pars
891 3962 982 4018 est
1009 3962 1197 4031 certa,
1234 3955 1381 4034 quia
1423 3956 1759 4034 Episcopus
1785 3961 1877 4016 est

315 4051 622 4128 generalis
659 4056 871 4130 pastor
898 4049 967 4109 in
996 4067 1108 4109 sua
1135 4048 1403 4121 dioecesi,
1435 4054 1499 4108 et
1524 4065 1740 4108 omnes
1766 4048 1877 4108 ho-

316 4144 517 4204 mines
557 4143 999 4221 cujuscumque
1037 4145 1231 4202 status
1280 4139 1374 4200 illi
1423 4140 1652 4200 subditi
1698 4147 1842 4201 sunt
1851 4158 1873 4220 3

317 4252 533 4297 omnes
559 4253 707 4313 ergo
729 4239 929 4314 potest
946 4233 1071 4294 suis
1093 4231 1334 4311 legibus
1361 4231 1637 4310 obligare
1657 4232 1726 4293 in
1747 4251 1878 4293 ma-

318 4328 476 4390 teria
493 4328 825 4407 unicuique
851 4326 1334 4408 proportionata,
1352 4331 1416 4386 et
1440 4343 1568 4387 suae
1589 4328 1879 4405 potestati

319 4421 615 4500 subjecta,
650 4426 722 4481 ut
761 4421 1002 4482 dictum
1036 4425 1150 4482 est.
1185 4421 1339 4480 Item
1366 4419 1435 4480 in
1462 4419 1561 4481 his
1591 4420 1880 4482 omnibus

320 4532 459 4594 quoe
486 4532 614 4575 non
648 4518 792 4574 sunt
835 4513 1083 4593 propria
1106 4512 1416 4574 Pontificis
1454 4514 1708 4590 summi,
1742 4532 1880 4593 pos-

320 4613 468 4670 sunt
492 4607 777 4687 Episcopi
797 4606 864 4666 in
892 4604 1020 4666 suis
1047 4604 1408 4666 dioecesibus
1439 4606 1741 4686 quidquid
1774 4624 1881 4686 po-

321 4706 441 4762 test
466 4700 752 4763 Pontifex
782 4700 850 4761 in
892 4699 1181 4759 universa
1219 4699 1522 4778 Ecclesia3
1554 4718 1701 4779 ergo
1727 4701 1885 4762 310111

322 4794 490 4871 leges
515 4793 845 4872 pontificias
867 4792 945 4854 de
972 4810 1037 4853 se
1060 4791 1338 4871 obligant
1362 4792 1431 4852 in
1458 4797 1589 4854 tota
1614 4793 1885 4855 Ecclesia

323 4884 609 4946 homines
634 4886 1076 4965 cujuscumque
1103 4890 1322 4961 status,
1369 4885 1459 4947 ita
1493 4884 1660 4964 leges
1704 4904 1887 4966 syno-

326 4977 493 5040 (10100
536 4977 815 5059 obligant
849 4996 1064 5040 omnes
1106 4977 1273 5039 intra
1299 4979 1621 5058 proprium
1645 4979 1889 5039 territo-

328 5071 515 5132 rium.
563 5070 683 5132 Ubi
717 5072 928 5133 statim
954 5069 1313 5134 occurrebat
1344 5072 1623 5152 quaestio,
1663 5090 1745 5133 an
1771 5072 1891 5133 hoc

328 5163 803 5243 intelligendum
853 5165 933 5225 sit
973 5165 1051 5226 de
1091 5164 1378 5226 omnibus
1409 5164 1562 5227 alias
1608 5165 1887 5241 subditis,

330 5274 442 5318 seu
480 5256 854 5319 habentibus
890 5257 979 5318 ibi
1006 5257 1412 5333 domicilium,
1442 5257 1541 5320 vel
1579 5258 1768 5319 etiam
1814 5257 1892 5319 de

331 5350 556 5410 exteris
572 5350 746 5412 brevi
763 5356 1040 5429 tempore
1063 5351 1608 5413 commorantibus.
1627 5351 1745 5412 Sed
1763 5351 1896 5412 haec

330 5445 588 5523 quaestio
615 5444 761 5506 satis
787 5449 1052 5506 tractata
1090 5450 1184 5508 est
1222 5445 1292 5506 in
1323 5443 1472 5507 locis
1497 5445 1567 5507 10
1591 5444 1895 5525 principio

331 5536 550 5617 capitis
580 5537 806 5601 citatis.
881 5586 902 5607 .

3391 421 3510 481 407

2036 518 2096 578 6.
2143 519 2270 580 Sub
2312 522 2553 601 legibus
2589 529 2797 587 autem
2844 524 3283 604 Episcoporum
3336 544 3512 587 com-

1952 611 2392 690 prehendimus
2418 617 2585 695 leges
2611 618 2799 679 etiam
2828 617 3234 678 conciliorum
3262 620 3513 696 provin-

1954 704 2202 767 cialium
2248 716 2488 771 servata
2535 711 2929 790 proportione
2978 710 3056 771 ad
3108 712 3509 786 territorium,

1954 817 2062 859 seu
2091 800 2169 859 ad
2194 806 2388 862 totam
2416 803 2799 881 provinciam
2840 802 2919 863 ad
2947 820 3137 882 quam
3174 803 3516 864 Concilium

1955 893 2262 971 pertinet3
2304 901 2396 955 est
2439 895 2610 956 enim
2651 896 2869 957 eadem
2913 897 3096 970 ratio,
3130 902 3200 956 ut
3245 903 3482 958 constat
3490 913 3512 975 3

1954 985 2083 1045 imo
2111 1005 2253 1047 cum
2286 989 2683 1067 proportione
2720 989 3013 1068 applicari
3042 995 3238 1068 potest
3271 989 3518 1050 conclu-

1956 1076 2048 1137 sio
2073 1078 2152 1137 ad
2180 1097 2392 1140 omnes
2415 1081 2724 1157 Praelatos,
2755 1089 2818 1143 et
2840 1082 3315 1143 communitates
3332 1081 3520 1142 eccle·

1954 1169 2226 1231 siasticas
2252 1172 2548 1235 habentes
2573 1180 2939 1254 potestatem
2972 1174 3386 1254 legistativam
3420 1191 3518 1234 re-

1952 1265 2245 1342 spective,
2294 1272 2356 1327 et
2395 1286 2538 1328 cum
2576 1270 2992 1349 proportione.
3030 1270 3185 1330 Nam
3226 1269 3518 1329 uniuscu-

1948 1356 2173 1436 jusque
2217 1360 2549 1438 superioris
2595 1362 2762 1441 leges
2796 1362 3075 1440 obligant
3121 1361 3197 1423 de
3242 1379 3306 1422 se
3350 1362 3517 1421 intra

1955 1443 2135 1510 suam
2166 1451 2470 1529 sphaeram
2508 1472 2726 1516 omnes
2770 1455 2936 1516 intra
2966 1455 3143 1516 illam
3175 1460 3514 1530 000100103,

1953 1542 2100 1620 (11110
2123 1542 2216 1602 1111
2242 1545 2475 1606 subditi
2502 1553 2669 1608 sunt.
2700 1548 2820 1609 Sed
2843 1549 2911 1608 in
2932 1547 3050 1608 hoc
3076 1554 3169 1609 031
3191 1547 3517 1608 observan-

1951 1633 2033 1693 da
2069 1633 2418 1698 differentia
2457 1640 2623 1700 inter
2667 1640 3032 1702 Pontificem
3063 1645 3126 1701 et
3170 1640 3514 1715 inferioreS,

1953 1728 2118 1807 quod
2158 1748 2196 1789 a
2240 1731 2670 1809 jurisdictione
2719 1733 3032 1794 Pontificis
3079 1752 3264 1795 nemo
3316 1739 3520 1813 potest

1953 1838 2085 1883 esse
2117 1831 2462 1904 exemptuS,
2509 1844 2547 1885 a
2587 1831 2884 1905 potestate
2915 1832 3128 1887 autem
3172 1828 3519 1906 cujuscum-

1952 1933 2072 1994 que
2085 1916 2394 1978 inferioris
2413 1927 2667 1998 possunt
2705 1921 2909 2000 plures
2945 1921 3136 1981 eximi
3166 1938 3277 1999 per
3314 1921 3517 1998 ipsum

1954 2010 2339 2087 Pontificem,
2378 2019 2442 2073 et
2483 2014 2723 2075 ratione
2773 2012 3180 2092 exemptionis
3224 2019 3518 2093 poterunt

1953 2119 2083 2163 non
2102 2103 2361 2183 obligari
2385 2106 2625 2185 legibus
2653 2107 3111 2187 Episcoporum.
3147 2108 3223 2166 Et
3250 2107 3340 2167 ita
3372 2106 3516 2166 sub-

1951 2195 2217 2275 intelligi
2244 2197 2427 2259 debet
2470 2200 2539 2259 in
2590 2200 2949 2275 assertione,
2991 2197 3160 2276 leges
3191 2199 3515 2277 synodales

1951 2288 2225 2368 obligare
2249 2309 2485 2367 010003,
2508 2292 2630 2352 0131
2652 2310 2762 2370 per
2780 2291 3155 2371 superiorem
3173 2290 3517 2369 impedian-

1951 2386 2072 2442 tur.
2110 2383 2276 2443 Sicut
2316 2384 2486 2444 enim
2527 2385 2745 2462 regula
2791 2384 2921 2460 illa,
2966 2385 3131 2463 quod
3179 2383 3515 2462 Episcopus
3574 2417 3581 2420 -

1949 2481 2150 2553 potest
2179 2476 2247 2536 in
2282 2495 2391 2536 suo
2419 2477 2784 2556 Episcopatu
2807 2477 3103 2557 quidquid
3127 2483 3329 2557 potest
3355 2478 3514 2538 Pon-

1951 2568 2100 2628 tifex
2131 2568 2198 2628 in
2231 2569 2519 2631 universa
2550 2570 2843 2645 Ecclesia,
2893 2570 3081 2631 habet
3125 2570 3512 2632 subintellec-

1951 2665 2079 2719 tam
2107 2661 2548 2737 conditionem,
2570 2664 2696 2724 nisi
2713 2663 3122 2742 prohibeatur,
3152 2664 3240 2723 ita
3267 2663 3335 2723 in
3361 2682 3512 2744 prae-

1949 2753 2109 2814 senti
2136 2753 2355 2814 similis
2388 2754 2659 2815 conditio
2689 2753 3211 2834 subintelligenda
3237 2762 3349 2817 031.

2501 2901 2750 2962 CAPUT
2790 2901 2921 2964 XX.

2072 3070 2152 3117 AN
2178 3069 2361 3117 mans
2390 3070 2717 3118 SYNODALBS
2738 3072 3031 3119 PERsoNAs
3061 3074 3395 3122 RELIGIOSAS

2412 3165 2725 3210 EXEMPTAS
2756 3164 3058 3214 OBLIGENT.

2035 3307 2064 3363 1
2080 3347 2094 3362 .
2142 3299 2461 3365 Sententia
2486 3299 3085 3380 umatum—Aliqui
3106 3302 3381 3365 absolute
3408 3324 3517 3367 ne-

1949 3400 2101 3476 gant
2110 3411 2131 3471 3
2159 3393 2385 3453 citatur
2404 3391 2752 3452 Paludanus
2768 3392 2835 3452 in
2859 3396 2916 3469 l,
2931 3393 3070 3455 dist.
3092 3397 3190 3470 15,
3218 3404 3432 3474 quaest.
3451 3402 3516 3476 4,
3626 3444 3631 3451 .

1950 3495 2069 3550 art.
2110 3489 2169 3547 3.
2204 3486 2324 3547 Sed
2356 3485 2459 3545 ille
2481 3484 2754 3563 loquitur
2783 3484 2860 3546 de
2904 3489 3344 3550 consuetudine
3371 3507 3394 3568 3
3426 3493 3519 3552 vi-

1950 3582 2131 3641 detur
2172 3585 2383 3639 tamen
2434 3577 2652 3638 eadem
2699 3576 2880 3655 ratio,
2921 3580 3068 3659 quia
3103 3586 3278 3642 tanta
3306 3589 3397 3644 est
3424 3585 3517 3646 vis

1950 3671 2429 3745 consuetudinis,
2466 3676 2701 3750 quanta
2738 3670 2912 3749 legis,
2949 3678 3020 3732 ut
3063 3673 3227 3734 infra
3258 3675 3518 3755 dicetur,

1952 3767 2121 3828 etita
2152 3765 2320 3826 idem
2361 3764 2639 3842 sequitur
2682 3764 3009 3841 Antonin.·,
3032 3769 3069 3826 2
3093 3773 3279 3845 part„
3315 3770 3413 3831 tit.
3453 3773 3515 3847 6,

1953 3877 2090 3939 cap.
2117 3860 2180 3934 2,
2216 3858 2254 3937 ἓ
2277 3862 2335 3918 1.
2371 3858 2609 3918 Citatur
2645 3858 2833 3917 etiam
2859 3858 3137 3920 Ledesm.
3169 3862 3231 3936 2,
3260 3867 3421 3941 part.
3453 3866 3516 3940 4,

1955 3970 2018 4031 q.
2046 3954 2143 4026 17,
2170 3955 2288 4009 art.
2319 3951 2378 4023 3,
2414 3947 2453 4028 ξ
2486 3948 2690 4011 Tertio
2720 3950 2870 4012 dieo.
2901 3951 2982 4010 Hi
3010 3957 3218 4013 autem
3241 3961 3521 4017 auctores

1954 4062 2083 4104 non
2116 4042 2405 4104 videntur
2430 4041 2679 4103 fundari
2706 4043 2773 4102 in
2796 4046 3187 4125 exemptione
3209 4047 3521 4127 religioso-

1954 4154 2121 4211 rum,
2152 4136 2258 4196 sed
2276 4136 2344 4195 in
2371 4133 2725 4196 diversitate
2755 4141 2970 4211 3101113,
2994 4144 3057 4199 01
3087 4139 3235 4218 (11110
3250 4141 3522 4221 religiosi

1955 4228 2190 4290 habent
2218 4246 2328 4289 sua
2354 4227 2604 4307 propria
2644 4245 2855 4304 onera,
2886 4235 2958 4289 ut
2980 4230 3239 4309 jejunia,
3281 4239 3428 4310 etc.,
3460 4241 3524 4297 et

1957 4340 2087 4383 non
2113 4321 2340 4383 debent
2358 4322 2606 4400 gravari
2627 4322 3058 4383 communibus
3074 4323 3314 4402 legibus
3341 4345 3525 4406 syno-

1959 4415 2240 4479 dalibus:
2269 4413 2427 4475 sicut
2441 4434 2475 4476 0
2489 4432 2784 4476 converso
2803 4415 2970 4494 leges
2997 4434 3107 4478 seu
3132 4422 3363 4479 statuta
3387 4420 3531 4481 reli-

1960 4509 2275 4587 giosorum
2296 4527 2422 4570 non
2445 4508 2723 4588 obligant
2740 4508 3081 4571 saeculares.
3110 4510 3234 4572 Alii
3254 4513 3529 4576 sentiunt

1959 4601 2280 4680 religiosos
2331 4602 2530 4663 teneri
2578 4601 2656 4662 ad
2696 4602 2865 4681 leges
2916 4603 3358 4683 Episcoporum
3403 4625 3528 4668 ser·

1962 4697 2219 4771 vandaS,
2237 4696 2386 4776 quia
2407 4715 2535 4756 non
2560 4701 2706 4756 sunt
2728 4698 2998 4777 exempti
3024 4716 3063 4757 a
3087 4698 3224 4777 lege
3243 4700 3532 4778 jurisdic-

1962 4789 2150 4851 tionis
2195 4790 2655 4869 Episcoporum.
2713 4792 2806 4852 Ita
2853 4792 3131 4853 sentiunt
3189 4792 3414 4853 Glossae
3469 4799 3533 4854 et

1963 4883 2243 4944 doctores
2292 4882 2502 4943 statim
2542 4882 2807 4960 citandi,
2854 4882 2964 4963 qui
3010 4890 3369 4965 supponunt
3410 4885 3532 4947 (113-

1969 4975 2337 5038 tinctionem
2376 4975 2710 5055 quamdam
2745 4977 2821 5038 de
2857 4977 3089 5063 duplici
3120 4979 3261 5058 lege
3288 4978 3534 5059 Episco-

1969 5085 2234 5149 porum3
2288 5086 2416 5129 1100
2464 5068 2692 5129 dicitur
2749 5068 2848 5131 lex
2891 5072 3358 5157 jurisdictioniS,
3402 5072 3536 5141 ,alia

1971 5162 2319 5225 dioecesana
2363 5161 2568 5223 stricte
2611 5167 2877 5242 sumpta.
2912 5164 3078 5226 Solet
3118 5166 3300 5237 100110
3321 5165 3537 5247 ‚inter-

1972 5256 2125 5316 dum
2157 5256 2256 5316 lex
2284 5256 2629 5316 dioecesana
2665 5255 2838 5334 large
2883 5257 3045 5318 sumi
3084 5263 3383 5339 111010105-
3394 5259 3541 5337 jure

1975 5347 2330 5427 episcopali,
2367 5353 2439 5408 ut
2473 5347 2539 5406 in
2576 5365 2630 5408 c.
2671 5346 2961 5412 Audistis
2977 5395 2999 5426 ,
3029 5350 3106 5412 de
3136 5351 3541 5430 Praescriptio-

1974 5441 2183 5517 0111113,
2214 5446 2277 5500 01
2292 5446 2444 5502 tunc
2465 5440 3142 5523 comprehenditlegem
3166 5445 3540 5525 jurisdictio-

1975 5534 2094 5598 nis.
2120 5535 2258 5599 Alio
2281 5554 2427 5599 vero
2453 5535 2639 5598 modo
2666 5536 2932 5599 sumitur
2956 5540 3194 5617 stricte,
3228 5545 3291 5603 et
3315 5539 3404 5602 310
3434 5538 3528 5601 (113
