3976 6219
752 424 887 477 GAP.
925 424 1031 477 XV.
1067 424 1210 487 QUAE
1239 420 1678 477 monumento
1709 424 1773 477 m
1805 423 2065 480 LEGIBUS
2099 427 2420 483 cANomcls
2451 430 2789 498 SUFFICIAT,
2823 433 2961 485 ETC.

149 534 365 590 tam.
432 525 611 601 Quod
639 524 827 586 etiam
860 525 927 585 in
955 523 1129 585 Bulla
1157 525 1358 586 Goenoe
1379 523 1589 585 videre
1611 524 1794 586 licet:

153 621 670 683 universaliter
691 619 859 680 enim
883 617 1138 696 obligat,
1159 635 1300 678 cum
1321 623 1534 679 tamen
1563 636 1705 678 raro
1734 619 1803 680 in

158 716 298 775 sin
307 714 500 792 gulis
519 713 968 793 episcopatibus
981 711 1349 791 publicetur.
1362 710 1638 771 Tandem
1669 729 1799 771 ma-

159 825 425 886 gnum
444 811 887 885 argumentum
906 810 1019 879 est,
1037 804 1185 883 quia
1205 803 1454 881 quando
1476 802 1801 864 Pontifices

159 900 453 961 volunt
483 900 891 960 necessariam
920 915 1051 958 esse
1080 895 1641 976 promulgationem
1672 915 1799 959 suae

163 992 376 1072 legis
416 994 491 1053 in
519 991 779 1071 singulis
803 990 1287 1078 ἱ011130011111111113,
1315 1007 1423 1051 3011
1445 990 1798 1069 provinciis,

167 1085 328 1146 hoc
385 1086 743 1165 specialiter
778 1084 1127 1158 declarant;
1169 1101 1311 1144 raro
1356 1088 1564 1145 autem
1599 1083 1665 1143 id
1706 1084 1801 1144 fa-

175 1179 422 1253 ciunt,
452 1184 516 1240 et
549 1179 618 1238 in
651 1178 839 1240 rebus
870 1177 1123 1256 majoris
1146 1177 1470 1252 momenti,
1497 1181 1607 1237 aut
1639 1175 1800 1255 peri-

180 1272 380 1348 culi3
412 1289 568 1350 ergo
590 1272 842 1349 signum
865 1276 956 1332 est
974 1276 1148 1332 extra
1168 1270 1282 1332 hos
1311 1288 1486 1331 033113
1508 1269 1799 1349 speciales

183 1365 272 1425 in
306 1365 570 1444 legibus
597 1364 875 1426 absolute
907 1364 1072 1439 latis,
1104 1369 1167 1425 et
1197 1365 1408 1425 Romae
1434 1362 1797 1443 promulga-

188 1459 312 1535 tis,
332 1459 489 1520 illas
514 1458 806 1537 speciales
824 1458 1353 1537 promulgationes
1384 1475 1513 1519 non
1538 1456 1794 1536 requiri.

193 1553 375 1613 Item
420 1570 457 1612 e
500 1552 808 1612 contrario
848 1551 1162 1612 interdum
1190 1552 1531 1612 extendunt
1555 1556 1799 1629 tempus

195 1664 329 1724 pro
346 1663 483 1725 quo
496 1646 715 1706 volunt
732 1644 966 1706 differri
979 1645 1421 1725 obligationem
1436 1645 1588 1722 legis
1606 1644 1796 1704 etiam

197 1745 359 1819 post
408 1739 1006 1818 promulgationem,
1056 1745 1127 1799 ut
1160 1739 1304 1800 Pius
1350 1738 1429 1798 IV
1473 1737 1673 1799 voluit
1724 1741 1797 1798 ut

203 1831 482 1891 decreta
502 1832 757 1892 Concilii
779 1831 1127 1893 Tridentini
1154 1849 1280 1892 11011
1309 1831 1661 1910 obligarent
1676 1831 1798 1890 nisi

202 1929 360 2001 post
395 1930 526 1985 tres
567 1942 806 1986 menses
841 1943 879 1984 a
918 1925 1436 2003 promulgatione,
1481 1925 1549 1984 in
1576 1923 1799 2003 quibus

203 2015 470 2093 legibus
517 2024 875 2098 supponunt
920 2018 1482 2097 promulgationem
1523 2017 1595 2076 in
1643 2016 1798 2076 urbe

203 2109 462 2170 factam
492 2112 794 2188 sufficere,
813 2113 963 2191 quia
980 2115 1032 2174 si
1056 2114 1193 2174 aliae
1211 2111 1614 2192 particulares
1631 2128 1799 2189 spec-

203 2204 432 2264 tandae
463 2211 689 2281 essent,
738 2206 845 2266 illa
872 2209 1168 2287 temporis
1205 2205 1422 2267 dilatio
1458 2204 1800 2265 necessaria

205 2316 350 2358 11011
394 2303 579 2359 03301.
631 2300 907 2378 Denique
954 2306 1046 2361 est
1086 2300 1321 2380 optima
1369 2298 1796 2377 congruentia,

209 2391 375 2470 quia
400 2397 535 2452 tota
557 2391 854 2468 Ecclesia,
886 2399 956 2453 111
983 2399 1074 2453 031
1100 2393 1212 2453 sub
1245 2409 1373 2452 uno
1396 2396 1673 2471 pastore,
1706 2394 1800 2451 est

208 2484 474 2563 proprie
507 2490 569 2545 et
593 2484 857 2563 perfecte
884 2503 1081 2546 unum
1106 2503 1328 2565 corpus
1351 2485 1710 2563 mysticum,
1738 2489 1801 2544 et

212 2593 350 2636 una
386 2577 753 2656 respublica,
799 2583 862 2639 et
900 2579 1039 2639 ideo
1077 2597 1189 2658 pro
1226 2584 1357 2639 toto
1385 2578 1504 2638 hoc
1545 2594 1797 2655 corpore

214 2670 374 2730 satis
402 2677 497 2730 est
537 2688 665 2730 nna
693 2670 1110 2750 promulgatio
1143 2671 1305 2732 facta
1347 2670 1417 2730 in
1469 2667 1797 2747 metropoli

219 2761 421 2841 hujus
462 2764 838 2843 reipublicae.
883 2767 959 2825 Et
983 2765 1246 2826 ulterius
1287 2764 1677 2825 considerant
1695 2762 1799 2840 ju-

223 2855 419 2931 ristae,
460 2857 668 2917 sedem
690 2858 1073 2936 pontificiam
1101 2875 1230 2918 esse
1252 2857 1443 2918 fixam
1470 2858 1703 2930 Romae,
1735 2859 1799 2916 et

227 2947 596 3009 Pontificem
643 2968 772 3010 non
815 2951 1030 3029 vagari
1073 2968 1185 3029 per
1218 2950 1589 3029 provincias,
1636 2950 1799 3009 sicut

231 3042 434 3102 solent
451 3061 649 3122 reges,
663 3044 971 3105 etidcirco
995 3045 1144 3105 inde
1167 3042 1796 3104 accommodatissime

231 3135 498 3197 influere
523 3138 594 3197 in
619 3139 972 3199 universam
1002 3137 1361 3212 Ecclesiam,
1404 3143 1467 3197 et
1508 3137 1588 3197 ob
1629 3153 1798 3197 eam-

234 3231 378 3291 dem
419 3249 664 3292 causam
697 3249 1022 3292 romanam
1051 3231 1288 3292 curiam
1319 3248 1450 3290 esse
1492 3236 1707 3308 aptum
1736 3234 1798 3290 et

235 3323 642 3384 sufficientem
687 3323 892 3385 locum
920 3324 997 3384 ad
1038 3322 1397 3402 huJ‘usmodi
1437 3323 1798 3401 promulga-

232 3417 484 3477 tionem.

317 3511 374 3569 7.
412 3510 487 3568 Et
507 3510 593 3570 ita
626 3509 896 3570 solutum
930 3513 1023 3569 est
1048 3507 1527 3569 fundamentum
1552 3514 1796 3570 contra-

236 3603 343 3662 113»,
380 3604 718 3678 sententiaa,
744 3607 808 3664 et
834 3600 1034 3662 obiter
1055 3602 1297 3663 reddita
1322 3607 1414 3663 est
1441 3601 1796 3663 differentia

237 3698 399 3757 inter
419 3695 585 3776 leges
607 3696 931 3757 canonicas
953 3699 1015 3755 et
1036 3695 1267 3763 civiles,
1289 3699 1426 3754 tum
1451 3695 1654 3774 quoad
1674 3695 1796 3756 dis-

240 3789 597 3869 positionem
615 3805 853 3865 earum,
874 3792 1013 3848 tum
1028 3787 1232 3867 quoad
1252 3788 1788 3863 consuetudinem,

241 3888 370 3943 tum
405 3883 589 3943 etiam
631 3881 833 3974 quoad
866 3881 1361 3960 congruentiam,
1406 3882 1554 3960 quia
1585 3882 1653 3941 in
1680 3883 1794 3943 Ec·

244 3975 418 4036 clesia
444 3979 534 4036 est
561 3976 761 4054 major
777 3975 983 4035 unitas
1002 3973 1119 4034 sub
1136 3991 1263 4034 uno
1285 3973 1511 4035 Christi
1524 3974 1788 4051 Vicario,

248 4086 423 4147 quam
462 4069 541 4130 sit
564 4070 633 4129 in
671 4086 866 4146 regno
894 4068 1009 4128 sub
1035 4067 1362 4146 temporali
1388 4085 1556 4147 rege.
1590 4068 1789 4144 Unde,

246 4162 378 4222 licet
399 4163 474 4221 ad
490 4162 827 4223 faciliorem
847 4161 1133 4222 notitiam
1152 4160 1332 4238 legiS‚
1353 4165 1417 4221 et
1436 4160 1516 4220 ad
1537 4160 1794 4221 vitanda

248 4254 439 4333 aliqua
466 4254 882 4329 incommoda,
916 4252 1113 4313 videri
1148 4253 1422 4333 potuerit
1466 4255 1663 4331 magis
1690 4271 1791 4314 ac-

252 4344 687 4407 commodatum
709 4391 729 4421 ,
790 4351 862 4406 ut
915 4346 1207 4425 speciales
1264 4346 1790 4425 promulgationes

253 4440 420 4499 etiam
465 4439 530 4499 in
568 4438 809 4516 legibus
849 4438 1271 4499 ecclesiasticis
1299 4438 1787 4517 requirerentur,

254 4532 633 4593 nihilominus
660 4531 739 4593 ob
783 4532 937 4593 alias
968 4550 1180 4593 causas
1208 4533 1408 4612 potuit
1434 4533 1789 4613 oppositum

253 4643 366 4687 esse
410 4626 871 4703 congruentius,
922 4630 1059 4685 tum
1109 4625 1189 4685 ad
1233 4626 1790 4687 commendandam

253 4720 524 4797 majorem
542 4717 827 4779 Ecclesiae
856 4719 1185 4794 unitatem,
1200 4719 1622 4799 majoremque
1642 4720 1787 4781 obe-

254 4812 519 4872 dientiam
536 4810 816 4872 Pontifici
834 4810 1108 4873 debitam
1121 4828 1141 4889 3
1156 4818 1292 4872 tum
1311 4813 1499 4873 etiam
1519 4831 1598 4874 ne
1620 4813 1787 4890 leges

255 4904 554 4982 pontificiae
571 4903 650 4965 ab
676 4905 985 4983 Episcopis
1008 4905 1277 4984 pendere
1297 4904 1649 4966 videantur.
1673 4907 1787 4966 De-

255 4997 435 5075 nique,
477 4998 625 5076 quia
664 4996 771 5057 uhi
814 4997 985 5059 aliud
1030 4998 1438 5058 necessarium
1482 4997 1673 5059 fuerit
1716 4998 1785 5058 in

255 5089 582 5167 specialibus
628 5089 889 5165 casibus,
934 5090 1014 5151 ab
1058 5090 1332 5169 ipsismet
1384 5090 1782 5152 Pontificibus

256 5184 415 5245 statui
439 5189 655 5262 potest,
686 5184 846 5244 sicut
869 5183 1183 5245 interdum
1207 5182 1342 5244 fieri
1369 5183 1658 5247 diximus.

324 5278 374 5337 8.
412 5277 608 5356 Atque
636 5276 783 5337 111110
805 5276 985 5338 facile
1008 5281 1246 5338 constat
1268 5277 1417 5355 quid
1449 5277 1782 5339 dicendum

3325 428 3444 489 393

1880 544 2096 589 eorum
2125 527 2459 607 publicatio
2491 533 2701 593 Romae
2729 532 2868 593 fieri
2890 530 3067 608 solet,
3097 537 3162 592 et
3186 531 3295 594 illa
3316 534 3444 594 suf-

1879 620 2067 696 ficiet,
2107 623 2226 683 nisi
2273 623 2441 683 aliud
2481 625 2549 685 in
2578 626 2844 705 ipsamet
2881 625 3020 704 lege
3051 626 3436 706 disponatur.

1883 715 2113 776 Poterit
2139 716 2327 777 etiam
2363 716 2500 777 fieri
2528 718 2594 778 111
2621 717 2756 779 1000
2782 718 3048 793 001101111,
3079 719 3130 779 si
3163 722 3443 783 Pontifex

1883 814 2211 870 contentus
2247 811 2346 870 sit.
2378 811 2462 871 De
2493 810 2731 889 legibus
2757 818 2966 874 autem
2999 813 3443 893 Episcoporum

1883 902 2281 964 manifestum
2324 910 2416 965 est
2455 903 2736 967 sufficere
2772 923 2884 985 pro
2924 909 3055 966 toto
3088 907 3442 986 episcopatu

1879 1012 2018 1056 eam
2042 1014 2178 1075 quae
2208 996 2280 1058 fit
2310 998 2378 1058 in
2406 998 2686 1074 matrice,
2728 1005 2799 1060 ut
2826 1018 2863 1060 a
2890 999 3130 1060 fortiori
3160 1006 3329 1080 patet
3365 1020 3442 1063 ex

1883 1088 2088 1165 dictis,
2111 1095 2247 1151 tum
2274 1091 2343 1151 in
2363 1093 2672 1170 praesenti,
2699 1099 2836 1153 tum
2864 1092 2941 1154 de
2971 1094 3212 1174 legibus
3239 1095 3442 1155 civili-

1880 1181 1998 1242 bus
2037 1183 2359 1244 civitatum
2402 1190 2510 1246 aut
2559 1203 2896 1264 regnorum
2940 1187 3435 1265 particularium.

1882 1277 1958 1337 Et
1983 1293 2125 1337 011111
2164 1276 2380 1338 eadem
2415 1280 2813 1357 proportione
2841 1279 3218 1358 loquendum
3247 1286 3341 1342 est
3364 1281 3442 1342 de

1880 1368 2367 1449 Archiepiscopis
2385 1375 2447 1431 et
2466 1371 2856 1449 patriarchis,
2875 1372 2927 1432 si
2953 1372 3117 1451 aliqu
3124 1373 3285 1434 ando
3303 1391 3443 1452 pos-

1880 1467 2026 1522 sunt
2066 1462 2228 1523 ferre
2254 1463 2422 1542 leges
2450 1481 2560 1542 pro
2599 1470 2729 1525 toto
2767 1464 3309 1546 archiepiscopatu,
3341 1466 3441 1528 vel

1881 1556 2320 1634 patriarchatu,
2341 1557 2508 1636 quod
2538 1562 2747 1619 tamen
2782 1560 2873 1637 (ut
2899 1577 3084 1638 supra
3112 1559 3264 1636 dixi)
3297 1560 3439 1639 jure

1878 1648 2192 1709 ordinario
2210 1667 2336 1710 non
2355 1655 2611 1730 possunt
2628 1652 2760 1713 sine
2778 1652 3039 1713 concilio
3051 1654 3437 1732 provinciali,

1876 1742 1953 1803 de
1981 1744 2156 1822 cujus
2181 1744 2422 1822 legibus
2459 1764 2603 1806 cum
2630 1748 3027 1825 proportione
3062 1747 3251 1809 etiam
3289 1765 3440 1807 cen-

1878 1837 2142 1897 sendum
2165 1842 2278 1898 est.
2309 1839 2392 1899 De
2420 1838 2604 1899 modo
2631 1845 2839 1901 autem
2867 1840 3060 1919 ipsius
3081 1840 3438 1920 promulga-

1876 1929 2064 1989 tionis
2103 1931 2263 1990 nihil
2294 1932 2440 1993 novi
2468 1932 2800 1993 dicendum
2822 1934 3088 1994 occurrit
3111 1951 3130 2011 3
3157 1952 3306 1993 nam
3330 1951 3438 2012 po-

1877 2029 1997 2085 test
2045 2024 2181 2086 fieri
2229 2032 2338 2086 aut
2381 2045 2528 2088 voce
2571 2029 2869 2107 praeconis
2888 2074 2909 2105 ,
2971 2034 3081 2090 aut
3124 2028 3433 2107 affigendo

1876 2114 2080 2194 legem
2125 2119 2416 2197 scriptam
2471 2119 2539 2179 in
2583 2119 2714 2180 loco
2752 2120 2995 2199 publico
3049 2121 3128 2182 ad
3170 2120 3288 2180 hoc
3330 2121 3437 2181 de-

1878 2211 2147 2288 signato,
2188 2217 2260 2271 ut
2296 2214 2505 2273 Romae
2548 2211 2641 2288 fit,
2688 2213 2757 2272 in
2801 2231 2922 2293 quo
2965 2214 3266 2274 servanda
3320 2212 3439 2273 erit

1874 2303 1995 2365 loci
2024 2305 2424 2383 consuetudo,
2454 2323 2602 2366 nam
2636 2306 2741 2384 jus
2771 2307 3070 2387 scriptum
3112 2324 3239 2367 non
3268 2306 3441 2368 inve-

1876 2396 2069 2458 nitur.

1954 2493 2016 2550 9.
2063 2491 2352 2569 Superest
2376 2509 2525 2553 vero
2565 2491 3006 2572 inquirendum
3035 2510 3117 2552 311
3144 2492 3245 2554 lex
3281 2494 3440 2553 Pon-

1873 2581 2068 2642 tificia
2095 2584 2305 2644 Romae
2335 2584 2730 2663 promulgata
2759 2584 2968 2645 statim
3002 2585 3258 2664 incipiat
3283 2584 3440 2645 obli-

1876 2690 2025 2751 gare
2051 2693 2291 2750 omnes,
2308 2676 2406 2738 vel
2440 2682 2579 2756 post
2607 2676 2856 2756 aliquod
2878 2682 3146 2756 tempuS,
3167 2679 3331 2756 quod
3361 2678 3441 2739 de

1874 2766 2013 2844 lege
2046 2768 2213 2828 civili
2256 2768 2380 2829 late
2421 2774 2755 2829 tractatum
2784 2774 2896 2844 est,
2940 2775 3003 2830 et
3042 2770 3110 2830 in
3148 2769 3438 2848 praesenti

1873 2866 2075 2940 potest
2100 2860 2348 2922 brevius
2375 2861 2673 2942 expediri.
2716 2862 2881 2923 Dixit
2908 2862 3102 2941 igitur
3136 2862 3346 2922 Glossa
3371 2862 3440 2922 in

1875 2972 2010 3033 cap.
2032 2956 2443 3033 Proposuisti,
2467 2957 2545 3017 82
2564 2956 2733 3032 dist.,
2755 2956 2929 3018 verb.
2949 2957 3026 3021 N
3023 2975 3097 3017 on
3114 2957 3435 3034 probatur,

1873 3046 2043 3125 leges
2085 3048 2409 3108 canonicas
2459 3067 2582 3108 non
2640 3049 2917 3128 obligare
2971 3050 3092 3111 nisi
3144 3055 3280 3130 post
3331 3068 3438 3111 sex

1876 3158 2138 3201 menses.
2157 3142 2346 3221 quue
2367 3142 2599 3220 colligit
2613 3161 2690 3203 ex
2705 3162 2841 3222 cap.
2861 3145 3272 3220 Decernimus,
3291 3144 3434 3207 dist.

1878 3234 1975 3294 18.
2002 3234 2120 3295 Sed
2140 3233 2229 3295 ibi
2257 3252 2385 3297 non
2411 3236 2617 3314 agitur
2633 3237 2710 3297 de
2733 3236 3229 3315 promulgatione
3257 3254 3439 3297 cano-

1876 3326 2157 3387 nicarum
2202 3327 2437 3407 legum,
2486 3327 2593 3389 sed
2635 3329 2710 3389 de
2756 3329 2940 3389 modo
2986 3346 3111 3407 quo
3152 3328 3437 3409 Episcopi

1874 3436 2015 3479 suas
2041 3419 2250 3499 plebes
2273 3421 2488 3483 docere
2516 3421 2744 3482 debent
2770 3420 3003 3498 omnia,
3029 3439 3166 3500 quse
3197 3424 3263 3481 in
3292 3440 3436 3482 con-

1870 3512 2028 3573 ciliis
2060 3513 2540 3592 provincialibus
2566 3520 2703 3575 acta
2729 3514 2982 3575 fuerint.
3015 3515 3171 3574 Nam
3194 3515 3437 3594 Episco-

1871 3606 1966 3685 pis
1990 3606 2408 3686 praescribitur
2431 3613 2502 3668 ut
2528 3606 2694 3668 intra
2719 3625 2828 3669 sex
2848 3625 3092 3669 menses
3109 3625 3147 3667 a
3174 3608 3435 3669 concilio

1870 3703 2121 3777 peracto
2160 3717 2302 3760 suos
2343 3699 2595 3761 clericos
2639 3707 2701 3761 et
2740 3700 2949 3780 plebes
2984 3705 3348 3774 convocent,
3381 3706 3436 3764 et

1869 3806 2071 3852 coram
2113 3793 2201 3854 eis
2243 3793 2590 3871 plenissimo
2631 3795 2905 3870 referant
2951 3810 3082 3874 quoe
3127 3793 3195 3854 in
3244 3794 3435 3855 eodem

1870 3899 2026 3945 anno
2071 3885 2139 3946 in
2174 3886 2422 3947 concilio
2460 3891 2618 3961 acta,
2662 3887 2754 3947 vel
2790 3887 3042 3963 definita
3081 3892 3430 3949 noscuntur.

1871 3974 2045 4049 Quod
2083 3995 2212 4038 11011
2243 3983 2496 4057 propter
2522 3977 2717 4039 solam
2744 3978 2956 4056 legum
2990 3979 3434 4058 promulgatio-

1870 4087 2040 4146 nem,
2093 4071 2197 4131 sed
2242 4076 2496 4149 propter
2546 4070 2798 4149 plenam
2847 4071 3315 4132 instructionem
3372 4077 3436 4134 et

1871 4161 2215 4223 doctrinam
2248 4170 2395 4224 tunc
2429 4163 2937 4243 proecipiehatur3
2985 4163 3143 4224 nihil
3178 4181 3328 4244 ergo
3355 4183 3434 4226 ex

1869 4254 1978 4314 illo
1997 4260 2171 4315 textu
2198 4255 2407 4333 colligi
2422 4260 2624 4335 potest
2646 4256 2723 4316 de
2752 4256 2935 4316 modo
2948 4274 3072 4335 quo
3093 4256 3259 4335 leges
3281 4276 3435 4337 pon-

1868 4346 2096 4423 tificiae,
2126 4348 2220 4410 vel
2255 4349 2587 4424 canonicae,
2617 4348 2957 4409 universim
2981 4348 3256 4427 obligare
3285 4351 3436 4412 inci-

1869 4440 2065 4519 piant.
2093 4443 2283 4502 Et'ita
2309 4440 2419 4502 illa
2442 4442 2750 4503 sententia
2770 4442 2997 4502 Glossae
3038 4441 3117 4501 ab
3145 4442 3435 4504 omnibus

1868 4533 2258 4612 reprobatur,
2280 4535 2428 4613 quia
2450 4534 2520 4595 in
2544 4534 2681 4612 jure
2702 4552 2828 4595 non
2850 4533 3039 4594 habet
3059 4534 3432 4596 fundamen-

1867 4631 2026 4700 tum,
2073 4632 2134 4687 et
2160 4632 2253 4687 est
2283 4632 2499 4688 contra
2547 4627 3081 4702 consuetudinem,
3113 4631 3175 4687 et
3218 4634 3432 4689 0011113

1867 4718 2147 4797 vigorem
2175 4719 2596 4781 ecclesiasticae
2623 4720 2979 4800 disciplinae.

1950 4814 2051 4873 10.
2096 4814 2241 4874 Duae
2280 4813 2474 4891 igitur
2515 4820 2664 4875 sunt
2703 4816 3064 4894 opiniones:
3095 4833 3246 4893 11113,
3288 4836 3426 4896 quaa

1869 4905 2217 4967 doctrinam
2253 4907 2462 4968 datam
2499 4907 2577 4968 de
2612 4908 2850 4987 legibus
2894 4909 3178 4970 civilibus
3219 4917 3430 4973 censet

1868 5018 1998 5061 esse
2038 4999 2469 5079 applicandam
2492 5001 2572 5060 ad
2599 5004 2946 5077 canonicas,
2987 5003 3157 5082 quia,
3187 5003 3330 5063 licet
3359 5005 3427 5065 in

1867 5092 2207 5154 canonibus
2234 5092 2353 5154 hoc
2379 5110 2733 5172 expressum
2765 5112 2892 5154 non
2921 5094 3022 5170 sit,
3052 5095 3426 5158 Authentica

1880 5186 1962 5249 Ut
1994 5187 2178 5262 sactoe
2221 5204 2387 5247 πονιτ
2426 5186 2900 5260 constitutiones,
2953 5188 3306 5248 extenditur
3346 5190 3427 5250 ad

1867 5278 2035 5357 leges
2057 5279 2380 5340 canonicas
2401 5283 2653 5358 propter
2673 5277 2848 5339 illam
2875 5278 3151 5356 regulam
3173 5298 3428 5359 genera-

259 5368 326 5429 sit
342 5369 406 5430 de
424 5369 555 5429 aliis
574 5369 817 5447 legibus
835 5368 1361 5443 canonicis.Nam,
1388 5370 1440 5430 si
1466 5370 1591 5431 sint
1617 5371 1783 5449 leges
1863 5371 2014 5449 lem,
2057 5371 2225 5451 quod
2265 5389 2394 5432 non
2420 5371 2785 5432 contradicit
2817 5371 3178 5448 canonibus,
3229 5381 3291 5435 et
3317 5393 3427 5454 po·

260 5464 465 5525 concilii
490 5465 854 5525 universalis
857 5510 878 5540 ,
909 5465 1030 5525 illae
1057 5483 1168 5544 per
1186 5464 1543 5527 Pontificem
1565 5482 1786 5546 appro-

1864 5466 1987 5526 tius
2008 5466 2189 5544 juvat
2210 5463 2369 5540 illos,
2399 5463 2468 5524 in
2494 5481 2619 5543 quo
2639 5481 2782 5524 casu
2800 5463 2906 5540 jus
2932 5466 3300 5527 canonicum
3321 5467 3425 5545 ju-

260 5557 373 5619 bari
387 5557 622 5634 debent,
642 5564 706 5620 et
722 5559 813 5621 ita
839 5558 1057 5622 eadem
1080 5562 1173 5623 est
1193 5558 1272 5622 de
1286 5558 1411 5622 illis
1425 5560 1607 5623 ratio.
1625 5562 1782 5623 Nam
1859 5565 2042 5621 vatur
2071 5557 2263 5634 civili,
2286 5559 2472 5637 juxta
2496 5576 2550 5619 c.
2582 5561 2611 5619 1
2644 5557 2722 5620 de
2745 5558 2901 5620 Novi
2920 5577 3091 5643 oper.
3122 5558 3390 5623 nuntiat.
3397 5606 3418 5638 ,
