3976 6219
819 391 954 445 CAP.
988 392 1118 444 xvl.
1154 393 1234 445 DE
1265 392 1475 446 soum
1504 393 1586 445 m·
1617 393 1896 448 MATERIA
1927 392 1991 446 IN
2023 392 2281 447 LEGIBUS
2312 393 2727 458 TRIBUTORUM,
2763 392 2899 447 ETC.

273 515 454 577 super
491 494 680 557 talem
717 496 1067 572 materiam,
1101 497 1181 558 sit
1221 497 1526 577 injustum
1566 497 1666 558 vel
1707 497 1832 558 ini-

274 609 486 671 quum.

353 688 413 744 4.
445 680 743 743 Probatur
769 700 916 761 ergo
956 701 1085 742 non
1126 682 1260 743 fieri
1295 683 1599 763 injustum
1635 700 1835 762 neque

273 778 557 856 iniquum
585 793 661 835 ex
695 775 801 836 illo
845 776 1063 855 capite.
1103 778 1259 851 Quia
1284 777 1383 837 vel
1405 783 1496 837 est
1528 777 1833 855 injustum

273 872 419 951 quia
440 869 845 950 prohibitum,
875 870 975 931 vel
994 872 1139 950 quia
1169 889 1281 952 per
1303 889 1367 932 se
1396 878 1457 931 et
1474 877 1697 931 natura
1725 888 1838 931 sua

273 969 365 1024 est
391 963 722 1023 intrinsece
759 962 996 1023 malum
1039 984 1054 1023 ε
1100 969 1379 1025 auctores
1424 965 1592 1024 enim
1618 963 1836 1042 primae

272 1056 583 1135 opinionis
603 1056 915 1117 interdum
934 1074 1060 1116 uno
1077 1055 1483 1117 fundamento
1488 1102 1508 1132 ,
1524 1056 1836 1117 interdum

274 1149 396 1210 alio
414 1155 700 1225 utuntur,
729 1150 872 1210 etin
893 1149 1012 1211 hoc
1032 1151 1176 1210 satis
1195 1150 1447 1210 confuse
1461 1149 1801 1228 loquuntur
1812 1171 1832 1224 ;

274 1247 566 1302 neutrum
625 1248 834 1302 autem
877 1242 1356 1303 fundamentum
1402 1242 1668 1302 solidum
1720 1248 1833 1303 est.

274 1335 574 1395 Probatur
593 1353 742 1414 ergo
768 1342 1020 1415 propter
1037 1336 1228 1396 solam
1258 1335 1599 1396 humanam
1627 1334 1835 1414 prohi-

275 1428 576 1490 hitionem
608 1448 736 1489 non
772 1448 943 1509 posse
988 1430 1110 1490 dici
1153 1429 1513 1508 simpliciter
1551 1428 1826 1503 malum,

276 1521 340 1580 id
374 1527 463 1581 est
502 1522 733 1601 ubique
784 1528 846 1582 et
888 1522 955 1583 in
984 1522 1272 1583 omnibus
1297 1522 1505 1599 regnis
1547 1520 1647 1582 vel
1692 1537 1832 1600 pro-

275 1613 496 1674 vinciis
545 1614 861 1674 christiani
912 1616 1101 1689 orbis,
1156 1615 1304 1693 quia
1348 1633 1474 1674 non
1520 1613 1838 1675 invenitur

275 1707 656 1785 prohibitum
681 1709 819 1788 jure
847 1710 1163 1785 canonico,
1189 1717 1252 1769 et
1276 1709 1455 1769 civile
1479 1708 1558 1769 ad
1574 1707 1693 1768 hoc
1711 1725 1839 1767 non

277 1799 522 1858 sufficit.
569 1801 744 1860 Prior
793 1819 936 1880 pars
964 1802 1333 1880 declaratur,
1362 1801 1510 1880 quia
1547 1801 1613 1861 in
1657 1799 1832 1861 Bulla

277 1892 476 1952 Coenae
504 1911 630 1953 non
663 1892 734 1952 fit
760 1895 1037 1973 specialis
1064 1895 1422 1975 prohibitio,
1460 1894 1565 1955 sed
1609 1911 1833 1973 suppo—

278 1984 470 2059 nitur,
503 1991 566 2045 et
593 1986 790 2045 fertur
817 1987 1096 2066 specialis
1134 1989 1352 2048 modus
1379 2006 1652 2048 censurae
1693 2004 1849 2047 con-.

277 2081 375 2135 tra
421 2077 808 2156 imponentes
849 2080 1084 2140 tributa
1115 2080 1444 2159 prohibita.
1476 2081 1600 2141 Nee
1649 2080 1835 2140 etiam

279 2169 345 2229 in
370 2188 622 2247 corpore
648 2173 803 2249 juris
826 2174 1106 2233 canonici
1134 2174 1448 2234 invenitur
1466 2172 1722 2252 speciale
1736 2173 1839 2251 jus

277 2262 442 2341 quod
470 2263 749 2340 designet
794 2267 1117 2326 materiam
1148 2266 1543 2343 vectigalium
1589 2284 1697 2326 seu
1735 2284 1840 2344 pe-

279 2354 631 2433 dagiorum,
664 2360 734 2415 ut
763 2357 936 2434 justa
975 2359 1121 2418 sint.
1171 2360 1377 2437 Neque
1410 2358 1526 2417 hoc
1554 2363 1715 2417 recte
1760 2357 1840 2417 ab

278 2447 586 2526 aliquibus
614 2467 691 2509 ex
714 2467 769 2510 c.
799 2449 1172 2529 Quanquam,
1210 2452 1286 2511 de
1319 2450 1634 2524 CensibuS,
1677 2451 1745 2509 in
1773 2451 1835 2524 6,

279 2538 615 2618 colligitur,
650 2541 795 2620 quia
822 2542 889 2601 in
912 2560 985 2602 eo
1011 2543 1237 2603 dicitur
1254 2544 1646 2620 pedayiorum
1675 2560 1842 2604 exac-

279 2634 466 2695 tiones
494 2640 618 2695 tam
636 2635 785 2714 jure
818 2637 1091 2697 canonico
1120 2654 1298 2715 quam
1322 2635 1514 2710 civili,
1544 2636 1845 2714 reyalari—

279 2732 370 2788 ter
404 2729 616 2790 merito
637 2747 758 2791 esse
778 2731 1114 2791 damnatas.
1141 2731 1320 2803 Nam,
1337 2734 1406 2788 ut
1429 2746 1505 2788 ex
1518 2728 1708 2789 Gloss.
1726 2727 1839 2803 ibi,

279 2820 457 2879 Joan.
480 2819 639 2880 And.
660 2826 721 2880 et
735 2820 871 2879 aliis
889 2827 1149 2896 constat,
1164 2822 1267 2898 jus
1289 2822 1657 2881 canonicum
1677 2821 1842 2900 quod

280 2912 366 2971 ibi
396 2913 620 2972 citatur
654 2931 782 2972 non
826 2918 917 2973 est
940 2913 1112 2973 aliud
1139 2913 1257 2973 nisi
1281 2914 1444 2992 quod
1473 2913 1739 2990 hahetur
1775 2916 1844 2975 in

281 3005 463 3065 Conc.
508 3005 819 3077 Lateran.‚
862 3022 917 3065 c.
967 3006 1356 3078 bauwarum,
1405 3005 1482 3065 de
1523 3005 1838 3082 CensibuS,

281 3103 343 3159 et
396 3098 461 3158 in
508 3098 718 3159 Innoc.
754 3099 830 3158 III
871 3097 940 3157 in
990 3116 1042 3158 c.
1095 3096 1300 3176 Super
1329 3099 1717 3178 quibusdam,
1768 3098 1844 3161 de

280 3192 464 3253 Verb.
508 3189 805 3267 signific.;
858 3191 944 3250 ihi
998 3195 1209 3251 autem
1258 3208 1385 3251 non
1440 3191 1844 3270 prohibentur

199 3299 202 3302 ’
280 3284 427 3344 talia
474 3283 707 3343 tributa
755 3283 993 3344 ratione
1029 3283 1330 3358 materiae,
1383 3284 1490 3344 sed
1541 3288 1845 3363 quatenus

282 3395 407 3436 non
435 3377 725 3437 feruntur
752 3377 830 3436 ab
849 3376 1218 3437 habentibus
1237 3382 1628 3456 potestatem,
1649 3376 1746 3437 vel
1767 3395 1843 3437 ex

280 3487 580 3530 consensu
627 3469 899 3530 illorum.
952 3471 1029 3529 Et
1060 3470 1275 3531 eodem
1323 3469 1507 3530 modo
1553 3469 1846 3549 intelligit

279 3562 442 3622 Glos.
485 3562 571 3621 ihi
611 3561 1092 3642 prohibitionem
1132 3564 1291 3642 juris
1332 3563 1553 3638 civiIiS,
1597 3564 1843 3624 citando

278 3654 480 3733 legem
510 3657 657 3718 Non
678 3657 886 3732 soleat,
918 3675 973 3717 c.
1006 3656 1345 3733 Vectigalia
1376 3674 1555 3730 nova,
1591 3663 1732 3732 etc.;
1763 3657 1844 3717 si-

281 3749 540 3827 gnificat
556 3749 745 3809 etiam
773 3767 945 3828 posse
966 3749 1031 3809 id
1049 3749 1265 3810 referri
1293 3750 1372 3808 ad
1401 3749 1844 3829 prohibitiones

280 3843 678 3921 pedagiorum
693 3846 968 3921 respectu
985 3842 1530 3903 ecclesiasticarum
1554 3861 1843 3921 persona-

278 3953 444 4010 rum,
463 3936 614 3994 dum
629 3935 853 4014 allegat
866 3935 908 3996 l.
926 3936 1156 4011 Placet,
1170 3953 1223 3994 c.
1245 3935 1322 3994 de
1331 3936 1566 3994 SacroS.
1578 3936 1807 3996 Eccles.
1817 3980 1837 4011 ,

279 4036 342 4088 et
364 4046 417 4088 c.
440 4028 948 4103 Generatim-AG,
967 4045 1030 4105 q.
1054 4029 1111 4087 1.
1136 4026 1494 4104 Deniquein
1519 4026 1627 4087 illo
1641 4029 1841 4108 capite

279 4139 405 4180 non
445 4121 639 4181 fertur
682 4119 1040 4199 prohibitiO,
1075 4118 1181 4179 sed
1210 4120 1603 4198 supponitur,
1628 4126 1691 4181 et
1713 4139 1839 4182 non

279 4212 661 4292 simpliciter,
695 4211 799 4272 sed
820 4229 961 4272 cum
989 4211 1096 4271 illo
1125 4210 1335 4272 addito
1363 4213 1753 4291 reyalariter,
1781 4220 1843 4275 et

277 4306 532 4366 fortasse
559 4305 626 4364 id
648 4305 885 4365 dictum
913 4309 1006 4364 est
1035 4309 1282 4383 propter
1302 4305 1629 4367 violentias
1653 4312 1714 4368 et
1739 4325 1845 4368 ex-

278 4415 482 4459 cessus
501 4397 608 4477 qui
626 4397 993 4476 regulariter
1014 4396 1174 4458 fiunt
1199 4397 1268 4457 in
1294 4399 1717 4462 exactionibus
1738 4420 1844 4481 pe·-

278 4493 623 4570 dagiorum.
1599 4474 1616 4489 ⁶

359 4588 418 4646 5.
463 4584 673 4646 Altera
719 4601 868 4644 vero
912 4603 1056 4664 pars
1093 4584 1171 4647 de
1216 4585 1633 4665 prohibitione
1680 4589 1843 4668 juris

278 4678 472 4739 civilis
513 4677 812 4757 probatur
852 4678 919 4737 in
967 4679 1135 4740 hunc
1165 4679 1445 4756 modum,
1478 4682 1657 4761 quia,
1701 4682 1844 4744 licet

278 4790 405 4832 non
432 4789 730 4849 negemus
753 4771 1080 4851 vectigalia
1104 4772 1173 4832 in
1207 4772 1393 4834 rebus
1415 4773 1494 4834 ad
1520 4776 1841 4855 proprium

276 4883 459 4924 usum
496 4883 623 4925 esse
650 4865 963 4945 prohibita
990 4866 1132 4944 jure
1171 4867 1431 4942 Codicis,
1483 4873 1694 4930 tamen
1736 4870 1840 4930 illa

275 4958 378 5020 lex
405 4976 533 5019 non
564 4958 798 5037 obligat
826 4959 893 5018 in
929 4958 1247 5038 Hispania,
1278 4959 1617 5037 Lusitania,
1652 4963 1842 5023 Fran-

277 5054 393 5129 cia,
411 5058 474 5114 et
500 5052 637 5114 aliis
660 5052 964 5112 similibus
988 5053 1218 5132 regnis,
1236 5054 1336 5114 vel
1366 5053 1835 5135 rebuspublicis,

276 5165 415 5226 quae
432 5146 810 5224 superiorem
825 5145 893 5205 in
915 5145 1356 5224 temporalibus
1371 5165 1498 5206 non
1511 5166 1837 5228 recognos-

277 5245 446 5314 cunt,
475 5239 643 5317 quia,
662 5243 735 5297 ut
758 5255 946 5317 supra
973 5245 1289 5300 ostensum
1319 5245 1433 5314 est,
1453 5239 1620 5318 leges
1646 5244 1840 5322 impe-

275 5333 517 5392 ratoriae
544 5331 632 5390 ibi
652 5350 779 5391 non
794 5332 1093 5410 obligant.
1120 5333 1295 5393 Unde
1318 5333 1511 5394 miror
1539 5353 1651 5396 cur
1670 5336 1841 5397 dixe-

274 5426 356 5485 rit
369 5425 567 5484 Tolet.
593 5442 770 5503 reges
785 5430 848 5485 et
865 5426 1235 5505 temporales
1247 5425 1533 5487 dominos
1551 5446 1678 5489 non
1699 5448 1840 5509 pos-

273 5539 336 5582 se
356 5520 432 5581 de
452 5519 549 5580 his
571 5519 758 5581 rebus
780 5520 1099 5582 usualibus
1126 5521 1389 5602 pedagia
1422 5523 1669 5602 exigere
1696 5543 1839 5605 pro-

3354 391 3474 453 489

1917 504 2055 577 pter
2082 498 2564 576 prohibitionem
2589 497 2754 557 illius
2771 497 2956 575 legis:
2974 493 3334 557 Pontificem
3362 514 3474 557 au-

1918 595 2045 652 tem
2060 592 2127 651 in
2143 610 2253 651 suo
2274 592 2548 652 dominio
2567 590 2889 670 temporali
2904 590 2966 649 id
2978 608 3171 669 posse,
3193 589 3475 668 quianon

1918 684 2201 745 subditur
2228 684 2469 762 legibus
2498 683 2907 762 imperatoriS,
2935 701 3075 743 cum
3118 700 3244 741 non
3268 682 3476 742 minus

1918 778 2044 838 sint
2066 779 2336 858 supremi
2356 778 2423 837 in
2450 776 2893 857 temporalibus
2926 776 3032 836 alii
3058 793 3233 853 reges
3259 794 3476 836 nume-

1901 872 2036 932 'rati
2077 872 2145 932 in
2182 872 2307 931 suis
2346 871 2575 949 regniS,
2615 887 2804 948 quam
2838 869 2918 929 sit
2943 868 3226 929 Pontifex
3265 869 3331 927 in
3368 886 3479 929 sua

1918 964 2151 1026 ditione
2182 963 2532 1044 temporali,
2555 964 2725 1043 'quod
2755 963 2977 1023 attinet
3012 962 3091 1021 ad
3114 966 3479 1040 potestatem

1916 1062 1978 1118 et
2001 1056 2345 1118 dominium
2369 1056 2699 1131 directum,
2735 1055 2811 1117 de
2831 1073 2954 1135 quo
2978 1059 3332 1115 tractamus.
3361 1056 3478 1115 Ne-

1913 1167 2034 1229 que
2070 1151 2257 1209 etiam
2294 1148 2476 1210 video
2505 1166 2617 1208 cur
2647 1149 2947 1208 Hostiens‘.
2984 1147 3052 1207 in
3078 1147 3248 1208 Sum.
3257 1192 3278 1222 ,
3311 1152 3359 1207 t.
3401 1147 3478 1208 de

1915 1242 2155 1303 Censih.
2171 1287 2191 1317 ,
2236 1241 2273 1321 ξ
2306 1243 2415 1303 Ex
2443 1242 2656 1321 quibas
2700 1240 2924 1313 causis,
2956 1240 3173 1301 versic.
3220 1239 3388 1313 Quod
3420 1240 3478 1302 .ςί

1915 1338 2054 1416 quis
2087 1335 2292 1415 (quem
2321 1334 2502 1394 multi
2524 1334 2633 1393 alii
2662 1334 3051 1412 sequuntur),
3091 1332 3315 1393 dixerit
3351 1351 3479 1393 non

1913 1445 2089 1506 posse
2116 1425 2443 1505 justificari
2485 1426 2617 1486 haec
2652 1426 2915 1505 pedagia
2933 1471 2951 1500 ,
3000 1426 3186 1485 etiam
3237 1426 3479 1486 ratione

1916 1519 2385 1579 immemorialis
2414 1519 2899 1594 consuetudiniS,
2960 1518 3081 1578 nisi
3130 1523 3481 1598 supponant

1914 1611 2117 1688 legem
2148 1611 2321 1671 illam
2363 1630 2489 1672 non
2526 1611 2852 1691 prohibere
2878 1629 3011 1672 rem
3039 1611 3115 1671 de
3144 1630 3206 1671 se
3236 1610 3480 1672 indiffe-

1915 1709 2181 1776 rentem,
2206 1703 2312 1763 sed
2337 1721 2472 1763 rem
2500 1721 2609 1782 per
2645 1722 2708 1764 se
2737 1704 2992 1779 malam,
3019 1701 3191 1782 'quod
3218 1703 3480 1781 probare

1916 1816 2044 1858 non
2099 1800 2399 1875 possunt,
2433 1807 2502 1856 ut
2556 1796 2767 1856 statim
2817 1796 3158 1856 ostendam.
3216 1796 3481 1874 Ideoque

1918 1890 2218 1951 concludo
2245 1890 2448 1967 legem
2472 1889 2643 1949 illam
2675 1908 2842 1949 nunc
2867 1908 2996 1950 non
3029 1888 3324 1966 obligare,
3363 1888 3484 1948 nisi

1918 1984 1985 2045 in
2027 1984 2209 2046 terris
2250 1983 2532 2060 imperii,
2585 1990 2647 2044 et
2690 1984 2812 2043 nisi
2848 1984 2936 2044 ihi
2976 1983 3055 2043 sit
3095 2001 3207 2062 per
3242 1987 3482 2042 contra—

1915 2079 2077 2139 riam
2125 2077 2633 2138 consuetudinem
2659 2077 2976 2155 abrogata,
3017 2082 3087 2136 ut
3124 2075 3303 2136 facile
3347 2074 3483 2134 fieri

1915 2171 2136 2252 potuit.

1999 2265 2059 2324 6.
2103 2263 2403 2323 Probatur
2441 2261 2634 2340 igitur
2680 2263 2902 2323 ultima
2940 2280 3085 2342 pars
3105 2309 3118 2333 ,
3162 2259 3445 2321 videlicet
3460 2306 3481 2336 ,

1916 2357 2035 2417 hoc
2082 2374 2209 2415 non
2256 2373 2385 2416 esse
2428 2356 2810 2433 prohibitum
2851 2356 2999 2434 quia
3034 2354 3266 2416 malum
3277 2369 3297 2429 3
3338 2353 3486 2431 quia

1918 2447 2093 2509 nulla
2124 2448 2430 2508 sufficiens
2473 2449 2628 2508 ratio
2676 2449 3023 2510 intrinsecae
3067 2446 3388 2526 injustitiae
3418 2446 3487 2506 in

1918 2542 2038 2603 hac
2082 2542 2342 2602 materia
2386 2541 2608 2601 tributi
2657 2543 2996 2603 invenitur.
3046 2542 3203 2602 Nam
3250 2540 3302 2599 si
3350 2557 3488 2618 quae

1920 2642 2102 2710 esset,
2132 2637 2403 2696 maxime
2429 2636 2576 2714 quia
2603 2637 2671 2696 in
2700 2637 2809 2697 tali
2838 2636 3100 2696 materia
3136 2653 3262 2695 non
3290 2638 3488 2713 potest

1919 2729 2151 2789 servari
2179 2728 2385 2788 dehita
2412 2727 2613 2788 forma
2640 2735 2702 2788 et
2726 2729 3041 2807 proportio
3072 2726 3310 2800 tributi,
3342 2726 3489 2805 quia

1919 2839 2218 2902 pauperes
2245 2820 2383 2899 plus
2410 2827 2747 2899 gravantur
2777 2839 2965 2899 quam
2991 2821 3240 2895 divites3
3280 2826 3343 2879 at
3369 2820 3487 2879 hoc

1922 2931 2050 2975 non
2104 2916 2193 2974 ita
2234 2919 2325 2974 est
2374 2932 2483 2992 per
2519 2931 2582 2973 se
2631 2913 2974 2992 loquendo,
3018 2933 3089 2974 ac
3134 2912 3452 2973 moraliter
3464 2935 3482 2987 3

1922 3025 2091 3084 ergo.
2125 3007 2425 3066 Probatur
2464 3007 2689 3082 minor,
2720 3008 2923 3085 primo
2958 3007 3231 3067 tollendo
3271 3024 3488 3085 quam-

1922 3101 2068 3161 dam
2095 3099 2668 3181 aequivocationem,
2697 3118 2834 3178 quae
2869 3100 3019 3163 latet
3052 3101 3120 3161 in
3148 3099 3352 3162 verbis
3380 3100 3489 3161 Ca-

1915 3194 2137 3274 jetani‚
2168 3199 2231 3255 et
2270 3194 2484 3255 eadem
2524 3193 2653 3253 fere
2699 3198 2791 3253 est
2833 3194 2898 3252 in
2940 3194 3077 3254 aliis
3105 3193 3483 3253 auctoribus.

1921 3289 2028 3351 Ait
2054 3289 2221 3350 enim
2256 3288 2582 3365 Cajetanus
2622 3286 2786 3365 quod
2815 3286 3161 3365 indigentia
3190 3291 3279 3347 est
3308 3287 3490 3347 radix

1921 3400 2092 3457 usuS,
2128 3388 2190 3441 et
2216 3381 2304 3441 ita
2331 3380 2442 3459 qui
2470 3379 2667 3457 magis
2693 3379 2932 3457 indiget
2959 3380 3154 3458 magis
3182 3380 3400 3455 utitur,
3428 3384 3491 3440 et

1920 3475 2011 3535 ita
2052 3473 2248 3552 magis
2285 3477 2625 3550 gravantur
2664 3490 2965 3553 pauperes
3006 3473 3377 3551 indigenteS.
3409 3473 3490 3533 At

1920 3568 2194 3648 profecto
2233 3585 2354 3626 vox
2390 3566 2497 3626 illa
2536 3566 2877 3645 indiyentia
2920 3567 3233 3644 oequivoca
3278 3572 3391 3642 est,
3428 3571 3491 3626 et

1922 3661 2104 3720 aliter
2145 3660 2213 3719 in
2251 3658 2661 3733 antecedenti,
2694 3664 2754 3720 et
2781 3659 2961 3719 aliter
2992 3659 3059 3720 in
3089 3659 3489 3738 consequenti

1922 3754 2211 3814 sumitur.
2253 3752 2602 3830 Indigentia
2629 3753 2797 3812 enim
2826 3751 3139 3812 interdum
3182 3752 3491 3830 significat

1920 3847 2368 3919 necessitatem,
2411 3850 2473 3904 et
2501 3845 2576 3905 de
2616 3845 2732 3905 hac
2770 3845 3116 3923 indigentia
3150 3863 3370 3906 verum
3399 3853 3491 3907 est

1922 3939 2086 4020 quod
2115 3943 2207 3999 est
2232 3939 2410 3998 radix
2437 3955 2605 4012 usuS,
2650 3944 2711 3997 et
2737 3938 2903 4016 quod
2932 3938 3041 4017 qui
3080 3938 3217 4016 plus
3248 3939 3491 4017 indiget

1922 4031 2122 4109 magis
2166 4031 2388 4105 utitur,
2435 4029 2647 4107 utique
2698 4029 2945 4107 quando
2994 4029 3281 4089 subvenit
3327 4031 3490 4090 indi-

1923 4123 2148 4203 gentiae
2197 4140 2347 4197 suae,
2394 4139 2503 4182 seu
2543 4121 2914 4181 necessitati.
2957 4122 3101 4182 Haec
3144 4139 3290 4183 vero
3328 4122 3491 4183 indi-

1921 4218 2132 4297 gentia
2150 4215 2495 4277 communis
2508 4220 2598 4275 est
2616 4213 2908 4278 divitibus
2922 4232 3065 4274 cum
3088 4217 3486 4295 pauperibuS,

1920 4310 2049 4371 imo
2085 4310 2153 4369 in
2182 4308 2476 4369 divitibus
2517 4313 2609 4367 est
2634 4309 2857 4388 major,
2887 4307 2986 4367 vel
3013 4314 3264 4388 propter
3305 4328 3488 4370 suum

1918 4409 2174 4478 statum,
2204 4402 2302 4463 vel
2329 4407 2580 4481 propter
2622 4420 2763 4462 suas
2791 4400 3061 4476 deliciaS,
3093 4407 3155 4461 et
3195 4404 3340 4482 quia
3381 4422 3489 4466 vo-

1920 4496 2187 4575 luptates
2239 4500 2530 4576 reputant
2577 4494 3009 4574 indigentiam.
3067 4495 3484 4576 Quapropter,

1922 4590 2139 4651 stando
2174 4590 2241 4650 in
2283 4589 2498 4650 eadem
2527 4586 3002 4667 significatione,
3046 4605 3175 4648 non
3202 4599 3365 4651 recte
3393 4591 3488 4651 in·-

1917 4684 2118 4745 fertur
2144 4698 2467 4762 paupereS,
2492 4683 2604 4762 qui
2638 4686 2785 4741 sunt
2822 4679 3196 4758 indigentes,
3223 4683 3363 4761 plus
3392 4684 3486 4745 uti

1918 4782 1981 4839 et
2008 4777 2147 4857 plus
2178 4776 2445 4854 gravari,
2476 4775 2622 4854 quia
2648 4792 2775 4862 non
2816 4778 2960 4834 sunt
2985 4772 3103 4833 hoc
3142 4775 3327 4837 modo
3350 4779 3488 4857 plus

1918 4871 2286 4949 indigentes.
2320 4869 2454 4930 Alio
2496 4886 2644 4947 ergo
2672 4866 2861 4938 modo
2906 4865 3252 4946 indigentia
3294 4871 3489 4950 signi-

1917 4961 2061 5023 ficat
2083 4955 2530 5042 paupertatem,
2557 4966 2619 5021 et
2642 4960 2740 5020 'sic
2770 4958 2997 5019 falsum
3021 4964 3113 5020 est
3138 4960 3299 5023 hanc
3326 4964 3487 5025 incli-

1916 5057 2196 5136 gentiam
2223 5074 2353 5117 esse
2397 5055 2670 5116 radicem
2703 5071 2849 5114 usus
2859 5069 2879 5130 3
2911 5071 3059 5113 nam
3087 5055 3291 5132 potius
3333 5077 3487 5137 pau-

1915 5169 2027 5230 per
2053 5167 2211 5228 saepe
2239 5149 2481 5226 indiget
2502 5151 2692 5222 veste,
2720 5151 2783 5207 et
2805 5163 2931 5205 non
2958 5146 3158 5206 utitur
3186 5148 3315 5225 illa,
3338 5153 3487 5231 quia

1916 5248 2057 5321 eget
2079 5242 2368 5320 pecunia;
2394 5245 2455 5301 et
2474 5242 2917 5317 consequenter
2935 5239 3125 5299 etiam
3148 5248 3239 5302 est
3258 5242 3485 5306 falsum

1916 5335 2079 5415 quod
2110 5335 2216 5414 qui
2244 5334 2381 5413 plus
2407 5332 2648 5410 indiget
2685 5331 2823 5411 plus
2849 5331 3061 5406 utitur,
3106 5335 3255 5411 quia
3284 5337 3484 5399 multo

1914 5429 2115 5507 magis
2148 5432 2411 5488 utuntur
2437 5425 2620 5486 rebus
2645 5444 2760 5486 usu
2788 5427 3364 5506 consumptibitibus
3392 5430 3486 5490 di-

1915 5521 2074 5585 vites
2101 5539 2290 5602 quam
2319 5537 2643 5602 pauperes,
2674 5524 2736 5581 et
2762 5518 2967 5601 plures
2995 5538 3068 5582 ac
3095 5524 3484 5602 pretiosiores
