3976 6219
476 336 594 394 100

471 437 747 511 55155115,
770 442 976 497 151555
1002 437 1284 514 proxima
1313 452 1498 494 causa
1522 431 1913 510 obligationis
1941 432 2035 488 est

472 534 607 610 ipsa
635 530 734 589 lex
773 530 1069 600 humana,
1101 529 1245 606 quia
1281 546 1405 587 non
1434 525 1665 602 obligat
1694 528 1936 584 tantum
1964 524 2033 579 111

475 626 725 701 51351115
773 623 1107 681 voluntatis
1149 622 1404 694 divinae,
1449 618 1554 678 sed
1599 617 1913 695 proxime,
1964 618 2036 671 ut

474 718 724 793 signum
758 714 1090 774 voluntatis
1129 713 1442 786 humanae,
1475 717 1537 770 et
1578 711 1662 768 ita
1688 709 1755 767 in
1796 706 2035 784 legibus

472 809 764 869 humanis
791 808 996 867 minus
1022 807 1367 885 propinque
1398 808 1490 879 (nt
1513 804 1599 862 sic
1622 802 1847 876 dicam)
1881 799 2038 858 obli-

471 906 578 979 gat
601 902 698 962 lex
723 906 973 961 aeterna.
1003 901 1086 959 De
1110 916 1232 977 qua
1254 898 1385 957 haec
1414 897 1692 957 sufficere
1723 894 2030 954 videntur.

1072 1081 1320 1140 CAPUT
1359 1081 1433 1139 V.

513 1287 595 1331 AN
635 1285 746 1330 LEX
787 1285 1113 1329 NATURALIS
1157 1284 1243 1326 SIT
1283 1283 1412 1326 IPSA
1452 1280 1777 1326 NATURALIS
1819 1279 1994 1322 RATIO

1142 1375 1351 1419 REGTA.

555 1548 613 1603 1.
671 1543 870 1608 Varioe
897 1541 1266 1619 opinationes
1303 1541 1463 1602 circa
1490 1539 1806 1614 formalem
1833 1540 2033 1601 ratio-

469 1655 600 1697 nem
635 1636 785 1713 leyis
819 1634 1147 1695 naturalis.
1178 1664 1259 1677 —-
1290 1631 1521 1694 Sensus
1550 1632 1900 1710 quaestionis
1926 1650 2032 1693 ee:-

466 1728 736 1804 ponitur.
768 1759 850 1770 —
879 1724 1166 1803 Aliquam
1199 1741 1329 1785 esse
1361 1723 1708 1782 naturalem
1736 1722 1937 1799 legem
1965 1723 2033 1782 in

471 1820 633 1879 libro
660 1823 717 1893 1,
749 1819 947 1897 capite
983 1820 1043 1892 3,
1074 1818 1502 1895 supposuimus
1530 1822 1592 1877 et
1627 1816 2028 1889 ostendimuS,

469 1911 697 1989 fietque
739 1914 961 1970 certius
997 1909 1366 1988 inquirendo
1412 1909 1559 1986 quid
1596 1910 1693 1968 sit.
1733 1908 2032 1967 Dixerunt

469 2021 617 2080 5135
639 2003 832 2080 aliqui
855 2003 1015 2062 hanc
1054 2002 1255 2079 legem
1287 2001 1444 2060 nihil
1471 2000 1641 2061 aliud
1675 2018 1803 2060 5555
1839 2017 2028 2077 55515

466 2094 667 2172 ipsam
713 2101 999 2153 naturam
1036 2093 1425 2167 rationalem,
1471 2099 1540 2152 ut
1575 2092 1718 2151 talis
1746 2097 1857 2150 est.
1903 2092 2032 2150 Hoc

465 2193 676 2246 tamen
702 2187 767 2245 in
796 2186 1051 2246 diversis
1081 2187 1360 2245 sensibus
1392 2185 1687 2245 affirmari
1719 2189 1939 2263 potest,
1968 2189 2030 2243 et

465 2279 602 2338 ideo
650 2280 968 2338 advertere
1024 2283 1266 2355 oportet
1317 2278 1682 2337 rationalem
1734 2283 2026 2335 naturam

465 2369 791 2447 dupliciter
818 2371 1077 2448 spectari
1097 2387 1269 2447 posse
1290 2387 1304 2429 :
1329 2387 1455 2429 uno
1476 2369 1659 2427 modo
1689 2368 2027 2427 seeundum

463 2481 529 2522 se
539 2508 559 2537 ,
608 2463 674 2522 id
721 2468 844 2536 est,
896 2468 1201 2540 quatenus
1244 2463 1482 2521 ratione
1530 2461 1668 2520 talis
1711 2461 2020 2532 essentias,

461 2572 650 2632 quam
687 2554 895 2629 habet,
935 2553 1219 2631 quaedam
1261 2559 1402 2612 sunt
1442 2553 1532 2612 illi
1569 2553 2021 2628 convenientia,

463 2651 525 2706 et
561 2645 682 2704 alia
720 2644 1287 2704 disconvenientia:
1328 2644 1451 2704 alio
1492 2644 1676 2704 modo
1719 2649 2025 2720 quatenus

461 2739 593 2797 vim
634 2736 822 2796 habet
859 2736 1180 2813 judicandi
1222 2735 1297 2795 de
1335 2735 1430 2795 his
1473 2753 1608 2813 51151
1652 2734 1769 2793 51111
1804 2751 2025 2794 conve-

461 2830 677 2901 niunt,
728 2827 826 2887 vel
876 2827 1382 2901 disconveniunt,
1430 2828 1742 2887 mediante
1787 2827 2023 2887 lumine

461 2920 760 2981 naturalis
789 2920 1068 2978 rationis,
1100 2920 1296 2990 Quam
1326 2919 1631 2998 duplicem
1669 2919 2023 2978 considera-

458 3016 692 3074 tionem
726 3013 1065 3072 insinuavit
1093 3012 1271 3072 divus
1306 3013 1593 3086 Thomas,
1631 3013 1797 3071 dicta
1832 3031 2023 3090 quaes-

457 3107 628 3167 11555
662 3107 762 3181 9-1,
802 3105 1060 3165 51115515
1094 3107 1154 3179 2,
1188 3105 1295 3165 ubi
1336 3106 1507 3185 prius
1549 3105 1876 3183 distinguit
1916 3124 2022 3164 va-

457 3201 579 3259 rias
607 3198 1040 3258 inclinationes
1078 3199 1389 3259 naturales
1432 3199 1724 3257 humanae
1758 3202 2020 3271 naturae,

459 3292 798 3353 secundum
869 3309 1021 3368 quas
1077 3291 1234 3350 ratio
1297 3291 1487 3350 dictat
1550 3290 1625 3349 de
1688 3289 1822 3363 his,
1885 3306 2022 3367 51151

459 3393 602 3445 sunt
652 3383 838 3457 bona,
888 3383 988 3443 vel
1042 3382 1207 3442 mala
1260 3383 1369 3442 tali
1426 3387 1695 3456 naturae,
1754 3388 1825 3440 ut
1878 3381 2024 3440 inde

459 3475 707 3553 colligat
739 3479 1044 3553 praecepta
1074 3474 1229 3551 legis
1261 3474 1580 3534 naturalis.
1613 3472 1849 3551 Duplex
1876 3489 2023 3550 ergo

459 3586 672 3628 5555115
708 3584 837 3625 5555
869 3571 1069 3643 potest
1105 3567 1423 3626 sententiae
1461 3565 1784 3625 asserentis
1820 3565 2022 3642 legem

460 3658 809 3719 naturalem
863 3674 994 3716 5555
1050 3658 1243 3736 ipsam
1297 3663 1583 3717 naturam
1630 3654 2016 3716 rationalem.

462 3751 704 3811 Primus
737 3754 852 3822 est,
884 3754 955 3808 ut
979 3749 1097 3808 1155
1128 3749 1510 3827 intelligatur
1543 3750 1617 3809 de
1645 3750 1777 3827 ipsa
1803 3754 2024 3808 natura

461 3840 799 3902 secundum
835 3857 921 3914 se,
953 3846 1256 3917 quatenus
1302 3842 1540 3901 ratione
1587 3859 1711 3900 suae
1747 3840 2024 3899 essentiae

457 3934 600 3994 talis
622 3939 735 4007 est,
761 3937 829 3991 111
857 3933 915 3992 51
944 3950 1019 3991 ex
1049 3941 1269 3993 natura
1294 3951 1405 3992 sua
1436 3932 1583 3994 tales
1611 3932 1881 3992 actiones
1901 3932 2025 3991 sint

460 4027 894 4088 convenientes
908 4069 929 4099 ,
989 4030 1050 4084 et
1102 4026 1420 4085 contrariae
1471 4025 2017 4086 disconvenientes,

461 4121 633 4181 Alter
660 4125 750 4179 est
776 4124 847 4177 111
870 4118 1252 4197 intelligatur
1277 4120 1352 4180 de
1377 4119 1510 4197 ipsa
1536 4123 1759 4177 natura
1781 4118 2023 4179 ratione

453 4213 671 4292 judicii
698 4211 954 4271 rationis
972 4212 1135 4289 quod
1157 4212 1224 4271 in
1245 4212 1377 4290 ipsa
1395 4216 1488 4271 est
1514 4210 2017 4286 connaturaliter,

461 4312 522 4367 et
550 4308 825 4382 respectu
854 4302 1018 4361 illius
1044 4302 1230 4363 habet
1255 4304 1558 4363 rationem
1586 4302 1757 4379 15315.

538 4400 599 4457 2.
645 4397 866 4457 Prima
895 4396 1091 4471 opinio
1116 4394 1447 4470 affirmans
1469 4395 1654 4471 legem
1677 4393 2019 4454 naturalem

458 4490 773 4553 consistere
797 4486 1143 4563 formaliter
1171 4485 1237 4545 in
1276 4487 1413 4563 ipsa
1458 4489 1682 4546 natura
1720 4485 2018 4546 rationali

456 4589 525 4646 nt
551 4599 667 4643 non
692 4578 968 4656 implicat
1008 4577 1550 4650 contradictionem,
1588 4580 1643 4636 et
1672 4580 1757 4636 est
1783 4577 2016 4650 funda-

457 4680 715 4738 mentum
733 4669 1063 4731 tione-statis
1087 4670 1153 4728 in
1179 4668 1623 4730 adibam—Est
1645 4684 1792 4744 ergo
1817 4669 2018 4745 prima

456 4764 762 4828 sententia
809 4760 1126 4820 affirmans
1176 4765 1464 4818 naturam
1514 4757 1878 4818 rationalem
1922 4776 2017 4819 se-

458 4859 732 4921 cundum
770 4871 856 4925 55,
896 4857 958 4913 51
992 4856 1062 4912 ut
1107 4869 1234 4911 555
1275 4850 1547 4929 implicat
1590 4850 2017 4910 contradictio·

457 4968 626 5024 nem,
666 4953 876 5025 estque
923 4943 1400 5004 fundamentum
1447 4941 1647 5001 omnis
1679 4941 2016 5001 honestatis

456 5049 709 5103 actuum
748 5039 1189 5110 humanorum,
1220 5035 1320 5096 vel
1359 5034 1861 5094 convenientium
1903 5033 2014 5093 tali

455 5143 717 5203 naturae,
748 5130 846 5189 vel
878 5130 1198 5190 contrariae
1225 5126 1629 5205 turpitudinis
1657 5142 1869 5185 eorum
1905 5143 2016 5204 per

456 5222 1049 5286 disconvenientiam
1083 5220 1161 5279 ad
1198 5218 1505 5292 eamdem,
1540 5234 1668 5277 esse
1696 5217 1892 5296 ipsam
1922 5217 2014 5277 15-

457 5336 601 5398 3515
628 5312 994 5376 naturalem.
1024 5314 1112 5370 lta
1145 5312 1358 5371 docuit
1385 5311 1676 5387 Vasquez,
1711 5311 1768 5367 1.
1801 5310 1861 5383 2,
1891 5309 2014 5369 dis·

455 5415 654 5492 putat.
690 5407 829 5479 150,
859 5406 1055 5500 capite
1084 5404 1144 5476 3,
1174 5410 1237 5464 et
1263 5403 1326 5462 id
1354 5420 1514 5481 saepe
1539 5400 1762 5479 repetit
1786 5401 1854 5461 in
1881 5406 2012 5463 toto

1106 337 1219 387 LlB.
1257 338 1316 387 11.
1355 336 1435 387 DE
1469 335 1628 385 LEGE
1663 329 1944 390 AETERNA,
1981 327 2061 378 ΕΤ
2096 328 2428 391 ΝΑΤΠΒΑΙᾸ,
2466 333 2545 382 Ac
2577 333 2728 383 JURE
2761 334 3053 385 GENTlUM.

2115 426 2391 488 discursu
2423 430 2609 507 hujus
2645 431 2943 505 materiae,
2974 431 3289 491 neminem
3322 438 3531 492 autem
3561 452 3677 511 pro

2115 519 2229 579 hac
2261 524 2567 583 sententia
2596 523 2803 583 refert.
2844 524 3342 582 Fundamentum
3382 531 3495 596 est,
3532 526 3684 602 quia

2115 620 2258 672 sunt
2303 615 2524 693 aliquae
2572 618 2843 675 actiones
2888 617 2975 674 ita
3014 616 3344 675 intrinsece
3387 616 3565 676 malae
3602 636 3683 676 55

2117 711 2341 765 natura
2368 725 2499 780 sua,
2524 714 2590 766 nt
2617 708 2788 766 nullo
2807 708 2989 766 modo
3014 709 3320 785 pendeant
3346 709 3411 766 in
3442 709 3685 770 malitia

2118 817 2191 858 55
2223 799 2634 877 prohibitione
2667 801 3028 874 extrinseca,
3054 820 3169 862 nec
3198 820 3273 860 55
3292 802 3549 877 judicio,
3579 802 3682 862 vel

2118 890 2430 952 voluntate
2464 893 2697 967 divina,
2730 899 2791 952 et
2835 893 3049 953 eadem
3090 894 3329 953 ratione
3366 900 3509 953 sunt
3536 895 3677 955 51115

2117 983 2386 1043 actiones
2415 985 2502 1043 ita
2531 985 2859 1045 intrinsece
2887 984 3064 1045 bonae
3095 992 3158 1045 et
3183 986 3478 1060 honestae,
3512 993 3582 1045 nt
3611 988 3678 1046 in

2116 1075 2232 1134 hoc
2264 1075 2453 1138 etiam
2482 1094 2607 1136 non
2635 1077 2946 1154 pendeant
2987 1096 3062 1137 55
3099 1096 3282 1137 551155
3309 1080 3671 1141 extrinseca.

2117 1168 2290 1240 Quod
2331 1186 2608 1246 suppono
2636 1187 2713 1229 55
2754 1170 3071 1228 communi
3109 1171 3415 1230 sententia
3442 1171 3677 1232 theolo-

2115 1277 2337 1336 3511115
2380 1262 2446 1320 15
2488 1263 2549 1334 2,
2594 1262 2655 1320 d.
2689 1263 2789 1335 38,
2826 1266 2888 1321 et
2925 1280 3002 1321 55
3041 1261 3185 1322 divo
3227 1263 3485 1337 Thoma,
3521 1267 3577 1323 1.
3611 1267 3671 1338 2,

2116 1370 2175 1430 q.
2225 1353 2367 1426 100,
2399 1359 2514 1414 511.
2562 1355 2624 1427 9,
2657 1360 2718 1412 51
2755 1354 2913 1414 Vict.
2949 1352 3178 1414 Relect.
3220 1353 3297 1413 de
3340 1355 3671 1430 Homicid.‚

2117 1447 2144 1503 1
2193 1449 2381 1522 part„
2422 1451 2485 1504 et
2527 1445 2595 1504 in
2637 1444 3030 1522 sequentibus
3056 1445 3121 1504 id
3149 1444 3671 1508 confirmavimus.

2112 1537 2288 1595 Nunc
2332 1537 2598 1598 breviter
2642 1539 2799 1597 ratio
2842 1542 2964 1612 551,
3008 1538 3156 1616 51115
3201 1545 3371 1598 actus
3412 1541 3673 1601 morales

2112 1627 2344 1687 habent
2387 1647 2526 1689 suas
2568 1629 2932 1689 intrinsecas
2982 1635 3235 1690 naturas
3280 1637 3342 1689 et
3384 1634 3673 1693 essentias

2112 1722 2552 1796 11515515111155,
2596 1741 2734 1800 quae
2768 1741 2894 1782 non
2936 1724 3210 1803 pendent
3249 1743 3286 1784 a
3327 1742 3532 1799 causa,
3573 1726 3673 1785 vel

2110 1813 2425 1874 voluntate
2454 1815 2795 1874 extrinseca
2835 1816 3031 1893 magis
3068 1833 3254 1893 quam
3296 1816 3432 1876 51151
3461 1835 3671 1877 1511115

2111 1906 2410 1980 essentiae,
2438 1925 2573 1984 quae
2602 1925 2711 1984 per
2741 1924 2805 1967 55
2834 1925 2959 1966 555
2989 1908 3308 1985 implicant
3331 1910 3669 1969 contradic-

2111 1998 2369 2071 tionem,
2400 2004 2469 2057 ut
2498 2016 2664 2057 1111115
2701 2017 2777 2057 ex
2804 1999 3217 2077 Metaphysica
3248 2019 3545 2079 suppono,

2192 2093 2250 2150 3.
2297 2091 2453 2150 Hinc
2482 2109 2629 2167 ergo
2652 2091 2954 2150 formatur
2981 2093 3181 2169 prima
3207 2094 3397 2151 ratio:
3427 2112 3571 2153 nam
3600 2094 3666 2153 in

2108 2181 2203 2241 his
2228 2183 2571 2242 actionibus
2595 2184 2907 2242 invenitur
2928 2183 3211 2243 honestas
3233 2184 3330 2244 vel
3349 2186 3667 2264 turpitudo

2107 2292 2217 2352 per
2257 2274 2748 2334 conformitatem
2778 2275 2853 2335 ad
2889 2275 3160 2354 aliquam
3186 2276 3409 2354 legem,
3443 2284 3505 2338 et
3542 2297 3666 2338 non

2108 2385 2218 2444 per
2242 2367 2736 2427 conformitatem
2766 2367 2844 2427 ad
2871 2367 3170 2444 judicium
3199 2370 3487 2429 rationis:
3521 2388 3665 2447 ergo

2106 2476 2216 2538 per
2246 2459 2743 2519 conformitatem
2770 2460 2846 2518 ad
2876 2460 3071 2537 ipsam
3095 2461 3459 2520 rationalem
3488 2467 3667 2521 natu-

2106 2570 2279 2611 ram:
2324 2569 2471 2630 ergo
2515 2552 2649 2629 ipsa
2684 2557 2905 2611 natura
2938 2553 3278 2612 secundum
3324 2571 3386 2612 se
3428 2560 3517 2613 551
3565 2554 3665 2614 lex

2107 2643 2403 2702 naturalis
2431 2649 2708 2720 respectu
2749 2644 3030 2703 omnium
3059 2663 3194 2722 quae
3228 2645 3666 2723 praecipiuntur

2103 2734 2201 2793 vel
2253 2734 2681 2812 prohibentur,
2731 2735 2827 2796 vel
2873 2735 3213 2814 probantur
3260 2743 3369 2795 aut
3412 2739 3666 2815 permit·

2104 2831 2323 2883 tuntur
2351 2825 2485 2902 1535
2511 2827 2801 2887 55151511.
2829 2829 3025 2905 Major
3051 2830 3439 2906 supponitur,
3464 2830 3558 2889 vel
3587 2848 3663 2890 ex

2103 2916 2210 2977 illo
2239 2918 2497 2978 Roman.
2532 2922 2612 2978 4:
2657 2921 2772 2982 Ubi
2798 2938 2914 2980 non
2942 2926 3029 2981 est
3073 2922 3192 2988 lex,
3229 2939 3330 2982 nec
3361 2924 3664 2998 proevari-

2103 3011 2281 3084 catio,
2312 3010 2412 3069 vel
2434 3029 2510 3069 ex
2543 3009 2902 3072 definitione
2927 3013 3157 3090 peccati
3180 3012 3406 3072 tradita
3433 3014 3512 3072 ab
3541 3016 3666 3073 Au-

2104 3102 2372 3179 gustinO,
2412 3104 2491 3162 22
2537 3112 2750 3164 contra
2787 3105 3102 3179 Faustum,
3140 3105 3338 3183 capite
3387 3108 3498 3167 37:
3540 3108 3666 3169 Est

2104 3196 2350 3270 dictum,
2386 3198 2644 3272 sactum,
2679 3198 2771 3258 vel
2811 3199 3185 3277 concupitum
3227 3205 3434 3261 contra
3482 3201 3665 3279 leqem

2105 3288 2264 3349 Dei:
2294 3288 2390 3349 vel
2433 3309 2510 3350 ex
2539 3290 2644 3350 illo
2681 3290 3010 3366 Ambrosii,
3045 3291 3205 3352 libro
3233 3293 3309 3352 de
3351 3293 3662 3368 Paradiso,

2104 3396 2236 3457 cap.
2261 3381 2337 3440 8:
2365 3382 2511 3445 Non
2534 3383 2873 3444 consisteret
2890 3389 3216 3461 peccatum,
3244 3385 3301 3445 si
3325 3386 3664 3446 interdictio

2101 3490 2219 3532 non
2246 3474 2467 3549 fnisset
2487 3500 2509 3534 .·
2542 3474 2641 3535 vel
2678 3474 2944 3554 denique
2980 3477 3127 3553 quia
3153 3476 3353 3536 omnis
3379 3476 3664 3538 honestas

2102 3564 2349 3624 virtutis
2377 3565 2565 3627 habet
2598 3567 2867 3645 aliquam
2901 3585 3280 3643 mensuram,
3312 3586 3451 3647 51115
3478 3568 3665 3631 1151151

2103 3657 2407 3717 151155515
2461 3659 2634 3738 15315.
2687 3660 2888 3721 Minor
2935 3678 3080 3721 vero
3128 3659 3421 3739 probatur
3446 3681 3461 3719 :
3516 3662 3663 3739 quia

2104 3749 2392 3824 mentiri,
2436 3752 2608 3811 verbi
2654 3752 2889 3829 gratia,
2936 3770 3063 3812 555
3106 3754 3245 3813 ideo
3289 3751 3524 3812 malum
3570 3759 3661 3813 est

2105 3839 2252 3917 quia
2270 3858 2381 3919 per
2406 3843 2707 3904 rationem
2723 3843 3035 3921 judicatur
3054 3845 3313 3919 malum,
3337 3845 3439 3904 sed
3460 3845 3662 3923 potius

2104 3949 2138 3991 5
2167 3950 2492 4008 convers03
2524 3935 2661 3994 ideo
2696 3954 2839 3995 vere
2871 3936 3187 4014 judicatur
3224 3937 3482 4012 malum,
3516 3938 3662 4015 quia

2103 4042 2214 4103 per
2258 4042 2324 4085 se
2369 4025 2603 4086 malum
2650 4033 2740 4087 est
2775 4045 2791 4088 :
2844 4046 2991 4106 ergo
3046 4048 3172 4089 non
3216 4034 3307 4089 est
3350 4030 3658 4106 judicium

2103 4134 2392 4177 mensura
2420 4119 2671 4178 malitiae
2700 4131 2911 4180 actus:
2943 4139 3091 4199 ergo
3118 4138 3231 4180 1155
3268 4126 3360 4180 551
3392 4121 3493 4181 155
3523 4139 3661 4198 pro-

2102 4208 2322 4270 hibens
2348 4210 2523 4270 illud.
2557 4212 2732 4271 Unde
2762 4231 2795 4272 e
2823 4230 3115 4273 converso
3146 4212 3488 4291 probantur
3522 4212 3658 4273 51115

2100 4304 2574 4379 consequentioe,
2614 4304 2762 4381 51115
2792 4304 2895 4363 1115
2928 4311 3098 4365 actus
3130 4305 3270 4365 ideo
3298 4306 3496 4364 malus
3535 4313 3650 4381 est,

2097 4394 2242 4471 quia
2287 4396 2623 4455 secundum
2670 4413 2733 4456 se
2780 4403 2870 4456 est
2912 4397 3378 4458 disconveniens
3419 4405 3655 4458 naturae

2096 4486 2421 4545 rationali:
2456 4504 2603 4565 5135
2642 4487 2774 4566 ipsa
2800 4494 3023 4550 natura
3062 4495 3153 4548 est
3185 4508 3477 4550 mensura
3512 4490 3653 4550 talis

2096 4582 2288 4650 551115,
2320 4582 2382 4637 51
2408 4586 2848 4657 5555551155151
2874 4586 2966 4640 551
3002 4579 3105 4641 lex
3131 4582 3454 4641 naturalis,

2174 4667 2234 4725 4.
2281 4668 2561 4731 Secunda
2585 4671 2745 4731 ratio
2773 4688 2900 4731 esse
2927 4677 3147 4750 potest,
3177 4674 3323 4751 quia
3351 4680 3652 4752 praeeepta

2094 4758 2282 4837 hujus
2309 4761 2463 4839 15315
2490 4769 2655 4839 51151,
2699 4764 2797 4825 vel
2835 4766 3135 4844 principia
3162 4785 3272 4845 per
3298 4785 3362 4827 55
3400 4775 3547 4828 nota
3575 4786 3654 4828 55

2096 4852 2400 4927 151511515,
2426 4854 2526 4913 vel
2554 4855 2974 4917 conclusiones
2996 4858 3266 4918 evidenti
3294 4861 3655 4921 necessitate

2096 4960 2171 5002 ex
2199 4943 2321 5002 illis
2348 4943 2587 5021 elicitae,
2618 4965 2754 5024 quae
2786 4954 2929 5007 sunt
2957 4951 3193 5028 priores
3221 4952 3394 5010 omni
3421 4952 3654 5028 judicio

2094 5036 2372 5110 rationis,
2389 5053 2515 5097 555
2535 5038 2734 5098 5511115
2751 5040 3095 5102 15151155155
3112 5045 3323 5118 515511,
3340 5045 3446 5104 sed
3464 5045 3655 5103 etiam

2095 5127 2284 5205 ipsius
2318 5127 2662 5190 intellectus
2702 5132 2939 5193 divini:
2969 5134 3130 5193 sicut
3168 5135 3336 5195 enim
3376 5135 3655 5195 essentiae

2093 5236 2325 5294 rerum,
2368 5226 2669 5298 quatenus
2701 5241 2829 5282 non
2864 5225 3184 5303 implicant
3220 5226 3654 5286 contradictio-

2093 5327 2260 5384 nem,
2299 5318 2443 5370 sunt
2482 5313 2633 5373 tales
2672 5314 2772 5374 vel
2812 5316 2961 5375 tales
2993 5317 3060 5375 in
3105 5335 3234 5378 esse
3266 5318 3543 5378 essentiae
3571 5335 3653 5377 55

2090 5419 2177 5479 55,
2205 5408 2267 5464 51
2295 5410 2440 5467 5515
2466 5423 2718 5468 omnem
2757 5409 3175 5470 causalitatem
3215 5413 3346 5489 Dei,
3377 5420 3439 5473 et
3470 5412 3652 5489 quasi
