3976 6219
853 418 988 471 GAP.
1021 420 1130 471 XX.
1164 418 1380 473 mmm
1409 418 1700 473 INTEN‘rlo
1732 418 2190 483 LEGISLATORIS,
2226 418 2343 473 SEU
2372 419 2562 474 RATIO
2595 419 2792 485 LEGIS,
2827 420 2963 473 ETC.

298 512 504 575 tentia
519 511 816 593 persistit,
839 514 1141 575 servanda
1159 519 1250 575 est
1269 514 1370 575 lex
1393 520 1456 575 et
1476 504 1868 595 acceptanda,

302 608 454 686 quia
471 608 540 667 in
567 608 774 685 rigore
796 607 1164 685 supponitur
1183 623 1312 667 esse
1333 607 1560 683 valida,
1581 625 1726 667 cum
1744 626 1871 668 non

302 707 690 781 supponatur
717 700 976 779 injusta.

387 796 490 854 13.
541 794 756 857 Tertia
786 794 1078 873 acceptio,
1115 795 1173 857 si
1203 795 1272 857 de
1305 798 1469 871 sacto
1497 796 1696 875 majm·
1720 812 1872 874 pars

292 888 513 968 populi
538 906 658 949 non
682 890 884 949 servat
911 886 1408 965 leyen—Tertia
1435 887 1712 967 exceptio
1741 905 1872 949 esse

301 986 527 1059 potest,
555 979 606 1040 si
627 978 886 1057 defacto
907 979 1032 1057 maj
1039 998 1108 1040 or
1125 998 1268 1060 pars
1291 980 1502 1060 populi
1523 999 1651 1041 non
1670 986 1872 1041 servat

301 1074 549 1153 legem:
587 1091 760 1148 nam,
809 1072 955 1133 licet
995 1073 1152 1135 forte
1202 1074 1296 1135 illi
1341 1076 1726 1153 peccaverint
1761 1075 1872 1155 qui

301 1167 696 1246 inceperunt,
729 1171 792 1226 et
816 1164 925 1243 qui
948 1166 1222 1245 primum
1246 1168 1438 1227 secuti
1465 1173 1633 1243 sunt,
1655 1174 1868 1239 tamen

301 1266 635 1339 postquam
666 1277 766 1319 res
801 1258 882 1318 ad
918 1276 1065 1320 eum
1102 1264 1334 1320 statum
1372 1262 1654 1339 pervenit
1687 1266 1759 1321 ut
1790 1260 1867 1322 de

300 1351 468 1413 facto
508 1370 547 1412 a
582 1351 805 1429 majori
847 1356 1022 1429 parte
1065 1369 1194 1411 non
1231 1358 1530 1429 servetur,
1569 1358 1720 1414 tunc
1763 1353 1867 1413 alii

303 1445 438 1505 sine
456 1449 746 1524 pecccato
764 1442 1301 1524 poteruntssmajori
1316 1446 1478 1525 parti
1497 1446 1868 1507 conformari

301 1542 368 1597 et
390 1537 690 1611 excusari,
721 1536 863 1596 licet
886 1536 1044 1597 forte
1065 1535 1167 1597 lex
1193 1536 1470 1598 nondum
1492 1537 1674 1618 plene
1691 1556 1868 1599 revo-

303 1635 445 1690 cata
471 1629 574 1705 sit,
605 1625 751 1708 ‹iuia
786 1647 899 1708 pro
931 1634 1080 1689 tunc
1109 1647 1238 1690 non
1266 1636 1520 1709 possunt
1547 1631 1869 1710 pauciores

303 1722 629 1783 commode
667 1740 912 1783 servare
952 1721 1184 1801 legem,
1228 1730 1291 1785 et
1327 1722 1560 1805 habent
1599 1743 1870 1785 commo-

304 1816 452 1877 dam
479 1834 731 1877 causam
757 1816 1164 1877 excusationis
1189 1818 1282 1893 (ut
1302 1818 1528 1878 Navar.
1555 1818 1688 1895 ait),
1721 1820 1870 1897 quia

303 1910 695 1972 observantia
712 1909 954 1990 privata
969 1910 1109 1971 talis
1127 1910 1282 1989 16313
1296 1912 1428 1990 jam
1454 1929 1583 1972 non
1601 1912 1868 1991 pertinet

302 2002 384 2065 ad
409 2021 740 2064 commune
768 2002 1002 2063 bonum
1023 2048 1044 2078 ,
1092 2020 1208 2063 1166
1235 2004 1482 2065 videtur
1505 2004 1664 2065 velle
1697 2004 1866 2083 prin-

300 2114 446 2176 ceps
487 2096 764 2175 obligare
803 2114 1005 2157 unum
1040 2096 1141 2159 vel
1168 2096 1384 2166 alium,
1426 2097 1674 2176 quando
1700 2116 1867 2159 com-

300 2190 580 2250 munitas
597 2208 728 2250 non
750 2188 1034 2251 observat
1053 2188 1729 2267 legem.Verumtamen
1749 2192 1866 2251 hoc

301 2282 496 2343 etiam
543 2282 783 2360 indiget
834 2299 1062 2361 magna
1112 2281 1534 2344 moderatione
1559 2327 1580 2358 ,
1634 2282 1867 2361 alioqui

301 2373 520 2435 multoe
544 2374 714 2452 leges
747 2374 1042 2434 humanae
1069 2391 1198 2433 non
1235 2373 1583 2453 obligarent
1617 2375 1869 2439 timoraz·

299 2470 398 2525 tos
424 2471 489 2525 61
521 2467 715 2544 justos
737 2514 750 2537 ‚
795 2465 944 2545 quia
981 2465 1104 2544 maj
1112 2484 1182 2526 or
1208 2484 1350 2545 pars
1382 2465 1736 2545 reipublicae
1765 2484 1868 2527 eas

300 2575 432 2619 non
451 2564 676 2634 servat,
713 2558 880 2637 quod
904 2556 1416 2619 absurdissimum
1438 2564 1632 2619 esset:
1667 2558 1868 2619 solum

302 2669 455 2729 ergo
481 2656 679 2730 potest
704 2651 822 2711 hoc
850 2650 1082 2713 habere
1112 2651 1316 2711 locum
1342 2651 1592 2731 quando
1618 2670 1747 2712 non
1773 2670 1869 2713 so-

301 2742 437 2804 lum
460 2762 585 2805 non
609 2749 891 2807 servatur
906 2743 1008 2805 lex
1029 2762 1068 2805 a
1085 2744 1306 2822 majori
1326 2750 1520 2823 parte,
1548 2744 1655 2805 sed
1677 2745 1867 2805 etiam

303 2838 440 2915 ejus
484 2837 876 2898 observantia
927 2836 1457 2915 perturbationem
1498 2843 1754 2917 generat
1797 2838 1866 2899 in

301 2930 624 3010 republica
642 2949 787 2992 cum
809 2929 1083 3011 periculo
1101 2928 1417 2992 seditionis
1438 2931 1538 2991 vel
1554 2930 1829 2991 scandali
1847 2951 1863 2991 ε

301 3029 462 3084 111116
496 3026 662 3085 6111111
705 3024 928 3086 merito
965 3023 1424 3085 excusabuntur
1466 3023 1866 3102 particulares

303 3135 611 3197 personae,
641 3119 784 3197 quia
810 3118 941 3197 jam
970 3116 1110 3178 talis
1136 3117 1527 3178 observantia
1558 3135 1685 3177 non
1713 3123 1870 3179 esset

301 3210 485 3271 utilis
514 3212 826 3272 communi
851 3212 1038 3286 bono,
1069 3215 1132 3271 et
1155 3211 1441 3290 princeps
1467 3211 1598 3290 ipse
1633 3211 1868 3272 tenebi-

301 3309 410 3365 tur
441 3309 588 3365 tunc
613 3305 813 3382 legem
841 3304 1082 3380 tollere,
1114 3302 1331 3364 saltem
1359 3309 1609 3384 propter
1631 3304 1868 3382 majora

304 3397 474 3458 mala
511 3398 784 3460 vitanda.
838 3396 1096 3472 Quando
1130 3415 1277 3458 vero
1313 3396 1620 3458 censenda
1657 3397 1738 3457 sit
1765 3396 1867 3458 lex

305 3490 596 3570 derogata
639 3509 750 3570 per
780 3491 942 3552 hanc
987 3489 1378 3551 subditorum
1415 3488 1826 3550 resistentiam
1842 3534 1863 3565 ,

302 3583 578 3652 dicemus
611 3584 995 3645 commodius
1021 3585 1088 3644 in
1123 3583 1282 3644 libro
1311 3581 1634 3660 sequenti,
1681 3581 1861 3662 capit.

303 3676 773 3753 decimo-sexto,
805 3677 954 3756 quia
977 3676 1046 3737 in
1073 3675 1194 3736 hoc
1221 3675 1568 3736 communis
1598 3679 1690 3735 est
1714 3675 1867 3736 doc-

299 3769 473 3831 trina
498 3771 745 3851 utrique
769 3769 900 3849 legi
925 3769 1236 3831 canonicae
1267 3773 1330 3830 et
1353 3764 1545 3829 civili.

879 3957 1128 4022 CAPUT
1170 3957 1300 4020 XX.

299 4156 510 4204 trram
548 4157 824 4205 m'rEfl'no
863 4157 1272 4205 malmrolus
1326 4156 1438 4202 sm
1480 4155 1660 4202 RATIO
1698 4153 1866 4201 LEGIS

628 4253 720 4300 sn·
758 4251 1106 4300 mnmsma
1143 4249 1346 4296 Pom
1383 4249 1540 4296 mue.

387 4423 450 4480 1.
503 4421 692 4486 Verba
719 4425 858 4483 swnt
881 4420 1138 4482 materia
1160 4423 1216 4482 et
1243 4435 1458 4498 corpus
1476 4417 1630 4498 leuis
1647 4444 1674 4490 ,·
1703 4435 1868 4482 mma

303 4512 680 4592 lapidator-is
702 4514 930 4575 anima.
947 4543 1031 4556 —
1049 4509 1475 4589 Explicuimus
1501 4528 1576 4572 ea
1597 4528 1734 4590 quae
1761 4529 1866 4572 ex-

301 4609 553 4664 ternam
577 4603 843 4665 formam
864 4603 1019 4682 legis
1041 4619 1408 4664 concernere
1421 4602 1557 4663 risa
1577 4607 1742 4678 sunt,
1770 4621 1871 4663 su-

301 4702 513 4776 perest
547 4697 880 4758 dicendum
915 4696 992 4756 de
1021 4695 1119 4756 his
1144 4713 1282 4775 quae
1317 4696 1396 4755 ad
1426 4695 1694 4756 formam
1736 4697 1870 4774 ejus

303 4788 623 4849 internam
649 4795 713 4849 et
739 4789 914 4868 quasi
954 4786 1338 4866 spiritualem
1369 4788 1684 4866 pertinent
1720 4805 1737 4848 ε
1781 4788 1869 4847 316

303 4882 478 4942 6111111
512 4881 636 4942 duo
661 4882 730 4942 in
766 4881 902 4959 lege
930 4898 1058 4941 esse
1085 4878 1524 4958 distinguenda
1547 4897 1735 4958 supra
1759 4897 1867 4959 po-

167 5011 182 5022 ·
303 4975 567 5035 suimus.
621 4974 1018 5052 Sumiturque
1063 4990 1142 5033 ex
1189 4972 1506 5033 communi
1549 4971 1735 5032 modo
1779 4971 1869 5031 lo-

301 5067 541 5146 quendi
569 5067 1065 5146 jurisperitorum
1097 5085 1112 5125 :
1157 5064 1549 5144 distinguunt
1593 5065 1763 5126 enim
1801 5063 1872 5126 in

302 5157 446 5238 1636
471 5159 663 5220 verba
689 5165 752 5220 et
780 5163 1054 5220 mentem
1080 5157 1448 5235 legislatoris
1459 5202 1480 5233 ,
1513 5163 1576 5218 et
1600 5157 1872 5237 primum

304 5251 528 5312 dicunt
550 5269 681 5313 6336
703 5252 879 5331 quasi
897 5251 1224 5312 materiam
1246 5257 1308 5312 et
1328 5268 1547 5330 corpus
1564 5249 1751 5328 legis:
1781 5268 1873 5312 se-

305 5344 586 5406 cundum
603 5362 736 5406 6336
755 5346 1042 5424 spiritum
1063 5349 1127 5405 et
1147 5344 1423 5404 animam
1450 5343 1627 5420 legis.
1659 5342 1873 5402 Tradit

302 5437 482 5498 Bald.
525 5439 595 5499 in
632 5438 676 5499 1.
721 5437 902 5502 Soio-e
937 5439 1118 5501 etiam
1142 5482 1164 5513 ,
1207 5435 1274 5496 ff.
1321 5437 1399 5497 de
1439 5437 1660 5496 Excus.
1703 5439 1869 5511 tut.3

305 5531 614 5610 Rogerius
641 5531 712 5594 in
745 5536 828 5594 tr.
860 5529 938 5592 de
983 5529 1118 5594 Jur.
1151 5530 1336 5592 inter.
1386 5547 1450 5610 q.
1488 5531 1551 5604 1,
1599 5545 1664 5591 n.
1705 5528 1783 5588 16
1811 5532 1875 5590 61

3396 418 3517 479 253

1955 534 2085 597 seq.
2108 532 2129 594 3
2168 516 2462 596 Stephan.
2501 517 2578 579 de
2612 518 2861 579 Freder.
2888 564 2911 594 ,
2948 523 3026 579 tr.
3072 516 3149 578 de
3186 518 3511 599 Interpret.

1951 607 2074 687 leg.
2098 654 2120 684 ,
2163 628 2228 688 p.
2262 612 2329 685 1,
2369 628 2408 670 a
2446 629 2512 669 n.
2557 612 2596 669 2
2610 632 2628 685 3
2661 611 2884 690 Georg.
2930 610 3197 671 Natham
3224 610 3292 671 in
3325 618 3405 671 tr.
3439 613 3517 673 de

1953 700 2236 777 Statut0,
2267 720 2328 781 q.
2360 705 2423 779 4,
2461 721 2526 764 n.
2562 704 2680 763 346
2700 720 2721 780 3
2765 702 3075 783 Tiraquel.
3107 702 3176 763 in
3204 702 3250 763 l.
3284 702 3367 766 Si
3404 722 3517 767 un·

1950 810 2131 873 quam
2146 838 2167 870 ‚
2196 794 2368 855 verb.
2401 793 2485 857 Si
2514 795 2799 870 libertas,
2838 814 2877 856 a
2904 815 2969 857 n.
3002 798 3104 856 45.
3157 796 3277 856 Nos
3304 802 3515 858 autem

1950 903 2135 964 supra
2151 886 2220 947 in
2240 887 2444 948 verbis
2470 886 2620 965 ipsis
2642 888 2767 947 duo
2794 888 3229 949 distinximus:
3262 888 3511 965 scilicet,

1949 978 2295 1039 materialia
2315 979 2505 1039 verba
2532 984 2595 1041 et
2622 979 3167 1057 significationem,
3192 998 3303 1059 per
3325 999 3515 1059 quam

1949 1088 2198 1131 sensum
2224 1071 2495 1133 reddunt
2520 1076 2583 1133 et
2611 1077 2887 1133 mentem
2914 1071 3281 1150 legislatoris
3312 1073 3515 1134 decla-

1949 1170 2093 1224 rant
2117 1180 2138 1241 3
2178 1171 2241 1226 et
2269 1165 2378 1225 illa
2408 1164 2531 1225 duo
2560 1165 2726 1225 inter
2751 1183 2816 1225 se
2844 1165 3256 1245 comparando
3282 1211 3303 1241 ,
3353 1167 3514 1228 dixi-

1953 1275 2095 1318 mus
2114 1258 2629 1338 significationem
2646 1277 2775 1319 esse
2798 1258 3057 1319 formale
3078 1264 3359 1337 respectu
3384 1278 3515 1320 ma-

1949 1351 2265 1411 terialium
2290 1350 2622 1412 verborum
2647 1367 2668 1428 3
2704 1369 2870 1412 nunc
2910 1355 3121 1412 autem
3156 1350 3348 1411 verba
3379 1352 3513 1430 ipsa

1947 1444 2134 1505 etiam
2160 1449 2230 1503 ut
2258 1442 2673 1521 significantia
2700 1460 3128 1523 comparamus
3149 1444 3230 1502 ad
3258 1444 3513 1504 interio-

1945 1552 2082 1595 rem
2114 1540 2389 1595 mentem
2409 1535 2799 1613 legislatoris,
2826 1542 2887 1597 et
2910 1535 2997 1595 sic
3022 1535 3284 1596 dicimus
3314 1554 3376 1597 se
3404 1536 3514 1597 ha-

1945 1626 2094 1689 bere
2137 1633 2210 1688 ut
2254 1646 2475 1707 corpus
2508 1634 2571 1689 et
2610 1628 2936 1690 materiam
2975 1634 3257 1709 respectu
3294 1629 3513 1691 formae

1945 1738 2054 1781 seu
2084 1720 2355 1799 spiritus·

2028 1817 2089 1876 Ξ.
2134 1816 2363 1875 Praeter
2400 1814 2533 1875 haec
2568 1832 2715 1875 vero
2751 1814 2820 1874 in
2860 1814 2995 1893 ipsa
3023 1820 3234 1876 mente
3268 1815 3513 1893 legisla-

1946 1908 2095 1967 toris
2117 1906 2240 1968 duo
2267 1907 2728 1985 distinguimuS,
2760 1906 3013 1982 scilicet,
3044 1907 3432 1969 voluntatem
3450 1914 3513 1968 61

1945 2000 2253 2060 rationem
2275 2045 2297 2075 ,
2338 2017 2477 2078 quae
2506 1998 2679 2059 Bald.
2714 2004 2777 2061 et
2804 2003 3087 2060 auctores
3122 2018 3309 2080 supra
3341 2001 3513 2062 citati

1945 2092 2238 2153 videntur
2257 2090 2657 2167 confundere,
2688 2097 2751 2152 et
2768 2110 2946 2171 aequa
2965 2091 3042 2152 de
3067 2092 3190 2153 illis
3208 2092 3507 2171 judicare.

1947 2185 2122 2259 Quod
2151 2185 2340 2246 etiam
2380 2184 2556 2245 docet
2593 2186 2760 2245 Bart.
2791 2185 2861 2245 in
2892 2184 3014 2263 leg.
3068 2184 3221 2249 Cum
3247 2188 3465 2249 mulier
3486 2234 3505 2262 ‚

1946 2276 2015 2337 ff.
2054 2278 2245 2340 Solut.
2277 2277 2551 2338 matrim.
2583 2294 2694 2357 per
2724 2283 2968 2339 textum
3005 2277 3117 2338 ibi.
3160 2279 3332 2339 Idem
3362 2296 3509 2341 vero

1944 2372 2111 2433 Bart.
2152 2372 2221 2433 in
2259 2371 2369 2431 lib.
2416 2372 2499 2446 3,
2546 2370 2630 2434 Si
2652 2388 2894 2449 parem,
2944 2369 3010 2430 ff.
3050 2370 3126 2431 de
3168 2372 3317 2449 Leg.
3358 2377 3508 2447 tut.,

1947 2472 2171 2544 praeter
2196 2465 2387 2525 verba
2416 2464 2742 2541 distinguit
2766 2464 2833 2523 in
2859 2463 2999 2542 lege
3021 2468 3296 2524 mentem
3323 2469 3385 2524 et
3410 2482 3510 2524 ra-

1945 2559 2205 2633 tionem,
2232 2557 2439 2619 dicens
2460 2574 2538 2618 ex
2559 2557 2800 2617 ratione
2824 2555 3037 2634 colligi
3054 2562 3358 2631 mentem,
3380 2574 3509 2616 non

1941 2655 2157 2713 tamen
2196 2667 2323 2711 esse
2355 2650 2556 2725 idem3
2581 2650 2861 2727 sequitur
2885 2649 3029 2709 Dec.
3062 2647 3130 2707 in
3162 2647 3205 2707 1.
3246 2651 3306 2723 1,
3338 2648 3401 2709 C.
3433 2648 3512 2709 de

1947 2743 2223 2819 Edendo,
2266 2761 2333 2803 11.
2361 2744 2461 2817 12,
2506 2749 2567 2803 et
2592 2740 2823 2819 optime
2848 2740 2918 2801 in
2946 2757 3081 2819 cap.
3118 2739 3389 2802 Sectmdo
3418 2758 3512 2803 ro-

1947 2836 2151 2917 quiris
2168 2880 2189 2911 ,
2228 2835 2305 2895 de
2350 2834 2656 2914 Appellat.
2680 2877 2701 2908 ,
2745 2851 2812 2893 n.
2850 2834 2881 2892 1
2907 2876 2928 2907 ‚
2972 2832 3041 2893 in
3072 2828 3242 2893 fine:
3282 2837 3345 2892 61
3378 2833 3513 2893 31116

1947 2928 2134 2989 dubio
2161 2928 2228 2987 in
2264 2926 2474 2987 anImo
2510 2925 2877 3003 legislatoris
2903 2924 3034 2985 haec
3062 2923 3187 2985 duo
3225 2924 3513 2987 distincta

1943 3027 2126 3096 sunt,
2168 3020 2421 3093 scilicet,
2468 3018 2755 3097 voluntas
2782 3034 2893 3077 seu
2919 3017 3184 3077 intentio
3208 3018 3341 3095 ejus
3357 3063 3379 3093 ,
3420 3036 3510 3079 se-

1943 3113 2220 3174 cundum
2264 3128 2456 3192 quam
2500 3111 2633 3171 vult
2680 3111 3013 3189 praecipere
3052 3153 3073 3184 ‚
3128 3114 3192 3170 et
3228 3111 3387 3170 ratio
3431 3111 3511 3171 ob

1942 3223 2133 3285 quam
2157 3210 2478 3265 movetur:
2510 3203 2642 3262 haec
2662 3201 2833 3262 enim
2858 3201 2927 3261 in
2951 3200 3123 3260 omni
3144 3219 3409 3280 persona
3432 3219 3509 3263 ex

1941 3298 2262 3359 voluntate
2296 3301 2359 3358 et
2394 3295 2635 3357 ratione
2674 3298 2970 3373 operante
3006 3293 3305 3354 distincta
3337 3300 3505 3370 sunt,

1941 3396 2014 3451 ut
2038 3408 2150 3470 per
2176 3407 2239 3450 se
2267 3393 2330 3450 et
2355 3406 2434 3449 ex
2461 3385 2849 3466 philosophia
2874 3389 3139 3460 constat,
3170 3390 3235 3446 et
3258 3385 3401 3446 ideo
3433 3385 3511 3448 de

1940 3489 2205 3562 utraque
2226 3479 2561 3543 dicendum
2582 3485 2675 3540 est
2691 3477 2999 3558 quomodo
3030 3477 3101 3537 in
3122 3495 3197 3538 ea
3218 3478 3513 3540 consistat

1942 3579 2156 3637 anima
2181 3574 2336 3653 legis
2358 3618 2379 3649 ,
2424 3591 2532 3634 seu
2566 3570 2876 3652 quomodo
2912 3571 3266 3649 pertineant
3294 3570 3375 3630 ad
3412 3571 3513 3631 in-

1940 3669 2274 3730 trinsecam
2306 3666 2575 3727 formam
2612 3664 2787 3743 legis.
2838 3664 3001 3724 Hinc
3026 3662 3199 3724 enim
3235 3663 3509 3724 multum

1940 3760 2173 3844 pendet
2198 3777 2411 3822 sensus
2432 3765 2495 3821 et
2520 3757 2952 3838 interpretatio
2977 3755 3136 3836 legis
3150 3800 3173 3832 ,
3202 3762 3274 3817 ut
3296 3761 3511 3835 postea

1939 3854 2310 3917 videbimus.

2025 3948 2084 4009 3.
2134 3944 2447 4010 Conclusio
2492 3942 2905 4022 affirmativa.
2953 3975 3035 3988 —
3082 3941 3294 4008 Omnis
3340 3949 3511 4007 actus

1942 4040 2199 4102 moralis
2236 4038 2448 4117 pendet
2487 4034 2886 4097 exsaniat-iter
2922 4035 2998 4096 ab
3043 4034 3385 4099 intentione.
3427 4067 3511 4083 -

1942 4133 2091 4193 Dico
2118 4147 2263 4208 ergo
2290 4129 2493 4207 primo
2519 4143 2536 4187 ε
2567 4125 2867 4186 Voluntas
2893 4125 3261 4204 legislatoris
3286 4135 3377 4190 est
3402 4129 3507 4190 in..

1942 4225 2209 4286 trinseca
2228 4222 2431 4282 forma
2454 4225 2517 4280 et
2542 4219 2753 4280 anima
2778 4217 2955 4296 legis.
2998 4219 3324 4296 Probatur,
3355 4221 3507 4301 quia

1941 4318 2045 4380 lex
2074 4313 2480 4378 essentialiter
2500 4312 2729 4393 pendet
2757 4311 2828 4370 in
2856 4328 2969 4371 suo
3000 4329 3130 4373 esse
3157 4329 3229 4374 ac
3250 4313 3507 4374 institu-

1940 4411 2111 4471 tione
2137 4408 2217 4469 ab
2236 4406 2581 4468 intentione
2602 4403 2972 4483 legislatoris
3000 4420 3018 4465 1
3054 4422 3205 4466 nam
3229 4404 3374 4467 licet
3401 4405 3509 4468 ille

1943 4503 2215 4584 proferat
2240 4499 2429 4562 verba
2454 4499 2530 4560 de
2562 4516 2625 4559 se
2653 4496 3023 4558 sufficientia
3042 4497 3124 4558 ad
3150 4499 3512 4578 praecipien·

1944 4597 2098 4658 dum
2120 4640 2141 4671 ,
2194 4599 2425 4656 etcum
2454 4589 2741 4652 omnibus
2777 4590 3049 4651 exterius
3074 4591 3385 4669 rlequisitis
3430 4591 3511 4652 ad

1942 4688 2445 4750 constitutionem
2470 4685 2624 4763 legis
2643 4728 2665 4758 ,
2714 4684 2768 4745 si
2797 4701 2928 4744 non
2956 4682 3182 4744 habeat
3213 4684 3509 4745 intentio·

1943 4800 2089 4845 nem
2116 4781 2358 4843 ferendi
2394 4779 2596 4858 legem
2607 4823 2628 4854 ,
2660 4795 2790 4838 non
2826 4777 2984 4837 feret
3010 4776 3185 4838 illam
3200 4823 3221 4854 ,
3254 4794 3369 4838 1166
3397 4777 3507 4838 illa

1943 4875 2064 4936 erit
2094 4891 2242 4935 vera
2265 4873 2388 4932 lex.
2420 4871 2599 4932 Ratio
2626 4875 2740 4945 est,
2770 4869 2918 4948 quia
2938 4868 3141 4929 omnis
3168 4874 3341 4929 actus
3373 4885 3511 4928 mo-

1943 4968 2092 5029 ralis
2134 4966 2362 5046 pendet
2405 4962 2807 5027 essentialiter
2843 4962 2923 5022 ab
2963 4963 3331 5038 intentione,
3378 4962 3513 5024 sine

1947 5055 2075 5142 qua
2099 5079 2226 5122 non
2256 5065 2349 5122 est
2368 5077 2551 5121 verus
2582 5063 2755 5119 actus
2769 5101 2790 5132 ,
2831 5056 2937 5117 sed
2964 5055 3145 5116 fictus
3173 5056 3243 5117 in
3270 5074 3384 5116 suo
3413 5074 3513 5116 or-

1945 5155 2092 5217 dine
2119 5172 2229 5214 seu
2249 5155 2319 5214 in
2343 5171 2457 5213 sua
2476 5151 2697 5230 specie.
2730 5149 2831 5209 Sic
2853 5153 3070 5209 votum
3088 5149 3357 5210 exterius
3377 5149 3509 5210 fac-

1944 5253 2083 5308 tum
2112 5247 2247 5306 sine
2272 5243 2618 5306 intentione
2652 5260 2779 5302 non
2807 5246 2899 5301 est
2923 5245 3140 5300 votum
3164 5284 3185 5315 ,
3230 5259 3347 5304 nec
3372 5259 3515 5304 cen-

1945 5357 2092 5400 sura
2137 5338 2266 5398 lata
2313 5339 2445 5397 sine
2502 5333 2849 5396 intentione
2897 5337 2991 5393 est
3041 5349 3300 5394 censura
3320 5379 3343 5410 ,
3395 5350 3511 5394 nec

1947 5434 2405 5492 sacramentum
2472 5429 2606 5488 sine
2666 5426 3013 5486 intentione
3071 5425 3363 5487 collatum
3424 5431 3515 5486 631

1947 5525 2405 5588 sacramentum
2424 5567 2447 5598 ,
2486 5526 2551 5584 61
2577 5519 2665 5582 316
2706 5517 2785 5582 (16
2819 5518 2999 5606 aliis3
3042 5518 3210 5584 idem
3240 5533 3388 5598 ergo
3420 5522 3515 5580 est
