3976 6219
932 473 1066 525 CAP.
1102 473 1184 525 XI.
1223 472 1432 525 mmm
1466 472 1624 525 les
1655 470 2031 522 POTESTATIS
2064 469 2142 521 ET
2175 469 2352 524 LEGIS
2385 469 2619 533 civius,
2657 470 2790 521 ETC.

3340 468 3453 528 211

263 575 535 648 sitiones,
563 571 638 633 de
664 572 889 651 quibus
905 572 1099 633 videri
1117 577 1371 651 possunt
1393 572 1559 651 Orig.
1588 570 1817 632 Homil.
1900 576 2026 648 tur,
2058 577 2129 631 ut
2162 570 2565 649 intelligenda
2586 569 2665 631 sit
2686 570 2760 630 de
2785 570 2925 648 jure
2954 570 3121 632 civili
3156 580 3460 652 quatenus

264 669 324 728 4.
357 667 423 726 in
458 666 566 725 lib.
598 665 911 741 Judicum,
948 666 1308 743 Hieronym.
1348 670 1409 725 et
1434 665 1822 744 Expositores

263 759 373 819 ibi.
415 760 607 819 Verus
640 778 853 820 sensus
878 759 1036 820 mihi
1062 758 1306 818 videtur
1336 758 1422 818 ibi
1453 758 1823 839 reprehendi

266 869 441 930 reges
455 851 699 931 iniquos
722 852 929 927 Israel,
953 870 1078 912 non
1098 851 1243 930 quia
1262 870 1437 929 reges
1455 870 1581 912 non
1596 856 1820 927 essent,

268 952 331 1007 et
356 946 778 1024 gubernarent
795 994 816 1024 ,
867 947 971 1007 sed
1001 946 1147 1025 quia
1166 993 1186 1023 ,
1228 964 1366 1006 cum
1396 965 1570 1025 reges
1597 952 1821 1023 essent,

267 1038 429 1100 male
448 1033 898 1119 gubernarent:
922 1040 1041 1101 hoc
1058 1040 1225 1101 enim
1246 1039 1549 1118 significat
1566 1057 1827 1118 regnare

267 1150 395 1193 non
423 1151 498 1194 ex
529 1135 673 1203 Deo,
705 1135 866 1214 quod
887 1136 1094 1195 statim
1118 1135 1456 1214 explicatur
1487 1137 1631 1216 quia
1650 1136 1831 1197 indu-

270 1224 492 1287 cebant
517 1227 817 1308 populum
848 1227 928 1287 ad
951 1227 1117 1288 idola
1145 1228 1423 1306 colenda,
1455 1236 1517 1293 et
1537 1229 1783 1292 similia.

851 1407 1101 1470 CAPUT
1141 1407 1242 1469 XI.

277 1611 477 1657 trram(
505 1611 654 1658 1³1le
686 1613 1032 1658 POTESTATlS
1064 1614 1140 1659 ET
1168 1615 1330 1659 LEGIS
1359 1615 1563 1661 clvms
1578 1644 1597 1674 ,
1648 1613 1830 1659 Pnou'r

358 1706 510 1751 NUNC
538 1707 647 1753 EST
678 1708 736 1753 IN
769 1709 1074 1768 EGCLESIA,
1114 1709 1203 1754 SIT
1230 1709 1396 1755 mus
1425 1709 1468 1754 A
1501 1709 1639 1755 FINE
1667 1709 1832 1754 mus-

359 1799 486 1845 mm
518 1801 866 1847 POTESTATIS
894 1803 970 1847 m·
997 1802 1157 1847 Lmts
1171 1832 1190 1862 ,
1222 1803 1297 1848 UT
1324 1803 1384 1849 IN
1413 1804 1567 1849 PURA
1592 1802 1834 1849 NATURA

361 1893 472 1937 vm.
497 1894 557 1939 m
590 1895 875 1942 GENTIBUS
905 1894 1181 1942 SPEGTARI
1207 1895 1440 1942 POTEST.

357 2062 415 2119 1.
462 2061 679 2123 Finem
693 2062 874 2141 juris
897 2064 1099 2127 civilis
1131 2082 1251 2127 esse
1272 2064 1532 2127 eumdem
1559 2082 1688 2128 cum
1716 2065 1837 2141 fine

277 2154 547 2215 canonici
574 2155 756 2216 sentit
789 2155 1156 2219 Fortuuius.
1188 2191 1270 2203 —
1308 2157 1586 2217 Diximus
1613 2157 1746 2217 dari
1770 2158 1838 2218 in

275 2242 631 2305 hominibus
652 2252 1015 2325 potestatem
1036 2249 1112 2310 ad
1134 2249 1418 2310 ferendas
1436 2250 1625 2329 legeS,
1651 2256 1837 2329 atque

279 2337 431 2399 adeo
449 2337 560 2399 has
584 2339 749 2421 leges
774 2359 903 2402 9559
925 2342 1273 2420 possibiles3
1299 2350 1370 2404 ut
1387 2348 1595 2403 autem
1617 2348 1839 2402 natura

279 2435 340 2491 et
372 2431 694 2492 necessitas
721 2452 935 2494 earum
962 2435 1158 2514 magis
1184 2435 1567 2511 declaretur,
1598 2438 1840 2513 oportet

282 2521 470 2584 finem
508 2523 757 2585 illarum
801 2527 1110 2607 ipsiusque
1147 2528 1460 2608 potestatis
1495 2528 1839 2606 generatim

282 2617 689 2695 considerare,
739 2619 901 2698 quod
941 2621 1007 2680 in
1043 2620 1159 2681 hoc
1197 2621 1393 2699 capite
1420 2618 1840 2699 praestandum

280 2714 392 2770 est.
433 2710 774 2791 Statimque
803 2713 1035 2773 occurit
1062 2713 1270 2792 opinio
1301 2712 1578 2773 Fortunii
1606 2712 1840 2772 Garciae

280 2806 458 2862 tract.
487 2803 562 2864 de
591 2804 819 2866 Ultimo
854 2804 976 2866 fine
1002 2806 1319 2884 utriusque
1354 2805 1531 2884 juriS,
1559 2803 1665 2863 ubi
1694 2822 1841 2864 con-

281 2896 479 2955 tendit
504 2897 762 2958 suadere
785 2897 976 2959 finem
998 2898 1155 2976 juris
1182 2897 1377 2958 civilis
1400 2912 1529 2958 esse
1553 2897 1841 2958 eumdem

285 3006 426 3048 cum
475 2988 597 3051 fine
637 2991 796 3069 juris
829 2991 1130 3066 canonici,
1177 2990 1526 3069 habereque
1559 2990 1842 3050 eamdem

282 3081 587 3160 originem
613 3083 949 3164 eademque
977 3083 1297 3164 principia.
1324 3083 1496 3143 Unde
1521 3081 1718 3143 multa
1741 3082 1841 3141 in-

283 3173 405 3234 fert
423 3193 559 3255 quae
590 3183 800 3255 postea
827 3176 1237 3236 examinanda
1256 3179 1431 3235 sunt:
1459 3192 1607 3235 nam
1630 3173 1706 3235 de
1728 3173 1844 3233 hac

284 3268 573 3347 opinione
602 3275 903 3348 quatenus
943 3268 1466 3347 comparationem
1497 3265 1643 3326 facit
1683 3266 1846 3327 inter

282 3366 613 3440 utrumque
643 3362 769 3440 jus,
809 3363 876 3422 in
914 3361 1073 3423 libro
1102 3360 1379 3440 sequenti
1411 3359 1738 3420 dicendum
1767 3377 1845 3420 ex

284 3453 553 3533 professo
577 3458 694 3529 est,
717 3454 864 3533 quia
892 3472 1019 3514 non
1048 3453 1351 3533 explicato
1380 3453 1550 3532 prius
1583 3455 1847 3529 utroque

286 3555 582 3625 extremo,
636 3565 762 3608 non
805 3552 1005 3628 potest
1051 3565 1268 3609 eorum
1310 3544 1683 3624 comparatio
1712 3543 1846 3604 fieri

288 3647 397 3703 aut
426 3642 710 3721 intelligi.
742 3641 855 3702 Hic
895 3659 1043 3720 ergo
1086 3640 1310 3714 solum,
1342 3638 1418 3698 de
1447 3641 1745 3717 potestate
1774 3654 1846 3696 ac

282 3736 421 3814 jure
450 3734 617 3796 civili
650 3734 926 3795 absolute
949 3739 1215 3813 spectato
1239 3732 1306 3792 in
1333 3731 1546 3792 ordine
1566 3729 1644 3790 ad
1664 3747 1845 3789 suum

289 3827 503 3904 finem,
550 3828 759 3907 opinio
809 3826 939 3887 haec
968 3825 1287 3888 tractanda
1317 3828 1428 3885 est.
1470 3823 1668 3884 Sentit
1698 3838 1844 3900 ergo

290 3921 616 3981 Fortunius
656 3919 849 3982 finem
883 3920 1045 3997 juris
1073 3919 1269 3980 civilis
1306 3934 1434 3979 esse
1483 3935 1608 3976 non
1645 3915 1845 3975 solum

289 4020 607 4075 externam
636 4031 850 4093 pacem
887 4020 950 4074 et
978 4013 1286 4092 justitiam
1325 4009 1699 4090 reipublicae,
1740 4008 1846 4067 sed

289 4108 475 4168 etiam
509 4121 722 4168 veram
760 4112 822 4168 et
857 4106 1166 4166 internam
1195 4103 1464 4164 hominis
1490 4100 1846 4162 felicitatem

289 4219 360 4261 ac
410 4200 691 4263 salutem.
743 4202 833 4261 lta
881 4198 1193 4278 significat
1239 4196 1349 4272 ibi,
1391 4214 1459 4254 n.
1493 4196 1554 4269 6,
1593 4193 1845 4273 junctiS,

292 4310 427 4372 quae
472 4293 712 4354 dixerat
757 4312 820 4354 n.
879 4294 937 4367 2,
988 4292 1097 4353 ubi
1138 4289 1424 4352 eumdem
1469 4286 1659 4347 finem
1689 4285 1850 4364 juris

292 4388 576 4448 canonici
598 4393 905 4468 posuerat,
933 4394 993 4448 et
1015 4385 1160 4446 inde
1189 4381 1498 4445 concludit
1525 4399 1653 4442 esse
1676 4398 1849 4441 eum-

293 4480 435 4543 dem
481 4479 672 4542 finem
716 4481 1034 4558 utriusque
1074 4478 1251 4559 juris.
1293 4475 1467 4536 Unde
1489 4491 1733 4535 necesse
1758 4477 1850 4533 est

293 4580 364 4633 ut
390 4573 490 4635 vel
516 4573 739 4635 sentiat
765 4571 954 4633 finem
980 4569 1260 4631 canonici
1278 4569 1431 4648 juris
1449 4585 1581 4628 esse
1602 4571 1850 4627 tantum

293 4672 614 4728 externam
644 4665 923 4746 politiam
951 4664 1315 4737 humanam,
1347 4659 1511 4740 quod
1536 4658 1714 4719 valde
1743 4657 1850 4718 ab·

297 4760 554 4820 surdum
584 4765 673 4821 est
698 4781 713 4833 ;
739 4759 837 4820 vel
868 4763 1109 4838 oportet
1135 4761 1207 4817 ut
1232 4755 1457 4815 sentiat
1484 4752 1672 4813 finem
1692 4751 1850 4830 juris

297 4851 493 4913 civilis
514 4871 642 4913 non
670 4851 881 4912 sistere
911 4851 977 4911 in
1005 4849 1281 4909 humana
1303 4846 1538 4926 politia,
1565 4851 1626 4906 et
1653 4850 1853 4905 exter—

296 4965 380 5008 na
407 4966 553 5028 pace
585 4966 657 5008 ac
677 4946 920 5026 justitia
946 4943 1320 5023 reipublicae,
1366 4941 1472 5001 sed
1511 4942 1697 5001 etiam
1718 4946 1852 5000 ten-

297 5041 442 5101 dere
470 5040 548 5100 ad
578 5058 789 5101 veram
814 5038 1166 5100 felicitatem
1188 5035 1551 5095 humanam.

376 5135 435 5194 2.
482 5132 639 5205 Quia
658 5150 804 5193 vero
826 5132 958 5191 haec
982 5129 1194 5211 opinio
1231 5127 1440 5189 statim
1468 5129 1722 5206 apparet
1762 5124 1857 5184 in-

296 5225 629 5301 credibilis,
672 5224 982 5286 intellecta
1006 5224 1239 5302 dejure
1267 5219 1431 5281 civili
1455 5225 1517 5280 et
1542 5219 1617 5279 de
1658 5223 1857 5297 potes-

294 5324 423 5380 tate
470 5318 708 5379 ferendi
746 5317 924 5392 illud,
964 5321 1148 5396 prout
1191 5333 1319 5377 esse
1364 5317 1560 5392 potest
1595 5310 1662 5370 in
1702 5328 1857 5390 pura

298 5416 546 5485 natura,
583 5417 645 5471 et
681 5410 749 5470 in
777 5410 1078 5491 principio
1102 5407 1244 5467 libri
1285 5426 1323 5467 a
1354 5404 1533 5466 nobis
1555 5403 1857 5483 explicata

299 5509 412 5579 est,
456 5504 595 5564 ideo
635 5504 854 5564 Navar.
891 5502 958 5562 in
990 5502 1305 5561 Commen.
1352 5499 1428 5559 de
1454 5496 1708 5557 Finibus
1740 5495 1857 5554 hu·

300 5614 632 5658 manorum
664 5602 937 5674 actuum,
959 5614 1025 5657 n.
1048 5596 1149 5673 29,
1180 5593 1268 5656 ita
1286 5592 1460 5656 illam
1494 5592 1858 5670 interpreta-

1903 670 1995 725 est
2013 684 2049 724 a
2072 664 2421 725 christianis
2445 663 2916 742 imperatoribus
2939 669 3000 725 et
3022 666 3270 744 regibus
3295 687 3463 728 com-

1903 757 2172 836 positum
2204 763 2312 817 aut
2344 756 2712 836 probatum:
2764 757 2850 817 sic
2892 758 3060 818 enim
3102 761 3290 821 etiam
3332 761 3462 842 ipse

1903 851 1990 911 ait
2009 868 2221 912 veram
2244 850 2596 912 felicitatem
2614 856 2932 928 aeternam,
2949 872 3136 931 quam
3160 857 3464 920 credimus

1906 949 1968 1004 ct
1981 962 2318 1023 speramuS,
2337 962 2468 1005 9559
2486 942 2674 1006 finem
2698 944 2858 1022 juris
2879 946 3095 1008 civilis.
3121 948 3296 1021 Quia.
3323 950 3466 1013 licet

1907 1036 2040 1116 ipsa
2072 1043 2338 1117 potestas
2359 1036 2435 1099 de
2456 1056 2520 1099 59
2547 1056 2673 1098 non
2696 1039 2911 1099 tendat
2938 1039 3003 1099 in
3033 1040 3212 1103 illum
3248 1042 3463 1123 finem,

1909 1130 2317 1191 nihilominus
2357 1135 2427 1190 ut
2466 1136 2557 1191 est
2596 1132 2927 1210 conjuncta
2970 1131 3142 1211 fidei,
3184 1136 3251 1197 in
3288 1137 3468 1201 illum

1906 1224 2123 1286 referri
2150 1229 2352 1304 potest
2370 1228 2432 1285 et
2451 1224 2657 1286 debet:
2700 1237 2763 1285 et
2794 1225 2882 1285 ita
2906 1227 3094 1287 etiam
3118 1229 3251 1308 ejus
3269 1238 3463 1310 actus,

1909 1317 2019 1397 qui
2042 1324 2135 1378 est
2161 1317 2263 1379 lex
2300 1317 2520 1393 civilis,
2556 1336 2593 1379 a
2633 1317 3082 1397 legislatoribus
3120 1324 3470 1388 christianis

1908 1412 1975 1475 in
2001 1411 2289 1474 eumdem
2318 1411 2506 1473 finem
2536 1413 2821 1474 refertur.
2866 1414 3040 1487 Quod
3081 1419 3296 1481 suadet
3340 1423 3470 1501 ipse

1908 1508 2130 1568 Navar.
2160 1525 2232 1568 ex
2264 1506 2665 1586 inscriptione
2700 1508 2935 1569 Codicis
2962 1516 3023 1572 et
3060 1512 3350 1575 Prooemii
3372 1518 3471 1577 Di·

1909 1605 2226 1678 gestorum
2271 1619 2310 1661 a
2355 1601 2706 1662 Justiniano
2735 1602 2908 1679 editi,
2940 1623 3078 1683 quae
3116 1607 3201 1667 sic
3232 1608 3421 1670 habet
3451 1627 3470 1671 ι

1910 1692 1993 1753 In
2014 1693 2248 1755 nomine
2277 1694 2524 1755 Domini
2551 1696 2746 1756 nostri
2772 1696 2825 1757 J
2826 1715 2928 1758 esu
2960 1697 3221 1776 Christi,
3252 1708 3369 1765 etc.
3397 1706 3474 1766 Et

1912 1785 2196 1847 eamdem
2243 1783 2430 1847 habet
2470 1786 2538 1846 in
2588 1786 2999 1850 declaratione
3049 1791 3207 1871 juris
3254 1796 3470 1876 civilis,

1798 1920 1809 1932 .
1915 1897 2051 1958 quae
2075 1878 2413 1939 habeturin
2432 1878 2558 1939 fine
2571 1878 2725 1957 legis
2741 1883 2777 1941 Ξ
2793 1880 2869 1942 (19
2884 1882 3090 1944 Veteri
3106 1885 3217 1964 jur
3238 1891 3441 1953 enucl.
3450 1908 3472 1970 ;

1916 1976 1978 2032 et
2015 1971 2082 2031 in
2108 1970 2362 2051 Epistol.
2407 1971 2484 2032 ad
2524 1972 2995 2051 Tribonianum,
3032 1995 3171 2056 quae
3211 1980 3472 2062 incipit:

1917 2064 2042 2126 Deo
2071 2069 2330 2140 auctore,
2375 2063 2533 2125 etin
2563 2064 2781 2127 Codice
2809 2073 2901 2128 est
2942 2067 3042 2129 lex
3087 2073 3115 2131 1
3155 2071 3230 2133 (19
3272 2075 3480 2138 Veteri

1917 2155 2056 2234 jure
2078 2156 2479 2233 enucleando,
2497 2157 2608 2217 ubi
2628 2158 2703 2218 de
2731 2160 3088 2224 auctoritate
3115 2163 3308 2243 leyum
3333 2168 3482 2231 dicit

1918 2265 2051 2328 quoe
2078 2250 2318 2312 divinas
2345 2255 2400 2312 et
2442 2249 2739 2312 humanas
2772 2269 2870 2312 res
2902 2252 3035 2315 bene
3062 2256 3381 2335 disposuit,
3426 2267 3482 2324 et

1919 2358 2143 2402 omnem
2171 2342 2551 2421 iniquitatem
2581 2344 2831 2421 expulit.
2868 2344 3058 2406 Addit
3092 2348 3310 2412 Navar.
3342 2372 3483 2432 pro-

1917 2432 2235 2493 bationem
2266 2452 2342 2493 ex
2381 2433 2423 2494 1.
2478 2436 2507 2494 1
2542 2439 2605 2495 et
2637 2436 2701 2509 2,
2735 2435 2799 2496 C.
2844 2436 2921 2498 de
2953 2437 3126 2501 Sum.
3168 2442 3482 2523 Trinitat.,

1918 2523 2027 2583 ubi
2077 2523 2411 2603 imperator
2462 2529 2740 2606 proecipit
2787 2546 3002 2590 omnes
3059 2534 3321 2612 populos
3367 2537 3484 2599 sibi

1920 2615 2197 2677 subditos
2213 2617 2621 2679 Christianam
2644 2619 2830 2681 fidem
2851 2628 2911 2682 et
2929 2623 3294 2702 religionem
3313 2632 3486 2709 sequi

1920 2713 1982 2768 et
2004 2707 2326 2769 haereticos
2364 2711 2599 2789 puniri;
2631 2717 2692 2773 et
2718 2731 2795 2773 ex
2822 2714 3032 2775 multis
3063 2716 3306 2796 legibus
3334 2741 3486 2800 quas

1921 2801 2025 2862 ille
2049 2802 2387 2881 Imperator
2411 2803 2487 2864 de
2514 2804 2697 2866 rebus
2720 2807 3141 2869 ecclesiasticis
3168 2815 3488 2878 constituit

1922 2913 2034 2974 per
2065 2894 2272 2974 plures
2299 2896 2510 2958 titulos
2537 2916 2728 2978 usque
2753 2898 2833 2961 ad
2860 2902 2957 2976 16,
2983 2901 3025 2962 l.
3059 2905 3087 2962 1
3123 2904 3379 2969 CodiciS.

2006 2990 2065 3049 3.
2111 2990 2406 3051 Fortunii
2449 2992 2865 3067 fundamenta.
2918 3026 2999 3038 —
3044 2996 3488 3065 Verumtamen

1924 3079 2001 3142 de
2047 3080 2163 3142 hac
2198 3081 2489 3160 opinione
2530 3083 2786 3145 Navarri
2824 3104 2933 3164 pcr
2975 3106 3039 3149 se
3083 3098 3356 3169 spectata
3397 3095 3489 3156 di-

1925 3192 2137 3235 cemus
2177 3181 2426 3253 postea:
2476 3194 2641 3236 nunc
2668 3178 2836 3237 enim
2868 3180 3306 3244 considerando
3345 3187 3490 3248 fun-

1926 3267 2217 3327 damenta
2243 3266 2524 3327 Fortunii
2558 3268 2800 3329 videtur
2827 3270 3189 3350 simpliciter
3215 3275 3384 3357 loqui
3413 3280 3490 3342 de

1927 3363 2225 3439 potestate
2249 3358 2421 3420 civili
2444 3362 2781 3422 secundum
2803 3381 2891 3438 se,
2921 3369 2982 3425 et
3003 3365 3069 3425 in
3091 3369 3262 3428 omni
3287 3377 3483 3434 statu:

1926 3450 2148 3530 probat
2196 3452 2363 3513 enim
2410 3453 2779 3514 sententiam
2835 3473 3010 3516 suam
3070 3477 3148 3519 ex
3201 3461 3390 3523 Arist.
3453 3468 3481 3526 1

1926 3544 2154 3621 Ethic.,
2185 3563 2317 3624 cap.
2354 3546 2394 3605 2
2422 3550 2485 3606 et
2512 3547 2573 3621 4,
2605 3546 2844 3608 dicente
2862 3549 3206 3613 humanam
3229 3554 3492 3618 felicita-

1926 3642 2053 3697 tem
2100 3656 2225 3698 esse
2273 3635 2463 3698 finem
2508 3639 2759 3700 moralis
2805 3639 3099 3704 doctrinae
3119 3691 3140 3721 ,
3188 3653 3250 3707 et
3275 3648 3385 3710 lib.
3424 3652 3486 3728 5,

1926 3727 2060 3809 cap.
2098 3733 2157 3806 1,
2204 3730 2354 3791 dicit
2386 3748 2459 3791 ea
2488 3730 2610 3797 dici
2632 3732 2801 3810 justa
2843 3753 2974 3813 quoe
3007 3738 3363 3814 felicitatem
3395 3762 3491 3805 so-

1925 3822 2166 3884 cietatis
2199 3822 2400 3884 civilis
2436 3824 2716 3899 efficiunt
2750 3830 2806 3887 et
2843 3836 3208 3906 conservant,
3248 3840 3310 3894 et
3347 3834 3488 3896 ideo

1924 3912 2090 3992 leges
2110 3913 2185 3974 de
2204 3913 2491 3974 omnibus
2513 3915 2844 3975 virtutibus
2861 3931 3164 3998 praecepta
3187 3924 3331 3986 dare
3350 3947 3488 4006 quae

1926 4005 2006 4066 ad
2035 4007 2198 4066 hanc
2231 4006 2589 4067 felicitatem
2617 4007 2964 4070 conferunt.
3005 4011 3268 4076 Adducit
3294 4021 3486 4082 etiam

1928 4097 2279 4158 Ciceronem
2314 4096 2423 4157 lib.
2476 4099 2515 4156 2
2551 4098 2628 4158 de
2675 4099 2943 4175 Officiis,
2983 4102 3330 4169 dicentem:
3363 4114 3490 4176 Per

1930 4189 2084 4268 loyes
2108 4190 2242 4250 bene
2273 4190 2540 4268 beateque
2560 4191 2809 4252 vivitur.
2855 4190 3123 4255 Adducit
3148 4197 3295 4259 item
3325 4206 3490 4280 quod

1929 4298 2007 4341 ex
2025 4279 2433 4342 Demosthene
2456 4280 2718 4342 refertur
2741 4282 2808 4342 in
2829 4282 2951 4360 leg.
2975 4286 3036 4360 Ξ,
3061 4285 3127 4347 ff.
3151 4288 3227 4349 de
3245 4291 3485 4373 Legib.,

1931 4392 2126 4436 omnes
2145 4373 2341 4435 debere
2355 4392 2570 4452 parere
2594 4373 2736 4452 leyi,
2762 4377 2908 4454 quia
2936 4376 3196 4442 inventio
3219 4388 3491 4462 quoedam

1930 4474 1984 4530 et
2013 4468 2230 4530 donum
2257 4468 2374 4528 Dei
2398 4473 2484 4530 est
2514 4493 2537 4527 .·
2575 4471 2637 4528 et
2663 4485 2741 4528 ex
2768 4468 3104 4552 Chrysippo
3128 4473 3332 4554 legem
3360 4498 3491 4544 esse

1930 4561 2214 4622 omnium
2241 4560 2593 4622 divinarum
2613 4566 2667 4623 et
2684 4561 3085 4627 humanarum
3113 4586 3312 4632 rerum
3332 4576 3491 4652 γεμί-

1930 4674 2094 4731 nam,
2136 4660 2191 4716 et
2212 4655 2524 4734 justorum
2568 4660 2743 4735 atque
2783 4657 3150 4737 injustorum
3191 4666 3486 4742 reyulam.

1931 4751 2072 4811 Haec
2120 4755 2328 4810 autem
2373 4749 2582 4810 omnia
2633 4749 2798 4811 dicta
2839 4759 2984 4812 sunt
3028 4773 3066 4814 a
3109 4755 3490 4839 philosophis

1931 4842 2192 4903 ethnicis
2219 4841 2293 4902 de
2321 4841 2458 4921 lege
2487 4842 2674 4918 civili,
2710 4849 2773 4903 et
2795 4851 2940 4906 ante
2968 4846 3135 4925 leges
3159 4849 3487 4930 imperato·

1929 4953 2068 4996 rum
2098 4952 2114 4996 ε
2146 4952 2294 5013 ergo
2322 4934 2484 4995 dicta
2514 4941 2658 4995 sunt
2681 4935 2756 4996 de
2786 4935 2922 5014 lege
2952 4939 3118 4999 civili
3151 4945 3490 5008 secundum

1933 5047 2021 5105 se,
2054 5033 2115 5089 et
2148 5032 2334 5108 prout
2360 5034 2649 5088 naturam
2684 5026 3027 5090 humanam
3067 5037 3487 5117 consequitur,

1934 5122 2163 5183 seclusa
2190 5122 2307 5182 fide
2331 5139 2347 5182 t
2379 5140 2526 5199 ergo
2558 5122 2621 5180 in
2657 5120 2874 5181 eodem
2904 5141 3086 5184 sensu
3112 5127 3358 5192 videtur
3384 5133 3492 5196 ille

1934 5220 2149 5276 auctor
2178 5214 2438 5274 locutus,
2488 5212 2824 5274 Confirmat
2860 5233 3005 5275 vero
3033 5220 3211 5280 suam‘
3245 5232 3491 5287 senten-

1936 5308 2088 5368 tiam
2118 5325 2156 5366 a
2199 5306 2439 5366 fortiori
2470 5323 2547 5366 ex
2585 5304 2826 5382 legibus
2855 5305 3298 5386 imperatorum
3341 5337 3493 5397 quas

1936 5399 2309 5461 adduximus
2337 5418 2447 5478 pro
2472 5399 2777 5460 sententia
2810 5400 3057 5480 Navar.,
3090 5412 3151 5467 et
3178 5410 3351 5470 addit
3369 5413 3492 5472 Au-

1936 5491 2219 5567 thentic.,
2246 5497 2312 5553 ut
2333 5511 2449 5553 uon
2489 5493 2875 5555 luxurientur
2913 5503 3119 5561 eontra
3163 5508 3448 5566 naturam
3467 5529 3494 5580 ,·

1936 5588 2084 5671 quia
2111 5587 2177 5649 in
2199 5603 2272 5648 99
2289 5586 2553 5649 ostendit
2572 5587 2605 5649 J
2613 5585 2902 5650 ustinian.
2928 5591 3022 5651 sui
3045 5596 3320 5658 muneris
3339 5616 3492 5675 9559,
