3976 6219
487 387 603 446 154

484 493 753 554 multum
779 489 1069 554 defuisset
1099 493 1256 554 Deus
1280 494 1636 555 hominibus
1671 496 1740 555 in
1769 513 2043 556 necessa-

484 586 615 659 riis,
648 584 811 662 quod
851 602 976 643 non
1006 591 1095 644 est
1133 586 1534 663 providentias
1561 586 1752 666 ipsius
1789 606 2041 648 consen-

483 682 759 737 taneum.
789 676 1047 754 Sequela
1070 683 1258 756 patet,
1282 680 1429 757 quia
1448 697 1727 740 recursus
1744 680 1821 739 ad
1848 681 2042 740 Deum

482 770 686 848 ipsum
732 768 1088 829 immediate
1129 788 1256 830 non
1296 777 1388 832 est
1429 772 1669 832 homini
1713 771 2040 850 possibiliS,

483 879 684 938 neque
721 865 810 920 est
835 866 1282 922 consentaneus
1313 863 1518 923 ordini
1552 863 1860 924 naturali:
1896 882 2043 941 ergo

485 955 537 1015 si
572 956 640 1014 in
679 954 1102 1015 occasionibus
1141 956 1602 1017 occurrentibus
1629 975 1755 1017 non
1796 963 1950 1018 esset
1975 958 2044 1017 in

481 1045 837 1107 hominibus
863 1051 1128 1126 potestas
1145 1047 1223 1108 ad
1243 1048 1773 1127 interpretandum
1802 1050 1903 1127 jus
1932 1068 2042 1109 na-

482 1137 703 1213 turale,
747 1139 936 1198 etiam
975 1146 1198 1218 praeter
1241 1141 1429 1201 verba
1461 1142 1613 1219 eju8‚
1656 1140 1708 1199 si
1750 1159 1932 1201 causa
1975 1140 2039 1201 id

481 1231 770 1309 postulet,
794 1230 1078 1291 homines
1106 1239 1307 1292 essent
1330 1233 1625 1312 perplexi,
1653 1237 1715 1292 et
1744 1233 2043 1293 miraculo

484 1328 641 1384 esset
675 1341 830 1402 opus
869 1324 968 1384 vel
1008 1324 1257 1404 speciali
1303 1325 1678 1386 revelatione
1721 1325 1932 1386 divina
1964 1326 2043 1386 ad

483 1414 836 1492 dirigendas
885 1434 1023 1476 suas
1069 1418 1472 1495 operationes,
1526 1416 1691 1496 quod
1739 1422 2045 1495 repugnat

483 1508 657 1569 omni
683 1507 974 1587 prudenti
1002 1510 1423 1587 providentiae.
1459 1511 1628 1570 Sicut
1654 1511 1817 1570 inter
1844 1510 2044 1569 homi-

484 1619 593 1661 nes
636 1606 1010 1679 repugnaret
1055 1602 1395 1680 principem
1438 1602 1527 1661 ita
1568 1620 1882 1663 reservare
1927 1603 2045 1662 sihi

483 1693 1055 1772 interpretationem
1094 1713 1347 1754 suarum
1385 1695 1616 1772 legum,
1655 1701 1726 1755 ut
1765 1695 1832 1754 in
1874 1695 2044 1755 nullo

484 1804 654 1859 00511,
683 1785 868 1845 etiam
900 1785 1145 1864 quando
1171 1791 1327 1847 esset
1349 1786 1740 1865 impossibilis
1766 1805 2046 1847 recursus

484 1878 564 1940 ad
592 1878 798 1957 ipsum
837 1877 1206 1956 principem,
1240 1884 1487 1957 possent
1513 1879 1779 1939 ministri
1806 1879 1939 1957 ejus
1960 1880 2046 1940 le-

484 1988 626 2048 gem
654 1969 1066 2047 interpretari.

566 2065 625 2123 3.
670 2061 821 2124 Alia
885 2064 1083 2141 opinio
1137 2081 1406 2126 asserens
1465 2065 1650 2143 Zeqem
1701 2065 2041 2127 naturalem

486 2155 715 2233 epiikia
761 2173 882 2217 esee
927 2156 1283 2233 incapacem,
1328 2189 1410 2202 —
1454 2156 1866 2217 Nihilominus
1912 2174 2042 2217 esse

484 2252 685 2325 potest
709 2246 894 2307 tertia
926 2247 1159 2326 opini0,
1189 2266 1327 2326 quae
1356 2248 1424 2306 in
1450 2248 1643 2326 priori
1675 2253 1906 2327 puncto
1933 2267 2041 2309 ne-

486 2345 591 2418 gat
635 2338 838 2417 legem
875 2340 1218 2400 naturalem
1258 2358 1387 2401 esse
1428 2358 1713 2419 capacem
1747 2341 1987 2420 epiikiae
2016 2387 2037 2416 ,

486 2437 548 2492 et
576 2438 1017 2511 consequenter
1050 2432 1211 2492 tollit
1239 2432 1717 2493 fundamentum
1750 2435 2045 2511 posterio-

485 2524 572 2584 ris
599 2523 771 2583 dubii
806 2541 822 2584 :
858 2541 1005 2583 nam
1035 2542 1112 2584 ex
1142 2524 1259 2584 hoc
1285 2524 1588 2604 principio
1628 2526 1906 2603 sequitur
1938 2544 2045 2585 ne-

488 2635 608 2696 que
636 2617 828 2676 Deum
860 2617 1060 2694 ipsum
1090 2634 1262 2694 posse
1283 2635 1393 2695 per
1418 2634 1628 2676 veram
1650 2622 1711 2676 et
1732 2618 2044 2695 propriam

484 2708 778 2787 epiikiam
796 2726 1004 2770 casum
1015 2708 1283 2785 aliquem
1294 2708 1571 2786 excipere
1590 2708 1772 2786 alege
1792 2715 2040 2769 natura-

487 2799 554 2860 li.
588 2800 741 2872 Quia
756 2800 922 2860 silex
943 2800 1075 2878 ipsa
1088 2800 1389 2860 naturalis
1412 2818 1539 2860 non
1560 2805 1651 2860 est
1680 2819 1872 2878 capax
1904 2800 2040 2860 talis

484 2893 1035 2970 interpretationiS,
1071 2893 1227 2953 nihil
1264 2894 1496 2954 mirum
1529 2899 1619 2955 est
1652 2893 1812 2972 quod
1855 2910 1969 2953 1100
2003 2911 2042 2954 0

482 2987 605 3046 Deo
644 2986 780 3047 fieri
824 2987 1029 3064 possit.
1083 2987 1274 3062 Igitur
1314 2987 1588 3065 primum
1625 2986 1782 3047 illud
1817 2985 2039 3046 funda·

482 3083 762 3141 mentum
793 3078 1040 3157 probari
1062 3078 1309 3140 videtur
1337 3097 1413 3139 ex
1435 3079 1612 3140 dictis
1630 3079 1706 3140 de
1728 3079 2039 3158 dispensa·

481 3173 693 3233 tione:
723 3190 871 3233 nam
911 3190 1034 3250 qua
1059 3172 1299 3232 ratione
1335 3191 1461 3232 non
1498 3177 1697 3251 potest
1737 3172 1805 3231 in
1836 3172 2040 3249 legem

483 3266 698 3327 cadere
718 3264 1111 3343 dispensatiO,
1129 3264 1345 3324 eadem
1355 3282 1556 3344 neque
1574 3264 1929 3342 hujusmodi
1945 3264 2040 3322 in-

480 3358 858 3436 terpretatio.
879 3355 1198 3430 Probatur,
1218 3357 1365 3434 quia
1385 3357 1445 3416 id
1453 3374 1524 3416 eo
1537 3357 1604 3415 in
1615 3356 1762 3416 talia
1775 3374 2041 3434 praecep-

482 3455 548 3508 ta
562 3466 687 3507 non
706 3446 812 3507 cad
821 3448 869 3506 it
892 3447 1286 3525 dispensatiO,
1308 3448 1453 3525 quia
1477 3447 1798 3506 continent
1820 3448 2041 3507 intrin-

485 3558 685 3601 secam
706 3540 1013 3599 rationem
1025 3538 1304 3614 justitiae,
1329 3556 1439 3598 seu
1457 3538 1647 3598 debiti
1670 3538 2036 3600 honestatis:

484 3630 584 3692 vel
618 3630 799 3710 (quod
828 3628 1079 3707 perinde
1107 3629 1218 3704 est)
1247 3629 1392 3707 quia
1416 3635 1719 3708 praecepta
1746 3629 1931 3707 hujus
1953 3631 2041 3691 le-

485 3723 583 3799 gis
635 3725 779 3781 sunt
818 3720 1099 3798 quaedam
1158 3722 1604 3799 propositiones
1656 3723 2038 3797 necessariae,

483 3831 623 3892 quae
651 3829 761 3890 per
793 3812 1198 3872 necessariam
1227 3814 1728 3891 consequentiam
1771 3832 1845 3875 ex
1872 3816 2041 3894 prin-

429 3934 432 3937 >
483 3905 659 3983 cipiis
699 3903 1082 3965 naturalibus
1114 3904 1465 3965 inferuntur
1498 3923 1513 3966 ε
1551 3906 1655 3965 sed
1684 3906 2041 3984 hujusmodi

482 3995 926 4076 propositiones
961 3997 1030 4056 in
1051 3996 1224 4056 nullo
1265 3995 1587 4057 individuo
1610 4004 1868 4076 possunt
1892 3997 2041 4058 defi-

485 4105 645 4161 cere,
690 4093 798 4147 aut
820 4105 949 4148 esse
978 4087 1185 4165 falsae3
1236 4106 1385 4165 ergo
1412 4107 1538 4149 11011
1567 4096 1765 4168 potest
1792 4108 1904 4168 per
1928 4089 2043 4150 ali-

484 4197 671 4259 quam
716 4180 1289 4258 interpretationem
1329 4180 1463 4241 fieri
1509 4187 1579 4241 ut
1619 4181 1801 4243 liceat
1835 4182 2042 4243 facere

485 4271 650 4351 quod
689 4290 799 4350 per
834 4272 941 4332 illa
965 4272 1324 4350 prohibetur
1348 4317 1369 4346 ,
1416 4273 1561 4351 quia
1593 4280 1686 4334 est
1712 4274 2042 4335 intrinsece

482 4363 742 4438 malum,
774 4381 975 4441 neque
999 4369 1069 4422 ut
1087 4364 1272 4424 liceat
1298 4364 1581 4424 omittere
1610 4365 1775 4443 quod
1800 4384 1909 4444 per
1935 4366 2044 4426 illa

480 4455 853 4535 praecipitur,
888 4454 1034 4533 quia
1062 4459 1154 4513 est
1181 4473 1291 4532 per
1313 4471 1377 4513 se
1400 4456 1808 4516 necessarium
1829 4457 1909 4516 ad
1929 4456 2043 4516 ho-

482 4552 804 4608 nestatem.
859 4547 936 4606 Et
962 4546 1110 4624 quia
1146 4545 1297 4604 alias
1334 4564 1446 4624 pro
1486 4546 1592 4605 1110
1629 4565 1774 4607 00511
1814 4548 1882 4607 111
1914 4566 2036 4626 quo

481 4639 659 4700 fieret
698 4638 839 4699 talis
878 4637 1304 4716 interpretatio
1322 4683 1342 4711 ,
1387 4639 1772 4700 inveniretur
1809 4640 2037 4700 falsum

483 4750 613 4792 esse
642 4731 707 4791 id
735 4731 900 4809 quod
927 4730 1030 4791 lex
1048 4730 1347 4791 naturalis
1377 4731 1588 4809 dictat,
1618 4732 1785 4812 quod
1809 4734 2037 4813 impos-

481 4822 657 4883 sibile
683 4828 798 4897 est,
829 4827 900 4881 ut
919 4820 1207 4882 diximuS.

562 4916 621 4974 4.
670 4914 902 4976 Fertur
909 4913 1216 4992 jndioinm
1238 4914 1305 4975 de
1328 4912 1731 4992 opinionibus,
1764 4921 1820 4977 et
1837 4921 2039 4994 poste·-

481 5007 615 5068 rior
637 5006 888 5086 eliyitar
907 5012 961 5068 et
981 5006 1337 5084 eaptioatur.
1361 5039 1443 5052 —
1469 5006 1612 5080 Quoe
1630 5008 1936 5070 distinctio
1955 5009 2041 5070 eit

482 5098 642 5160 inter
686 5099 970 5176 epiikiam
1012 5103 1068 5160 et
1108 5097 1674 5177 interpretationem.
1714 5132 1796 5145 —
1839 5099 2040 5178 Atque

484 5189 618 5251 haec
638 5189 860 5250 ultima
879 5190 1205 5264 sententia,
1237 5197 1542 5268 quantum
1567 5190 1787 5251 attinet
1805 5191 1882 5251 ad
1902 5209 2042 5269 pro·

486 5283 687 5360 priam
720 5282 1037 5359 epiikiam,
1071 5282 1372 5359 inssrigore
1394 5283 1551 5342 mihi
1581 5301 1726 5343 vera
1754 5283 2037 5343 videtur:

484 5378 555 5432 ut
573 5377 784 5433 autem
804 5372 1066 5432 aliorum
1093 5379 1412 5434 auctorum
1434 5374 1598 5434 dicta
1618 5375 2042 5453 intelligantur

486 5471 548 5528 et
585 5483 683 5529 res
727 5470 858 5527 tota
903 5465 1103 5547 magis
1151 5466 1509 5547 explicetur,
1550 5472 1790 5548 oportet
1827 5468 2044 5529 distin-

1117 392 1230 444 LlB.
1268 395 1329 444 11.
1365 394 1445 445 DE
1477 394 1636 446 LEGE
1668 394 1952 458 AETERNA,
1987 395 2068 446 ΕΤ
2099 394 2430 459 NATURALI,
2467 396 2547 448 Ac
2576 395 2726 447 JURE
2759 395 3048 447 GENTIUM.

2124 515 2314 576 gnere
2338 499 2401 557 in
2411 503 2499 558 ter
2516 497 2672 574 legis
2691 497 3258 575 interpretationem
3282 501 3344 558 et
3365 496 3677 575 propriam

2124 591 2417 669 epiikiam
2460 608 2566 650 seu
2608 589 2966 667 aequitatem
3000 606 3016 649 ι
3060 590 3258 649 111111ῑο
3291 591 3458 649 0111111
3494 589 3678 648 latius

2122 689 2293 762 patet
2320 682 2745 761 interpretatio
2767 682 2921 760 legis
2947 700 3134 761 quam
3154 683 3412 761 epiikia3
3436 701 3678 761 compa-

2122 782 2341 837 rantur
2381 777 2548 835 enim
2600 781 2897 853 tanquam
2944 776 3225 853 superius
3265 781 3328 834 et
3377 775 3672 835 inferius:

2124 870 2326 929 omnis
2341 869 2508 929 enim
2534 868 2762 946 epiikia
2785 873 2874 927 est
2895 866 3046 944 legis
3068 868 3491 946 interpretatio
3513 884 3530 926 ι
3552 886 3677 927 11011

2123 980 2269 1022 vero
2306 980 2341 1023 e
2372 979 2664 1021 converso
2702 961 2905 1020 omnis
2944 961 3371 1038 interpretatio
3401 960 3556 1035 legis
3588 967 3680 1020 est

2125 1054 2376 1132 epiikia.
2408 1053 2654 1114 Notavit
2680 1053 3133 1112 distinctionem
3165 1052 3326 1112 hanc
3356 1053 3678 1129 cajetanus

2121 1146 2284 1207 dicta
2315 1166 2376 1225 q.
2412 1148 2550 1221 120,
2572 1151 2687 1207 art.
2729 1149 2784 1220 1,
2823 1145 2933 1206 ubi
2983 1146 3092 1221 ait,
3127 1164 3287 1223 saepe
3333 1145 3433 1206 vel
3478 1146 3679 1222 potius

2123 1257 2365 1317 semper
2397 1239 2564 1317 leges
2591 1238 2870 1315 indigere
2898 1237 3403 1316 interpretatione
3431 1243 3680 1315 propter

2122 1331 2453 1393 verborum
2495 1330 2923 1391 obscuritatem
2945 1376 2966 1406 ,
3015 1329 3115 1390 vel
3155 1329 3625 1406 ambiguitatem
3653 1374 3674 1403 ,

2124 1431 2233 1486 aut
2281 1425 2466 1484 aliam
2500 1423 2767 1483 similem
2813 1439 3103 1498 causam3
3148 1440 3274 1481 non
3312 1427 3520 1481 tamen
3549 1439 3679 1480 om-

2123 1534 2268 1577 nem
2315 1514 2671 1592 hujusmodi
2722 1514 3290 1591 interpretationem
3346 1530 3473 1572 esse
3530 1512 3679 1589 epii-

2123 1608 2319 1683 kiam,
2335 1608 2439 1667 sed
2459 1606 2630 1666 illam
2649 1606 2848 1666 solum
2870 1625 2980 1684 per
3000 1623 3189 1683 quam
3199 1604 3680 1681 interpretamur

2124 1700 2326 1777 legem
2368 1699 2627 1760 deficere
2674 1700 2740 1757 in
2779 1697 2989 1776 aliquo
3033 1697 3391 1776 particulari
3431 1702 3681 1774 propter

2126 1791 2495 1865 universale,
2538 1791 2602 1850 id
2619 1796 2730 1864 est,
2776 1790 2925 1867 quia
2950 1789 3053 1848 lex
3092 1787 3521 1848 universaliter
3554 1787 3680 1846 lata

2125 1889 2238 1957 est,
2268 1889 2328 1943 et
2347 1884 2413 1942 in
2432 1882 2639 1960 aliquo
2667 1881 2982 1959 particula]
2998 1881 3027 1939 i
3051 1881 3138 1939 ita
3163 1878 3391 1951 deficit,
3423 1885 3492 1937 ut
3514 1879 3678 1956 juste

2123 1976 2190 2035 in
2223 1975 2329 2035 illo
2354 1974 2584 2035 servari
2606 1991 2732 2033 non
2756 1972 2968 2052 possit.
3028 1973 3156 2032 Hoc
3186 1972 3392 2050 ipsum
3420 1972 3682 2030 sumitur

2124 2087 2200 2129 ex
2222 2067 2547 2128 Aristotele
2580 2068 2618 2126 5
2645 2065 2870 2138 Ethic.,
2910 2082 3041 2143 cap.
3080 2065 3156 2124 10
3188 2080 3207 2140 ;
3252 2064 3319 2124 in
3359 2065 3473 2124 1100
3510 2063 3677 2122 0111111

2121 2179 2305 2221 5011511
2337 2159 2486 2219 dicit
2509 2157 2803 2237 epiikiam
2841 2175 2970 2216 esse
3001 2157 3496 2217 emendationem
3524 2154 3678 2233 justi

2120 2253 2335 2330 legalis
2360 2297 2379 2327 ,
2429 2251 2576 2329 quia
2630 2251 3069 2328 interpretatur
3116 2249 3318 2327 legem
3368 2268 3492 2308 11011
3552 2266 3679 2309 esse

2124 2346 2488 2406 servandam
2509 2346 2576 2405 in
2602 2362 2746 2403 casu
2769 2343 2836 2401 in
2855 2360 2978 2420 quo
2998 2349 3155 2402 esset
3181 2360 3354 2402 error
3377 2341 3678 2419 practicus

2123 2438 2294 2497 illam
2329 2454 2594 2510 servare,
2631 2440 2691 2495 et
2719 2433 2931 2495 contra
2956 2435 3269 2512 justitiam
3296 2434 3395 2494 vel
3426 2434 3679 2511 aequita-

2124 2536 2251 2590 tem
2280 2530 2628 2589 naturalem
2665 2544 2685 2603 3
2739 2533 2801 2587 et
2828 2526 2965 2587 ideo
2994 2526 3219 2586 dicitur
3242 2543 3368 2585 esse
3392 2525 3679 2586 emenda-

2123 2622 2211 2681 tio
2232 2622 2410 2699 10315.
2444 2619 2522 2679 At
2546 2638 2693 2680 vero
2714 2625 2967 2698 possunt
2994 2637 3122 2680 esse
3150 2618 3286 2678 aliae
3312 2618 3676 2695 interpreta-

2118 2714 2319 2773 tiones
2348 2711 2584 2789 legum,
2621 2730 2757 2790 quae
2789 2730 2916 2771 non
2949 2712 3259 2789 pertinent
3291 2710 3368 2770 ad
3388 2708 3675 2769 emenda-

2119 2805 2353 2865 tionem
2374 2822 2613 2878 earum,
2636 2804 2741 2864 sed
2760 2804 2961 2864 solum
2985 2804 3064 2863 ad
3085 2801 3521 2881 explicandum
3541 2819 3673 2861 sen-

2120 2915 2258 2957 sum
2279 2915 2493 2957 earum
2522 2897 2587 2956 in
2622 2896 2720 2956 his
2744 2914 2881 2975 quae
2908 2896 3140 2956 habent
3163 2893 3631 2971 ambiguitatem
3648 2938 3669 2967 ,

2120 2994 2191 3048 ut
2220 2988 2394 3049 verbi
2417 2989 2640 3065 gratia,
2679 2988 2923 3067 quando
2952 2989 3434 3066 interpretamur
3463 3003 3546 3044 an
3573 2985 3674 3045 lex

2118 3080 2445 3161 prohibeat
2489 3086 2875 3141 contractum
2909 3080 3007 3141 vel
3040 3080 3237 3140 irritet
3279 3078 3492 3153 illum,
3537 3076 3676 3137 nul-

2119 3174 2248 3234 lam
2288 3174 2441 3251 legis
2468 3174 2963 3234 emendationem
2993 3172 3277 3246 facimus,
3325 3171 3428 3232 sed
3459 3187 3677 3231 verum

2120 3283 2369 3326 sensum
2397 3266 2530 3345 ejus
2554 3266 2944 3343 inquirimuS.
2978 3267 3069 3325 Ita
3095 3282 3242 3339 ergo
3270 3263 3562 3324 differunt
3584 3263 3677 3323 in-

2120 3358 2477 3435 terpretatio
2506 3358 2572 3418 in
2602 3375 2850 3435 genere,
2886 3357 2984 3417 vel
3013 3364 3083 3416 ut
3112 3355 3183 3416 fit
3214 3375 3325 3435 per
3357 3355 3672 3434 epiikiam.

2202 3451 2258 3510 5.
2308 3450 2539 3509 Deinde
2568 3449 3016 3510 advertendum
3056 3462 3147 3509 est
3188 3448 3392 3525 legem
3429 3453 3679 3508 natura-

2118 3542 2245 3602 lem
2278 3542 2605 3620 dupliciter
2640 3541 2898 3619 spectari
2940 3557 3156 3620 posse3
3198 3558 3324 3599 uno
3364 3540 3549 3599 modo
3588 3557 3676 3598 50-

2121 3634 2393 3694 cundum
2425 3652 2525 3709 se,
2574 3633 2696 3694 alio
2723 3638 2904 3712 prout
2931 3633 3080 3693 ferri
3103 3631 3405 3709 contingit
3435 3649 3545 3710 per
3568 3631 3677 3691 ali-

2121 3743 2307 3803 quam
2350 3725 2554 3802 legem
2600 3726 2949 3804 positivam.
2996 3727 3119 3785 Lex
3168 3724 3337 3784 enim
3381 3723 3669 3802 positiva,

2120 3834 2228 3877 seu
2253 3817 2478 3894 scripta
2495 3862 2513 3891 ,
2542 3823 2613 3876 ut
2649 3817 2971 3895 Cajetanus
3006 3817 3194 3876 etiam
3216 3816 3380 3875 dicto
3407 3815 3543 3874 loco
3567 3832 3676 3874 no·

2120 3914 2231 3983 tat,
2258 3909 2538 3988 quaedam
2559 3915 2649 3969 est
2677 3909 3067 3970 constitutiva
3091 3908 3237 3969 novi
3257 3908 3437 3986 juris,
3469 3912 3529 3967 et
3547 3907 3676 3967 11ωο

2121 4007 2212 4061 est
2238 4002 2444 4062 stricte
2466 4001 2727 4079 positiva
2755 4002 2880 4061 sive
2910 4001 3123 4061 divina
3142 4045 3162 4076 ,
3206 4001 3334 4060 sive
3358 4000 3669 4059 humana:

2121 4093 2245 4153 alia
2264 4111 2412 4154 vero
2441 4098 2532 4153 est
2563 4093 2763 4153 solum
2785 4093 3174 4165 declarativa,
3209 4092 3309 4153 vel
3352 4093 3446 4157 (ut
3472 4092 3558 4150 sic
3584 4092 3675 4151 di-

2123 4187 2282 4261 cam)
2327 4185 2710 4246 recordativa
2747 4185 2908 4262 juris
2949 4185 3268 4259 naturaIiS,
3309 4190 3378 4244 ut
3424 4184 3676 4243 fuerunt

2123 4282 2426 4355 praecepta
2460 4275 2721 4336 moralia
2759 4276 3042 4354 Decalogi
3078 4277 3146 4335 in
3180 4276 3316 4354 lege
3354 4277 3573 4349 veteri,
3613 4280 3675 4335 et

2122 4373 2266 4427 sunt
2300 4368 2466 4444 leges
2501 4367 2792 4427 humanae
2821 4386 2957 4445 quae
2993 4367 3340 4428 naturalem
3369 4367 3677 4445 justitiam

2122 4461 2462 4534 continent,
2506 4464 2578 4518 ut
2613 4457 2776 4536 quod
2803 4458 3149 4537 depositum
3179 4459 3495 4533 reddatur,
3539 4476 3678 4538 pro-

2121 4551 2377 4610 missum
2405 4550 2698 4625 solvatur,
2734 4568 2892 4611 uxor
2919 4569 2957 4610 a
2992 4551 3129 4611 viro
3170 4568 3297 4610 non
3335 4555 3673 4629 separetur,

2117 4649 2179 4703 et
2209 4643 2452 4702 similia.
2498 4642 2722 4720 Aliqua
2751 4660 2898 4703 vero
2927 4648 3072 4702 sunt
3095 4648 3402 4722 praecepta
3426 4647 3677 4701 natura-

2113 4734 2198 4795 lia
2200 4753 2363 4814 ,quae
2377 4753 2502 4794 non
2516 4734 2995 4812 praescribuntur
3014 4734 3223 4813 ah‘qua
3240 4735 3376 4813 lege
3389 4734 3673 4813 positiva,

2117 4832 2186 4886 ut
2227 4826 2542 4886 vitandam
2591 4844 2719 4886 esse
2770 4826 3133 4905 simpliciter
3177 4827 3673 4900 fornicationem,
3721 4878 3730 4887 .

2120 4918 2269 4996 quia
2330 4918 2432 4978 lex
2478 4916 2753 4978 humana
2808 4936 2935 4977 non
2989 4918 3202 4978 omnia
3246 4918 3513 4978 declarat
3569 4923 3679 4977 aut

2120 5010 2413 5088 praecipit.
2467 5009 2566 5069 Sic
2607 5026 2754 5087 ergo
2795 5009 2895 5069 lex
2929 5008 3227 5069 naturalis
3269 5009 3528 5087 spectari
3570 5026 3677 5086 po-

2119 5104 2237 5161 test
2264 5101 2362 5161 vel
2383 5100 2716 5161 secundum
2747 5119 2833 5176 se,
2859 5105 3043 5180 prout
3068 5106 3236 5161 recta
3272 5101 3508 5159 ratione
3535 5117 3677 5159 con-

2122 5193 2350 5271 cipitur
2367 5237 2386 5267 ‚
2435 5192 2533 5252 vel
2572 5193 2838 5252 dictatur
2869 5209 2888 5270 ;
2943 5193 3042 5253 vel
3079 5199 3261 5271 prout
3315 5191 3678 5271 exprimitur

2124 5285 2435 5362 aliquibus
2488 5285 2667 5344 certis
2718 5285 2918 5345 verbis
2975 5303 3086 5364 per
3150 5285 3424 5363 aliquam
3477 5283 3677 5361 legem

2122 5377 2432 5454 scriptam.

2203 5469 2261 5529 6.
2308 5468 2531 5531 Prima
2556 5467 2830 5532 assertio.
2879 5500 2962 5515 —
3007 5467 3211 5532 Multa
3242 5472 3544 5548 proeeepta
3570 5485 3680 5530 na-
