3976 6219
756 376 894 427 cAP.
941 376 1114 427 xxlx.
1153 374 1365 428 nram!
1396 374 1522 425 LEX
1553 369 1814 423 numm
1845 368 2109 423 onmem
2141 371 2227 422 AD
2257 370 2479 424 nomm
2513 371 2815 434 vm‘rmls,
2853 371 2987 424 Em.

261 478 420 543 Sive
455 478 646 553 Deus,
685 478 810 541 sive
843 479 1012 539 Ito-mo
1049 478 1400 539 mandatum
1438 478 1834 556 quodcumque

262 572 615 645 tradiderit,
632 570 781 649 pari
799 573 1069 648 profecto
1097 570 1515 648 obsequemdwm
1543 573 1630 631 est
1659 586 1830 642 cura,

257 665 408 744 pari
423 664 760 726 reverentia
783 663 1185 738 deserendum.
1203 660 1270 722 Si
1284 678 1431 722 vero
1445 667 1834 741 contemptus

263 757 470 818 solum
495 756 577 816 sit
604 754 794 835 ipsius
819 771 1117 833 personae,
1149 759 1457 832 quatenus
1481 753 1670 814 bomo
1696 754 1832 833 qui-

261 852 412 913 dam
440 854 558 925 est,
588 855 652 910 et
677 847 909 908 babere
947 851 1152 926 potest
1182 846 1453 926 aliquem
1492 846 1825 920 defectum,

262 944 353 1004 sic
377 960 506 1003 non
532 944 845 1020 repugnat
871 956 1002 999 esse
1034 937 1279 999 veniale
1304 943 1622 1017 peccatum
1647 955 1725 998 ex
1745 937 1833 999 le-

261 1035 458 1097 vitate
498 1032 797 1106 materiai,
828 1036 891 1091 et
931 1030 1050 1090 hoc
1087 1031 1276 1091 etiam
1316 1029 1515 1091 voluit
1551 1030 1823 1109 Cajetan.

262 1128 692 1205 Probaturque
721 1123 1096 1185 sufficienter
1125 1123 1422 1203 exemplis
1452 1124 1610 1202 ejus.
1653 1125 1732 1183 Et
1759 1124 1830 1183 in

263 1222 437 1283 idem
452 1220 614 1281 redit
632 1218 756 1280 alia
775 1216 1110 1291 distinctio,
1124 1234 1312 1296 quam
1323 1216 1557 1279 ibidem
1572 1217 1829 1291 indicat,

264 1314 480 1377 dicens
519 1312 687 1373 aliud
733 1328 862 1372 esse
897 1308 1062 1371 nolle
1090 1309 1296 1386 subdi,
1344 1328 1454 1371 seu
1495 1309 1836 1371 formaliter

267 1407 438 1469 nolle
459 1403 732 1477 obedire,
744 1401 915 1463 aliud
930 1402 1096 1463 nolle
1109 1402 1412 1463 consolari
1428 1402 1832 1481 superiorem,

267 1508 338 1561 et
367 1500 488 1561 hoc
517 1496 832 1577 posterius.
849 1494 1002 1555 dicit
1020 1512 1154 1556 esse
1175 1512 1349 1574 posse
1367 1493 1567 1555 solum
1593 1494 1837 1555 veniale

265 1596 616 1671 peccatum,
651 1587 895 1649 etiamsi
938 1585 1020 1646 ob
1055 1603 1196 1648 eam
1223 1586 1550 1648 formalem
1588 1602 1837 1647 causam

267 1685 556 1748 voluntas
582 1682 918 1762 superioris
945 1700 1076 1743 non
1105 1681 1473 1761 impleatur,
1515 1681 1666 1760 quia
1708 1698 1837 1742 non

270 1777 694 1839 contemnitur
718 1776 854 1854 ejus
875 1780 1168 1854 potestas,
1191 1774 1297 1835 sed
1323 1774 1484 1835 circa
1510 1791 1838 1853 personam

272 1870 408 1948 ejus
431 1868 716 1949 quaedam
741 1868 1090 1929 amaritudo
1120 1868 1316 1928 animi
1344 1867 1705 1927 ostenditur.
1728 1867 1839 1927 Ga·

270 1962 543 2025 vandum
585 1968 680 2023 est
723 1967 933 2022 autem
976 1977 1057 2022 ue
1101 1960 1245 2021 talis
1290 1960 1640 2020 amaritudo
1689 1976 1840 2037 erga

271 2072 606 2136 personam
647 2052 956 2115 redundet
980 2054 1048 2112 in
1075 2057 1495 2131 contemptum
1522 2052 1840 2131 potestatis

270 2149 466 2209 etiam
493 2147 659 2209 circa
685 2146 972 2221 minima,
1014 2145 1162 2225 quia
1201 2150 1350 2204 tunc
1372 2146 1509 2223 jam
1548 2144 1666 2205 erit
1695 2162 1840 2205 oon-

269 2248 546 2321 temptus
563 2239 843 2300 formalis
858 2237 1120 2318 praelati,
1136 2242 1199 2298 et
1218 2243 1534 2316 peccatum
1553 2237 1836 2313 mortale,

263 2335 451 2413 juxta
481 2334 750 2414 priorem
779 2338 1043 2411 partem,
1087 2336 1153 2391 et
1172 2332 1322 2409 quia
1347 2330 1464 2392 boc
1493 2330 1669 2393 valde
1697 2348 1841 2390 con·

269 2428 525 2505 tingens
564 2443 636 2487 ac
671 2422 1084 2504 periculosum
1111 2429 1202 2484 est
1216 2439 1238 2501 ;
1285 2422 1426 2484 ideo
1451 2422 1596 2483 talis
1622 2422 1842 2483 modus

267 2517 598 2579 resistendi
623 2520 925 2596 praecepto
957 2515 1287 2595 superioris
1308 2532 1386 2577 ex
1412 2514 1841 2594 indignatione

271 2611 512 2691 aliqua,
547 2609 650 2671 vel
687 2608 964 2670 interiori
1012 2609 1301 2688 despectu
1332 2625 1610 2688 personas
1649 2608 1835 2685 illius,

273 2702 752 2783 diligentissime
789 2699 1102 2763 cavendus
1128 2706 1240 2762 est.

355 2798 460 2857 25.
505 2794 826 2858 Malitiam
859 2811 931 2856 σω
957 2796 1292 2871 contemptu
1322 2792 1624 2872 distinqui
1656 2794 1845 2871 specio

275 2889 354 2951 ab
386 2906 456 2949 ea
477 2906 609 2969 qius
635 2891 724 2950 est
751 2886 824 2948 ab
853 2886 1095 2965 object0‚
1125 2886 1218 2947 vel
1237 2885 1312 2946 ab
1341 2902 1411 2946 ea
1437 2902 1568 2964 quoe
1593 2886 1846 2947 habacus·

275 2984 412 3044 siue
443 2985 793 3060 mtmptu.
807 3012 891 3026 —
915 2980 1008 3040 Ex
1033 2979 1212 3040 dictis
1237 2977 1515 3057 sequitur
1541 2976 1845 3039 malitiam

275 3072 612 3136 mortalem
639 3088 825 3153 quam
862 3072 1052 3134 habet
1085 3069 1486 3150 transgressio
1512 3068 1664 3131 levis
1689 3086 1844 3175 prm-

275 3166 450 3246 cepti
477 3183 555 3226 ex
582 3170 962 3247 contemptu,
1007 3182 1138 3226 esse
1163 3163 1468 3225 distinctae
1506 3162 1734 3243 speciei
1764 3161 1846 3223 ab

275 3259 392 3320 illa
423 3275 616 3339 quam
661 3257 852 3321 habet
879 3257 1024 3320 talis
1049 3255 1455 3336 transgressio
1500 3273 1577 3316 ex
1607 3254 1848 3335 objecto

273 3370 414 3429 suo,
441 3350 544 3413 vel
568 3350 732 3413 facta
758 3351 895 3413 sine
921 3355 1312 3430 contemptu,
1331 3354 1403 3409 ιιι
1428 3349 1482 3409 si
1509 3349 1794 3428 egrediar
1810 3365 1846 3410 8

277 3443 569 3506 cubiculo
613 3450 828 3506 contra
864 3443 1232 3505 mandatum
1279 3439 1542 3522 praelati,
1593 3441 1848 3502 habebit

277 3535 388 3596 illa
416 3537 580 3598 actio
605 3535 965 3617 simpliciter
990 3535 1154 3596 facta
1178 3533 1487 3596 venialem
1513 3533 1844 3610 malitiam,

275 3629 380 3692 vel
403 3629 758 3705 otiositatis,
787 3628 893 3692 vel
925 3627 1392 3704 inobedientiae,
1416 3627 1470 3688 si
1490 3633 1702 3690 tamen
1737 3627 1850 3688 fiat

277 3740 358 3784 ex
389 3727 773 3802 contemptu,
799 3721 1053 3784 habebit
1079 3720 1409 3784 mortalem
1435 3720 1738 3781 malitiam
1764 3718 1848 3780 ir-

277 3816 642 3878 reverentioe
671 3821 888 3878 contra
906 3816 1107 3876 Deum
1130 3812 1230 3875 vel
1257 3811 1601 3893 prailatum.
1623 3812 1850 3873 Proba-

277 3913 408 3984 tur,
443 3909 592 3988 quia
632 3908 742 3970 illa
781 3907 1248 3970 circumstantia
1287 3911 1380 3968 est
1413 3905 1668 3968 alterius
1713 3922 1850 3985 spe-

281 4000 422 4076 ciei,
435 4005 498 4062 et
510 4005 725 4062 contra
739 4000 928 4062 aliam
940 3999 1258 4062 virtutem.
1273 4000 1450 4075 Item,
1461 4002 1850 4076 contemptus

279 4094 414 4175 ipse
441 4099 536 4156 est
559 4100 885 4174 peccatum
911 4095 1116 4176 specie
1143 4093 1502 4154 distinctum
1532 4091 1613 4152 ab
1637 4091 1846 4153 otiosi-

279 4193 412 4250 tate
435 4187 540 4249 vel
556 4188 1001 4265 inobedientia,
1019 4194 1091 4249 ut
1111 4193 1429 4249 ostensum
1445 4191 1560 4261 est,
1586 4191 1649 4248 et
1672 4185 1846 4248 illam

277 4287 532 4342 tantum
557 4283 888 4363 participat
931 4283 1094 4344 actio
1137 4281 1248 4343 illa
1289 4285 1596 4360 quatenus
1635 4297 1674 4340 a
1703 4297 1848 4341 con-

281 4379 530 4454 temptu
559 4375 927 4455 imperatur,
951 4380 1026 4436 ut
1046 4374 1234 4436 etiam
1255 4379 1568 4435 ostensum
1595 4377 1708 4436 est.
1739 4373 1853 4434 De—

283 4467 480 4547 nique
507 4467 618 4528 illa
638 4468 881 4530 malitia
899 4468 1106 4548 gravis
1132 4486 1210 4530 ex
1227 4472 1584 4546 contemptu
1604 4466 1855 4528 additur

284 4559 547 4637 actioni,
577 4561 822 4622 etiamsi
850 4579 928 4623 ex
950 4561 1191 4640 objecto
1221 4560 1390 4623 mala
1419 4577 1548 4621 non
1575 4565 1754 4634 esset,
1783 4564 1856 4621 ut

282 4661 462 4735 patet
497 4657 567 4717 in
603 4657 936 4719 omissione
965 4656 1241 4732 consilii3
1290 4671 1438 4735 ergo
1475 4655 1727 4733 signum
1761 4659 1855 4716 est

284 4748 518 4810 addere
545 4748 852 4812 malitiam
879 4751 1079 4830 specie
1103 4749 1495 4825 distinctam;
1525 4752 1588 4808 et
1606 4745 1749 4807 ideo
1777 4763 1856 4807 ex

282 4841 408 4904 hoc
418 4843 722 4922 principio
743 4849 906 4905 recte
930 4861 1116 4924 supra
1135 4843 1518 4921 collegimus,
1532 4846 1855 4921 peccatum

284 4952 370 4995 ex
395 4941 564 4996 certa
588 4935 872 5012 scientia,
900 4953 1011 4998 seu
1039 4953 1119 4998 ex
1137 4935 1378 4998 malitia
1403 4934 1536 4996 sine
1561 4934 1855 5012 ignoran-

285 5027 400 5104 tia,
445 5027 546 5088 vel
573 5028 879 5107 passione,
911 5046 1042 5090 non
1073 5045 1205 5090 esse
1245 5032 1562 5107 peccatum
1599 5043 1678 5087 ex
1712 5041 1888 5086 con--

283 5125 555 5199 tempta,
585 5120 736 5199 quia
771 5119 880 5182 ille
927 5120 1150 5182 modus
1191 5119 1486 5201 peccandi
1526 5137 1655 5180 non
1684 5117 1857 5179 addit

283 5211 600 5272 malitiam
628 5211 886 5275 diversae
910 5213 1196 5290 rationis,
1236 5231 1347 5274 seu
1391 5211 1636 5293 speciei,
1681 5217 1745 5272 et
1769 5211 1888 5271 ita·

284 5322 420 5365 non
470 5310 670 5384 potest
712 5323 940 5384 augere
984 5306 1288 5367 malitiam
1328 5305 1494 5366 circa
1532 5303 1860 5364 materiam

285 5397 498 5458 levem
527 5415 722 5476 usque
749 5399 830 5460 ad
857 5400 1231 5477 gravitatem
1267 5397 1618 5466 mortalem,
1659 5401 1861 5456 stante

289 5491 520 5554 eadem
546 5491 810 5553 materia
845 5491 992 5568 levi,
1027 5493 1091 5552 et
1121 5509 1250 5554 non
1287 5491 1496 5552 addito
1530 5488 1654 5550 alio
1706 5487 1856 5563 fine,

697 5609 765 5658 V·

3352 368 3475 431 289

1908 472 2076 534 unde
2104 474 2245 534 talis
2284 474 2556 552 gravitas
2596 475 2756 534 sumi
2786 474 2995 554 possit.
3042 474 3329 553 Idemque
3374 475 3473 536 in-

1908 566 2167 627 tulimus
2192 567 2271 628 de
2285 572 2533 648 peccato
2555 567 2877 629 commisso
2896 586 2973 628 ex
3002 567 3470 643 consuetudine,

1910 658 1963 719 si
1997 676 2112 739 per
2149 678 2215 722 se
2245 678 2318 723 ac
2344 660 2594 740 praecise
2629 660 2699 720 in
2723 652 3165 721 consuetudine
3196 659 3471 736 sistatur,

1912 756 1984 811 ut
2010 752 2159 813 satis
2185 752 2557 833 explicatum
2588 757 2701 813 est.

2442 898 2693 960 CAPUT
2732 899 2943 960 XXIX.

1917 1072 2121 1120 Unum
2146 1074 2262 1119 LEX
2287 1073 2541 1119 numa
2569 1073 2810 1119 onmem
2835 1073 2917 1119 AD
2942 1074 3149 1141 Momm
3175 1074 3475 1136 vlaTImS,

2067 1166 2147 1213 ΒΤ
2172 1166 2627 1219 ὒΟΝΒΕΟΠΕΝΤΕΒ
2652 1167 2763 1220 Quo
2792 1167 2945 1213 AGTU
2970 1167 3325 1213 IMPLEATUR.

1998 1313 2057 1371 1.
2107 1310 2261 1374 Tres
2313 1308 2674 1373 conditiones
2716 1298 3064 1373 necessari&
3116 1313 3199 1373 ad
3240 1313 3479 1374 modum

1913 1403 2171 1466 virtutis
2194 1428 2216 1462 .·
2251 1403 2491 1481 operari
2537 1404 2813 1478 wimer,
2853 1404 3213 1480 colmam-io,
3246 1410 3301 1467 et
3345 1422 3481 1466 oum

1914 1496 2039 1573 fine
2077 1500 2132 1557 et
2169 1494 2650 1558 circumstantiis
2681 1496 2914 1558 debitis.
2945 1528 3029 1542 —
3064 1496 3479 1570 Quaestionem

1915 1588 2079 1649 hanc
2107 1606 2294 1666 supra
2329 1586 2489 1647 libro
2529 1588 2797 1648 secundo
2820 1588 3077 1650 tractavi
3104 1588 3180 1649 de
3207 1588 3345 1668 lege
3371 1607 3482 1650 na-

1917 1680 2250 1756 turali,ubi
2276 1680 2489 1742 notavi
2509 1680 2709 1741 solum
2738 1678 2967 1742 habere
2986 1681 3213 1757 locum,
3231 1683 3482 1762 proprie

1916 1772 2243 1853 loquendo,
2280 1772 2349 1833 in
2387 1773 2709 1853 praeceptis
2749 1773 3161 1849 affirmativis»,
3191 1774 3338 1854 quia
3373 1792 3484 1836 ne·-

1918 1865 2129 1944 gativa
2155 1882 2281 1925 non
2306 1864 2535 1925 dantur
2550 1864 2627 1926 de
2645 1864 2906 1940 actibuS,
2922 1863 3030 1926 sed
3046 1865 3124 1926 de
3150 1868 3482 1946 negatione

1916 1964 2115 2033 actus,
2145 1962 2210 2018 et
2233 1958 2371 2018 ideo
2391 1974 2501 2037 per
2527 1974 2591 2019 se
2619 1976 2746 2018 non
2768 1958 3098 2037 requirunt
3123 1965 3353 2037 actum,
3374 1958 3483 2023 sed

1921 2051 2345 2127 omissionem,
2368 2055 2439 2110 ut
2464 2050 2884 2129 impleantur3
2918 2052 2986 2111 in
3016 2052 3347 2115 omissione
3372 2071 3485 2114 au-

1918 2149 2073 2219 tem,
2099 2149 2171 2204 ut
2197 2143 2307 2219 sic,
2336 2160 2466 2203 non
2492 2142 2811 2207 invenitur
2847 2144 3068 2205 modus
3093 2144 3363 2219 virtutis,
3397 2146 3483 2207 li-

1921 2243 2018 2297 cet
2061 2237 2126 2296 in
2159 2236 2419 2316 positiva
2460 2236 2779 2298 voluntate
2823 2237 3175 2299 abstinendi
3223 2239 3303 2300 ab
3339 2244 3486 2301 actu

1921 2348 2116 2409 pravo
2144 2348 2273 2391 esse
2300 2330 2493 2408 possit
2512 2346 2655 2409 :per
2676 2348 2741 2390 se
2762 2335 2974 2391 autem
2998 2332 3341 2394 necessaria
3354 2351 3483 2395 non

1925 2427 2020 2483 est
2056 2421 2135 2482 ad
2168 2422 2557 2502 implendum
2584 2427 2959 2502 praeceptum
2999 2425 3385 2503 negativum,
3414 2431 3488 2486 ut

1922 2532 1962 2575 a
1985 2514 2231 2576 fortiori
2255 2514 2492 2595 patebit
2514 2532 2590 2575 ex
2617 2514 2913 2577 dicendis.
2938 2517 3261 2594 Praeterea,
3284 2519 3352 2579 in
3380 2536 3485 2579 eo-

1923 2609 2067 2670 dem
2110 2608 2247 2670 loco
2283 2609 2538 2670 distinxi
2572 2610 2640 2669 in
2680 2614 2823 2670 actu
2858 2610 3080 2671 morali
3108 2616 3232 2673 tres
3269 2614 3486 2675 modos

1923 2719 2034 2763 seu
2062 2700 2443 2763 conditiones
2473 2701 2843 2762 necessarias
2881 2702 2961 2762 ad
3002 2704 3258 2764 modum
3289 2706 3487 2766 virtu-

1921 2794 2022 2863 tis,
2045 2812 2174 2853 una
2201 2804 2291 2854 est
2318 2794 2561 2873 operari
2588 2811 2666 2853 ex
2692 2794 3068 2872 cognitione,
3089 2814 3162 2857 ac
3191 2796 3483 2876 scientia3

1925 2887 2049 2948 alia
2093 2886 2335 2966 operari
2362 2886 2711 2948 voluntarie
2722 2902 2743 2963 3
2781 2887 2968 2949 tertia
3008 2890 3251 2968 operari
3282 2890 3487 2952 inten-

1923 2980 2095 3040 tione
2114 2979 2398 3055 honesta,
2429 2984 2492 3040 et
2513 2996 2657 3039 cum
2683 2980 2973 3040 omnibus
3004 2981 3487 3044 circumstantiis

1925 3072 2288 3136 necessariis
2338 3073 2418 3134 ad
2462 3072 2807 3136 bonitatem
2835 3074 3136 3136 moralem
3176 3082 3372 3153 actua,
3423 3083 3487 3140 et

1925 3165 2106 3229 omisi
2148 3171 2461 3246 quartum,
2508 3165 2585 3227 de
2624 3166 2811 3227 modo
2853 3166 3301 3230 delectabiliter
3343 3187 3487 3250 ope-

1924 3259 2130 3335 randi,
2142 3259 2292 3339 quia
2317 3263 2556 3321 constat
2570 3277 2700 3320 non
2717 3259 2935 3322 cadere
2952 3259 3066 3320 sub
3084 3267 3483 3342 praeceptum,

1925 3357 1999 3414 ut
2036 3351 2125 3412 ibi
2153 3351 2528 3430 generaliter
2568 3351 2829 3415 ostendi.
2878 3353 3110 3414 Omitto
3154 3354 3342 3415 etiam
3386 3355 3490 3416 hic

1927 3444 2184 3507 modum
2216 3443 2515 3525 operandi
2541 3463 2618 3506 ex
2644 3444 2981 3507 directione
3007 3446 3119 3507 Dei
3144 3465 3331 3528 super
3357 3467 3491 3509 om·

1927 3539 2060 3615 nia,
2091 3537 2169 3599 de
2195 3555 2321 3617 quo
2347 3537 2437 3598 ibi
2463 3537 2655 3599 etiam
2682 3537 2834 3615 dixi,
2866 3539 3015 3618 quia
3040 3540 3238 3602 multo
3265 3543 3491 3604 certius

1928 3638 2021 3694 est
2045 3631 2237 3693 etiam
2260 3631 2429 3692 hunc
2453 3631 2710 3693 modum
2736 3650 2865 3694 non
2895 3633 3113 3695 cadere
3140 3634 3257 3696 sub
3285 3634 3491 3715 legem

1927 3725 2292 3787 humanam.
2344 3725 2475 3786 Imo
2518 3725 2709 3787 etiam
2754 3725 2831 3788 de
2874 3726 3079 3807 prima
3118 3732 3183 3788 et
3224 3728 3494 3789 secunda

1929 3818 2282 3880 conditione
2308 3817 2471 3878 nihil
2497 3816 2626 3880 fere
2650 3817 2753 3879 hic
2780 3818 3136 3880 addendum
3175 3822 3442 3883 occurrit
3467 3842 3485 3881 ι

1929 3909 2163 3973 habent
2184 3911 2353 3972 enim
2381 3912 2666 3973 eamdem
2695 3911 3002 3973 rationem
3028 3912 3098 3973 in
3117 3912 3256 3992 lege
3282 3913 3465 3994 positi

1929 4022 2031 4080 va,
2058 4021 2248 4084 quam
2272 4003 2342 4064 in
2363 4003 2501 4081 lege
2527 4003 2819 4080 naturali,
2841 4004 2989 4083 quia
3010 4004 3184 4084 leges
3202 4007 3493 4067 humanae

1931 4099 2119 4160 etiam
2143 4097 2372 4158 dantur
2411 4095 2489 4158 de
2528 4096 2767 4158 actibus
2797 4097 3113 4175 humaniS,
3144 4101 3291 4180 quia
3317 4119 3356 4161 a
3385 4119 3495 4162 vo-

1930 4191 2170 4253 luntate
2195 4195 2260 4250 et
2283 4189 2523 4250 ratione
2545 4188 2872 4269 procedere
2908 4187 3175 4269 debe'nt3
3222 4199 3286 4254 et
3327 4192 3490 4270 ideo,

1931 4283 2056 4346 nisi
2082 4282 2237 4343 fiant
2263 4281 2633 4358 voluntarie,
2652 4288 2715 4344 et
2736 4289 3181 4363 consequenter
3198 4303 3276 4347 ex
3298 4287 3496 4347 scien-

1933 4377 2045 4452 tia,
2070 4393 2201 4436 non
2240 4375 2533 4437 videntur
2564 4375 2843 4438 sufficere
2870 4382 2941 4437 ut
2968 4391 3081 4456 per
3111 4396 3214 4440 eos
3253 4379 3355 4440 lex
3377 4380 3495 4441 hu·

1933 4487 2123 4530 mana
2148 4467 2507 4549 impleatur,
2540 4470 2611 4532 in
2641 4486 2765 4549 quo
2798 4469 3077 4532 doctores
3101 4489 3316 4534 omnes
3350 4491 3496 4535 con-

1933 4562 2147 4624 venire
2170 4561 2483 4624 videntur.

2014 4656 2078 4715 2.
2126 4653 2604 4734 objectimoaedoe.
2610 4653 2904 4717 —Solum
2919 4655 3102 4764 video
3116 4655 3302 4738 objici
3323 4675 3501 4737 posse

1933 4744 2084 4807 binc
2097 4746 2295 4826 sequi,
2320 4763 2465 4807 eum
2484 4747 2595 4827 qui
2615 4751 2746 4808 toto
2772 4747 2907 4810 die
2881 4739 3109 4829 jejunii
3121 4749 3350 4812 dormit
3369 4767 3498 4810 non

1933 4838 2193 4920 implere
2214 4845 2615 4920 praeceptum,
2648 4858 2721 4902 ac
2748 4839 3012 4904 subinde
3050 4843 3101 4904 si
3138 4860 3500 4905 excommu-

1934 4931 2166 4994 nicatio
2209 4931 2290 4992 sit
2335 4931 2462 4994 lata
2508 4938 2722 4995 contra
2772 4953 2901 4995 non
2948 4941 3261 4997 servantes
3284 4983 3297 5006 ‚
3347 4934 3501 4996 illud

1935 5030 2309 5105 praeceptum
2336 5025 2571 5086 incurri
2612 5044 2652 5086 a
2686 5026 2774 5087 sic
2800 5025 3165 5088 dormiente.
3206 5027 3500 5106 Idemque

1936 5123 2382 5195 argumentum
2406 5116 2544 5179 fleri
2578 5123 2777 5197 potest
2796 5118 2874 5179 de
2902 5117 3009 5178 illo
3049 5113 3158 5198 q'ui
3186 5118 3499 5180 dormiens

1935 5199 2157 5270 recitat
2176 5209 2416 5287 integre
2438 5209 2746 5289 psalmum
2774 5209 2874 5270 vel
2897 5210 3143 5286 horam,
3174 5217 3237 5272 et
3269 5212 3346 5272 de
3381 5211 3500 5272 hoc

1939 5305 2145 5362 certus
2182 5300 2255 5361 fit
2294 5318 2333 5361 a
2372 5301 2913 5362 circumstantibus
2950 5317 2983 5361 .:
3035 5319 3184 5363 nam
3225 5305 3504 5383 sequitur

1938 5393 2119 5454 illum
2150 5412 2279 5454 non
2304 5393 2651 5473 implevisse
2680 5401 3081 5476 praeceptum,
3102 5402 3164 5457 et
3191 5396 3505 5456 incurrere

1939 5503 2289 5563 censuram,
2320 5487 2373 5548 si
2401 5485 2528 5550 lata
2553 5488 2654 5564 sit,
2678 5488 2801 5550 nisi
2832 5488 3060 5550 iterum
3082 5487 3321 5550 recitet.
3356 5489 3505 5548 Ter-
