3976 6219
800 370 933 422 CAP.
970 371 1096 423 vul.
1134 373 1215 424 DE
1246 373 1455 425 POENAE
1486 373 1842 426 PRIVATIVAE
1871 374 2265 426 EXECUTIONE
2298 374 2463 425 ANTE
2490 374 2900 427 SENTENTIAM.

259 474 320 530 et
346 473 789 547 consequenter
823 476 896 531 ut
924 472 1029 550 jus
1064 473 1130 533 in
1166 473 1275 535 illa
1312 474 1505 535 fuerit
1542 475 1815 536 diminu-

253 569 414 637 tum,
445 568 517 621 ut
555 562 765 622 statim
802 564 1101 644 exemplis
1141 567 1341 644 magis
1371 560 1809 630 declarabitur.

255 656 657 732 Sumiturque
685 673 762 717 ex
789 674 924 736 cap.
962 656 1113 720 Cum
1141 660 1459 722 secundum
1489 660 1645 738 loyes
1669 706 1690 735 ,
1737 661 1814 722 de

256 749 478 809 Haeret.
511 747 577 808 in
607 750 668 824 6,
695 766 838 809 cum
856 749 946 810 ibi
963 749 1213 827 notatis,
1241 756 1304 813 et
1326 770 1402 813 ex
1425 752 1523 814 his
1544 771 1681 832 quae
1705 772 1814 814 no-

257 846 415 915 tant,
455 846 516 901 et
556 840 680 902 late
715 842 992 904 referunt
1017 843 1222 923 Tiraq.
1257 845 1321 906 d.
1357 845 1394 924 ξ
1429 847 1811 923 Revertatur,

256 953 319 994 n.
349 935 467 994 267
498 941 560 994 et
591 936 745 1011 268,
779 943 841 996 et
868 938 1124 1013 Covar.,
1154 938 1221 998 in
1249 942 1321 1017 4,
1348 941 1387 1000 2
1413 960 1504 1020 p.,
1534 959 1589 1002 c.
1622 943 1685 1016 6,
1714 941 1751 1020 ξ
1776 942 1817 1002 8

258 1032 319 1088 et
341 1030 403 1104 9,
439 1034 501 1088 et
523 1029 629 1089 alii
653 1030 860 1090 statim
884 1030 1214 1110 allegandi.

337 1123 397 1181 4.
446 1121 762 1184 Sententia
789 1126 1099 1186 contraria
1124 1126 1348 1203 requloe
1365 1128 1599 1205 positoe.
1623 1162 1704 1171 —
1719 1128 1821 1188 Se-

258 1215 461 1276 cunda
483 1234 627 1277 vero
648 1235 788 1294 pars
816 1218 1105 1295 negativa
1131 1224 1524 1282 controversa
1544 1227 1635 1282 est
1658 1221 1822 1282 inter

260 1309 558 1370 doctoreS.
609 1311 764 1370 Nam
805 1311 1217 1372 communiter
1250 1311 1490 1390 juristae
1537 1320 1821 1375 asserunt

260 1421 337 1463 ex
375 1402 440 1462 vi
486 1402 624 1462 talis
666 1402 820 1481 legis
864 1403 1063 1465 teneri
1105 1404 1523 1486 deliquentem
1571 1406 1639 1465 in
1685 1407 1819 1468 foro

260 1495 646 1556 conscientiae
674 1496 753 1557 ad
785 1496 1255 1576 relinquendam
1281 1516 1419 1559 rem
1448 1517 1573 1578 qua
1596 1518 1708 1580 per
1734 1501 1821 1562 le-

261 1607 402 1666 gem
431 1589 709 1668 privatur
731 1635 752 1665 ,
797 1591 927 1653 sive
955 1592 1034 1651 sit
1069 1591 1441 1654 beneficium
1462 1638 1483 1668 ,
1528 1594 1656 1655 sive
1685 1594 1820 1654 offi-

260 1683 448 1759 cium,
477 1684 604 1743 sive
627 1683 791 1745 bona
813 1685 1199 1765 temporalia,
1226 1685 1416 1747 etiam
1445 1686 1655 1748 omnia
1680 1705 1819 1766 quae

262 1775 486 1853 aliquis
514 1776 805 1855 possidet,
835 1777 887 1838 si
913 1796 1097 1857 poena
1123 1779 1199 1840 de
1223 1779 1513 1840 omnibus
1535 1780 1823 1841 universe

264 1869 575 1948 loquatur.
624 1871 715 1931 Ita
744 1876 960 1932 tenent
985 1871 1142 1933 Abb.
1178 1872 1245 1932 in
1270 1890 1325 1934 c.
1359 1876 1388 1932 1
1425 1873 1503 1934 de
1523 1874 1729 1935 Const.
1762 1878 1824 1934 et

266 1962 459 2024 Felin.
496 1963 563 2023 in
600 1982 654 2025 c.
696 1965 1048 2043 Rodulplms
1066 2011 1087 2042 ,
1129 1971 1190 2027 et
1215 1966 1329 2026 ult.
1364 1966 1439 2027 de
1468 1967 1819 2046 Rescriptis,

264 2072 327 2114 ιι.
349 2055 464 2131 38,
487 2056 755 2117 Matthae.
789 2057 866 2117 de
886 2055 1056 2134 Affl„
1082 2065 1145 2119 et
1163 2057 1271 2119 alii
1288 2058 1465 2119 relati
1485 2077 1595 2137 per
1611 2060 1818 2139 Tiraq.

263 2164 477 2225 supra,
530 2167 594 2208 n.
637 2150 779 2222 291,
822 2167 974 2226 quos
1004 2155 1067 2210 et
1101 2151 1234 2228 ipse
1262 2151 1538 2230 sequitur
1558 2167 1579 2229 3
1619 2156 1681 2213 et
1706 2153 1826 2213 Na-

261 2256 426 2299 varr.
457 2238 526 2298 in
565 2240 769 2313 Sum„
804 2258 857 2302 c.
896 2243 998 2316 23,
1029 2261 1093 2303 n.
1128 2244 1228 2318 67,
1259 2243 1467 2303 ubi-in
1496 2243 1613 2304 hoc
1639 2244 1826 2322 aequi-

264 2336 440 2409 parat
470 2331 881 2410 privationem
918 2332 1227 2409 beneficii,
1274 2340 1336 2396 et
1363 2335 1594 2396 similes
1620 2336 1826 2415 priva-

266 2424 484 2500 tiones3
503 2424 772 2485 censuris
793 2430 854 2485 et
872 2425 1332 2504 irregularitati.
1356 2428 1618 2489 Inclinat
1638 2428 1827 2489 etiam

266 2517 472 2592 Cord.,
494 2516 657 2577 dicta
678 2535 738 2596 q.
768 2519 865 2577 36.
890 2517 1179 2595 Sequitur
1199 2519 1433 2594 Castro,
1454 2520 1495 2580 1.
1517 2523 1556 2580 2
1578 2521 1656 2582 de
1675 2522 1820 2599 Leg.

269 2628 463 2688 poen„
490 2629 543 2670 c.
570 2612 632 2685 6,
661 2615 724 2671 et
747 2610 857 2671 lib.
887 2614 948 2687 3,
971 2630 1026 2672 c.
1058 2613 1156 2687 10,
1188 2618 1249 2674 et
1271 2612 1415 2673 Ant.
1441 2613 1645 2689 Gom„
1667 2619 1819 2676 tom.

269 2706 306 2764 3
333 2702 600 2779 Variar.,
630 2722 684 2765 c.
719 2704 780 2778 2,
810 2722 876 2765 ιι.
906 2706 965 2764 5.
999 2705 1500 2767 Fundamentum
1533 2711 1646 2783 est,
1679 2706 1827 2785 quia

266 2795 526 2856 verbum
553 2797 682 2873 ipso
697 2796 866 2874 juo-e,
895 2796 993 2857 vel
1020 2798 1151 2874 ipso
1174 2800 1361 2873 fact0,
1390 2799 1459 2857 in
1481 2799 1686 2876 rigore
1707 2798 1826 2860 hoc

269 2887 599 2965 significat,
645 2893 708 2948 et
739 2894 832 2949 est
866 2889 1086 2949 efficax
1123 2910 1137 2948 ε
1182 2907 1329 2969 ergo
1367 2890 1608 2951 inducit
1635 2892 1826 2953 talem

272 2980 715 3057 obligationem
737 3026 757 3057 ,
793 2982 940 3060 quia
973 2981 1134 3042 nihil
1169 2987 1262 3043 est
1296 2982 1462 3061 quod
1483 2983 1820 3062 impediat3

268 3090 416 3134 nam
445 3073 851 3153 supponimus
869 3073 1001 3135 fore
1027 3074 1261 3152 justam
1281 3092 1556 3154 poenam,
1581 3076 1823 3138 etiamsi

269 3185 412 3228 cum
446 3166 564 3226 hoc
598 3167 800 3244 rigore
827 3167 1082 3227 feratur.
1119 3167 1501 3230 Anteccdens
1531 3170 1825 3248 probatur

270 3259 551 3337 exemplo
579 3276 980 3320 censurarum
1004 3274 1190 3320 :nam
1214 3259 1358 3320 siin
1375 3260 1464 3321 eis
1490 3260 1643 3321 illud
1657 3262 1825 3323 idem

270 3351 531 3412 verbum
557 3351 744 3412 habet
771 3352 933 3413 hanc
961 3351 1498 3430 significationem,
1535 3359 1598 3414 et
1627 3353 1829 3414 effica-

272 3444 434 3505 ciam
458 3490 479 3521 ,
523 3444 753 3524 ubique
797 3444 971 3506 illam
1026 3445 1296 3507 habebit.
1360 3447 1568 3525 Neque
1613 3446 1826 3524 refert,

272 3538 434 3617 quod
480 3539 741 3618 simplex
779 3539 934 3599 illud
970 3539 1230 3600 verbum
1260 3540 1394 3600 sine
1426 3540 1549 3601 alia
1576 3541 1651 3602 ad
1656 3541 1833 3620 junc-

272 3632 464 3707 tione,
487 3633 588 3693 vel
614 3633 1088 3711 exaggeratione
1122 3637 1406 3712 ponatur.
1438 3634 1594 3694 Nam
1619 3637 1711 3711 (ut
1737 3634 1831 3694 di-

276 3724 514 3802 cebam)
570 3743 696 3785 non
745 3730 991 3786 tenetur
1046 3725 1359 3803 legislator
1405 3725 1834 3806 multiplicatis

274 3817 476 3878 verbis
502 3835 676 3879 suam
705 3823 977 3881 mentem
1004 3818 1296 3894 indicare,
1330 3820 1436 3881 sed
1458 3820 1604 3882 satis
1622 3839 1833 3900 super-

276 3927 396 3988 que
419 3915 531 3985 est,
563 3911 728 3990 quod
755 3929 882 3972 uno
910 3911 1175 3991 simplici
1199 3917 1264 3973 et
1296 3912 1634 3973 sufficiente
1659 3912 1832 3973 illam

278 4002 647 4066 manifestet.

357 4098 416 4157 5.
461 4095 752 4159 Auctom
771 4098 1158 4174 affirmantes
1168 4096 1439 4174 regulam
1455 4097 1830 4174 proediotam,

278 4191 423 4268 quia
445 4195 593 4253 esset
619 4190 953 4267 oppositum
977 4188 1164 4250 nimis
1189 4190 1483 4252 acerbum.
1530 4224 1612 4233 —
1642 4189 1836 4250 Nihil-

280 4283 527 4344 ominus
553 4283 771 4359 regula
796 4281 996 4361 posita
1023 4300 1150 4343 non
1187 4281 1388 4343 solum
1424 4300 1640 4344 secura
1667 4328 1687 4359 ,
1732 4284 1838 4344 sed

282 4375 468 4435 etiam
496 4373 872 4453 probabilior
897 4380 1009 4451 est,
1042 4375 1143 4436 cui
1163 4375 1433 4436 multum
1461 4376 1626 4437 favet
1655 4377 1839 4438 Inno-

281 4472 441 4530 cent.
470 4467 538 4527 in
557 4485 613 4528 c.
640 4465 791 4531 Cum
807 4469 1054 4542 nostris,
1096 4467 1173 4528 de
1188 4468 1467 4531 Concess.
1490 4468 1835 4548 praebend„

283 4577 350 4620 n.
404 4562 463 4619 1.
506 4559 693 4620 Citari
729 4559 919 4621 etiam
964 4564 1163 4638 potest
1202 4561 1419 4622 Decius
1450 4561 1518 4621 in
1559 4579 1614 4622 c.
1657 4565 1715 4622 1.
1762 4561 1840 4622 de

283 4651 567 4728 constit„
599 4651 741 4713 lect.
779 4656 839 4728 1,
880 4671 945 4712 ιι.
976 4654 1077 4714 20.
1113 4652 1234 4713 Sed
1277 4671 1407 4714 non
1439 4659 1603 4715 recte
1629 4654 1837 4729 sentit,

284 4745 431 4824 quia
459 4746 830 4824 generaliter
855 4745 932 4807 de
960 4763 1144 4824 poena
1168 4745 1466 4825 loquitur,
1493 4756 1555 4807 et
1572 4765 1699 4808 non
1721 4747 1843 4808 dis-

286 4838 519 4915 tinguit
542 4838 705 4899 inter
737 4838 940 4916 legem
971 4839 1394 4917 imponentem
1423 4856 1674 4918 poenam
1695 4839 1843 4900 sim-

285 4930 527 5010 pliciter
548 4977 568 5007 ,
618 4937 680 4993 et
717 4932 851 5013 ipso
891 4931 1078 5006 iact0,
1113 4932 1220 4994 sed
1255 4931 1430 4992 illam
1477 4931 1840 5012 aequiparat.

287 5025 533 5087 Felinus
572 5025 758 5087 etiam
785 5026 853 5086 in
887 5044 940 5088 c.
971 5024 1030 5088 A
1060 5026 1263 5101 nobis,
1310 5025 1390 5086 de
1418 5024 1657 5086 Simon.
1665 5071 1687 5102 ,
1723 5026 1841 5087 du-

288 5117 446 5179 bitat
490 5119 567 5180 de
606 5119 910 5180 sententia
958 5119 1381 5180 Panormitan.
1434 5136 1625 5197 quam
1673 5119 1846 5198 prius

286 5218 595 5288 tenuerat,
620 5217 683 5274 et
703 5211 1096 5291 cogitandam
1121 5211 1441 5290 relinquit3
1469 5218 1845 5291 possuntque

287 5305 355 5365 in
382 5305 659 5367 favorem
680 5306 786 5384 huj
795 5324 867 5366 us
892 5305 1213 5366 sententiae
1239 5304 1464 5366 adduci
1485 5303 1684 5365 multa
1705 5324 1845 5384 quae

287 5399 455 5462 idem
476 5400 725 5461 Felinus
744 5399 1093 5461 accumulat
1115 5400 1183 5461 in
1200 5399 1362 5461 dicto
1384 5416 1439 5460 c.
1467 5400 1844 5479 Ιῧοᾱαῑρῖιιιε,

244 5485 251 5491 ’
290 5510 357 5556 ιι.
395 5494 497 5560 37.
522 5494 596 5560 Ιιι
622 5492 905 5561 eamdem
929 5491 1190 5562 inclinat
1213 5491 1385 5562 Bald.
1414 5490 1553 5559 inl.
1579 5493 1651 5569 2,
1682 5511 1737 5558 c.
1769 5491 1849 5561 de

3332 371 3453 431 447

1895 476 2195 554 Vectigal.
2228 481 2292 536 et
2317 476 2625 537 commiss
2659 494 2721 536 n.
2762 479 2823 550 2,
2855 477 3005 535 dum
3034 476 3143 550 ait,
3175 493 3318 536 eum
3347 478 3455 556 qui

1895 568 2059 628 cadit
2084 570 2153 628 in
2179 568 2572 628 commissum
2591 586 2719 629 non
2739 568 2941 628 teneri
2961 568 3027 627 in
3046 568 3183 627 foro
3204 568 3452 644 animae,

1895 662 2137 724 etiamsi
2165 662 2501 723 moriatur:
2534 668 2703 723 tenet
2725 662 2914 724 etiam
2937 661 3188 740 Cagnol.
3222 662 3459 741 Siquis

1895 756 2118 835 major,
2141 774 2193 817 c.
2223 756 2301 816 de
2319 757 2660 829 Transact.,
2685 774 2752 815 n.
2787 756 2927 829 160,
2953 759 3014 815 et
3035 754 3124 814 ibi
3153 753 3453 816 Alexand.

1896 848 1973 908 de
1997 848 2172 908 Imol.
2197 850 2351 910 Item
2371 849 2560 908 sentit
2576 848 2697 913 Jul.
2725 848 2883 909 Clar.
2892 847 2972 923 ,1.
2999 849 3059 923 5,
3079 866 3141 926 q.
3161 850 3262 921 73,
3293 867 3359 909 ιι.
3390 851 3455 926 43

1896 945 2113 1001 tenent
2140 942 2326 1003 etiam
2350 940 2601 1001 Archid.
2638 946 2701 1002 et
2721 942 2899 1001 Joan.
2927 939 3119 1000 Andr.
3127 986 3147 1016 ,
3179 959 3332 1019 quos
3361 960 3459 1002 re-

1896 1033 2015 1094 fert
2037 1040 2098 1094 et
2116 1034 2391 1113 sequitur
2413 1033 2877 1112 Sylvest.,verb.
2902 1032 3289 1110 Assassinus,
3302 1053 3366 1094 11.
3393 1037 3456 1109 4,

1901 1133 1963 1187 et
1992 1126 2182 1187 verbo
2214 1128 2531 1201 Hoeresis,
2574 1130 2634 1201 1,
2658 1143 2718 1204 q.
2754 1128 2814 1201 8,
2842 1145 2905 1187 n.
2950 1128 3027 1186 12
3055 1132 3117 1188 et
3140 1129 3253 1204 133
3285 1129 3457 1204 Com,

1900 1218 2063 1280 dicto
2092 1219 2128 1298 ξ
2164 1223 2223 1291 8,
2255 1238 2317 1280 ιι.
2354 1221 2465 1295 103
2501 1219 2762 1280 Conrad.
2792 1225 2974 1280 tract.
3007 1219 3084 1280 de
3123 1220 3456 1298 Contract.,

1900 1330 1963 1390 q.
2004 1315 2082 1388 73
2118 1314 2328 1372 Penna
2357 1311 2631 1373 referens
2659 1311 2812 1372 alios
2844 1312 2911 1372 in
2942 1312 3163 1373 Direct.
3197 1314 3458 1392 Inquis,

1902 1407 1939 1465 3
1966 1411 2156 1485 part„
2188 1410 2526 1473 comment.
2572 1406 2711 1481 158,
2756 1405 2836 1466 ad
2865 1424 2927 1484 q.
2963 1394 3101 1466 129.
3144 1405 3323 1466 Multi
3352 1423 3462 1466 au-

1899 1504 2027 1559 tem
2068 1516 2146 1559 ex
2191 1497 2287 1558 his
2318 1498 2662 1558 fundantur
2697 1498 2767 1557 in
2814 1497 3089 1576 generali
3134 1498 3457 1579 principie,

1898 1591 2048 1671 quia
2088 1590 2227 1651 talis
2272 1591 2372 1651 lex
2413 1596 2567 1651 esset
2608 1591 2796 1652 nimis
2834 1591 3057 1652 acerba
3092 1590 3192 1652 vel
3219 1592 3461 1671 iniqua3

1901 1689 2146 1763 cogeret
2185 1684 2353 1744 enim
2390 1682 2677 1744 homines
2712 1685 2789 1743 ad
2833 1701 2898 1744 se
2932 1685 3322 1763 prodendum
3348 1731 3368 1760 ,
3401 1690 3465 1746 et

1903 1776 1981 1838 ad
2028 1776 2453 1856 exequendam
2493 1775 2560 1836 in
2593 1793 2660 1837 se
2699 1775 3159 1839 acerbissimam
3186 1795 3458 1857 poenam,

1902 1869 1982 1930 ad
2011 1871 2172 1950 quod
2199 1871 2372 1931 nulla
2391 1871 2494 1931 lex
2513 1870 2766 1949 obligat.
2800 1870 2921 1931 Sed
2946 1871 3079 1932 haec
3105 1873 3318 1933 omnia
3335 1890 3463 1932 non

1904 1969 2051 2024 sunt
2077 1963 2505 2025 universaliter
2530 1981 2702 2039 vera,
2728 1969 2800 2023 ut
2828 1968 3064 2025 constat
3092 1982 3171 2026 ex
3194 1964 3375 2025 dictis
3404 1970 3467 2025 et

1907 2055 2204 2131 dicendis,
2229 2061 2293 2117 et
2315 2056 2455 2116 ideo
2476 2056 2757 2135 probatio
2783 2074 2908 2117 non
2939 2063 3030 2118 est
3057 2057 3295 2118 efficax.

1985 2149 2046 2209 6.
2093 2148 2270 2210 Ratio
2298 2167 2446 2227 ergo
2472 2148 2671 2209 solum
2709 2155 2821 2226 est,
2857 2150 3004 2228 quia
3026 2149 3332 2228 particula
3358 2149 3466 2210 illa

1906 2241 2037 2320 ipso
2073 2245 2236 2318 facto
2271 2242 2372 2302 vel
2411 2242 2543 2321 ipso
2570 2243 2740 2321 jure,
2783 2243 2848 2302 in
2870 2242 2969 2302 his
2997 2242 3234 2319 legibus
3270 2243 3468 2320 posita

1907 2333 2313 2395 sufficientem
2333 2334 2617 2395 effectum
2635 2334 2842 2410 habet,
2859 2335 3041 2413 juxta
3062 2335 3329 2413 priorem
3348 2333 3466 2394 hu-

1898 2425 2005 2503 jus
2030 2426 2258 2505 regulae
2286 2433 2528 2505 partem
2564 2442 2580 2486 τ
2622 2444 2770 2505 ergo
2798 2445 2925 2488 non
2954 2432 3050 2489 est
3070 2427 3336 2506 amplius
3364 2444 3468 2486 ex-

1905 2518 2215 2579 tendenda
2233 2519 2301 2579 in
2321 2519 2419 2579 his
2446 2519 2888 2599 temporalibus
2915 2520 3135 2599 poenis.
3168 2518 3469 2580 Probatur

1907 2611 2367 2689 consequentia,
2391 2618 2526 2671 tum
2549 2629 2625 2672 ex
2647 2612 2949 2691 principio
2980 2612 3277 2690 generali,
3302 2612 3466 2691 quod

1904 2721 2103 2782 poenoe
2119 2711 2245 2764 tem
2248 2704 2536 2783 perandae
2551 2710 2696 2765 sunt
2712 2706 2915 2784 potius
2933 2724 3122 2784 quam
3141 2706 3464 2782 augendae3

1903 2801 2041 2856 tum
2074 2798 2263 2857 etiam
2307 2798 2455 2876 quia
2494 2796 2648 2857 alias
2676 2815 2836 2877 saepe
2880 2798 3032 2858 tales
3058 2798 3224 2877 leges
3266 2803 3470 2858 essent

1904 2890 2094 2949 nimis
2119 2891 2433 2969 figorosae‚
2457 2895 2518 2950 et
2535 2890 2663 2951 fere
2681 2891 3066 2966 inhumanae3
3094 2898 3229 2952 tum
3253 2896 3470 2971 proete-

1905 2981 2166 3061 reassquia
2182 2982 2528 3043 communis
2538 3001 2687 3044 usus
2704 2984 2791 3044 ita
2805 2984 3246 3064 interpretatur
3254 2983 3364 3062 huj
3372 3002 3471 3043 us-

1904 3074 2073 3134 modi
2102 3073 2292 3152 leges,
2319 3080 2381 3135 et
2411 3074 2550 3135 ideo
2570 3075 2717 3153 jura
2739 3075 2872 3155 ipsa
2895 3077 3144 3156 quando
3167 3076 3468 3156 majorem

1905 3165 2350 3244 obligationem
2390 3167 2710 3246 imponere
2757 3169 2978 3229 volunt
3001 3215 3022 3245 ,
3064 3169 3245 3248 plura
3274 3169 3464 3229 etiam

1903 3258 2097 3319 verba
2124 3258 2393 3334 addunt,
2430 3265 2492 3320 et
2520 3260 2720 3338 magis
2752 3278 2888 3320 rem
2914 3261 3248 3340 explicant,
3279 3267 3350 3321 ut
3379 3259 3471 3319 vi-

1909 3350 2215 3413 debimus
2246 3352 2520 3431 Denique
2547 3351 2901 3413 confirmari
2928 3353 3046 3414 hoc
3071 3359 3291 3433 potest,
3325 3353 3473 3432 quia

1910 3444 1977 3503 in
2010 3444 2147 3523 ipso
2179 3445 2324 3522 jure
2359 3443 2607 3505 videtur
2645 3445 2733 3505 ita
2773 3451 3152 3525 temperatus
3180 3448 3350 3525 rigor
3382 3452 3474 3506 ta-

1911 3535 2070 3596 lium
2105 3536 2317 3614 legum
2356 3537 2424 3597 in
2456 3555 2590 3617 cap.
2646 3537 2798 3601 Cum
2829 3540 3146 3601 secundum
3174 3539 3365 3618 loyes,
3395 3541 3472 3600 de

1913 3630 2138 3690 Haeret.
2169 3631 2238 3689 in
2260 3632 2320 3692 6.
2354 3632 2507 3692 Nam
2535 3630 2623 3690 ibi
2653 3631 3018 3709 explicatur,
3038 3632 3106 3692 in
3128 3650 3313 3712 poena
3331 3652 3473 3695 con-

1914 3721 2249 3784 fiscationis
2292 3722 2598 3784 bonorum
2635 3769 2657 3800 ,
2708 3743 2845 3803 quae
2896 3731 3149 3805 propter
3189 3727 3473 3789 haeresim

1914 3815 2281 3896 imponitur,
2313 3815 2500 3877 simul
2522 3818 2816 3896 conjungi
2833 3865 2849 3892 ‚
2880 3819 3047 3897 quod
3074 3820 3155 3879 sit
3176 3820 3309 3899 ipso
3336 3820 3474 3900 jure

1916 3909 2230 3986 imposita,
2257 3913 2320 3969 et
2339 3909 2504 3989 quod
2522 3909 2600 3970 ad
2619 3911 2925 3970 actualem
2941 3912 3351 3989 privationem
3379 3931 3475 3975 re-

1918 4002 2200 4081 quiratur
2217 4002 2525 4062 sententia
2548 4001 2950 4063 declaratoria
2979 4004 3254 4065 criminis
3280 4021 3299 4082 ;
3329 4024 3476 4085 ergo

1916 4094 2219 4155 habemus
2247 4113 2325 4155 ex
2365 4096 2503 4174 jure
2558 4095 2922 4173 particulam
2956 4095 3128 4156 illam
3157 4098 3287 4176 ipso
3301 4098 3473 4177 jure,

1918 4187 1985 4247 ιιι
2013 4187 2370 4264 hujusmodi
2404 4186 2597 4265 poenis
2623 4204 2750 4246 ιιοιι
2795 4186 3120 4249 excludere
3151 4190 3478 4251 necessita-

1918 4286 2046 4341 tem
2075 4280 2391 4342 sententiae
2413 4279 2849 4341 declaratoriae.
2880 4282 3064 4342 Recte
3093 4283 3264 4344 enim
3289 4284 3479 4344 infert

1921 4375 2186 4452 Sylvest.
2225 4393 2432 4453 supra,
2472 4374 2525 4433 si
2557 4373 2625 4433 in
2656 4375 2914 4434 crimine
2943 4374 3101 4436 laesae
3142 4377 3479 4455 majestatis

1921 4468 2150 4529 divinae
2184 4468 2403 4546 recipit
2428 4466 2535 4527 illa
2560 4468 2865 4546 particula
2896 4468 3071 4529 illam
3109 4471 3478 4531 moderatio-

1920 4578 2066 4623 nem
2081 4606 2100 4636 ,
2144 4567 2215 4621 ut
2243 4576 2373 4621 non
2403 4560 2687 4622 excludat
2725 4562 3096 4623 sententiam
3137 4562 3479 4623 declarato-

1920 4655 2111 4730 riam,
2148 4672 2186 4714 a
2226 4654 2466 4715 fortiori
2493 4654 2822 4716 dicendum
2868 4674 2998 4717 esse
3026 4656 3192 4717 idem
3219 4657 3288 4716 in
3316 4655 3480 4716 infe-

1920 4746 2185 4808 rioribus
2211 4746 2463 4808 delictis

2005 4845 2065 4901 7.
2124 4841 2505 4920 Responderi
2554 4859 2702 4901 vero
2752 4846 2952 4920 potest
2975 4887 2995 4918 ,
3045 4842 3112 4902 in
3151 4841 3259 4902 illo
3306 4846 3481 4902 textu

1923 4952 2052 4995 non
2082 4933 2207 4994 dici
2221 4978 2242 5008 ,
2278 4951 2406 4994 non
2441 4933 2642 4995 teneri
2685 4951 2864 4994 reum
2902 4935 2970 4995 in
3002 4934 3376 4995 conscientia
3402 4933 3481 4993 ad

1925 5026 2357 5108 exequendum
2381 5027 2450 5088 in
2485 5045 2549 5088 se
2576 5026 2763 5087 talem
2792 5045 3040 5106 poenam
3070 5036 3214 5088 ante
3241 5031 3484 5087 senten-

1923 5121 2079 5181 tiam
2115 5120 2585 5181 declaratoriam
2620 5119 2899 5179 criminis
2917 5164 2938 5194 ,
2975 5120 3079 5180 sed
3114 5119 3314 5179 solum
3355 5136 3483 5178 non

1923 5231 2099 5293 posse
2119 5213 2199 5273 ab
2220 5213 2359 5274 aliis
2387 5213 2523 5290 cogi
2543 5212 2621 5272 ad
2643 5211 2839 5287 illam,
2869 5229 2977 5273 seu
3006 5213 3185 5272 bonis
3206 5213 3332 5272 suis
3359 5212 3485 5290 pri-

1926 5306 2078 5367 vari.
2112 5305 2283 5378 Quod
2310 5305 2563 5385 quidem
2584 5304 2769 5383 longe
2797 5303 3107 5366 diversum
3139 5310 3250 5381 est,
3282 5311 3342 5365 et
3365 5305 3486 5364 dis-

1925 5399 2188 5460 tinctam
2217 5398 2396 5458 valde
2434 5398 2742 5458 rationem
2774 5397 2983 5458 habet.
3023 5399 3177 5459 Nam
3205 5398 3314 5477 qui
3337 5396 3485 5457 deli-

1927 5491 2066 5575 quit
2081 5536 2101 5568 ,
2138 5491 2416 5561 conscius
2443 5495 2536 5557 eat
2567 5490 2667 5554 sui
2693 5490 2899 5554 delicti
2918 5533 2941 5568 ,
2971 5495 3034 5560 et
3064 5491 3154 5554 ita
3192 5490 3396 5572 quoad
3421 5507 3487 5553 se
