3976 6219
854 382 987 435 cAP.
1024 383 1201 437 xxm.
1237 383 1449 437 U'rntm
1482 384 1606 437 Lex
1641 383 1864 438 clvms
1895 383 1959 438 m
1990 381 2479 436 PRAESUHPTIONE
2511 383 2821 447 munus,
2855 383 2989 436 ETC-

393 482 455 540 4.
500 481 617 543 Sed
641 484 1047 546 nihilominus
1069 484 1355 545 doctrina
1372 485 1503 547 haec
1522 501 1648 547 non
1671 491 1871 565 potest

308 572 664 638 indistincte
692 585 754 639 et
784 578 1153 657 generaliter
1184 580 1535 658 approbari,
1568 581 1714 659 quia
1736 581 1869 641 sine

310 665 497 727 dubio
526 669 735 749 aliqua
760 689 837 732 ex
871 672 1145 732 adductis
1182 673 1478 752 exemplis
1521 673 1677 735 falsa
1698 680 1864 750 sunt,

309 764 380 819 ut
420 760 584 822 infra
630 764 738 825 lib.
785 767 823 827 5
850 764 1129 826 dicemus
1155 765 1234 826 de
1262 763 1590 845 aliquibus.
1641 768 1726 828 De
1774 785 1870 829 re-

308 855 700 919 nuntiatione
750 864 959 919 autem
985 857 1130 919 filiae
1176 858 1317 920 dote
1346 866 1671 937 contentas,
1703 866 1765 922 et
1790 861 1867 921 de

308 945 680 1011 alienatione
706 950 887 1011 fundi
909 948 1129 1011 dotalis
1157 950 1237 1011 ab
1263 969 1455 1013 uxore
1484 954 1669 1029 facta,
1700 960 1761 1015 et
1788 952 1866 1015 de

309 1038 611 1102 similibus
649 1043 890 1103 actibus
941 1056 1051 1123 per
1093 1043 1260 1122 leges
1309 1043 1616 1107 humanas
1662 1047 1868 1108 irritos

307 1148 459 1208 esse,
481 1136 761 1212 quamvis
788 1135 946 1196 fiant
970 1150 1111 1196 cum
1133 1148 1280 1197 vem
1309 1152 1632 1215 consensu,
1648 1144 1713 1199 et
1730 1138 1868 1199 aliis

307 1225 763 1290 conditionibus
790 1242 866 1290 ex
895 1228 960 1290 vl
996 1230 1185 1290 solius
1199 1231 1357 1309 juris
1373 1231 1677 1292 naturalis
1702 1233 1870 1294 suffi-

308 1316 634 1394 cientibus,
652 1322 719 1381 in
749 1327 794 1384 t.
819 1324 857 1382 2
883 1322 961 1383 de
981 1322 1178 1401 Refig.
1204 1328 1381 1385 tract.
1401 1323 1479 1385 de
1505 1322 1745 1386 Juram.
1780 1324 1869 1386 la-

307 1409 429 1470 tius
454 1410 748 1474 diximus.
782 1414 1058 1493 Denique
1088 1414 1409 1495 (quidquid
1452 1414 1533 1478 sit
1566 1417 1644 1478 de
1670 1417 1867 1498 parti-—

308 1501 618 1564 cularibus
667 1506 997 1586 exemplis)
1019 1548 1040 1583 ,
1104 1514 1342 1569 certum
1400 1510 1646 1571 videtur
1692 1528 1867 1590 posse

307 1593 511 1673 legem
542 1596 812 1674 civilem,
832 1599 1074 1661 etiamsi
1102 1601 1300 1679 (juxta
1327 1602 1583 1664 modum
1609 1603 1867 1683 loquen-

309 1686 374 1747 di
400 1688 647 1750 illorum
669 1696 1011 1772 auctorum)
1040 1693 1107 1753 in
1134 1696 1616 1774 proesumptione
1645 1695 1866 1756 funde-

308 1785 432 1856 tur,
463 1782 822 1862 simpliciter
851 1785 1001 1847 ferri
1036 1786 1123 1847 ita
1157 1792 1229 1847 ut
1255 1787 1488 1866 obliget
1531 1793 1593 1850 et
1641 1788 1867 1852 habeat

307 1878 508 1934 totum
534 1894 716 1938 suum
744 1877 1056 1955 effectum,
1083 1881 1272 1941 etiam
1293 1881 1358 1941 in
1380 1881 1620 1942 casibus
1639 1881 1707 1943 in
1729 1882 1866 1962 qui—

306 1963 420 2024 hus
450 1972 847 2049 presumptio
871 1990 998 2033 non
1040 1973 1333 2049 subsistit,
1370 1976 1620 2053 quando
1647 1976 1715 2036 in
1755 1975 1865 2036 oh-

303 2061 647 2122 servatione
694 2063 847 2141 legis
878 2065 1124 2127 nullum
1156 2068 1491 2129 intervenit
1516 2075 1861 2150 peccatum,

300 2151 447 2229 quia
468 2160 668 2231 potest
696 2157 776 2216 ad
804 2176 1134 2220 commune
1182 2160 1417 2222 bonum
1455 2163 1765 2241 pertinere
1795 2168 1865 2224 ut

302 2244 444 2305 talis
471 2245 574 2307 lex
600 2248 881 2312 absolute
912 2253 1149 2312 feratur
1173 2259 1236 2314 et
1262 2254 1515 2333 obliget,
1539 2257 1778 2317 etiamsi
1797 2257 1863 2317 in

302 2341 658 2419 particulari
688 2362 834 2405 casu
869 2348 1030 2407 ratio
1061 2348 1195 2425 ejus
1223 2347 1466 2409 deficiat
1493 2371 1508 2409 :
1543 2367 1692 2429 ergo
1736 2369 1864 2412 non

304 2437 503 2511 potest
524 2436 890 2512 generaliter
917 2444 979 2498 et
1006 2439 1361 2502 indistincte
1390 2441 1663 2518 defendi,
1697 2444 1864 2522 quod

304 2522 407 2585 163
434 2526 499 2585 in
518 2531 998 2609 praesumptione
1012 2531 1271 2593 fundata
1289 2552 1612 2614 nunquam
1631 2535 1867 2615 obliget

303 2616 402 2677 vel
424 2618 648 2681 habeat
668 2621 951 2684 effectum
966 2624 1032 2684 in
1053 2626 1689 2706 eonscientia‚quoties
1703 2630 1864 2689 veri-

303 2715 396 2770 tas
423 2728 554 2772 non
594 2722 891 2777 consonat
914 2720 1404 2798 praesumptioni,
1442 2720 1584 2781 licet
1610 2721 1865 2783 fortasse

302 2803 426 2864 sint
462 2804 685 2884 aliquas
709 2806 878 2886 leges
917 2824 1054 2887 quae
1082 2810 1150 2870 in
1189 2808 1307 2871 hoc
1338 2829 1522 2872 sensu
1559 2813 1860 2874 ferantur.

384 2900 443 2959 5.
492 2900 734 2978 Duplex
760 2905 1153 2980 proesumptio
1190 2904 1365 2983 legis,
1398 2923 1522 2966 una
1553 2909 1732 2983 facti,
1777 2908 1868 2968 al-

307 2997 436 3053 tera
468 2994 727 3071 periculi
761 2996 1500 3076 moralia—Quapropter
1527 2999 1867 3061 distinctio-

305 3101 385 3144 ne
412 3085 715 3146 utendum
740 3087 1006 3163 videtur,
1039 3104 1229 3167 quam
1275 3108 1517 3153 sumere
1547 3111 1866 3171 possumus

305 3195 380 3238 ex
412 3179 483 3238 D.
507 3179 745 3240 Thoma
775 3183 834 3240 2.
862 3183 923 3254 2,
951 3199 1012 3260 q.
1036 3183 1138 3256 60,
1171 3189 1287 3244 art.
1319 3185 1381 3259 4,
1408 3184 1487 3245 ad
1511 3187 1570 3260 3,
1601 3185 1708 3246 ubi
1734 3188 1865 3265 ipse

299 3269 577 3350 loquitur
599 3271 675 3332 de
694 3273 1201 3352 interpretatione
1218 3275 1479 3356 alicujus
1502 3279 1591 3339 rei
1611 3279 1679 3339 in
1699 3279 1867 3340 dete·

302 3364 533 3424 riorem
578 3371 843 3444 partem,
884 3383 1072 3445 quam
1128 3367 1278 3428 dicit
1320 3389 1493 3449 posse
1538 3370 1867 3452 dupliciter

304 3455 463 3532 fieri,
499 3457 749 3533 scilicet,
784 3460 1317 3538 praesupponendo
1362 3479 1534 3543 posse
1573 3464 1661 3524 ita
1708 3482 1864 3542 esse,

303 3549 401 3610 vel
434 3549 786 3612 definiendo
828 3553 915 3612 ita
951 3570 1102 3613 esse.
1144 3555 1233 3614 Ita
1265 3573 1412 3634 ergo
1462 3557 1528 3616 in
1573 3560 1862 3636 praesenti

302 3642 614 3723 duplicem
666 3646 1207 3725 praesumptionem
1266 3648 1419 3727 legis
1463 3650 1781 3728 distinguo
1843 3666 1860 3711 ε

302 3753 496 3797 unam
519 3754 739 3798 vocare
770 3755 1093 3818 possumus
1121 3742 1640 3821 praesumptionis,
1671 3743 1861 3803 aliam

300 3828 698 3905 definitionis,
719 3830 816 3892 vel
840 3850 1031 3892 unam
1057 3831 1224 3908 facti,
1250 3833 1435 3895 aliam
1454 3835 1710 3914 periculi
1728 3853 1862 3896 mo-

297 3922 467 3998 ralis,
516 3923 856 3983 secundum
886 3924 952 3984 id
980 3924 1147 4003 quod
1196 3925 1583 4006 frequentius
1611 3927 1858 4003 accidit,

300 4014 351 4074 si
369 4020 578 4076 tamen
606 4015 740 4077 haic
757 4017 1057 4095 posterior
1082 4021 1479 4099 praesumptio
1506 4026 1569 4080 et
1599 4038 1726 4080 non
1752 4039 1861 4099 po·

298 4107 423 4168 tius
433 4114 598 4169 certa
618 4109 876 4170 seientia
902 4110 1161 4171 dicenda
1181 4117 1271 4172 est
1288 4106 1635 4190 :loquimur
1649 4117 1861 4173 tamen

299 4201 541 4279 vulgari
575 4202 784 4263 modo.
820 4204 992 4264 Prior
1026 4222 1172 4283 ergo
1214 4205 1434 4265 modus
1461 4212 1574 4280 est,
1614 4204 1862 4284 quando

300 4295 697 4374 praesumitur
735 4309 889 4376 opus
925 4296 1037 4357 tali
1065 4296 1166 4358 vel
1189 4297 1299 4357 tali
1338 4294 1524 4357 modo
1569 4314 1699 4358 6336
1732 4295 1862 4357 fac-

299 4391 459 4462 tum,
489 4392 560 4449 ut
586 4389 652 4450 in
681 4405 823 4449 casu
858 4389 965 4450 illo
999 4390 1075 4450 de
1114 4391 1511 4451 matrimonio
1540 4407 1653 4470 per
1679 4405 1862 4469 spon-

299 4479 453 4540 salia
486 4488 937 4557 consummata,
987 4484 1382 4561 praesumitur
1437 4483 1657 4563 copula
1703 4482 1863 4544 facta

297 4572 520 4634 affectu
552 4575 824 4652 maritali
850 4581 915 4636 et
940 4589 1084 4637 cum
1112 4594 1257 4638 vero
1285 4593 1585 4638 consensu
1619 4581 1863 4637 contra-

297 4665 485 4727 hendi
533 4665 1025 4730 matrimonium.
1081 4669 1383 4730 Posterior
1435 4679 1643 4730 autem
1699 4670 1818 4731 erit
1837 4715 1859 4745 ,

296 4759 544 4838 quando
566 4759 766 4820 solum
798 4762 1196 4840 praesumitur
1237 4763 1305 4822 in
1350 4761 1463 4822 tali
1494 4762 1679 4823 modo
1719 4780 1862 4823 oon-

296 4851 611 4924 trahendi,
633 4853 813 4913 verbi
835 4854 1057 4932 gratia,
1089 4854 1286 4916 inesse
1317 4854 1602 4930 dubium,
1642 4861 1752 4917 aut
1779 4856 1858 4916 ti·-

295 4960 561 5020 morem,
603 4944 702 5005 vel
731 4946 1257 5025 imperfectionem
1281 4965 1615 5009 consensus
1646 4965 1724 5009 ex
1751 4949 1857 5009 de-

295 5037 458 5098 fectu
509 5037 530 5115 j
537 5036 730 5098 udicii
758 5083 781 5114 ,
832 5039 980 5119 quia
1050 5038 1416 5120 plerumque
1483 5041 1571 5101 ita
1632 5042 1857 5102 accidit

295 5128 362 5189 in
389 5130 578 5191 simili
598 5136 847 5192 eventu.
863 5121 1042 5194 Unde
1064 5150 1306 5212 semper
1322 5135 1485 5195 inest
1504 5133 1853 5214 periculum

293 5223 549 5298 morale,
576 5223 740 5302 quod
761 5224 851 5284 ita
892 5224 974 5285 sit
997 5224 1158 5285 sicut
1179 5227 1587 5305 praesumitur.
1620 5228 1697 5287 Et
1736 5226 1853 5287 hoc

292 5316 479 5377 modo
510 5317 854 5379 fundantur
880 5318 949 5379 in
976 5321 1456 5399 praesumptione
1483 5321 1583 5381 lex
1606 5321 1854 5381 irritans

290 5408 728 5487 professionem
764 5416 907 5472 ante
951 5403 1301 5491 legitimum
1349 5419 1592 5493 tempus
1629 5415 1850 5491 aetatis,

290 5507 398 5564 aut
417 5502 826 5583 probationis,
845 5516 911 5568 et
928 5504 1180 5568 31311163.

3395 383 3513 445 m

2028 485 2090 544 6.
2123 485 2349 546 Prima
2378 485 2924 549 conclusive—Dico
2957 503 3104 564 ergo
3122 485 3327 565 primo
3348 488 3515 569 leges

1945 576 2234 637 fundatas
2257 578 2322 637 in
2341 579 2818 658 praesumptione
2840 578 3080 640 ratione
3102 580 3290 641 solius
3313 600 3515 644 mora-

1945 670 2022 730 lis
2044 669 2301 749 periculi
2327 670 2599 749 obligare
2639 672 2707 731 in
2745 671 3136 747 conscientia,
3183 680 3243 733 et
3285 673 3512 738 habere

1943 780 2085 823 suos
2105 762 2376 839 effectus,
2393 764 2632 825 etiamsi
2651 763 2717 824 in
2743 763 3099 843 particulari
3112 780 3259 825 casu
3276 766 3513 829 factum

1943 872 2072 916 non
2096 855 2178 916 sit
2209 863 2689 917 consentaneum
2710 858 3005 936 periculo,
3032 874 3148 918 nec
3174 874 3391 920 revera
3415 860 3511 921 in-

1943 949 2251 1009 terveniat
2263 950 2426 1028 quod
2442 949 2644 1011 timeri
2666 956 2926 1029 poterat.
2946 951 3075 1011 Hoc
3097 951 3363 1030 probant
3375 971 3511 1032 quae

1944 1042 2168 1102 ultimo
2181 1041 2318 1104 loco
2330 1043 2723 1104 adduximus.
2743 1045 2898 1103 Nam
2909 1043 3011 1105 lex
3031 1044 3364 1123 prohibens
3377 1045 3513 1108 fieri

1945 1136 2385 1216 protessionem
2403 1142 2546 1198 ante
2558 1137 2866 1198 decimum
2881 1142 3122 1197 sextum
3143 1155 3386 1200 annum
3405 1156 3512 1200 ex-

1946 1229 2185 1309 pletum
2212 1229 2466 1308 obligat,
2499 1230 2740 1291 etiamsi
2768 1246 2925 1309 puer
2945 1230 3026 1289 sit
3047 1230 3173 1290 doli
3200 1249 3417 1311 capax,
3447 1238 3510 1294 et
3627 1231 3636 1237 '

1943 1321 2133 1383 habet
2174 1322 2460 1384 effectum
2502 1321 2788 1383 irritandi
2832 1322 3275 1401 professionem
3325 1330 3511 1387 antea

1944 1414 2195 1491 factam,
2216 1416 2306 1477 ita
2329 1421 2401 1476 ut
2421 1416 2488 1476 in
2508 1416 2885 1478 conscientia
2916 1415 3158 1477 nullam
3183 1416 3507 1496 obligatio-

1943 1525 2091 1570 nem
2108 1507 2382 1571 inducat.
2407 1508 2725 1585 Similiter,
2755 1509 2855 1572 lex
2887 1514 3165 1571 statuens
3195 1515 3268 1570 ut
3293 1517 3510 1572 votum

1942 1603 2178 1664 factum
2206 1620 2243 1663 6
2270 1601 2401 1663 filio
2439 1601 2761 1682 impubere
2792 1607 2939 1663 ante
2985 1602 3509 1682 decimum-qnar-

1942 1701 2081 1758 tum
2131 1709 2370 1757 annum
2424 1696 2615 1775 possit
2648 1695 2882 1756 irritari
2931 1713 2970 1756 a
3017 1700 3294 1775 parente,
3329 1712 3508 1757 suam
3535 1772 3542 1781 .

1939 1789 2072 1851 vim
2096 1788 2305 1859 habet,
2332 1789 2524 1850 etiam
2546 1789 2612 1848 in
2636 1788 3032 1864 conscientia,
3064 1789 3350 1867 quamvis
3375 1806 3504 1849 cer-

1942 1888 2010 1943 to
2037 1887 2271 1943 constet
2291 1880 2481 1943 talem
2500 1898 2758 1958 puerum
2783 1881 2850 1941 in
2875 1880 2984 1941 tali
3011 1886 3192 1942 aetate
3219 1880 3507 1942 habuisse

1945 1975 2288 2055 perfectum
2301 1974 2629 2053 judicium.
2657 1975 2733 2035 Et
2753 1974 2840 2034 316
2866 1973 2943 2035 de
2970 1973 3126 2035 aliis.
3156 1974 3335 2035 Ratio
3357 1991 3505 2035 vero

1946 2073 2060 2138 est,
2082 2084 2269 2146 quam
2294 2068 2531 2127 notavit
2555 2067 2625 2127 D.
2655 2066 2872 2128 Thom.
2901 2068 2963 2126 2.
2995 2070 3054 2143 2,
3081 2086 3142 2145 q.
3170 2068 3272 2141 88,
3297 2073 3415 2128 art.
3439 2070 3503 2142 9,

1945 2162 2095 2240 quia
2111 2159 2278 2239 leges
2303 2161 2593 2222 humanae
2615 2160 2946 2221 attendunt
2963 2178 3038 2220 ea
3059 2178 3197 2238 quae
3220 2159 3506 2239 frequen-

1942 2255 2070 2315 tius
2118 2254 2404 2315 accidunt
2418 2299 2438 2329 ,
2491 2261 2554 2315 et
2602 2251 2666 2313 id
2698 2252 2845 2313 satis
2881 2257 2975 2313 est
3001 2258 3074 2312 ut
3132 2252 3506 2329 generaliter

1943 2346 2244 2425 obligent.
2289 2346 2702 2407 Confirmatur
2738 2344 2975 2425 prime,
3027 2344 3173 2424 quia
3219 2344 3300 2404 ob
3344 2344 3507 2405 hanc

1942 2440 2276 2515 rationem,
2300 2437 2623 2500 deficiente
2659 2438 2785 2499 fine
2814 2436 2969 2515 legis
3006 2439 3076 2497 in
3122 2436 3503 2515 particulari,

1943 2548 2072 2592 non
2099 2538 2293 2592 cessat
2315 2530 2613 2609 obligatio
2630 2530 2785 2608 legis
2816 2545 2833 2588 ε
2864 2530 2951 2590 316
2984 2534 3192 2590 autem
3221 2548 3286 2591 se
3320 2528 3507 2591 habet

1944 2624 2010 2684 in
2032 2626 2319 2703 praesenti
2348 2624 2622 2685 defectus
2638 2622 3131 2702 presumptionis
3152 2622 3220 2682 in
3242 2624 3507 2700 particu-
3617 2656 3622 2663 ·

1942 2715 2060 2776 lari
2087 2735 2254 2792 casu,
2285 2717 2432 2795 quia
2463 2715 2551 2776 ibi
2571 2721 2816 2776 tantum
2843 2719 3036 2775 cessat
3061 2714 3219 2775 ratio
3247 2714 3402 2792 legis
3436 2716 3505 2774 in

1942 2809 2324 2889 particulari,
2351 2816 2413 2871 et
2435 2827 2605 2870 mere
2631 2809 2938 2886 negative,
2973 2807 3221 2887 quando
3253 2808 3505 2886 quidem

1943 2908 2146 2982 potest
2170 2902 2269 2963 163
2316 2903 2450 2963 sine
2492 2901 2801 2979 injustitia
2826 2901 2925 2962 vel
2952 2900 3074 2961 alia
3098 2899 3338 2960 malitia
3380 2918 3505 2963 ser-

1943 2995 2100 3070 vari,
2129 3000 2199 3055 ut
2231 2995 2617 3074 supponitur.

2025 3089 2086 3148 7.
2133 3087 2411 3168 Objeotio.
2436 3119 2517 3133 —
2537 3085 2657 3148 Sed
2679 3091 2894 3148 contra
2918 3086 3035 3148 boc
3068 3086 3252 3165 objici
3277 3092 3500 3167 potest,

1947 3181 2095 3260 quia
2115 3180 2364 3260 quando
2402 3181 2503 3242 lex
2541 3180 2773 3260 aliquid
2804 3181 3090 3260 probibet
3124 3185 3374 3260 propter
3415 3181 3506 3242 vi-

1944 3274 2136 3334 tanda
2181 3273 2389 3354 aliqua
2425 3274 2817 3335 incommoda
2844 3318 2865 3349 ,
2924 3275 2976 3334 si
3026 3277 3094 3334 in
3148 3273 3505 3353 particulari

1942 3384 2088 3427 casu
2115 3373 2372 3447 cessant,
2398 3386 2508 3429 seu
2540 3386 2668 3429 non
2699 3367 3100 3428 inveniantur
3130 3365 3239 3426 illa
3268 3367 3504 3427 incom-

1942 3458 2149 3534 moda,
2196 3478 2323 3521 non
2369 3460 2605 3540 obligat
2638 3460 2780 3521 talis
2823 3460 2926 3520 lex
2951 3505 2971 3535 ,
3012 3460 3252 3521 etiamsi
3301 3465 3505 3540 posset

1939 3553 2074 3613 sine
2103 3553 2494 3615 incommodo
2513 3554 2862 3616 executioni
2881 3554 3188 3630 mandari,
3220 3559 3292 3614 ut
3320 3554 3506 3614 sentit

1940 3647 2228 3707 Panorm.
2270 3649 2337 3708 in
2366 3666 2422 3709 6.
2468 3649 2764 3722 Quoniam
2818 3654 3026 3710 contra
3045 3692 3066 3723 ,
3104 3647 3180 3708 de
3217 3646 3501 3722 Probat„

1936 3757 2004 3800 n.
2033 3744 2070 3802 6
2109 3757 2126 3801 :
2164 3742 2496 3804 Dummodo
2535 3741 2661 3822 (ait)
2697 3741 2794 3803 lem
2816 3760 2936 3803 noa
2964 3746 3393 3804 contemnatur.
3428 3741 3504 3800 Et

1937 3833 2106 3893 idem
2140 3835 2327 3895 sentit
2362 3835 2582 3896 Navar.
2625 3835 2695 3894 in
2739 3852 2901 3894 sum.
2946 3852 3082 3912 cap.
3133 3835 3235 3908 16,
3284 3851 3349 3893 n.
3399 3836 3500 3909 37,

1940 3942 2084 3985 cum
2130 3926 2430 4005 Cajetan„
2465 3932 2618 3986 tom.
2654 3929 2683 3985 1
2719 3926 2965 4004 Opusc.,
3002 3932 3181 3987 tract.
3223 3928 3323 4001 12,
3358 3945 3420 4006 q.
3465 3929 3503 3988 Ξ

1939 4018 2018 4078 de
2040 4019 2418 4092 Man-imon„
2445 4018 2553 4095 qui
2580 4018 2925 4097 specialiter
2955 4024 3222 4079 tractant
3247 4019 3324 4079 de
3362 4019 3500 4097 lege

1938 4110 2304 4189 prohibente
2331 4109 2712 4171 clandestina
2743 4110 3165 4185 matrimonia,
3194 4129 3384 4189 quam
3410 4112 3504 4171 di·

1939 4207 2090 4263 cunt
2122 4217 2249 4262 nou
2281 4201 2555 4280 obligare
2584 4201 2832 4281 quando
2876 4207 3113 4262 cessant
3147 4202 3359 4263 omnia
3394 4202 3504 4264 illa

1939 4296 2335 4358 incommoda
2364 4314 2502 4375 quae
2543 4296 2645 4357 163
2694 4295 2802 4357 1116
2850 4296 3047 4356 vitare
3098 4297 3385 4357 intendit.
3425 4299 3503 4359 Et

1935 4391 2095 4450 ratio
2117 4389 2292 4450 reddi
2313 4395 2532 4469 potest,
2558 4390 2706 4469 quia
2731 4394 2883 4450 tunc
2907 4389 3144 4449 inutilis
3175 4396 3267 4451 est
3297 4390 3502 4452 obser-

1934 4485 2149 4544 vantia
2187 4484 2328 4545 talis
2377 4483 2554 4561 legis,
2591 4483 2950 4563 nullamque
2978 4483 3361 4548 honestatem
3391 4486 3500 4547 ha·

1933 4577 2040 4640 bet
2055 4593 2074 4655 3
2103 4593 2254 4656 ergo
2302 4577 2589 4638 similiter
2632 4576 2701 4637 in
2747 4578 3034 4657 praesenti
3047 4622 3069 4653 ,
3124 4578 3371 4657 quando
3398 4579 3500 4642 lex

1935 4670 2236 4732 fundatur
2258 4672 2326 4732 in
2343 4671 2822 4751 praesumptione
2844 4670 3120 4748 generali
3138 4671 3379 4732 ratione
3396 4690 3501 4751 pe-

1933 4763 2116 4825 riculi
2144 4765 2349 4843 potius
2371 4782 2560 4843 quam
2586 4763 2760 4838 facti,
2788 4780 2917 4824 non
2940 4763 3238 4841 obligabit
3265 4765 3333 4825 in
3355 4783 3496 4844 par-

1929 4856 2177 4918 ticulari
2199 4874 2366 4932 casu,
2410 4857 2518 4917 ubi
2558 4857 2903 4917 constiterit
2942 4856 3188 4917 nullum
3216 4874 3343 4918 esse
3375 4857 3496 4919 tale

1932 4950 2276 5029 periculum
2305 4967 2321 5014 z
2344 4955 2436 5011 est
2464 4950 2635 5011 enim
2660 4949 2879 5010 eadem
2906 4950 3088 5010 ratio.

2011 5043 2070 5104 8.
2117 5043 2542 5124 Respondetur
2572 5041 2861 5120 negando
2900 5042 3269 5103 antecedens
3308 5059 3494 5121 gene-

1928 5135 2143 5197 raliter
2175 5142 2516 5216 sumptum.
2562 5135 2718 5195 Nam
2747 5133 2850 5196 lex
2881 5133 3214 5212 prohibens
3253 5135 3493 5198 deferre

1930 5246 2106 5290 arma
2145 5233 2331 5289 noctu
2391 5232 2641 5306 propter
2698 5226 3090 5287 incommoda
3137 5228 3491 5307 jurgiorum

1929 5322 2030 5382 vel
2061 5320 2434 5398 injuriarum
2461 5337 2599 5398 quae
2630 5318 2774 5380 inde
2803 5319 2978 5398 sequi
2996 5319 3215 5395 solent,
3252 5321 3487 5400 obligat

1928 5431 2165 5488 omneS,
2191 5412 2435 5473 etiamsi
2461 5411 2632 5472 nulla
2662 5412 2796 5473 rixa
2829 5412 3144 5476 timeatur.
3171 5414 3349 5488 Item,
3387 5413 3488 5474 lex

1922 5506 2257 5587 prohibens
2305 5506 2532 5569 habere
2587 5505 2774 5590 plura
2818 5505 3019 5570 officia
3074 5505 3429 5588 reipublicae
3459 5550 3483 5585 ,
