3976 6219
532 348 611 407 36
1530 350 1646 402 LIB.
1682 350 1721 401 1.
1757 348 1837 400 DE
1868 348 2124 400 NATURA
2154 348 2331 401 Lmls
2361 350 2426 400 IN
2457 348 2749 404 commum.

526 452 669 524 liuS,
693 456 764 509 ut
790 455 880 509 est
906 447 1097 527 patris
1126 452 1392 527 potestas
1418 448 1486 507 iu
1513 448 1746 507 filium:
1770 448 2087 507 interdum

338 610 359 637 .
383 602 411 621 ,
527 551 619 606 εει
648 544 835 604 etiam
855 560 893 602 a
923 547 1169 616 natura,
1202 541 1513 619 supposito
1537 545 1750 600 tamen
1770 544 1947 618 pacto
1970 540 2087 599 hu-

526 653 737 710 man0,
764 639 835 693 ut
860 640 951 693 est
976 639 1239 711 potestas
1262 632 1382 692 viri
1408 633 1475 691 in
1501 650 1759 692 uxorem
1781 632 1849 691 in
1872 632 2087 693 ordine

528 730 606 790 ad
655 726 1169 805 gubernationem
1219 726 1438 784 domus
1489 731 1550 785 et
1599 742 1875 802 personas
1908 746 1921 782 ε
1977 723 2087 783 ali-

528 821 777 901 quando
806 824 895 879 est
924 836 1001 878 ex
1024 819 1167 895 jure
1197 818 1499 895 gentium,
1533 816 1630 878 vel
1659 816 1849 890 civili,
1881 822 1950 874 ut
1979 833 2088 893 po-

528 919 713 974 testas
749 910 986 970 domini
1020 910 1086 968 in
1114 926 1359 969 servum
1385 907 1547 968 bello
1576 912 1858 985 captum:
1900 907 2090 965 inter-

527 1006 678 1065 dum
716 1021 793 1064 ex
836 1001 1113 1060 humano
1147 1004 1491 1074 contractu,
1530 1004 1602 1058 ut
1642 998 1990 1058 dominium
2019 998 2088 1056 in

526 1115 776 1159 servum
802 1095 910 1172 qui
952 1110 1017 1153 se
1057 1093 1366 1165 vendidit3
1412 1097 1474 1151 et
1521 1092 1643 1150 huc
1698 1096 1931 1169 spectat
1978 1109 2087 1168 po-

527 1196 713 1250 testas
740 1206 878 1266 quoe
906 1204 1018 1264 per
1045 1191 1259 1245 votum
1289 1183 1653 1244 obedientiae
1681 1183 1996 1243 confertur
2028 1182 2087 1242 ei

527 1282 630 1343 cui
675 1279 1025 1341 obedientia
1064 1277 1462 1355 promittitur.
1509 1276 1589 1335 At
1630 1293 1774 1335 vero
1820 1279 2086 1353 potestas

524 1371 964 1452 jurisdictionis
998 1387 1111 1449 per
1136 1386 1198 1428 se
1231 1368 1432 1446 primo
1458 1366 1706 1444 respicit
1733 1366 2085 1425 communi·-

526 1472 718 1527 tatem
755 1462 1087 1542 perfectam
1117 1478 1132 1521 :
1168 1477 1316 1520 nam
1362 1460 1630 1537 pertinet
1660 1460 1738 1517 ad
1776 1458 2090 1537 politicam

528 1557 1066 1637 gubernationem,
1108 1571 1245 1632 quae
1285 1553 1354 1611 in
1382 1552 1491 1611 tali
1532 1552 1972 1612 communitate
1999 1556 2091 1611 est

526 1649 904 1711 necessaria:
938 1665 1085 1706 nam
1112 1646 1188 1706 ad
1218 1645 1641 1725 imperfectam
1671 1644 1893 1704 sufficit
1908 1648 1911 1651 ’
1919 1644 2090 1722 prior

526 1748 813 1823 potestas.
853 1741 1055 1817 Atque
1098 1738 1246 1797 hinc
1288 1738 1567 1815 sequitur
1606 1736 1873 1795 secunda
1912 1733 2088 1795 diffe-

526 1835 748 1908 rentia,
789 1832 937 1910 quia
983 1832 1050 1889 in
1083 1835 1380 1909 potestate
1406 1826 1849 1906 jurisdictionis
1890 1826 2088 1886 multo

525 1928 725 2004 major
759 1925 854 1985 vis
881 1922 957 1982 ad
998 1920 1400 1982 coercendum
1442 1927 1505 1980 et
1542 1919 1888 1996 cogendum
1916 1918 2090 1977 inve-

523 2020 735 2091 nitur,
796 2032 984 2094 quam
1026 2015 1094 2073 in
1136 2017 1432 2091 potestate
1486 2011 1869 2071 dominativa
1882 2026 1901 2084 3
1950 2014 2089 2069 tum

524 2111 671 2189 quia
710 2109 911 2185 major
951 2112 1042 2166 est
1068 2110 1335 2184 potestas
1370 2102 1719 2163 communis
1747 2120 1934 2179 quam
1963 2103 2087 2180 pri-

524 2207 701 2276 vata3
729 2206 866 2258 tum
892 2197 1082 2257 etiam
1120 2196 1268 2274 quia
1297 2194 1376 2254 ad
1404 2195 1913 2254 communitatem
1939 2212 2083 2271 per-

522 2293 746 2353 fectam
774 2290 1093 2362 tuendam,
1124 2293 1187 2348 ει
1212 2305 1425 2347 omnes
1454 2292 1657 2366 partes
1684 2287 1819 2364 ejus
1859 2288 1924 2345 in
1952 2286 2086 2346 offi-

524 2385 618 2445 cio
647 2380 1065 2450 continendaS,
1081 2380 1282 2457 major
1307 2379 1591 2439 coercitio
1625 2379 1964 2438 necessaria
1994 2383 2086 2438 est

524 2494 715 2556 quam
738 2475 805 2533 in
832 2473 1074 2552 privata
1097 2471 1305 2545 domo,
1331 2470 1430 2530 vel
1456 2470 1621 2529 inter
1647 2471 1917 2548 privatas
1945 2488 2084 2548 per-

524 2583 743 2629 sonas:
776 2571 838 2625 et
865 2566 952 2623 ita
991 2581 1117 2623 non
1157 2562 1303 2623 licet
1328 2562 1581 2621 domino
1608 2562 1819 2621 saevire
1859 2562 1928 2621 in
1956 2579 2080 2622 ser·

522 2677 697 2733 vum,
724 2663 797 2717 ut
823 2656 1037 2715 dicunt
1064 2656 1204 2733 jura
1232 2654 1463 2729 civilia,
1490 2654 1855 2731 expeditque
1878 2653 2085 2730 reipu-

523 2752 723 2821 blicae,
744 2756 815 2809 ut
836 2748 1103 2808 severior
1120 2746 1412 2806 correctio
1434 2764 1559 2804 non
1580 2745 1699 2803 nisi
1718 2746 2085 2805 auctoritate

523 2845 771 2926 publica
811 2842 941 2900 fiat.
995 2840 1168 2900 Unde
1212 2845 1306 2899 est
1347 2839 1536 2898 etiam
1585 2837 1857 2896 notanda
1900 2839 2086 2898 tertia

527 2934 894 3007 differentia,
916 2933 1063 3011 quia
1090 2931 1470 2990 dominativa
1489 2934 1753 3008 potestas
1772 2930 2084 2991 ordinarie

527 3028 727 3106 magis
748 3032 840 3085 est
866 3025 934 3083 in
958 3022 1351 3083 commodum
1381 3020 1663 3081 habentis
1690 3020 1863 3080 illam
1897 3038 2085 3098 quam

526 3123 659 3200 ejus
696 3121 764 3178 in
791 3119 977 3197 quem
1018 3115 1309 3189 habetur,
1343 3115 1488 3174 licet
1528 3113 1856 3190 aliquando
1895 3113 2086 3191 possit

526 3211 904 3273 contrarium
930 3208 1232 3282 inveniri,
1260 3207 1529 3266 maxime
1554 3205 1804 3283 quando
1841 3205 2084 3265 confer-

526 3311 630 3366 tur
649 3322 724 3364 ex
744 3309 923 3381 pacto
941 3299 1291 3360 voluntario
1308 3298 1376 3358 in
1396 3315 1539 3358 eum
1558 3297 1749 3357 finem
1776 3296 2080 3372 ordinatu,

524 3400 595 3456 ut
633 3397 703 3455 in
744 3392 1096 3454 obedientia
1130 3408 1207 3451 ex
1255 3394 1398 3449 voto
1448 3388 1655 3449 debita
1701 3387 2084 3466 frequentius

524 3494 841 3550 servatur:
874 3484 1177 3564 posterior
1211 3488 1421 3543 autem
1457 3487 1724 3560 potestas
1750 3499 1860 3559 per
1896 3499 1986 3556 se,
2021 3487 2082 3542 et

525 3600 597 3642 ex
619 3581 914 3659 primaeva
932 3576 1319 3637 institutione
1336 3593 1451 3635 sua
1472 3580 1564 3634 est
1579 3579 1828 3652 propter
1846 3573 2080 3634 bonum

524 3670 984 3734 communitatis
1025 3669 1095 3727 in
1135 3683 1325 3746 quam
1369 3666 1570 3739 datur,
1601 3670 1673 3724 ut
1698 3664 1897 3742 capite
1924 3680 2080 3742 prae·

523 3765 761 3825 cedenti
787 3761 1165 3822 declaratum
1195 3764 1305 3820 est.

601 3858 662 3916 6.
710 3855 814 3916 Ad
848 3853 1129 3930 ferendas
1164 3852 1319 3929 leyes
1346 3852 1681 3912 necessaria
1710 3853 1796 3909 eet
1817 3853 2081 3925 potestas

510 3945 965 4030 jurisdictionis
992 3945 1059 4005 in
1078 3942 1616 4022 minatore—Ex
1641 3940 1737 4000 his
1765 3957 1914 4018 ergo
1937 3957 2082 3999 con-

524 4040 793 4101 cluditur
812 4035 1004 4097 veluti
1024 4041 1244 4112 quarta
1264 4033 1634 4107 differentia,
1656 4049 1793 4110 quae
1821 4032 1894 4091 ad
1928 4049 2083 4110 proe-

522 4150 661 4192 sens
699 4129 905 4190 refert.
962 4126 1298 4187 Dicendum
1326 4131 1419 4185 est
1459 4125 1649 4200 enim,
1682 4123 1759 4184 ad
1799 4123 2083 4185 ferendas

522 4223 689 4300 leges
715 4217 1122 4282 necessariam
1164 4235 1292 4278 esse
1319 4221 1683 4296 potestatem
1710 4215 2080 4294 jurisdictio-

522 4316 642 4388 niS,
683 4331 797 4372 nec
852 4310 1043 4370 solam
1094 4308 1537 4368 dominativam
1564 4324 1675 4383 per
1694 4323 1757 4366 sc
1778 4305 2077 4366 sufficere.

524 4406 614 4465 lta
623 4404 844 4462 docent
857 4399 1190 4460 canonistas
1211 4396 1725 4471 communiter,in
1748 4414 1801 4455 c.
1825 4396 1976 4458 G'um
1986 4414 2084 4459 ao-

522 4496 853 4567 cessissent,
887 4497 949 4552 ct
971 4509 1026 4551 c.
1052 4490 1203 4552 Cum
1226 4490 1295 4550 in
1311 4488 1591 4550 Ecclesia
1618 4493 1838 4549 sanctce
1854 4489 2082 4548 Marioe

525 4589 658 4665 (per
683 4590 920 4644 textum
948 4582 1175 4660 ipsum)
1205 4580 1282 4640 de
1313 4579 1595 4652 Constit.,
1636 4582 1699 4639 et
1742 4578 1811 4636 in
1856 4596 1911 4637 c.
1956 4580 2081 4640 Eo-

524 4679 866 4750 clesiarum,
895 4679 957 4735 et
984 4691 1037 4732 c.
1071 4671 1290 4734 Solitce
1316 4671 1391 4730 de
1434 4671 1651 4748 Major,
1683 4675 1745 4729 et
1770 4669 1988 4745 ebed„
2021 4689 2074 4730 c.

528 4771 662 4832 Duo
686 4771 850 4841 sunt,
876 4770 938 4825 et
964 4782 1017 4825 c.
1050 4763 1210 4824 Bene
1242 4763 1501 4843 quidem,
1531 4763 1611 4821 96
1636 4761 1695 4822 d.
1716 4761 1881 4821 Bart.
1927 4762 1996 4821 in
2029 4762 2074 4822 l.

529 4861 739 4922 Omnes
772 4855 985 4936 populi
1012 4878 1039 4925 ;
1083 4853 1151 4912 ff.
1200 4852 1277 4913 de
1313 4853 1470 4913 Just.
1514 4858 1579 4912 et
1623 4853 1753 4930 jur.
1802 4853 1870 4911 in
1900 4854 1931 4911 1
1982 4871 2073 4931 q.,

524 4953 748 5030 princ.,
778 4949 944 5009 idem
972 4946 1040 5004 in
1059 4945 1105 5004 l.
1146 4945 1503 5022 Imperium,
1530 4943 1595 5004 ff.
1629 4944 1705 5004 dc
1734 4945 1868 5004 Jur.
1901 4961 2070 5004 omn.

518 5045 707 5123 judic.
716 5088 736 5118 ,
767 5042 897 5117 ubi,
930 5059 993 5100 n.
1022 5040 1086 5114 8,
1105 5038 1193 5098 ait
1217 5038 1429 5117 legum
1450 5037 1745 5098 lationem
1771 5037 2078 5115 pertinere

523 5134 604 5196 ad
624 5133 1118 5212 jurisdictionem
1155 5131 1312 5191 meri
1336 5131 1607 5210 imperii,
1632 5129 1733 5190 vel
1763 5129 2078 5190 existentis

522 5229 593 5287 in
624 5225 819 5304 gradu
863 5224 1167 5302 proxim0.
1203 5222 1377 5295 Quod
1404 5221 1493 5282 ibi
1531 5226 1871 5300 sequuntur
1910 5238 2077 5280 com-

524 5319 797 5380 muniter
821 5317 1117 5388 doctores,
1148 5315 1520 5390 AntoninuS,
1544 5316 1612 5374 in
1641 5333 1695 5374 c.
1727 5313 1841 5373 ult.
1871 5313 1949 5374 de
1978 5311 2076 5373 his

523 5429 661 5501 quae
692 5409 853 5470 fiunt
883 5426 922 5469 a
948 5406 1237 5490 praelatiS,
1274 5413 1337 5468 et
1380 5407 1694 5482 Baldinus,
1723 5406 1788 5465 in
1807 5405 1916 5466 lib.
1948 5407 1971 5467 ⁴
2007 5403 2072 5464 ff.

2167 448 2243 508 de
2277 449 2434 510 Just.
2468 456 2529 510 'et
2571 451 2698 529 jur.
2724 465 2745 527 3
2794 450 3186 511 consentiunt
3224 452 3414 512 etiam
3452 443 3730 522 theologi

2167 558 2308 599 cum
2339 542 2408 600 D.
2431 541 2690 617 Thoma,
2717 542 2862 601 dict.
2894 549 3107 619 quaest.
3141 546 3241 619 90,
3269 547 3385 603 art.
3413 543 3489 616 33
3527 558 3588 616 q.
3621 540 3725 611 69,

2166 638 2284 691 art.
2328 636 2402 709 53
2434 635 2495 693 2.
2527 636 2588 709 2,
2635 640 2850 711 quaest.
2890 636 2991 706 67,
3026 639 3141 696 art.
3178 638 3287 709 153
3317 636 3483 706 Sot0,
3512 629 3620 689 lib.
3663 632 3725 700 1,

2167 724 2244 783 dc
2271 726 2428 785 Just.
2435 770 2456 799 ,
2490 744 2549 803 q.
2578 729 2635 799 1,
2671 731 2784 786 art.
2813 727 2872 798 33
2905 726 3234 804 Sylvester,
3259 724 3639 804 Augustinus
3665 723 3730 779 et

2167 816 2272 875 alii
2295 816 2668 890 Summistae,
2700 817 2870 876 verb.
2903 819 3047 878 Lea.
3078 819 3357 878 Sumitur
3383 818 3570 876 etiam
3597 813 3730 872 haec

2166 908 2420 967 assertio
2462 927 2538 968 ex
2584 909 2927 983 Aristotele,
2963 910 3070 970 lib.
3120 913 3193 970 10
3227 910 3453 982 Ethic„
3484 927 3536 966 c.
3583 904 3695 964 ult.
3703 947 3726 979 ,

2168 999 2407 1061 dicente
2434 1021 2448 1057 ε
2483 1001 2704 1062 Patris
2730 1002 3051 1078 praeceptio
3073 1003 3230 1063 vires
3251 1020 3369 1063 non
3403 1000 3598 1073 habet,
3629 1014 3730 1057 ne-

2166 1109 2276 1170 quo
2320 1092 2725 1154 necessilatem
2744 1136 2765 1165 ‚
2809 1111 2991 1172 neque
3033 1094 3225 1155 ullius
3275 1094 3506 1154 omnino
3544 1091 3729 1150 unius

2165 1185 2313 1259 viri,
2349 1185 2475 1246 nisi
2500 1187 2586 1246 sit
2611 1203 2741 1259 rex,
2777 1185 2868 1246 vel
2891 1186 3118 1265 aliquis
3141 1187 3328 1247 talis:
3371 1185 3496 1247 Lea
3531 1189 3729 1243 autem

2165 1278 2287 1337 vim
2333 1277 2505 1338 habet
2565 1283 2879 1355 eoqentem.
2931 1278 3100 1338 Plato
3119 1323 3138 1353 ,
3181 1279 3249 1337 in
3295 1276 3443 1336 dial.
3493 1274 3725 1347 Civilis,

2169 1387 2278 1429 εειι
2317 1369 2393 1428 de
2428 1386 2644 1447 regno,
2694 1387 2904 1429 versus
2945 1369 3164 1446 finem,
3212 1372 3408 1448 lequm
3448 1369 3730 1430 lationem

2172 1462 2362 1538 (dicit)
2407 1464 2490 1523 ad
2532 1464 2887 1540 diynitatem
2929 1465 3164 1541 reqiam
3203 1463 3524 1541 pertinere,
3562 1459 3730 1538 quod

2167 1554 2289 1614 late
2326 1555 2713 1632 prosequitur
2745 1554 3129 1630 Plutarchus,
3165 1557 3232 1615 in
3273 1557 3617 1616 Comment.
3659 1552 3731 1612 in

2167 1646 2448 1724 Principe
2508 1647 2740 1725 requiri
2812 1646 3157 1706 doctrinam
3217 1647 3305 1707 ait
3359 1649 3541 1723 leqem
3607 1662 3729 1705 esee

2165 1739 2466 1815 principis
2491 1756 2656 1815 opus.
2685 1738 2860 1798 Unde
2888 1739 3084 1813 Philo,
3115 1738 3224 1797 lib.
3261 1741 3299 1798 2
3337 1738 3414 1798 de
3439 1739 3577 1799 Vita
3599 1736 3728 1796 Mo-

2167 1829 2270 1904 εἰε,
2319 1830 2387 1889 in
2435 1830 2766 1908 principio:
2819 1831 3006 1908 Eeqz's
3050 1832 3296 1910 (inquit)
3340 1832 3616 1908 officium
3641 1832 3730 1889 est

2155 1922 2370 1997 jubere
2401 1940 2530 2001 quoe
2563 1927 2787 2000 oportet
2816 1922 2980 1998 fieri,
3007 1929 3061 1984 et
3087 1930 3284 1984 vetare
3304 1942 3340 1983 a
3363 1924 3575 2002 quibus
3597 1922 3731 1982 abs-

2169 2012 2358 2074 tinere
2376 2014 2529 2075 decet
2539 2036 2566 2083 ‚·
2588 2020 2864 2076 coeterum
2882 2015 3085 2092 jussio
3109 2015 3521 2089 faciendorum
3549 2019 3602 2074 et
3625 2014 3729 2073 in-

2168 2103 2440 2164 terdictio
2465 2106 2850 2166 cavendorum
2865 2106 3111 2183 proprie
3139 2106 3222 2165 ad
3244 2105 3427 2183 leyem
3443 2104 3722 2181 pertinet.

2165 2194 2395 2254 Eodem
2411 2196 2595 2255 modo
2615 2196 2953 2275 loquuntur
2966 2200 3194 2272 PatreS,
3217 2197 3496 2270 BasiliuS,
3514 2197 3692 2255 Hom.
3703 2240 3725 2269 ,

2165 2304 2298 2365 cap.
2342 2290 2400 2359 2,
2447 2288 2514 2347 in
2555 2288 2734 2348 initio
2777 2291 2934 2349 Prov
2970 2305 2985 2348 ε
3045 2290 3126 2352 Si
3178 2305 3427 2366 reqnum
3478 2287 3726 2365 (inquit)

2165 2384 2250 2440 est
2290 2379 2562 2457 leqitima
2603 2386 2889 2458 potestas,
2931 2382 3322 2458 manifestum
3358 2385 3443 2441 est
3481 2381 3633 2459 quod
3653 2396 3729 2439 ecc

2163 2488 2320 2548 reae,
2366 2471 2598 2550 alioqui
2635 2472 2740 2533 hoe
2776 2474 3011 2534 nomine
3053 2474 3258 2551 diyno,
3286 2478 3554 2534 exeuntes
3581 2474 3727 2532 vitoe

2156 2564 2577 2640 praeceptiones
2600 2565 2855 2625 multum
2895 2567 3060 2643 apud
3079 2584 3272 2626 omnes
3308 2565 3586 2626 momenti
3613 2566 3726 2625 ha—

2168 2656 2337 2717 beant
2382 2658 2464 2717 ad
2504 2658 2994 2719 considerandam
3046 2663 3101 2719 et
3151 2660 3604 2737 consequendam
3653 2658 3728 2720 in

2165 2750 2462 2809 communi
2498 2750 2637 2810 bono
2665 2750 3012 2811 utilitatem.
3047 2751 3121 2810 Et
3153 2750 3430 2810 Clemens
3461 2750 3728 2811 Alexan-

2164 2838 2401 2914 drinus,
2427 2839 2535 2901 lib.
2576 2844 2605 2899 1
2646 2841 2961 2915 stromat„
2983 2862 3116 2922 cap.
3142 2846 3241 2917 14,
3269 2861 3479 2903 versus
3503 2842 3717 2918 finem,

2161 2929 2369 3007 legum
2407 2931 2802 2993 ferendarum
2831 2934 3219 3012 sapientiam,
3260 2935 3727 3013 imperatoriam

2162 3029 2360 3095 vocat,
2387 3030 2449 3084 et
2477 3025 2744 3107 maxime
2784 3027 3046 3104 regiam,
3078 3032 3139 3087 et
3174 3026 3370 3087 infra:
3423 3027 3724 3101 Quemad-

2162 3117 2396 3176 modum
2431 3118 2798 3194 pastoralem
2837 3125 3030 3181 artem
3081 3121 3341 3181 omnium
3370 3137 3576 3181 euram
3616 3138 3720 3198 ye-

2162 3223 2294 3267 rere
2314 3209 2592 3283 dicimus,
2623 3209 2716 3271 ita
2753 3211 2932 3272 etiam
2960 3211 3156 3290 leqmn
3194 3213 3580 3287 ferendarum
3607 3230 3722 3272 ar-

2165 3301 2278 3358 tem
2321 3299 2579 3362 dieemue
2594 3345 2615 3374 ,
2661 3302 2945 3364 virtutem
2999 3304 3302 3364 hominum
3349 3321 3716 3381 comparare,

2163 3388 2488 3451 humanum
2519 3393 2730 3453 bonum
2745 3411 2859 3470 pro
2881 3395 3063 3456 viril.
3097 3395 3470 3470 excitantem,
3497 3401 3566 3457 ut
3586 3414 3722 3474 quoe

2161 3481 2366 3558 yreqis
2393 3482 2694 3544 hominum
2719 3502 2924 3546 euram
2951 3491 3145 3565 ⁸qerat,
3177 3492 3232 3546 et
3253 3487 3715 3564 providentiam.

2242 3574 2300 3632 7.
2329 3571 2741 3650 Consti-matur
2760 3578 3043 3638 resolutio
3064 3577 3723 3639 rationibus.—Ratio-

2161 3661 2343 3722 nibus
2363 3664 2552 3725 etiam
2578 3673 2776 3745 potest
2797 3668 2972 3730 facile
2999 3667 3131 3729 haec
3150 3669 3376 3729 veritas
3397 3669 3714 3731 declarari.

2161 3755 2365 3815 Primo
2369 3801 2389 3830 ,
2414 3757 2560 3834 quia
2576 3758 2877 3836 legislatio
2899 3766 2989 3820 est
3010 3760 3359 3838 potissimus
3376 3766 3567 3836 actus,
3591 3779 3720 3840 quo

2160 3846 2505 3924 respublica
2535 3851 2940 3927 gubernatur,
2986 3851 3246 3930 ideoque
3291 3858 3542 3931 propter
3579 3854 3718 3931 ejus

2159 3955 2486 4001 commune
2509 3943 2901 4003 commodum
2921 3943 3068 4003 ferri
3087 3943 3289 4019 debet,
3317 3951 3387 4003 ut
3409 3945 3713 4008 vidimus:

2161 4047 2309 4107 ergo
2335 4049 2446 4109 per
2467 4051 2530 4093 se
2561 4040 2791 4112 spectat
2833 4035 2914 4094 ad
2958 4041 3323 4114 potestatem
3361 4036 3720 4114 gubernati-

2160 4139 2304 4181 vam
2339 4124 2713 4202 reipublicae,
2745 4127 2823 4186 ad
2869 4145 3056 4204 quam
3086 4129 3351 4205 pertinet
3376 4128 3509 4205 ejus
3549 4146 3718 4188 com-

2161 4231 2349 4274 mune
2380 4214 2612 4275 bonum
2647 4235 3015 4295 procurare:
3063 4216 3193 4278 haec
3233 4224 3441 4280 autem
3476 4226 3567 4280 est
3606 4237 3716 4298 po-

2161 4310 2344 4364 testas
2376 4306 2839 4384 jurisdictionis,
2881 4316 2954 4369 ut
2985 4311 3362 4372 declaratum
3398 4317 3511 4372 est.
3561 4315 3717 4372 Item

2160 4402 2427 4473 potestas
2466 4399 2845 4460 dominativa
2883 4421 2994 4482 per
3030 4421 3094 4463 se
3141 4409 3233 4464 est
3274 4403 3535 4482 privata,
3574 4421 3716 4482 quae

2159 4493 2358 4566 potest
2384 4507 2512 4550 esse
2539 4490 2606 4550 in
2649 4510 2775 4552 una
2803 4512 3063 4571 persona
3106 4501 3382 4574 respectu
3427 4494 3678 4555 alterius
3689 4517 3710 4568 ;

2158 4584 2422 4656 potestas
2439 4588 2648 4642 autem
2664 4583 3108 4661 jurisdictionis
3126 4605 3236 4664 per
3252 4604 3314 4646 se
3335 4593 3427 4647 est
3447 4592 3714 4665 potestas

2158 4672 2430 4750 publica,
2463 4681 2526 4734 et
2554 4676 2634 4736 ad
2672 4680 3178 4739 communitatem
3218 4680 3497 4741 ordinata
3509 4697 3529 4758 3
3563 4700 3715 4761 ergo

2159 4763 2291 4824 haec
2331 4765 2460 4828 sola
2498 4773 2590 4827 est
2633 4769 3008 4849 principium
3055 4772 3584 4849 proportionatum
3631 4775 3714 4836 ad

2155 4856 2437 4918 ferendas
2457 4859 2646 4936 legeS,
2668 4880 2807 4939 quae
2834 4880 2943 4940 per
2975 4881 3039 4922 se
3063 4864 3248 4923 etiam
3267 4864 3346 4924 ad
3367 4867 3718 4928 communi-

2156 4953 2348 5009 tatem
2375 4949 2754 5026 referuntur,
2781 4959 2852 5013 ut
2877 4953 3112 5013 dictum
3149 4960 3260 5015 est.
3286 4957 3559 5018 Tandem
3601 4976 3714 5037 po-

2155 5045 2340 5100 testas
2352 5040 2732 5102 dominativa
2745 5043 2822 5102 ad
2836 5062 3150 5106 summum
3166 5053 3363 5125 potest
3374 5051 3716 5129 praecipere

2157 5150 2233 5192 ex
2251 5131 2478 5192 virmte
2497 5131 2886 5210 obedientiae,
2906 5135 3006 5197 vel
3017 5138 3293 5215 justitiae,
3315 5145 3423 5200 aut
3439 5142 3711 5219 pietatis»,

2157 5223 2333 5300 quasi
2369 5224 2671 5301 exigendo
2720 5244 2902 5286 usum
2943 5229 3034 5288 rei
3078 5247 3225 5305 suae,
3255 5237 3363 5290 aut
3410 5231 3528 5291 sibi
3570 5253 3714 5312 pro-

2156 5315 2357 5374 missae
2377 5332 2393 5374 t
2415 5314 2514 5374 lex
2533 5322 2743 5377 autem
2760 5319 3035 5398 praecipit
3051 5321 3479 5383 constituendo
3500 5332 3714 5386 actum

2156 5405 2225 5466 in
2272 5407 2522 5486 propria
2561 5409 2762 5488 specie
2812 5409 3055 5471 virtutis
3101 5411 3286 5496 Juxta
3331 5415 3714 5496 exigentiam
