<?xml version="1.0" encoding="UTF-8"?>
<!DOCTYPE html PUBLIC "-//W3C//DTD XHTML 1.0 Transitional//EN"
    "http://www.w3.org/TR/xhtml1/DTD/xhtml1-transitional.dtd">
<html xmlns="http://www.w3.org/1999/xhtml" xml:lang="en" lang="en">
 <head>
  <title>
</title>
<meta http-equiv="Content-Type" content="text/html;charset=utf-8" />
  <meta name='ocr-system' content='tesseract 3.04.00' />
  <meta name='ocr-capabilities' content='ocr_page ocr_carea ocr_par ocr_line ocrx_word'/>
</head>
<body>
  <div class='ocr_page' id='page_1' title='image "./rpfranciscisuar02duvagoog_0286.png"; bbox 0 0 3976 6219; ppageno 0'>
   <div class='ocr_carea' id='block_1_1' title="bbox 494 364 616 427">
    <p class='ocr_par' dir='ltr' id='par_1_1' title="bbox 494 364 616 427">
     <span class='ocr_line' id='line_1_1' title="bbox 494 364 616 427; baseline 0 0"><span class='ocrx_word' id='word_1_1' title='bbox 494 364 616 427; x_wconf 76' lang='lat'><strong>268</strong></span> 
     </span>
    </p>
   </div>
   <div class='ocr_carea' id='block_1_2' title="bbox 488 465 2058 3804">
    <p class='ocr_par' dir='ltr' id='par_1_2' title="bbox 489 465 2056 2684">
     <span class='ocr_line' id='line_1_2' title="bbox 494 465 2054 553; baseline -0.005 -19"><span class='ocrx_word' id='word_1_2' title='bbox 494 476 747 553; x_wconf 91' lang='lat' dir='ltr'><strong>propter</strong></span> <span class='ocrx_word' id='word_1_3' title='bbox 770 466 1096 529; x_wconf 86' lang='lat' dir='ltr'><strong>vitandum</strong></span> <span class='ocrx_word' id='word_1_4' title='bbox 1119 465 1587 526; x_wconf 91' lang='lat' dir='ltr'><strong>incommodum</strong></span> <span class='ocrx_word' id='word_1_5' title='bbox 1623 466 1913 528; x_wconf 75' lang='lat' dir='ltr'><strong>indebitae</strong></span> <span class='ocrx_word' id='word_1_6' title='bbox 1948 467 2054 526; x_wconf 93' lang='lat' dir='ltr'><strong>ad-</strong></span> 
     </span>
     <span class='ocr_line' id='line_1_3' title="bbox 492 558 2055 638; baseline -0.004 -12"><span class='ocrx_word' id='word_1_7' title='bbox 492 561 983 635; x_wconf 87' lang='lat' dir='ltr'><strong>ministrationis,</strong></span> <span class='ocrx_word' id='word_1_8' title='bbox 1006 558 1238 637; x_wconf 90' lang='lat' dir='ltr'><strong>obligat</strong></span> <span class='ocrx_word' id='word_1_9' title='bbox 1260 559 1449 619; x_wconf 88' lang='lat' dir='ltr'><strong>etiam</strong></span> <span class='ocrx_word' id='word_1_10' title='bbox 1476 559 1655 619; x_wconf 92' lang='lat' dir='ltr'><strong>illum</strong></span> <span class='ocrx_word' id='word_1_11' title='bbox 1686 559 1753 618; x_wconf 93' lang='lat' dir='ltr'><strong>in</strong></span> <span class='ocrx_word' id='word_1_12' title='bbox 1777 576 1899 638; x_wconf 92' lang='lat' dir='ltr'><strong>quo</strong></span> <span class='ocrx_word' id='word_1_13' title='bbox 1930 558 2055 620; x_wconf 89' lang='lat' dir='ltr'><strong>tale</strong></span> 
     </span>
     <span class='ocr_line' id='line_1_4' title="bbox 493 651 2053 730; baseline -0.005 -11"><span class='ocrx_word' id='word_1_14' title='bbox 493 654 954 719; x_wconf 89' lang='lat' dir='ltr'><strong>incommodum</strong></span> <span class='ocrx_word' id='word_1_15' title='bbox 1003 658 1231 727; x_wconf 90' lang='lat' dir='ltr'><strong>cessat,</strong></span> <span class='ocrx_word' id='word_1_16' title='bbox 1286 652 1433 730; x_wconf 91' lang='lat' dir='ltr'><strong>quia</strong></span> <span class='ocrx_word' id='word_1_17' title='bbox 1473 651 1784 711; x_wconf 86' lang='lat' dir='ltr'><strong>sufficiens</strong></span> <span class='ocrx_word' id='word_1_18' title='bbox 1839 657 1929 711; x_wconf 86' lang='lat' dir='ltr'><strong>est</strong></span> <span class='ocrx_word' id='word_1_19' title='bbox 1973 651 2053 711; x_wconf 90' lang='lat' dir='ltr'><strong>ad</strong></span> 
     </span>
     <span class='ocr_line' id='line_1_5' title="bbox 491 744 2054 828; baseline -0.005 -17"><span class='ocrx_word' id='word_1_20' title='bbox 491 750 600 812; x_wconf 90' lang='lat' dir='ltr'><strong>illa</strong></span> <span class='ocrx_word' id='word_1_21' title='bbox 641 745 1084 828; x_wconf 78' lang='lat' dir='ltr'><strong>perfectissime</strong></span> <span class='ocrx_word' id='word_1_22' title='bbox 1112 744 1619 805; x_wconf 89' lang='lat' dir='ltr'><strong>administranda.</strong></span> <span class='ocrx_word' id='word_1_23' title='bbox 1649 744 1824 804; x_wconf 90' lang='lat' dir='ltr'><strong>Unde</strong></span> <span class='ocrx_word' id='word_1_24' title='bbox 1847 745 2054 824; x_wconf 89' lang='lat' dir='ltr'><strong>potius</strong></span> 
     </span>
     <span class='ocr_line' id='line_1_6' title="bbox 495 836 2052 924; baseline -0.004 -20"><span class='ocrx_word' id='word_1_25' title='bbox 495 846 696 924; x_wconf 85' lang='lat' dir='ltr'><strong>potest</strong></span> <span class='ocrx_word' id='word_1_26' title='bbox 727 838 1067 918; x_wconf 86' lang='lat' dir='ltr'><strong>retorqueri</strong></span> <span class='ocrx_word' id='word_1_27' title='bbox 1108 843 1548 917; x_wconf 84' lang='lat' dir='ltr'><strong>argumentmn</strong></span> <span class='ocrx_word' id='word_1_28' title='bbox 1575 836 1652 897; x_wconf 92' lang='lat' dir='ltr'><strong>ad</strong></span> <span class='ocrx_word' id='word_1_29' title='bbox 1682 836 2052 898; x_wconf 88' lang='lat' dir='ltr'><strong>confirman-</strong></span> 
     </span>
     <span class='ocr_line' id='line_1_7' title="bbox 492 929 2047 1009; baseline -0.004 -12"><span class='ocrx_word' id='word_1_30' title='bbox 492 937 635 997; x_wconf 89' lang='lat' dir='ltr'><strong>dam</strong></span> <span class='ocrx_word' id='word_1_31' title='bbox 666 932 1086 994; x_wconf 79' lang='lat' dir='ltr'><strong>assertionem.</strong></span> <span class='ocrx_word' id='word_1_32' title='bbox 1115 932 1269 992; x_wconf 90' lang='lat' dir='ltr'><strong>Nam</strong></span> <span class='ocrx_word' id='word_1_33' title='bbox 1290 930 1461 991; x_wconf 85' lang='lat' dir='ltr'><strong>silex</strong></span> <span class='ocrx_word' id='word_1_34' title='bbox 1478 929 1804 1009; x_wconf 87' lang='lat' dir='ltr'><strong>prohibeat</strong></span> <span class='ocrx_word' id='word_1_35' title='bbox 1816 929 2047 1009; x_wconf 91' lang='lat' dir='ltr'><strong>aliquid</strong></span> 
     </span>
     <span class='ocr_line' id='line_1_8' title="bbox 498 1022 2044 1109; baseline -0.004 -20"><span class='ocrx_word' id='word_1_36' title='bbox 498 1032 752 1109; x_wconf 90' lang='lat' dir='ltr'><strong>propter</strong></span> <span class='ocrx_word' id='word_1_37' title='bbox 789 1022 1184 1085; x_wconf 91' lang='lat' dir='ltr'><strong>incommoda</strong></span> <span class='ocrx_word' id='word_1_38' title='bbox 1217 1023 1494 1097; x_wconf 88' lang='lat' dir='ltr'><strong>vitanda,</strong></span> <span class='ocrx_word' id='word_1_39' title='bbox 1535 1022 1771 1101; x_wconf 88' lang='lat' dir='ltr'><strong>obligat</strong></span> <span class='ocrx_word' id='word_1_40' title='bbox 1804 1023 1872 1083; x_wconf 94' lang='lat' dir='ltr'><strong>in</strong></span> <span class='ocrx_word' id='word_1_41' title='bbox 1912 1041 2044 1102; x_wconf 90' lang='lat' dir='ltr'><strong>par·</strong></span> 
     </span>
     <span class='ocr_line' id='line_1_9' title="bbox 492 1116 2050 1193; baseline -0.003 -12"><span class='ocrx_word' id='word_1_42' title='bbox 492 1118 738 1182; x_wconf 87' lang='lat' dir='ltr'><strong>ticulari</strong></span> <span class='ocrx_word' id='word_1_43' title='bbox 757 1136 923 1193; x_wconf 89' lang='lat' dir='ltr'><strong>casu,</strong></span> <span class='ocrx_word' id='word_1_44' title='bbox 949 1116 1192 1177; x_wconf 88' lang='lat' dir='ltr'><strong>etiamsi</strong></span> <span class='ocrx_word' id='word_1_45' title='bbox 1220 1117 1288 1176; x_wconf 94' lang='lat' dir='ltr'><strong>in</strong></span> <span class='ocrx_word' id='word_1_46' title='bbox 1318 1116 1426 1176; x_wconf 90' lang='lat' dir='ltr'><strong>illo</strong></span> <span class='ocrx_word' id='word_1_47' title='bbox 1448 1133 1575 1177; x_wconf 91' lang='lat' dir='ltr'><strong>non</strong></span> <span class='ocrx_word' id='word_1_48' title='bbox 1607 1116 2006 1177; x_wconf 89' lang='lat' dir='ltr'><strong>inveniantur</strong></span> <span class='ocrx_word' id='word_1_49' title='bbox 2028 1132 2050 1193; x_wconf 99' lang='lat'>3</span> 
     </span>
     <span class='ocr_line' id='line_1_10' title="bbox 496 1209 2050 1291; baseline -0.002 -19"><span class='ocrx_word' id='word_1_50' title='bbox 496 1230 645 1291; x_wconf 89' lang='lat' dir='ltr'><strong>ergo</strong></span> <span class='ocrx_word' id='word_1_51' title='bbox 673 1211 978 1286; x_wconf 90' lang='lat' dir='ltr'><strong>similiter,</strong></span> <span class='ocrx_word' id='word_1_52' title='bbox 999 1216 1113 1270; x_wconf 92' lang='lat' dir='ltr'><strong>etc.</strong></span> <span class='ocrx_word' id='word_1_53' title='bbox 1147 1210 1449 1271; x_wconf 87' lang='lat' dir='ltr'><strong>Praeterea</strong></span> <span class='ocrx_word' id='word_1_54' title='bbox 1471 1214 1866 1289; x_wconf 82' lang='lat' dir='ltr'><strong>retorquetur</strong></span> <span class='ocrx_word' id='word_1_55' title='bbox 1890 1209 2050 1270; x_wconf 87' lang='lat' dir='ltr'><strong>ratio</strong></span> 
     </span>
     <span class='ocr_line' id='line_1_11' title="bbox 492 1301 2051 1382; baseline -0.003 -15"><span class='ocrx_word' id='word_1_56' title='bbox 492 1305 661 1368; x_wconf 89' lang='lat' dir='ltr'><strong>illius</strong></span> <span class='ocrx_word' id='word_1_57' title='bbox 673 1303 1015 1379; x_wconf 68' lang='lat' dir='ltr'><strong>sententiae,</strong></span> <span class='ocrx_word' id='word_1_58' title='bbox 1037 1302 1206 1381; x_wconf 89' lang='lat' dir='ltr'><strong>quia,</strong></span> <span class='ocrx_word' id='word_1_59' title='bbox 1231 1301 1378 1363; x_wconf 90' lang='lat' dir='ltr'><strong>lieet</strong></span> <span class='ocrx_word' id='word_1_60' title='bbox 1394 1309 1631 1364; x_wconf 90' lang='lat' dir='ltr'><strong>cessent</strong></span> <span class='ocrx_word' id='word_1_61' title='bbox 1656 1302 1928 1382; x_wconf 87' lang='lat' dir='ltr'><strong>pericula</strong></span> <span class='ocrx_word' id='word_1_62' title='bbox 1949 1302 2051 1364; x_wconf 91' lang='lat' dir='ltr'><strong>vel</strong></span> 
     </span>
     <span class='ocr_line' id='line_1_12' title="bbox 493 1395 2052 1475; baseline -0.001 -16"><span class='ocrx_word' id='word_1_63' title='bbox 493 1397 909 1473; x_wconf 91' lang='lat' dir='ltr'><strong>incommoda,</strong></span> <span class='ocrx_word' id='word_1_64' title='bbox 939 1413 1180 1475; x_wconf 86' lang='lat' dir='ltr'><strong>semper</strong></span> <span class='ocrx_word' id='word_1_65' title='bbox 1214 1400 1307 1456; x_wconf 90' lang='lat' dir='ltr'><strong>est</strong></span> <span class='ocrx_word' id='word_1_66' title='bbox 1340 1395 1672 1457; x_wconf 90' lang='lat' dir='ltr'><strong>honestum</strong></span> <span class='ocrx_word' id='word_1_67' title='bbox 1702 1413 1943 1457; x_wconf 89' lang='lat' dir='ltr'><strong>servare</strong></span> <span class='ocrx_word' id='word_1_68' title='bbox 1965 1395 2052 1457; x_wconf 92' lang='lat' dir='ltr'><strong>le-</strong></span> 
     </span>
     <span class='ocr_line' id='line_1_13' title="bbox 494 1489 2052 1571; baseline -0.003 -17"><span class='ocrx_word' id='word_1_69' title='bbox 494 1510 663 1571; x_wconf 93' lang='lat' dir='ltr'><strong>gem,</strong></span> <span class='ocrx_word' id='word_1_70' title='bbox 688 1498 750 1553; x_wconf 91' lang='lat' dir='ltr'><strong>et</strong></span> <span class='ocrx_word' id='word_1_71' title='bbox 777 1497 869 1552; x_wconf 91' lang='lat' dir='ltr'><strong>est</strong></span> <span class='ocrx_word' id='word_1_72' title='bbox 895 1490 1048 1551; x_wconf 90' lang='lat' dir='ltr'><strong>utile</strong></span> <span class='ocrx_word' id='word_1_73' title='bbox 1074 1489 1153 1550; x_wconf 91' lang='lat' dir='ltr'><strong>ad</strong></span> <span class='ocrx_word' id='word_1_74' title='bbox 1191 1489 1490 1568; x_wconf 85' lang='lat' dir='ltr'><strong>majorem</strong></span> <span class='ocrx_word' id='word_1_75' title='bbox 1515 1489 1672 1567; x_wconf 90' lang='lat' dir='ltr'><strong>legis</strong></span> <span class='ocrx_word' id='word_1_76' title='bbox 1698 1490 1976 1567; x_wconf 90' lang='lat' dir='ltr'><strong>vigorem</strong></span> <span class='ocrx_word' id='word_1_77' title='bbox 1988 1495 2052 1549; x_wconf 90' lang='lat' dir='ltr'><strong>et</strong></span> 
     </span>
     <span class='ocr_line' id='line_1_14' title="bbox 494 1584 2053 1664; baseline 0 -18"><span class='ocrx_word' id='word_1_78' title='bbox 494 1586 967 1648; x_wconf 80' lang='lat' dir='ltr'><strong>observantiam.</strong></span> <span class='ocrx_word' id='word_1_79' title='bbox 1004 1586 1158 1646; x_wconf 87' lang='lat' dir='ltr'><strong>Item</strong></span> <span class='ocrx_word' id='word_1_80' title='bbox 1202 1585 1353 1664; x_wconf 90' lang='lat' dir='ltr'><strong>quia</strong></span> <span class='ocrx_word' id='word_1_81' title='bbox 1378 1590 1448 1644; x_wconf 91' lang='lat' dir='ltr'><strong>ut</strong></span> <span class='ocrx_word' id='word_1_82' title='bbox 1476 1584 1577 1645; x_wconf 92' lang='grc'><strong>181</strong></span> <span class='ocrx_word' id='word_1_83' title='bbox 1619 1584 2053 1646; x_wconf 86' lang='lat' dir='ltr'><strong>universaliter</strong></span> 
     </span>
     <span class='ocr_line' id='line_1_15' title="bbox 494 1677 2053 1760; baseline -0.001 -20"><span class='ocrx_word' id='word_1_84' title='bbox 494 1678 747 1760; x_wconf 91' lang='lat' dir='ltr'><strong>obliget,</strong></span> <span class='ocrx_word' id='word_1_85' title='bbox 795 1680 943 1740; x_wconf 87' lang='lat' dir='ltr'><strong>satis</strong></span> <span class='ocrx_word' id='word_1_86' title='bbox 988 1683 1080 1739; x_wconf 89' lang='lat' dir='ltr'><strong>est</strong></span> <span class='ocrx_word' id='word_1_87' title='bbox 1125 1678 1289 1757; x_wconf 92' lang='lat' dir='ltr'><strong>quod</strong></span> <span class='ocrx_word' id='word_1_88' title='bbox 1330 1677 1670 1757; x_wconf 90' lang='lat' dir='ltr'><strong>plurimum</strong></span> <span class='ocrx_word' id='word_1_89' title='bbox 1712 1682 2053 1756; x_wconf 90' lang='lat' dir='ltr'><strong>sequantur</strong></span> 
     </span>
     <span class='ocr_line' id='line_1_16' title="bbox 490 1769 2052 1845; baseline -0.001 -13"><span class='ocrx_word' id='word_1_90' title='bbox 490 1772 888 1832; x_wconf 90' lang='lat' dir='ltr'><strong>incommoda</strong></span> <span class='ocrx_word' id='word_1_91' title='bbox 931 1789 1009 1831; x_wconf 84' lang='lat' dir='ltr'><strong>ex</strong></span> <span class='ocrx_word' id='word_1_92' title='bbox 1060 1771 1367 1831; x_wconf 85' lang='lat' dir='ltr'><strong>contrario</strong></span> <span class='ocrx_word' id='word_1_93' title='bbox 1413 1775 1577 1830; x_wconf 90' lang='lat' dir='ltr'><strong>actu.</strong></span> <span class='ocrx_word' id='word_1_94' title='bbox 1619 1769 1934 1845; x_wconf 81' lang='lat' dir='ltr'><strong>Quocirca,</strong></span> <span class='ocrx_word' id='word_1_95' title='bbox 1978 1775 2052 1830; x_wconf 91' lang='lat' dir='ltr'><strong>ut</strong></span> 
     </span>
     <span class='ocr_line' id='line_1_17' title="bbox 492 1861 2051 1943; baseline -0.001 -18"><span class='ocrx_word' id='word_1_96' title='bbox 492 1864 562 1925; x_wconf 93' lang='lat' dir='ltr'><strong>in</strong></span> <span class='ocrx_word' id='word_1_97' title='bbox 595 1863 805 1943; x_wconf 90' lang='lat' dir='ltr'><strong>aliquo</strong></span> <span class='ocrx_word' id='word_1_98' title='bbox 851 1882 997 1925; x_wconf 89' lang='lat' dir='ltr'><strong>casu</strong></span> <span class='ocrx_word' id='word_1_99' title='bbox 1029 1870 1221 1925; x_wconf 89' lang='lat' dir='ltr'><strong>cesset</strong></span> <span class='ocrx_word' id='word_1_100' title='bbox 1264 1862 1559 1941; x_wconf 83' lang='lat' dir='ltr'><strong>obligatio</strong></span> <span class='ocrx_word' id='word_1_101' title='bbox 1587 1861 1743 1940; x_wconf 88' lang='lat' dir='ltr'><strong>legis</strong></span> <span class='ocrx_word' id='word_1_102' title='bbox 1787 1862 1929 1923; x_wconf 80' lang='lat' dir='ltr'><strong>latae</strong></span> <span class='ocrx_word' id='word_1_103' title='bbox 1969 1862 2051 1923; x_wconf 92' lang='lat' dir='ltr'><strong>ad</strong></span> 
     </span>
     <span class='ocr_line' id='line_1_18' title="bbox 491 1954 2052 2033; baseline -0.001 -16"><span class='ocrx_word' id='word_1_104' title='bbox 491 1957 747 2018; x_wconf 89' lang='lat' dir='ltr'><strong>vitanda</strong></span> <span class='ocrx_word' id='word_1_105' title='bbox 767 1957 1184 2033; x_wconf 93' lang='lat' dir='ltr'><strong>incommoda,</strong></span> <span class='ocrx_word' id='word_1_106' title='bbox 1235 1973 1362 2016; x_wconf 91' lang='lat' dir='ltr'><strong>non</strong></span> <span class='ocrx_word' id='word_1_107' title='bbox 1408 1956 1552 2015; x_wconf 84' lang='lat' dir='ltr'><strong>satis</strong></span> <span class='ocrx_word' id='word_1_108' title='bbox 1580 1960 1670 2015; x_wconf 69' lang='lat' dir='ltr'><strong>oet</strong></span> <span class='ocrx_word' id='word_1_109' title='bbox 1716 1959 1787 2014; x_wconf 91' lang='lat' dir='ltr'><strong>ut</strong></span> <span class='ocrx_word' id='word_1_110' title='bbox 1813 1954 2052 2015; x_wconf 92' lang='lat' dir='ltr'><strong>incom-</strong></span> 
     </span>
     <span class='ocr_line' id='line_1_19' title="bbox 492 2046 2055 2128; baseline -0.002 -19"><span class='ocrx_word' id='word_1_111' title='bbox 492 2049 679 2109; x_wconf 92' lang='lat' dir='ltr'><strong>moda</strong></span> <span class='ocrx_word' id='word_1_112' title='bbox 708 2054 967 2123; x_wconf 87' lang='lat' dir='ltr'><strong>cessent,</strong></span> <span class='ocrx_word' id='word_1_113' title='bbox 992 2048 1100 2109; x_wconf 89' lang='lat' dir='ltr'><strong>sed</strong></span> <span class='ocrx_word' id='word_1_114' title='bbox 1127 2046 1367 2128; x_wconf 81' lang='lat' dir='ltr'><strong>oportet</strong></span> <span class='ocrx_word' id='word_1_115' title='bbox 1394 2052 1465 2108; x_wconf 90' lang='lat' dir='ltr'><strong>ut</strong></span> <span class='ocrx_word' id='word_1_116' title='bbox 1492 2051 1816 2108; x_wconf 88' lang='lat' dir='ltr'><strong>occurrant</strong></span> <span class='ocrx_word' id='word_1_117' title='bbox 1844 2046 2055 2126; x_wconf 92' lang='lat' dir='ltr'><strong>aliqua</strong></span> 
     </span>
     <span class='ocr_line' id='line_1_20' title="bbox 491 2141 2055 2221; baseline -0.002 -18"><span class='ocrx_word' id='word_1_118' title='bbox 491 2145 708 2221; x_wconf 89' lang='lat' dir='ltr'><strong>gravia</strong></span> <span class='ocrx_word' id='word_1_119' title='bbox 731 2142 1146 2219; x_wconf 92' lang='lat' dir='ltr'><strong>incommoda,</strong></span> <span class='ocrx_word' id='word_1_120' title='bbox 1195 2161 1333 2221; x_wconf 85' lang='lat' dir='ltr'><strong>quae</strong></span> <span class='ocrx_word' id='word_1_121' title='bbox 1358 2142 1426 2202; x_wconf 91' lang='lat' dir='ltr'><strong>in</strong></span> <span class='ocrx_word' id='word_1_122' title='bbox 1470 2141 1582 2201; x_wconf 87' lang='lat' dir='ltr'><strong>tali</strong></span> <span class='ocrx_word' id='word_1_123' title='bbox 1611 2158 1757 2201; x_wconf 88' lang='lat' dir='ltr'><strong>casu</strong></span> <span class='ocrx_word' id='word_1_124' title='bbox 1794 2157 2055 2219; x_wconf 90' lang='lat' dir='ltr'><strong>sequan-</strong></span> 
     </span>
     <span class='ocr_line' id='line_1_21' title="bbox 489 2234 2056 2315; baseline -0.003 -17"><span class='ocrx_word' id='word_1_125' title='bbox 489 2241 617 2312; x_wconf 85' lang='lat' dir='ltr'><strong>tur,</strong></span> <span class='ocrx_word' id='word_1_126' title='bbox 644 2236 819 2297; x_wconf 83' lang='lat' dir='ltr'><strong>silex</strong></span> <span class='ocrx_word' id='word_1_127' title='bbox 835 2242 1135 2312; x_wconf 87' lang='lat' dir='ltr'><strong>servetur,</strong></span> <span class='ocrx_word' id='word_1_128' title='bbox 1162 2241 1224 2297; x_wconf 89' lang='lat' dir='ltr'><strong>et</strong></span> <span class='ocrx_word' id='word_1_129' title='bbox 1250 2236 1390 2296; x_wconf 93' lang='lat' dir='ltr'><strong>ideo</strong></span> <span class='ocrx_word' id='word_1_130' title='bbox 1412 2253 1524 2315; x_wconf 87' lang='lat' dir='ltr'><strong>per</strong></span> <span class='ocrx_word' id='word_1_131' title='bbox 1537 2235 1792 2295; x_wconf 87' lang='lat' dir='ltr'><strong>modum</strong></span> <span class='ocrx_word' id='word_1_132' title='bbox 1810 2234 2056 2313; x_wconf 82' lang='lat' dir='ltr'><strong>epiikiae</strong></span> 
     </span>
     <span class='ocr_line' id='line_1_22' title="bbox 493 2327 2055 2407; baseline -0.003 -16"><span class='ocrx_word' id='word_1_133' title='bbox 493 2348 729 2391; x_wconf 89' lang='lat' dir='ltr'><strong>cessare</strong></span> <span class='ocrx_word' id='word_1_134' title='bbox 769 2335 1108 2391; x_wconf 88' lang='lat' dir='ltr'><strong>censeatur.</strong></span> <span class='ocrx_word' id='word_1_135' title='bbox 1146 2330 1224 2389; x_wconf 91' lang='lat' dir='ltr'><strong>Et</strong></span> <span class='ocrx_word' id='word_1_136' title='bbox 1253 2329 1344 2390; x_wconf 91' lang='lat' dir='ltr'><strong>ita</strong></span> <span class='ocrx_word' id='word_1_137' title='bbox 1381 2329 1629 2390; x_wconf 89' lang='lat' dir='ltr'><strong>videtur</strong></span> <span class='ocrx_word' id='word_1_138' title='bbox 1661 2327 2055 2407; x_wconf 86' lang='lat' dir='ltr'><strong>interpretari</strong></span> 
     </span>
     <span class='ocr_line' id='line_1_23' title="bbox 491 2420 2046 2502; baseline -0.002 -20"><span class='ocrx_word' id='word_1_139' title='bbox 491 2422 745 2483; x_wconf 87' lang='lat' dir='ltr'><strong>Navarr.</strong></span> <span class='ocrx_word' id='word_1_140' title='bbox 780 2441 958 2483; x_wconf 90' lang='lat' dir='ltr'><strong>suam</strong></span> <span class='ocrx_word' id='word_1_141' title='bbox 983 2421 1376 2496; x_wconf 83' lang='lat' dir='ltr'><strong>sententiam,</strong></span> <span class='ocrx_word' id='word_1_142' title='bbox 1407 2422 1482 2482; x_wconf 93' lang='lat' dir='ltr'><strong>de</strong></span> <span class='ocrx_word' id='word_1_143' title='bbox 1504 2438 1628 2502; x_wconf 91' lang='lat' dir='ltr'><strong>quo</strong></span> <span class='ocrx_word' id='word_1_144' title='bbox 1667 2424 1893 2499; x_wconf 91' lang='lat' dir='ltr'><strong>puncto</strong></span> <span class='ocrx_word' id='word_1_145' title='bbox 1919 2420 2046 2499; x_wconf 92' lang='lat' dir='ltr'><strong>plu·</strong></span> 
     </span>
     <span class='ocr_line' id='line_1_24' title="bbox 490 2513 2056 2593; baseline -0.002 -16"><span class='ocrx_word' id='word_1_146' title='bbox 490 2534 564 2577; x_wconf 89' lang='lat' dir='ltr'><strong>ra</strong></span> <span class='ocrx_word' id='word_1_147' title='bbox 590 2515 863 2577; x_wconf 88' lang='lat' dir='ltr'><strong>dicemus</strong></span> <span class='ocrx_word' id='word_1_148' title='bbox 889 2515 1077 2590; x_wconf 76' lang='lat' dir='ltr'><strong>infra,</strong></span> <span class='ocrx_word' id='word_1_149' title='bbox 1098 2514 1420 2575; x_wconf 87' lang='lat' dir='ltr'><strong>tractando</strong></span> <span class='ocrx_word' id='word_1_150' title='bbox 1438 2513 1516 2575; x_wconf 92' lang='lat' dir='ltr'><strong>de</strong></span> <span class='ocrx_word' id='word_1_151' title='bbox 1548 2513 2056 2593; x_wconf 87' lang='lat' dir='ltr'><strong>interpretatione</strong></span> 
     </span>
     <span class='ocr_line' id='line_1_25' title="bbox 491 2606 1582 2684; baseline -0.002 -17"><span class='ocrx_word' id='word_1_152' title='bbox 491 2608 589 2669; x_wconf 85' lang='lat' dir='ltr'><strong>vel</strong></span> <span class='ocrx_word' id='word_1_153' title='bbox 618 2608 952 2670; x_wconf 90' lang='lat' dir='ltr'><strong>cessatione</strong></span> <span class='ocrx_word' id='word_1_154' title='bbox 982 2606 1381 2684; x_wconf 83' lang='lat' dir='ltr'><strong>obligationis</strong></span> <span class='ocrx_word' id='word_1_155' title='bbox 1408 2606 1582 2684; x_wconf 90' lang='lat' dir='ltr'><strong>legis.</strong></span> 
     </span>
    </p>

    <p class='ocr_par' dir='ltr' id='par_1_3' title="bbox 488 2699 2058 3804">
     <span class='ocr_line' id='line_1_26' title="bbox 569 2699 2058 2777; baseline -0.002 -17"><span class='ocrx_word' id='word_1_156' title='bbox 569 2702 631 2760; x_wconf 83' lang='lat'><strong>9.</strong></span> <span class='ocrx_word' id='word_1_157' title='bbox 663 2699 942 2762; x_wconf 64' lang='grc' dir='ltr'><strong>δυσωπία</strong></span> <span class='ocrx_word' id='word_1_158' title='bbox 964 2699 1509 2761; x_wconf 55' lang='grc' dir='ltr'><strong>(κωπίω-Βίου</strong></span> <span class='ocrx_word' id='word_1_159' title='bbox 1538 2699 1836 2761; x_wconf 86' lang='lat' dir='ltr'><strong>secundo:</strong></span> <span class='ocrx_word' id='word_1_160' title='bbox 1860 2715 2058 2777; x_wconf 90' lang='lat' dir='ltr'><strong>quan-</strong></span> 
     </span>
     <span class='ocr_line' id='line_1_27' title="bbox 491 2790 2051 2871; baseline 0 -20"><span class='ocrx_word' id='word_1_161' title='bbox 491 2792 570 2852; x_wconf 90' lang='lat' dir='ltr'><strong>do</strong></span> <span class='ocrx_word' id='word_1_162' title='bbox 607 2791 710 2852; x_wconf 90' lang='grc'><strong>181</strong></span> <span class='ocrx_word' id='word_1_163' title='bbox 742 2791 1037 2852; x_wconf 89' lang='lat' dir='ltr'><strong>fundatur</strong></span> <span class='ocrx_word' id='word_1_164' title='bbox 1080 2791 1148 2851; x_wconf 92' lang='lat' dir='ltr'><strong>in</strong></span> <span class='ocrx_word' id='word_1_165' title='bbox 1187 2793 1663 2871; x_wconf 74' lang='lat' dir='ltr'><strong>praesumptione</strong></span> <span class='ocrx_word' id='word_1_166' title='bbox 1709 2790 2051 2866; x_wconf 87' lang='lat' dir='ltr'><strong>definitiva,</strong></span> 
     </span>
     <span class='ocr_line' id='line_1_28' title="bbox 493 2883 2057 2964; baseline 0.001 -19"><span class='ocrx_word' id='word_1_167' title='bbox 493 2902 601 2945; x_wconf 92' lang='lat' dir='ltr'><strong>seu</strong></span> <span class='ocrx_word' id='word_1_168' title='bbox 634 2884 805 2958; x_wconf 83' lang='lat' dir='ltr'><strong>facti,</strong></span> <span class='ocrx_word' id='word_1_169' title='bbox 858 2901 987 2944; x_wconf 92' lang='lat' dir='ltr'><strong>non</strong></span> <span class='ocrx_word' id='word_1_170' title='bbox 1032 2883 1266 2962; x_wconf 88' lang='lat' dir='ltr'><strong>obligat</strong></span> <span class='ocrx_word' id='word_1_171' title='bbox 1310 2903 1438 2944; x_wconf 94' lang='lat' dir='ltr'><strong>non</strong></span> <span class='ocrx_word' id='word_1_172' title='bbox 1492 2885 1856 2946; x_wconf 87' lang='lat' dir='ltr'><strong>subsistente</strong></span> <span class='ocrx_word' id='word_1_173' title='bbox 1899 2902 2057 2964; x_wconf 82' lang='lat' dir='ltr'><strong>prae-</strong></span> 
     </span>
     <span class='ocr_line' id='line_1_29' title="bbox 492 2977 2058 3056; baseline 0.001 -19"><span class='ocrx_word' id='word_1_174' title='bbox 492 2977 843 3056; x_wconf 88' lang='lat' dir='ltr'><strong>sumptione</strong></span> <span class='ocrx_word' id='word_1_175' title='bbox 865 2994 974 3038; x_wconf 91' lang='lat' dir='ltr'><strong>seu</strong></span> <span class='ocrx_word' id='word_1_176' title='bbox 1000 2977 1260 3038; x_wconf 88' lang='lat' dir='ltr'><strong>veritate</strong></span> <span class='ocrx_word' id='word_1_177' title='bbox 1285 2977 1450 3039; x_wconf 84' lang='lat' dir='ltr'><strong>facti.</strong></span> <span class='ocrx_word' id='word_1_178' title='bbox 1467 2978 1654 3038; x_wconf 85' lang='lat' dir='ltr'><strong>Juxta</strong></span> <span class='ocrx_word' id='word_1_179' title='bbox 1675 2978 1837 3039; x_wconf 88' lang='lat' dir='ltr'><strong>hanc</strong></span> <span class='ocrx_word' id='word_1_180' title='bbox 1865 2995 2058 3038; x_wconf 90' lang='lat' dir='ltr'><strong>asser-</strong></span> 
     </span>
     <span class='ocr_line' id='line_1_30' title="bbox 490 3070 2058 3151; baseline 0.001 -19"><span class='ocrx_word' id='word_1_181' title='bbox 490 3071 729 3133; x_wconf 91' lang='lat' dir='ltr'><strong>tionem</strong></span> <span class='ocrx_word' id='word_1_182' title='bbox 769 3070 1096 3151; x_wconf 89' lang='lat' dir='ltr'><strong>procedere</strong></span> <span class='ocrx_word' id='word_1_183' title='bbox 1124 3075 1324 3150; x_wconf 87' lang='lat' dir='ltr'><strong>potest</strong></span> <span class='ocrx_word' id='word_1_184' title='bbox 1360 3072 1709 3133; x_wconf 91' lang='lat' dir='ltr'><strong>communis</strong></span> <span class='ocrx_word' id='word_1_185' title='bbox 1749 3072 2058 3133; x_wconf 87' lang='lat' dir='ltr'><strong>sententia</strong></span> 
     </span>
     <span class='ocr_line' id='line_1_31' title="bbox 491 3164 2057 3245; baseline 0 -20"><span class='ocrx_word' id='word_1_186' title='bbox 491 3183 679 3245; x_wconf 90' lang='lat' dir='ltr'><strong>supra</strong></span> <span class='ocrx_word' id='word_1_187' title='bbox 716 3165 924 3240; x_wconf 91' lang='lat' dir='ltr'><strong>citata,</strong></span> <span class='ocrx_word' id='word_1_188' title='bbox 955 3182 1215 3243; x_wconf 89' lang='lat' dir='ltr'><strong>eamque</strong></span> <span class='ocrx_word' id='word_1_189' title='bbox 1247 3164 1598 3244; x_wconf 87' lang='lat' dir='ltr'><strong>significare</strong></span> <span class='ocrx_word' id='word_1_190' title='bbox 1624 3165 1873 3226; x_wconf 90' lang='lat' dir='ltr'><strong>videtur</strong></span> <span class='ocrx_word' id='word_1_191' title='bbox 1899 3165 2057 3226; x_wconf 89' lang='lat' dir='ltr'><strong>Feli-</strong></span> 
     </span>
     <span class='ocr_line' id='line_1_32' title="bbox 492 3257 2054 3336; baseline -0.002 -16"><span class='ocrx_word' id='word_1_192' title='bbox 492 3278 613 3320; x_wconf 89' lang='lat' dir='ltr'><strong>nus</strong></span> <span class='ocrx_word' id='word_1_193' title='bbox 645 3258 808 3320; x_wconf 89' lang='lat' dir='ltr'><strong>dicto</strong></span> <span class='ocrx_word' id='word_1_194' title='bbox 835 3277 903 3319; x_wconf 92' lang='lat' dir='ltr'><strong>n.</strong></span> <span class='ocrx_word' id='word_1_195' title='bbox 946 3261 1049 3334; x_wconf 78' lang='lat'><strong>40,</strong></span> <span class='ocrx_word' id='word_1_196' title='bbox 1092 3257 1263 3319; x_wconf 84' lang='lat' dir='ltr'><strong>verb.</strong></span> <span class='ocrx_word' id='word_1_197' title='bbox 1320 3259 1504 3320; x_wconf 81' lang='lat' dir='ltr'><strong>Hanc</strong></span> <span class='ocrx_word' id='word_1_198' title='bbox 1536 3259 1906 3336; x_wconf 77' lang='lat' dir='ltr'><strong>fallentium,</strong></span> <span class='ocrx_word' id='word_1_199' title='bbox 1945 3258 2054 3318; x_wconf 90' lang='lat' dir='ltr'><strong>ubi</strong></span> 
     </span>
     <span class='ocr_line' id='line_1_33' title="bbox 489 3350 2057 3431; baseline -0.002 -17"><span class='ocrx_word' id='word_1_200' title='bbox 489 3359 782 3415; x_wconf 90' lang='lat' dir='ltr'><strong>numerat</strong></span> <span class='ocrx_word' id='word_1_201' title='bbox 814 3358 937 3414; x_wconf 84' lang='lat' dir='ltr'><strong>tres</strong></span> <span class='ocrx_word' id='word_1_202' title='bbox 984 3370 1160 3413; x_wconf 88' lang='lat' dir='ltr'><strong>casus</strong></span> <span class='ocrx_word' id='word_1_203' title='bbox 1197 3353 1265 3412; x_wconf 93' lang='lat' dir='ltr'><strong>in</strong></span> <span class='ocrx_word' id='word_1_204' title='bbox 1299 3352 1523 3431; x_wconf 88' lang='lat' dir='ltr'><strong>quibus</strong></span> <span class='ocrx_word' id='word_1_205' title='bbox 1548 3351 1648 3412; x_wconf 88' lang='grc'><strong>181</strong></span> <span class='ocrx_word' id='word_1_206' title='bbox 1670 3369 1798 3412; x_wconf 91' lang='grc'><strong>11811</strong></span> <span class='ocrx_word' id='word_1_207' title='bbox 1822 3350 2057 3431; x_wconf 88' lang='lat' dir='ltr'><strong>obligat</strong></span> 
     </span>
     <span class='ocr_line' id='line_1_34' title="bbox 493 3445 2054 3524; baseline -0.001 -16"><span class='ocrx_word' id='word_1_208' title='bbox 493 3449 561 3508; x_wconf 93' lang='lat' dir='ltr'><strong>in</strong></span> <span class='ocrx_word' id='word_1_209' title='bbox 588 3447 964 3509; x_wconf 91' lang='lat' dir='ltr'><strong>conscientia</strong></span> <span class='ocrx_word' id='word_1_210' title='bbox 975 3462 996 3522; x_wconf 97' lang='lat'>3</span> <span class='ocrx_word' id='word_1_211' title='bbox 1039 3452 1102 3506; x_wconf 90' lang='lat' dir='ltr'><strong>et</strong></span> <span class='ocrx_word' id='word_1_212' title='bbox 1131 3445 1373 3506; x_wconf 89' lang='lat' dir='ltr'><strong>omissis</strong></span> <span class='ocrx_word' id='word_1_213' title='bbox 1403 3445 1667 3506; x_wconf 90' lang='lat' dir='ltr'><strong>secundo</strong></span> <span class='ocrx_word' id='word_1_214' title='bbox 1695 3445 1772 3506; x_wconf 93' lang='lat' dir='ltr'><strong>de</strong></span> <span class='ocrx_word' id='word_1_215' title='bbox 1800 3446 1935 3524; x_wconf 88' lang='grc'><strong>1838</strong></span> <span class='ocrx_word' id='word_1_216' title='bbox 1957 3446 2054 3506; x_wconf 94' lang='lat' dir='ltr'><strong>in-</strong></span> 
     </span>
     <span class='ocr_line' id='line_1_35' title="bbox 488 3537 2052 3620; baseline -0.001 -21"><span class='ocrx_word' id='word_1_217' title='bbox 488 3541 679 3620; x_wconf 84' lang='lat' dir='ltr'><strong>justa,</strong></span> <span class='ocrx_word' id='word_1_218' title='bbox 701 3544 765 3599; x_wconf 93' lang='lat' dir='ltr'><strong>et</strong></span> <span class='ocrx_word' id='word_1_219' title='bbox 786 3538 969 3599; x_wconf 87' lang='lat' dir='ltr'><strong>tertio</strong></span> <span class='ocrx_word' id='word_1_220' title='bbox 1003 3538 1080 3597; x_wconf 93' lang='lat' dir='ltr'><strong>de</strong></span> <span class='ocrx_word' id='word_1_221' title='bbox 1113 3538 1251 3616; x_wconf 93' lang='lat' dir='ltr'><strong>lege</strong></span> <span class='ocrx_word' id='word_1_222' title='bbox 1296 3537 1527 3617; x_wconf 86' lang='lat' dir='ltr'><strong>poenali</strong></span> <span class='ocrx_word' id='word_1_223' title='bbox 1563 3538 1765 3617; x_wconf 87' lang='lat' dir='ltr'><strong>quoad</strong></span> <span class='ocrx_word' id='word_1_224' title='bbox 1798 3538 2052 3599; x_wconf 89' lang='lat' dir='ltr'><strong>solutio-</strong></span> 
     </span>
     <span class='ocr_line' id='line_1_36' title="bbox 491 3629 2056 3711; baseline 0 -19"><span class='ocrx_word' id='word_1_225' title='bbox 491 3650 640 3692; x_wconf 92' lang='lat' dir='ltr'><strong>nem</strong></span> <span class='ocrx_word' id='word_1_226' title='bbox 668 3647 892 3710; x_wconf 79' lang='lat' dir='ltr'><strong>poenae,</strong></span> <span class='ocrx_word' id='word_1_227' title='bbox 922 3629 1031 3708; x_wconf 84' lang='lat' dir='ltr'><strong>qui</strong></span> <span class='ocrx_word' id='word_1_228' title='bbox 1052 3630 1129 3689; x_wconf 92' lang='lat' dir='ltr'><strong>ad</strong></span> <span class='ocrx_word' id='word_1_229' title='bbox 1157 3646 1294 3690; x_wconf 90' lang='lat' dir='ltr'><strong>rem</strong></span> <span class='ocrx_word' id='word_1_230' title='bbox 1316 3636 1678 3710; x_wconf 62' lang='lat' dir='ltr'><strong>prensantem</strong></span> <span class='ocrx_word' id='word_1_231' title='bbox 1699 3647 1828 3691; x_wconf 91' lang='lat' dir='ltr'><strong>non</strong></span> <span class='ocrx_word' id='word_1_232' title='bbox 1867 3631 2056 3711; x_wconf 89' lang='lat' dir='ltr'><strong>perti-</strong></span> 
     </span>
     <span class='ocr_line' id='line_1_37' title="bbox 492 3722 2055 3804; baseline 0.001 -20"><span class='ocrx_word' id='word_1_233' title='bbox 492 3728 624 3798; x_wconf 87' lang='lat' dir='ltr'><strong>net,</strong></span> <span class='ocrx_word' id='word_1_234' title='bbox 657 3722 893 3801; x_wconf 87' lang='lat' dir='ltr'><strong>primus</strong></span> <span class='ocrx_word' id='word_1_235' title='bbox 924 3726 987 3782; x_wconf 91' lang='lat' dir='ltr'><strong>et</strong></span> <span class='ocrx_word' id='word_1_236' title='bbox 1018 3722 1236 3782; x_wconf 88' lang='lat' dir='ltr'><strong>unicus</strong></span> <span class='ocrx_word' id='word_1_237' title='bbox 1262 3723 1426 3802; x_wconf 91' lang='lat' dir='ltr'><strong>apud</strong></span> <span class='ocrx_word' id='word_1_238' title='bbox 1454 3722 1634 3783; x_wconf 92' lang='lat' dir='ltr'><strong>illum</strong></span> <span class='ocrx_word' id='word_1_239' title='bbox 1671 3728 1784 3798; x_wconf 88' lang='lat' dir='ltr'><strong>est,</strong></span> <span class='ocrx_word' id='word_1_240' title='bbox 1822 3725 2055 3804; x_wconf 77' lang='lat' dir='ltr'><strong>quando</strong></span> 
     </span>
    </p>
   </div>
   <div class='ocr_carea' id='block_1_3' title="bbox 1497 362 2686 425">
    <p class='ocr_par' dir='ltr' id='par_1_4' title="bbox 1497 362 2686 425">
     <span class='ocr_line' id='line_1_38' title="bbox 1497 362 2686 425; baseline -0.006 -3"><span class='ocrx_word' id='word_1_241' title='bbox 1497 367 1613 422; x_wconf 82' lang='lat' dir='ltr'><strong>LlB.</strong></span> <span class='ocrx_word' id='word_1_242' title='bbox 1651 368 1734 425; x_wconf 89' lang='lat'><strong>111.</strong></span> <span class='ocrx_word' id='word_1_243' title='bbox 1769 366 1850 419; x_wconf 82' lang='lat' dir='ltr'><strong>DE</strong></span> <span class='ocrx_word' id='word_1_244' title='bbox 1882 366 2044 420; x_wconf 83' lang='lat' dir='ltr'><strong>LEGE</strong></span> <span class='ocrx_word' id='word_1_245' title='bbox 2076 366 2337 419; x_wconf 58' lang='lat' dir='ltr'><strong>numum</strong></span> <span class='ocrx_word' id='word_1_246' title='bbox 2366 365 2448 419; x_wconf 83' lang='lat' dir='ltr'><strong>ET</strong></span> <span class='ocrx_word' id='word_1_247' title='bbox 2480 362 2686 417; x_wconf 77' lang='lat' dir='ltr'><strong>clvlm.</strong></span> 
     </span>
    </p>
   </div>
   <div class='ocr_carea' id='block_1_4' title="bbox 2131 462 3714 3808">
    <p class='ocr_par' dir='ltr' id='par_1_5' title="bbox 2131 462 3714 3598">
     <span class='ocr_line' id='line_1_39' title="bbox 2134 462 3711 547; baseline -0.001 -19"><span class='ocrx_word' id='word_1_248' title='bbox 2134 468 2235 528; x_wconf 93' lang='grc'><strong>181</strong></span> <span class='ocrx_word' id='word_1_249' title='bbox 2255 467 2432 547; x_wconf 87' lang='lat' dir='ltr'><strong>quasi</strong></span> <span class='ocrx_word' id='word_1_250' title='bbox 2457 463 2718 547; x_wconf 86' lang='lat' dir='ltr'><strong>poenalis</strong></span> <span class='ocrx_word' id='word_1_251' title='bbox 2740 467 2834 523; x_wconf 90' lang='lat' dir='ltr'><strong>est</strong></span> <span class='ocrx_word' id='word_1_252' title='bbox 2859 466 3110 542; x_wconf 87' lang='lat' dir='ltr'><strong>propter</strong></span> <span class='ocrx_word' id='word_1_253' title='bbox 3131 462 3583 543; x_wconf 83' lang='lat' dir='ltr'><strong>negligentiam</strong></span> <span class='ocrx_word' id='word_1_254' title='bbox 3609 466 3711 527; x_wconf 84' lang='lat' dir='ltr'><strong>fa-</strong></span> 
     </span>
     <span class='ocr_line' id='line_1_40' title="bbox 2135 556 3713 637; baseline -0.001 -15"><span class='ocrx_word' id='word_1_255' title='bbox 2135 562 2338 622; x_wconf 86' lang='lat' dir='ltr'><strong>ciendi</strong></span> <span class='ocrx_word' id='word_1_256' title='bbox 2382 558 2802 620; x_wconf 86' lang='lat' dir='ltr'><strong>inventarium</strong></span> <span class='ocrx_word' id='word_1_257' title='bbox 2817 600 2839 632; x_wconf 95' lang='lat'><strong>,</strong></span> <span class='ocrx_word' id='word_1_258' title='bbox 2883 561 2948 617; x_wconf 95' lang='lat' dir='ltr'><strong>et</strong></span> <span class='ocrx_word' id='word_1_259' title='bbox 2991 556 3130 617; x_wconf 93' lang='lat' dir='ltr'><strong>ideo</strong></span> <span class='ocrx_word' id='word_1_260' title='bbox 3179 575 3306 618; x_wconf 91' lang='lat' dir='ltr'><strong>non</strong></span> <span class='ocrx_word' id='word_1_261' title='bbox 3341 557 3579 637; x_wconf 89' lang='lat' dir='ltr'><strong>obligat</strong></span> <span class='ocrx_word' id='word_1_262' title='bbox 3636 561 3713 620; x_wconf 90' lang='grc'><strong>111</strong></span> 
     </span>
     <span class='ocr_line' id='line_1_41' title="bbox 2135 651 3714 732; baseline -0.001 -15"><span class='ocrx_word' id='word_1_263' title='bbox 2135 655 2508 717; x_wconf 90' lang='lat' dir='ltr'><strong>conscientia</strong></span> <span class='ocrx_word' id='word_1_264' title='bbox 2552 658 2695 714; x_wconf 91' lang='lat' dir='ltr'><strong>ante</strong></span> <span class='ocrx_word' id='word_1_265' title='bbox 2740 651 2971 729; x_wconf 89' lang='lat' dir='ltr'><strong>judicis</strong></span> <span class='ocrx_word' id='word_1_266' title='bbox 3024 653 3436 729; x_wconf 89' lang='lat' dir='ltr'><strong>sententiam3</strong></span> <span class='ocrx_word' id='word_1_267' title='bbox 3476 655 3714 732; x_wconf 88' lang='lat' dir='ltr'><strong>poterit</strong></span> 
     </span>
     <span class='ocr_line' id='line_1_42' title="bbox 2134 743 3713 825; baseline -0.001 -16"><span class='ocrx_word' id='word_1_268' title='bbox 2134 755 2343 809; x_wconf 91' lang='lat' dir='ltr'><strong>autem</strong></span> <span class='ocrx_word' id='word_1_269' title='bbox 2383 753 2532 808; x_wconf 91' lang='lat' dir='ltr'><strong>tunc</strong></span> <span class='ocrx_word' id='word_1_270' title='bbox 2573 747 2738 825; x_wconf 90' lang='lat' dir='ltr'><strong>juste</strong></span> <span class='ocrx_word' id='word_1_271' title='bbox 2775 743 2913 821; x_wconf 88' lang='lat' dir='ltr'><strong>cogi</strong></span> <span class='ocrx_word' id='word_1_272' title='bbox 2943 743 3142 804; x_wconf 84' lang='lat' dir='ltr'><strong>haeres</strong></span> <span class='ocrx_word' id='word_1_273' title='bbox 3173 762 3282 824; x_wconf 90' lang='lat' dir='ltr'><strong>per</strong></span> <span class='ocrx_word' id='word_1_274' title='bbox 3303 745 3607 822; x_wconf 89' lang='lat' dir='ltr'><strong>judicem,</strong></span> <span class='ocrx_word' id='word_1_275' title='bbox 3642 753 3713 808; x_wconf 91' lang='lat' dir='ltr'><strong>et</strong></span> 
     </span>
     <span class='ocr_line' id='line_1_43' title="bbox 2132 837 3710 919; baseline -0.001 -15"><span class='ocrx_word' id='word_1_276' title='bbox 2132 849 2285 904; x_wconf 90' lang='lat' dir='ltr'><strong>tunc</strong></span> <span class='ocrx_word' id='word_1_277' title='bbox 2324 840 2636 903; x_wconf 88' lang='lat' dir='ltr'><strong>tenebitur</strong></span> <span class='ocrx_word' id='word_1_278' title='bbox 2680 840 2748 899; x_wconf 93' lang='lat' dir='ltr'><strong>in</strong></span> <span class='ocrx_word' id='word_1_279' title='bbox 2787 837 3165 899; x_wconf 86' lang='lat' dir='ltr'><strong>conscientia</strong></span> <span class='ocrx_word' id='word_1_280' title='bbox 3205 856 3441 918; x_wconf 88' lang='lat' dir='ltr'><strong>parere.</strong></span> <span class='ocrx_word' id='word_1_281' title='bbox 3491 842 3710 919; x_wconf 87' lang='lat' dir='ltr'><strong>Neque</strong></span> 
     </span>
     <span class='ocr_line' id='line_1_44' title="bbox 2133 930 3711 1013; baseline -0.003 -17"><span class='ocrx_word' id='word_1_282' title='bbox 2133 935 2301 996; x_wconf 90' lang='lat' dir='ltr'><strong>aliud</strong></span> <span class='ocrx_word' id='word_1_283' title='bbox 2339 932 2584 1013; x_wconf 92' lang='lat' dir='ltr'><strong>disponi</strong></span> <span class='ocrx_word' id='word_1_284' title='bbox 2619 931 2864 992; x_wconf 90' lang='lat' dir='ltr'><strong>videtur</strong></span> <span class='ocrx_word' id='word_1_285' title='bbox 2895 949 3006 1010; x_wconf 93' lang='lat' dir='ltr'><strong>per</strong></span> <span class='ocrx_word' id='word_1_286' title='bbox 3031 930 3203 991; x_wconf 89' lang='lat' dir='ltr'><strong>illam</strong></span> <span class='ocrx_word' id='word_1_287' title='bbox 3243 930 3465 1009; x_wconf 93' lang='lat' dir='ltr'><strong>legem.</strong></span> <span class='ocrx_word' id='word_1_288' title='bbox 3508 933 3711 992; x_wconf 87' lang='lat' dir='ltr'><strong>Omis-</strong></span> 
     </span>
     <span class='ocr_line' id='line_1_45' title="bbox 2134 1024 3710 1105; baseline -0.001 -16"><span class='ocrx_word' id='word_1_289' title='bbox 2134 1029 2218 1089; x_wconf 85' lang='lat' dir='ltr'><strong>sis</strong></span> <span class='ocrx_word' id='word_1_290' title='bbox 2250 1044 2397 1095; x_wconf 90' lang='lat' dir='ltr'><strong>vero</strong></span> <span class='ocrx_word' id='word_1_291' title='bbox 2438 1025 2759 1104; x_wconf 86' lang='lat' dir='ltr'><strong>exemplis,</strong></span> <span class='ocrx_word' id='word_1_292' title='bbox 2808 1024 2963 1085; x_wconf 88' lang='lat' dir='ltr'><strong>ratio</strong></span> <span class='ocrx_word' id='word_1_293' title='bbox 3009 1024 3362 1085; x_wconf 86' lang='lat' dir='ltr'><strong>assertionis</strong></span> <span class='ocrx_word' id='word_1_294' title='bbox 3399 1030 3513 1100; x_wconf 86' lang='lat' dir='ltr'><strong>est,</strong></span> <span class='ocrx_word' id='word_1_295' title='bbox 3548 1026 3710 1105; x_wconf 89' lang='lat' dir='ltr'><strong>quia.</strong></span> 
     </span>
     <span class='ocr_line' id='line_1_46' title="bbox 2135 1116 3712 1200; baseline -0.001 -19"><span class='ocrx_word' id='word_1_296' title='bbox 2135 1120 2384 1200; x_wconf 91' lang='lat' dir='ltr'><strong>quando</strong></span> <span class='ocrx_word' id='word_1_297' title='bbox 2402 1119 2504 1181; x_wconf 87' lang='grc'><strong>181</strong></span> <span class='ocrx_word' id='word_1_298' title='bbox 2525 1118 2826 1179; x_wconf 81' lang='lat' dir='ltr'><strong>fundatur</strong></span> <span class='ocrx_word' id='word_1_299' title='bbox 2846 1116 2965 1177; x_wconf 91' lang='lat' dir='ltr'><strong>hoc</strong></span> <span class='ocrx_word' id='word_1_300' title='bbox 2978 1116 3163 1177; x_wconf 90' lang='lat' dir='ltr'><strong>modo</strong></span> <span class='ocrx_word' id='word_1_301' title='bbox 3185 1116 3253 1177; x_wconf 93' lang='lat' dir='ltr'><strong>in</strong></span> <span class='ocrx_word' id='word_1_302' title='bbox 3276 1119 3712 1198; x_wconf 82' lang='lat' dir='ltr'><strong>praesumptio-</strong></span> 
     </span>
     <span class='ocr_line' id='line_1_47' title="bbox 2134 1209 3709 1289; baseline 0 -15"><span class='ocrx_word' id='word_1_303' title='bbox 2134 1231 2238 1289; x_wconf 91' lang='lat' dir='ltr'><strong>ne,</strong></span> <span class='ocrx_word' id='word_1_304' title='bbox 2271 1212 2592 1275; x_wconf 87' lang='lat' dir='ltr'><strong>deficiente</strong></span> <span class='ocrx_word' id='word_1_305' title='bbox 2613 1211 2894 1283; x_wconf 88' lang='lat' dir='ltr'><strong>veritate,</strong></span> <span class='ocrx_word' id='word_1_306' title='bbox 2929 1209 3169 1271; x_wconf 88' lang='lat' dir='ltr'><strong>tollitur</strong></span> <span class='ocrx_word' id='word_1_307' title='bbox 3190 1211 3447 1272; x_wconf 90' lang='lat' dir='ltr'><strong>omnino</strong></span> <span class='ocrx_word' id='word_1_308' title='bbox 3479 1212 3709 1274; x_wconf 86' lang='lat' dir='ltr'><strong>funda-</strong></span> 
     </span>
     <span class='ocr_line' id='line_1_48' title="bbox 2135 1303 3709 1385; baseline -0.001 -17"><span class='ocrx_word' id='word_1_309' title='bbox 2135 1312 2422 1368; x_wconf 90' lang='lat' dir='ltr'><strong>mentum</strong></span> <span class='ocrx_word' id='word_1_310' title='bbox 2460 1306 2654 1385; x_wconf 90' lang='lat' dir='ltr'><strong>legis,</strong></span> <span class='ocrx_word' id='word_1_311' title='bbox 2696 1309 2759 1366; x_wconf 90' lang='lat' dir='ltr'><strong>et</strong></span> <span class='ocrx_word' id='word_1_312' title='bbox 2803 1303 2942 1365; x_wconf 89' lang='lat' dir='ltr'><strong>ideo</strong></span> <span class='ocrx_word' id='word_1_313' title='bbox 2982 1322 3227 1365; x_wconf 90' lang='lat' dir='ltr'><strong>necesse</strong></span> <span class='ocrx_word' id='word_1_314' title='bbox 3270 1309 3364 1365; x_wconf 91' lang='lat' dir='ltr'><strong>est</strong></span> <span class='ocrx_word' id='word_1_315' title='bbox 3406 1310 3476 1365; x_wconf 91' lang='lat' dir='ltr'><strong>ut</strong></span> <span class='ocrx_word' id='word_1_316' title='bbox 3510 1313 3709 1367; x_wconf 85' lang='lat' dir='ltr'><strong>cesset</strong></span> 
     </span>
     <span class='ocr_line' id='line_1_49' title="bbox 2136 1396 3709 1479; baseline 0 -18"><span class='ocrx_word' id='word_1_317' title='bbox 2136 1398 2437 1479; x_wconf 86' lang='lat' dir='ltr'><strong>obligatio</strong></span> <span class='ocrx_word' id='word_1_318' title='bbox 2463 1399 2620 1478; x_wconf 85' lang='lat' dir='ltr'><strong>ejus.</strong></span> <span class='ocrx_word' id='word_1_319' title='bbox 2669 1399 2739 1458; x_wconf 88' lang='lat' dir='ltr'><strong>ln</strong></span> <span class='ocrx_word' id='word_1_320' title='bbox 2781 1415 2905 1476; x_wconf 92' lang='lat' dir='ltr'><strong>quo</strong></span> <span class='ocrx_word' id='word_1_321' title='bbox 2949 1401 3042 1457; x_wconf 90' lang='lat' dir='ltr'><strong>est</strong></span> <span class='ocrx_word' id='word_1_322' title='bbox 3080 1413 3311 1475; x_wconf 87' lang='lat' dir='ltr'><strong>magna</strong></span> <span class='ocrx_word' id='word_1_323' title='bbox 3354 1396 3709 1461; x_wconf 75' lang='lat' dir='ltr'><strong>differentia</strong></span> 
     </span>
     <span class='ocr_line' id='line_1_50' title="bbox 2135 1488 3709 1568; baseline -0.001 -14"><span class='ocrx_word' id='word_1_324' title='bbox 2135 1493 2301 1554; x_wconf 87' lang='lat' dir='ltr'><strong>inter</strong></span> <span class='ocrx_word' id='word_1_325' title='bbox 2328 1492 2490 1553; x_wconf 89' lang='grc'><strong>118118</strong></span> <span class='ocrx_word' id='word_1_326' title='bbox 2526 1491 2731 1568; x_wconf 87' lang='grc'><strong>1838111</strong></span> <span class='ocrx_word' id='word_1_327' title='bbox 2767 1495 2831 1549; x_wconf 93' lang='grc'><strong>81</strong></span> <span class='ocrx_word' id='word_1_328' title='bbox 2874 1488 3068 1563; x_wconf 87' lang='grc'><strong>1118111,</strong></span> <span class='ocrx_word' id='word_1_329' title='bbox 3116 1507 3254 1568; x_wconf 82' lang='lat' dir='ltr'><strong>quae</strong></span> <span class='ocrx_word' id='word_1_330' title='bbox 3294 1489 3594 1551; x_wconf 86' lang='lat' dir='ltr'><strong>fundatur</strong></span> <span class='ocrx_word' id='word_1_331' title='bbox 3637 1492 3709 1552; x_wconf 89' lang='grc'><strong>111</strong></span> 
     </span>
     <span class='ocr_line' id='line_1_51' title="bbox 2136 1581 3709 1666; baseline 0 -20"><span class='ocrx_word' id='word_1_332' title='bbox 2136 1585 2620 1666; x_wconf 58' lang='lat' dir='ltr'><strong>praesumptione</strong></span> <span class='ocrx_word' id='word_1_333' title='bbox 2670 1581 2963 1663; x_wconf 88' lang='lat' dir='ltr'><strong>periculi:</strong></span> <span class='ocrx_word' id='word_1_334' title='bbox 3007 1581 3155 1661; x_wconf 87' lang='lat' dir='ltr'><strong>quia</strong></span> <span class='ocrx_word' id='word_1_335' title='bbox 3197 1582 3265 1642; x_wconf 93' lang='lat' dir='ltr'><strong>in</strong></span> <span class='ocrx_word' id='word_1_336' title='bbox 3312 1584 3532 1662; x_wconf 87' lang='lat' dir='ltr'><strong>priori,</strong></span> <span class='ocrx_word' id='word_1_337' title='bbox 3579 1602 3709 1646; x_wconf 54' lang='lat' dir='ltr'><strong>ce&amp;</strong></span> 
     </span>
     <span class='ocr_line' id='line_1_52' title="bbox 2138 1674 3708 1754; baseline -0.001 -15"><span class='ocrx_word' id='word_1_338' title='bbox 2138 1682 2311 1739; x_wconf 87' lang='lat' dir='ltr'><strong>sante</strong></span> <span class='ocrx_word' id='word_1_339' title='bbox 2337 1677 2619 1752; x_wconf 87' lang='lat' dir='ltr'><strong>veritate,</strong></span> <span class='ocrx_word' id='word_1_340' title='bbox 2651 1675 2860 1736; x_wconf 88' lang='lat' dir='ltr'><strong>deficit</strong></span> <span class='ocrx_word' id='word_1_341' title='bbox 2884 1674 3367 1735; x_wconf 85' lang='lat' dir='ltr'><strong>fundamentum</strong></span> <span class='ocrx_word' id='word_1_342' title='bbox 3394 1675 3584 1754; x_wconf 87' lang='lat' dir='ltr'><strong>legis:</strong></span> <span class='ocrx_word' id='word_1_343' title='bbox 3637 1677 3708 1738; x_wconf 92' lang='grc'><strong>111</strong></span> 
     </span>
     <span class='ocr_line' id='line_1_53' title="bbox 2137 1767 3708 1849; baseline 0.001 -19"><span class='ocrx_word' id='word_1_344' title='bbox 2137 1770 2464 1849; x_wconf 87' lang='lat' dir='ltr'><strong>posteriori</strong></span> <span class='ocrx_word' id='word_1_345' title='bbox 2490 1774 2700 1830; x_wconf 92' lang='lat' dir='ltr'><strong>autem</strong></span> <span class='ocrx_word' id='word_1_346' title='bbox 2722 1767 3008 1842; x_wconf 90' lang='lat' dir='ltr'><strong>minime,</strong></span> <span class='ocrx_word' id='word_1_347' title='bbox 3038 1767 3186 1846; x_wconf 88' lang='lat' dir='ltr'><strong>quia</strong></span> <span class='ocrx_word' id='word_1_348' title='bbox 3211 1785 3455 1848; x_wconf 90' lang='lat' dir='ltr'><strong>semper</strong></span> <span class='ocrx_word' id='word_1_349' title='bbox 3480 1775 3572 1830; x_wconf 87' lang='lat' dir='ltr'><strong>est</strong></span> <span class='ocrx_word' id='word_1_350' title='bbox 3603 1788 3708 1831; x_wconf 87' lang='lat' dir='ltr'><strong>ve-</strong></span> 
     </span>
     <span class='ocr_line' id='line_1_54' title="bbox 2137 1860 3704 1940; baseline 0.001 -17"><span class='ocrx_word' id='word_1_351' title='bbox 2137 1881 2282 1923; x_wconf 91' lang='lat' dir='ltr'><strong>rum</strong></span> <span class='ocrx_word' id='word_1_352' title='bbox 2321 1862 2524 1924; x_wconf 88' lang='lat' dir='ltr'><strong>dicere</strong></span> <span class='ocrx_word' id='word_1_353' title='bbox 2558 1867 2766 1923; x_wconf 90' lang='lat' dir='ltr'><strong>actum</strong></span> <span class='ocrx_word' id='word_1_354' title='bbox 2803 1878 2935 1922; x_wconf 88' lang='lat' dir='ltr'><strong>esse</strong></span> <span class='ocrx_word' id='word_1_355' title='bbox 2973 1860 3412 1940; x_wconf 88' lang='lat' dir='ltr'><strong>periculosum,</strong></span> <span class='ocrx_word' id='word_1_356' title='bbox 3457 1862 3704 1924; x_wconf 88' lang='lat' dir='ltr'><strong>etiamsi</strong></span> 
     </span>
     <span class='ocr_line' id='line_1_55' title="bbox 2136 1953 3698 2033; baseline 0 -18"><span class='ocrx_word' id='word_1_357' title='bbox 2136 1973 2264 2016; x_wconf 92' lang='lat' dir='ltr'><strong>non</strong></span> <span class='ocrx_word' id='word_1_358' title='bbox 2299 1954 2544 2016; x_wconf 90' lang='lat' dir='ltr'><strong>eveniat</strong></span> <span class='ocrx_word' id='word_1_359' title='bbox 2575 1953 2843 2015; x_wconf 83' lang='lat' dir='ltr'><strong>effectus.</strong></span> <span class='ocrx_word' id='word_1_360' title='bbox 2883 1953 3059 2015; x_wconf 91' lang='lat' dir='ltr'><strong>Unde</strong></span> <span class='ocrx_word' id='word_1_361' title='bbox 3093 1953 3340 2033; x_wconf 89' lang='lat' dir='ltr'><strong>proprie</strong></span> <span class='ocrx_word' id='word_1_362' title='bbox 3365 1953 3698 2033; x_wconf 88' lang='lat' dir='ltr'><strong>loquendo,</strong></span> 
     </span>
     <span class='ocr_line' id='line_1_56' title="bbox 2135 2046 3698 2127; baseline -0.001 -18"><span class='ocrx_word' id='word_1_363' title='bbox 2135 2047 2244 2109; x_wconf 90' lang='lat' dir='ltr'><strong>illa</strong></span> <span class='ocrx_word' id='word_1_364' title='bbox 2275 2047 2434 2109; x_wconf 91' lang='lat' dir='ltr'><strong>ratio</strong></span> <span class='ocrx_word' id='word_1_365' title='bbox 2469 2046 2732 2127; x_wconf 81' lang='lat' dir='ltr'><strong>periculi</strong></span> <span class='ocrx_word' id='word_1_366' title='bbox 2767 2063 2895 2107; x_wconf 91' lang='lat' dir='ltr'><strong>non</strong></span> <span class='ocrx_word' id='word_1_367' title='bbox 2931 2052 3063 2107; x_wconf 90' lang='lat' dir='ltr'><strong>tam</strong></span> <span class='ocrx_word' id='word_1_368' title='bbox 3090 2065 3163 2108; x_wconf 84' lang='grc'><strong>81</strong></span> <span class='ocrx_word' id='word_1_369' title='bbox 3192 2048 3698 2126; x_wconf 85' lang='lat' dir='ltr'><strong>praesumptione,</strong></span> 
     </span>
     <span class='ocr_line' id='line_1_57' title="bbox 2133 2138 3703 2220; baseline 0 -19"><span class='ocrx_word' id='word_1_370' title='bbox 2133 2158 2321 2220; x_wconf 88' lang='lat' dir='ltr'><strong>quam</strong></span> <span class='ocrx_word' id='word_1_371' title='bbox 2351 2158 2428 2201; x_wconf 85' lang='lat' dir='ltr'><strong>ex</strong></span> <span class='ocrx_word' id='word_1_372' title='bbox 2451 2157 2599 2201; x_wconf 90' lang='lat' dir='ltr'><strong>vero</strong></span> <span class='ocrx_word' id='word_1_373' title='bbox 2626 2145 2689 2200; x_wconf 91' lang='lat' dir='ltr'><strong>et</strong></span> <span class='ocrx_word' id='word_1_374' title='bbox 2720 2144 2885 2200; x_wconf 87' lang='lat' dir='ltr'><strong>certo</strong></span> <span class='ocrx_word' id='word_1_375' title='bbox 2901 2139 3140 2217; x_wconf 89' lang='lat' dir='ltr'><strong>judicio</strong></span> <span class='ocrx_word' id='word_1_376' title='bbox 3172 2140 3249 2201; x_wconf 93' lang='lat' dir='ltr'><strong>de</strong></span> <span class='ocrx_word' id='word_1_377' title='bbox 3273 2138 3383 2199; x_wconf 90' lang='lat' dir='ltr'><strong>tali</strong></span> <span class='ocrx_word' id='word_1_378' title='bbox 3427 2140 3703 2218; x_wconf 87' lang='lat' dir='ltr'><strong>periculo</strong></span> 
     </span>
     <span class='ocr_line' id='line_1_58' title="bbox 2133 2233 3704 2313; baseline 0 -19"><span class='ocrx_word' id='word_1_379' title='bbox 2133 2234 2430 2294; x_wconf 89' lang='lat' dir='ltr'><strong>timetur:</strong></span> <span class='ocrx_word' id='word_1_380' title='bbox 2469 2250 2642 2294; x_wconf 92' lang='lat' dir='ltr'><strong>secus</strong></span> <span class='ocrx_word' id='word_1_381' title='bbox 2682 2250 2827 2293; x_wconf 90' lang='lat' dir='ltr'><strong>vero</strong></span> <span class='ocrx_word' id='word_1_382' title='bbox 2856 2237 2969 2308; x_wconf 87' lang='lat' dir='ltr'><strong>est,</strong></span> <span class='ocrx_word' id='word_1_383' title='bbox 3013 2233 3261 2312; x_wconf 92' lang='lat' dir='ltr'><strong>quando</strong></span> <span class='ocrx_word' id='word_1_384' title='bbox 3301 2234 3704 2313; x_wconf 70' lang='lat' dir='ltr'><strong>praesumptio</strong></span> 
     </span>
     <span class='ocr_line' id='line_1_59' title="bbox 2137 2324 3704 2405; baseline -0.001 -17"><span class='ocrx_word' id='word_1_385' title='bbox 2137 2332 2227 2388; x_wconf 90' lang='lat' dir='ltr'><strong>est</strong></span> <span class='ocrx_word' id='word_1_386' title='bbox 2259 2325 2335 2386; x_wconf 93' lang='lat' dir='ltr'><strong>de</strong></span> <span class='ocrx_word' id='word_1_387' title='bbox 2377 2326 2511 2405; x_wconf 91' lang='lat' dir='ltr'><strong>ipso</strong></span> <span class='ocrx_word' id='word_1_388' title='bbox 2553 2324 2741 2401; x_wconf 80' lang='grc'><strong>18818,</strong></span> <span class='ocrx_word' id='word_1_389' title='bbox 2781 2325 2945 2404; x_wconf 93' lang='lat' dir='ltr'><strong>quod</strong></span> <span class='ocrx_word' id='word_1_390' title='bbox 2990 2325 3351 2405; x_wconf 89' lang='lat' dir='ltr'><strong>simpliciter</strong></span> <span class='ocrx_word' id='word_1_391' title='bbox 3396 2325 3704 2387; x_wconf 84' lang='lat' dir='ltr'><strong>incertum</strong></span> 
     </span>
     <span class='ocr_line' id='line_1_60' title="bbox 2136 2417 3707 2498; baseline 0 -18"><span class='ocrx_word' id='word_1_392' title='bbox 2136 2424 2250 2495; x_wconf 90' lang='lat' dir='ltr'><strong>est,</strong></span> <span class='ocrx_word' id='word_1_393' title='bbox 2278 2417 2420 2479; x_wconf 83' lang='lat' dir='ltr'><strong>licet</strong></span> <span class='ocrx_word' id='word_1_394' title='bbox 2445 2424 2892 2498; x_wconf 73' lang='lat' dir='ltr'><strong>praesumatur:</strong></span> <span class='ocrx_word' id='word_1_395' title='bbox 2924 2418 3090 2481; x_wconf 89' lang='lat' dir='ltr'><strong>unde</strong></span> <span class='ocrx_word' id='word_1_396' title='bbox 3127 2436 3272 2478; x_wconf 91' lang='lat' dir='ltr'><strong>cum</strong></span> <span class='ocrx_word' id='word_1_397' title='bbox 3301 2436 3427 2479; x_wconf 95' lang='lat' dir='ltr'><strong>non</strong></span> <span class='ocrx_word' id='word_1_398' title='bbox 3454 2423 3707 2480; x_wconf 90' lang='lat' dir='ltr'><strong>tantum</strong></span> 
     </span>
     <span class='ocr_line' id='line_1_61' title="bbox 2133 2502 3706 2592; baseline 0.001 -20"><span class='ocrx_word' id='word_1_399' title='bbox 2133 2502 2513 2592; x_wconf 81' lang='lat' dir='ltr'><strong>periculum,</strong></span> <span class='ocrx_word' id='word_1_400' title='bbox 2561 2512 2668 2572; x_wconf 92' lang='lat' dir='ltr'><strong>sed</strong></span> <span class='ocrx_word' id='word_1_401' title='bbox 2724 2513 2915 2572; x_wconf 88' lang='lat' dir='ltr'><strong>etiam</strong></span> <span class='ocrx_word' id='word_1_402' title='bbox 2960 2512 3299 2592; x_wconf 90' lang='lat' dir='ltr'><strong>ipsummet</strong></span> <span class='ocrx_word' id='word_1_403' title='bbox 3338 2512 3573 2573; x_wconf 84' lang='lat' dir='ltr'><strong>factum</strong></span> <span class='ocrx_word' id='word_1_404' title='bbox 3624 2513 3706 2573; x_wconf 89' lang='lat' dir='ltr'><strong>sit</strong></span> 
     </span>
     <span class='ocr_line' id='line_1_62' title="bbox 2131 2604 3707 2685; baseline 0.001 -19"><span class='ocrx_word' id='word_1_405' title='bbox 2131 2605 2608 2666; x_wconf 83' lang='lat' dir='ltr'><strong>fundamentum</strong></span> <span class='ocrx_word' id='word_1_406' title='bbox 2641 2604 2784 2665; x_wconf 87' lang='lat' dir='ltr'><strong>talis</strong></span> <span class='ocrx_word' id='word_1_407' title='bbox 2817 2606 2997 2685; x_wconf 90' lang='lat' dir='ltr'><strong>legis,</strong></span> <span class='ocrx_word' id='word_1_408' title='bbox 3027 2606 3276 2682; x_wconf 89' lang='lat' dir='ltr'><strong>merito,</strong></span> <span class='ocrx_word' id='word_1_409' title='bbox 3304 2611 3579 2667; x_wconf 87' lang='lat' dir='ltr'><strong>cessante</strong></span> <span class='ocrx_word' id='word_1_410' title='bbox 3599 2624 3707 2667; x_wconf 90' lang='lat' dir='ltr'><strong>ve—</strong></span> 
     </span>
     <span class='ocr_line' id='line_1_63' title="bbox 2132 2698 3707 2778; baseline 0 -18"><span class='ocrx_word' id='word_1_411' title='bbox 2132 2700 2315 2761; x_wconf 87' lang='lat' dir='ltr'><strong>ritate</strong></span> <span class='ocrx_word' id='word_1_412' title='bbox 2342 2699 2509 2775; x_wconf 83' lang='lat' dir='ltr'><strong>facti,</strong></span> <span class='ocrx_word' id='word_1_413' title='bbox 2531 2703 2725 2760; x_wconf 88' lang='lat' dir='ltr'><strong>cessat</strong></span> <span class='ocrx_word' id='word_1_414' title='bbox 2744 2698 3040 2777; x_wconf 89' lang='lat' dir='ltr'><strong>obligatio</strong></span> <span class='ocrx_word' id='word_1_415' title='bbox 3066 2698 3235 2778; x_wconf 90' lang='lat' dir='ltr'><strong>legis.</strong></span> <span class='ocrx_word' id='word_1_416' title='bbox 3259 2698 3508 2760; x_wconf 86' lang='lat' dir='ltr'><strong>Accedit</strong></span> <span class='ocrx_word' id='word_1_417' title='bbox 3534 2700 3707 2778; x_wconf 91' lang='lat' dir='ltr'><strong>quod</strong></span> 
     </span>
     <span class='ocr_line' id='line_1_64' title="bbox 2136 2791 3705 2869; baseline 0.001 -17"><span class='ocrx_word' id='word_1_418' title='bbox 2136 2793 2325 2853; x_wconf 89' lang='lat' dir='ltr'><strong>etiam</strong></span> <span class='ocrx_word' id='word_1_419' title='bbox 2346 2797 2494 2852; x_wconf 90' lang='lat' dir='ltr'><strong>tunc</strong></span> <span class='ocrx_word' id='word_1_420' title='bbox 2517 2797 2712 2852; x_wconf 89' lang='lat' dir='ltr'><strong>cessat</strong></span> <span class='ocrx_word' id='word_1_421' title='bbox 2738 2791 3001 2851; x_wconf 88' lang='lat' dir='ltr'><strong>materia</strong></span> <span class='ocrx_word' id='word_1_422' title='bbox 3025 2791 3199 2869; x_wconf 88' lang='lat' dir='ltr'><strong>legis,</strong></span> <span class='ocrx_word' id='word_1_423' title='bbox 3223 2797 3313 2866; x_wconf 89' lang='lat' dir='ltr'><strong>ut,</strong></span> <span class='ocrx_word' id='word_1_424' title='bbox 3347 2792 3415 2852; x_wconf 93' lang='lat' dir='ltr'><strong>in</strong></span> <span class='ocrx_word' id='word_1_425' title='bbox 3442 2810 3591 2853; x_wconf 88' lang='lat' dir='ltr'><strong>casu</strong></span> <span class='ocrx_word' id='word_1_426' title='bbox 3618 2794 3705 2854; x_wconf 89' lang='lat' dir='ltr'><strong>de</strong></span> 
     </span>
     <span class='ocr_line' id='line_1_65' title="bbox 2137 2884 3701 2964; baseline 0.001 -20"><span class='ocrx_word' id='word_1_427' title='bbox 2137 2885 2560 2959; x_wconf 87' lang='lat' dir='ltr'><strong>matrimonio,</strong></span> <span class='ocrx_word' id='word_1_428' title='bbox 2595 2884 2648 2944; x_wconf 87' lang='lat' dir='ltr'><strong>si</strong></span> <span class='ocrx_word' id='word_1_429' title='bbox 2689 2884 2791 2945; x_wconf 92' lang='grc'><strong>181</strong></span> <span class='ocrx_word' id='word_1_430' title='bbox 2829 2884 3145 2964; x_wconf 79' lang='lat' dir='ltr'><strong>proecipiat</strong></span> <span class='ocrx_word' id='word_1_431' title='bbox 3166 2902 3518 2963; x_wconf 86' lang='lat' dir='ltr'><strong>permanere</strong></span> <span class='ocrx_word' id='word_1_432' title='bbox 3543 2903 3701 2945; x_wconf 89' lang='lat' dir='ltr'><strong>cum</strong></span> 
     </span>
     <span class='ocr_line' id='line_1_66' title="bbox 2135 2976 3707 3057; baseline -0.001 -19"><span class='ocrx_word' id='word_1_433' title='bbox 2135 2977 2396 3039; x_wconf 89' lang='lat' dir='ltr'><strong>muliere</strong></span> <span class='ocrx_word' id='word_1_434' title='bbox 2434 2977 2682 3055; x_wconf 91' lang='lat' dir='ltr'><strong>cognita</strong></span> <span class='ocrx_word' id='word_1_435' title='bbox 2735 2982 2870 3056; x_wconf 90' lang='lat' dir='ltr'><strong>post</strong></span> <span class='ocrx_word' id='word_1_436' title='bbox 2910 2976 3242 3057; x_wconf 89' lang='lat' dir='ltr'><strong>sponsalia,</strong></span> <span class='ocrx_word' id='word_1_437' title='bbox 3281 2982 3343 3037; x_wconf 89' lang='lat' dir='ltr'><strong>et</strong></span> <span class='ocrx_word' id='word_1_438' title='bbox 3379 2977 3707 3054; x_wconf 83' lang='lat' dir='ltr'><strong>contingat</strong></span> 
     </span>
     <span class='ocr_line' id='line_1_67' title="bbox 2134 3068 3705 3160; baseline 0.001 -30"><span class='ocrx_word' id='word_1_439' title='bbox 2134 3087 2262 3131; x_wconf 93' lang='lat' dir='ltr'><strong>non</strong></span> <span class='ocrx_word' id='word_1_440' title='bbox 2288 3069 2472 3131; x_wconf 89' lang='lat' dir='ltr'><strong>fuisse</strong></span> <span class='ocrx_word' id='word_1_441' title='bbox 2503 3069 2816 3149; x_wconf 91' lang='lat' dir='ltr'><strong>cognitam</strong></span> <span class='ocrx_word' id='word_1_442' title='bbox 2841 3068 3067 3131; x_wconf 85' lang='lat' dir='ltr'><strong>affectu</strong></span> <span class='ocrx_word' id='word_1_443' title='bbox 3092 3069 3387 3160; x_wconf 76' lang='lat' dir='ltr'><strong>maritali,</strong></span> <span class='ocrx_word' id='word_1_444' title='bbox 3413 3075 3607 3132; x_wconf 89' lang='lat' dir='ltr'><strong>cessat</strong></span> <span class='ocrx_word' id='word_1_445' title='bbox 3633 3069 3705 3131; x_wconf 90' lang='lat' dir='ltr'><strong>in</strong></span> 
     </span>
     <span class='ocr_line' id='line_1_68' title="bbox 2132 3161 3702 3244; baseline 0.001 -21"><span class='ocrx_word' id='word_1_446' title='bbox 2132 3163 2506 3224; x_wconf 87' lang='lat' dir='ltr'><strong>conscientia</strong></span> <span class='ocrx_word' id='word_1_447' title='bbox 2548 3161 2845 3241; x_wconf 89' lang='lat' dir='ltr'><strong>obligatio</strong></span> <span class='ocrx_word' id='word_1_448' title='bbox 2874 3163 3010 3224; x_wconf 88' lang='lat' dir='ltr'><strong>talis</strong></span> <span class='ocrx_word' id='word_1_449' title='bbox 3051 3164 3228 3242; x_wconf 89' lang='lat' dir='ltr'><strong>legis,</strong></span> <span class='ocrx_word' id='word_1_450' title='bbox 3268 3165 3418 3244; x_wconf 91' lang='lat' dir='ltr'><strong>quia</strong></span> <span class='ocrx_word' id='word_1_451' title='bbox 3451 3182 3519 3225; x_wconf 93' lang='lat' dir='ltr'><strong>re</strong></span> <span class='ocrx_word' id='word_1_452' title='bbox 3553 3182 3702 3225; x_wconf 87' lang='lat' dir='ltr'><strong>vera</strong></span> 
     </span>
     <span class='ocr_line' id='line_1_69' title="bbox 2133 3257 3701 3336; baseline 0 -18"><span class='ocrx_word' id='word_1_453' title='bbox 2133 3263 2327 3318; x_wconf 89' lang='lat' dir='ltr'><strong>cessat</strong></span> <span class='ocrx_word' id='word_1_454' title='bbox 2367 3257 2626 3318; x_wconf 91' lang='lat' dir='ltr'><strong>materia</strong></span> <span class='ocrx_word' id='word_1_455' title='bbox 2666 3258 2832 3335; x_wconf 86' lang='lat' dir='ltr'><strong>ejus:</strong></span> <span class='ocrx_word' id='word_1_456' title='bbox 2874 3276 3024 3317; x_wconf 91' lang='lat' dir='ltr'><strong>nam</strong></span> <span class='ocrx_word' id='word_1_457' title='bbox 3060 3258 3325 3319; x_wconf 89' lang='lat' dir='ltr'><strong>intentio</strong></span> <span class='ocrx_word' id='word_1_458' title='bbox 3356 3258 3521 3319; x_wconf 89' lang='lat' dir='ltr'><strong>illius</strong></span> <span class='ocrx_word' id='word_1_459' title='bbox 3545 3258 3701 3336; x_wconf 86' lang='lat' dir='ltr'><strong>legis</strong></span> 
     </span>
     <span class='ocr_line' id='line_1_70' title="bbox 2136 3350 3705 3431; baseline -0.001 -20"><span class='ocrx_word' id='word_1_460' title='bbox 2136 3355 2229 3411; x_wconf 90' lang='lat' dir='ltr'><strong>est</strong></span> <span class='ocrx_word' id='word_1_461' title='bbox 2254 3350 2582 3429; x_wconf 83' lang='lat' dir='ltr'><strong>praecipere</strong></span> <span class='ocrx_word' id='word_1_462' title='bbox 2611 3367 2924 3411; x_wconf 90' lang='lat' dir='ltr'><strong>accessum</strong></span> <span class='ocrx_word' id='word_1_463' title='bbox 2952 3351 3031 3411; x_wconf 93' lang='lat' dir='ltr'><strong>ad</strong></span> <span class='ocrx_word' id='word_1_464' title='bbox 3055 3368 3234 3412; x_wconf 89' lang='lat' dir='ltr'><strong>suam</strong></span> <span class='ocrx_word' id='word_1_465' title='bbox 3261 3352 3613 3431; x_wconf 85' lang='lat' dir='ltr'><strong>conjugem,</strong></span> <span class='ocrx_word' id='word_1_466' title='bbox 3641 3355 3705 3411; x_wconf 87' lang='lat' dir='ltr'><strong>et</strong></span> 
     </span>
     <span class='ocr_line' id='line_1_71' title="bbox 2132 3443 3703 3525; baseline 0 -20"><span class='ocrx_word' id='word_1_467' title='bbox 2132 3443 2241 3505; x_wconf 89' lang='lat' dir='ltr'><strong>illa</strong></span> <span class='ocrx_word' id='word_1_468' title='bbox 2285 3461 2411 3504; x_wconf 93' lang='lat' dir='ltr'><strong>non</strong></span> <span class='ocrx_word' id='word_1_469' title='bbox 2457 3448 2552 3504; x_wconf 89' lang='lat' dir='ltr'><strong>est</strong></span> <span class='ocrx_word' id='word_1_470' title='bbox 2595 3445 2860 3523; x_wconf 82' lang='lat' dir='ltr'><strong>conjux:</strong></span> <span class='ocrx_word' id='word_1_471' title='bbox 2906 3446 2996 3506; x_wconf 87' lang='lat' dir='ltr'><strong>ita</strong></span> <span class='ocrx_word' id='word_1_472' title='bbox 3029 3463 3178 3525; x_wconf 91' lang='lat' dir='ltr'><strong>ergo</strong></span> <span class='ocrx_word' id='word_1_473' title='bbox 3204 3452 3298 3506; x_wconf 91' lang='lat' dir='ltr'><strong>est</strong></span> <span class='ocrx_word' id='word_1_474' title='bbox 3320 3445 3388 3506; x_wconf 90' lang='lat' dir='ltr'><strong>in</strong></span> <span class='ocrx_word' id='word_1_475' title='bbox 3415 3445 3703 3507; x_wconf 89' lang='lat' dir='ltr'><strong>omnibus</strong></span> 
     </span>
     <span class='ocr_line' id='line_1_72' title="bbox 2135 3537 2463 3598; baseline 0.003 -1"><span class='ocrx_word' id='word_1_476' title='bbox 2135 3537 2463 3598; x_wconf 87' lang='lat' dir='ltr'><strong>similibus.</strong></span> 
     </span>
    </p>

    <p class='ocr_par' dir='ltr' id='par_1_6' title="bbox 2136 3632 3705 3808">
     <span class='ocr_line' id='line_1_73' title="bbox 2216 3632 3705 3713; baseline 0.003 -22"><span class='ocrx_word' id='word_1_477' title='bbox 2216 3632 2313 3691; x_wconf 80' lang='lat'><strong>10.</strong></span> <span class='ocrx_word' id='word_1_478' title='bbox 2359 3632 2469 3693; x_wconf 66' lang='lat' dir='ltr'><strong>Em</strong></span> <span class='ocrx_word' id='word_1_479' title='bbox 2509 3632 2704 3694; x_wconf 73' lang='lat' dir='ltr'><strong>verbis</strong></span> <span class='ocrx_word' id='word_1_480' title='bbox 2742 3632 2916 3712; x_wconf 70' lang='lat' dir='ltr'><strong>leyis,</strong></span> <span class='ocrx_word' id='word_1_481' title='bbox 2948 3650 3089 3705; x_wconf 73' lang='lat' dir='ltr'><strong>usu,</strong></span> <span class='ocrx_word' id='word_1_482' title='bbox 3119 3637 3176 3695; x_wconf 81' lang='lat' dir='ltr'><strong>et</strong></span> <span class='ocrx_word' id='word_1_483' title='bbox 3212 3633 3705 3713; x_wconf 58' lang='lat' dir='ltr'><strong>interpretatione</strong></span> 
     </span>
     <span class='ocr_line' id='line_1_74' title="bbox 2136 3724 3704 3808; baseline 0.002 -23"><span class='ocrx_word' id='word_1_484' title='bbox 2136 3724 2435 3789; x_wconf 73' lang='lat' dir='ltr'><strong>doctorum</strong></span> <span class='ocrx_word' id='word_1_485' title='bbox 2465 3725 2882 3804; x_wconf 71' lang='lat' dir='ltr'><strong>colliyendwn,</strong></span> <span class='ocrx_word' id='word_1_486' title='bbox 2918 3728 3150 3808; x_wconf 75' lang='lat' dir='ltr'><strong>quando</strong></span> <span class='ocrx_word' id='word_1_487' title='bbox 3178 3727 3276 3789; x_wconf 68' lang='lat' dir='ltr'><strong>lex</strong></span> <span class='ocrx_word' id='word_1_488' title='bbox 3312 3728 3607 3805; x_wconf 67' lang='lat' dir='ltr'><strong>fundetur</strong></span> <span class='ocrx_word' id='word_1_489' title='bbox 3637 3727 3704 3788; x_wconf 72' lang='lat' dir='ltr'><strong>in</strong></span> 
     </span>
    </p>
   </div>
   <div class='ocr_carea' id='block_1_5' title="bbox 494 3815 3698 3900">
    <p class='ocr_par' dir='ltr' id='par_1_7' title="bbox 494 3815 3698 3900">
     <span class='ocr_line' id='line_1_75' title="bbox 494 3815 3698 3900; baseline 0.001 -22"><span class='ocrx_word' id='word_1_490' title='bbox 494 3816 587 3878; x_wconf 66' lang='lat' dir='ltr'><strong>lem</strong></span> <span class='ocrx_word' id='word_1_491' title='bbox 630 3815 934 3892; x_wconf 61' lang='lat' dir='ltr'><strong>[tundatur</strong></span> <span class='ocrx_word' id='word_1_492' title='bbox 964 3832 1144 3894; x_wconf 62' lang='lat' dir='ltr'><strong>super</strong></span> <span class='ocrx_word' id='word_1_493' title='bbox 1178 3818 1602 3894; x_wconf 71' lang='lat' dir='ltr'><strong>praewmptis,</strong></span> <span class='ocrx_word' id='word_1_494' title='bbox 1639 3821 1694 3878; x_wconf 80' lang='lat' dir='ltr'><strong>et</strong></span> <span class='ocrx_word' id='word_1_495' title='bbox 1736 3834 1853 3878; x_wconf 74' lang='lat' dir='ltr'><strong>non</strong></span> <span class='ocrx_word' id='word_1_496' title='bbox 1878 3834 2058 3894; x_wconf 74' lang='lat' dir='ltr'><strong>super</strong></span> <span class='ocrx_word' id='word_1_497' title='bbox 2125 3817 2480 3895; x_wconf 73' lang='lat' dir='ltr'><strong>praeJudioio</strong></span> <span class='ocrx_word' id='word_1_498' title='bbox 2504 3818 2768 3897; x_wconf 76' lang='lat' dir='ltr'><strong>periculi</strong></span> <span class='ocrx_word' id='word_1_499' title='bbox 2804 3819 2896 3881; x_wconf 82' lang='lat' dir='ltr'><strong>vel</strong></span> <span class='ocrx_word' id='word_1_500' title='bbox 2924 3821 2992 3882; x_wconf 70' lang='lat' dir='ltr'><strong>in</strong></span> <span class='ocrx_word' id='word_1_501' title='bbox 3016 3822 3481 3900; x_wconf 70' lang='lat' dir='ltr'><strong>proesumptione</strong></span> <span class='ocrx_word' id='word_1_502' title='bbox 3517 3821 3698 3897; x_wconf 82' lang='lat' dir='ltr'><strong>sacti.</strong></span> 
     </span>
    </p>
   </div>
   <div class='ocr_carea' id='block_1_6' title="bbox 474 3906 2058 5579">
    <p class='ocr_par' dir='ltr' id='par_1_8' title="bbox 474 3906 2058 5579">
     <span class='ocr_line' id='line_1_76' title="bbox 492 3906 2058 3990; baseline -0.001 -18"><span class='ocrx_word' id='word_1_503' title='bbox 492 3909 695 3983; x_wconf 70' lang='lat' dir='ltr'><strong>certis,</strong></span> <span class='ocrx_word' id='word_1_504' title='bbox 730 3912 801 3968; x_wconf 90' lang='lat' dir='ltr'><strong>ut</strong></span> <span class='ocrx_word' id='word_1_505' title='bbox 827 3907 932 3968; x_wconf 92' lang='lat' dir='ltr'><strong>ille</strong></span> <span class='ocrx_word' id='word_1_506' title='bbox 949 3906 1224 3986; x_wconf 88' lang='lat' dir='ltr'><strong>loquitur</strong></span> <span class='ocrx_word' id='word_1_507' title='bbox 1236 3924 1257 3986; x_wconf 94' lang='lat'>3</span> <span class='ocrx_word' id='word_1_508' title='bbox 1288 3913 1357 3968; x_wconf 90' lang='lat' dir='ltr'><strong>ut</strong></span> <span class='ocrx_word' id='word_1_509' title='bbox 1382 3909 1630 3988; x_wconf 92' lang='lat' dir='ltr'><strong>quando</strong></span> <span class='ocrx_word' id='word_1_510' title='bbox 1649 3909 1751 3971; x_wconf 86' lang='lat' dir='ltr'><strong>lex</strong></span> <span class='ocrx_word' id='word_1_511' title='bbox 1777 3910 2058 3990; x_wconf 83' lang='lat' dir='ltr'><strong>praecipit</strong></span> 
     </span>
     <span class='ocr_line' id='line_1_77' title="bbox 491 4002 2050 4083; baseline 0 -20"><span class='ocrx_word' id='word_1_512' title='bbox 491 4002 742 4063; x_wconf 87' lang='lat' dir='ltr'><strong>obedire</strong></span> <span class='ocrx_word' id='word_1_513' title='bbox 789 4002 1113 4063; x_wconf 80' lang='lat' dir='ltr'><strong>sententiae</strong></span> <span class='ocrx_word' id='word_1_514' title='bbox 1163 4021 1354 4082; x_wconf 89' lang='lat' dir='ltr'><strong>quam</strong></span> <span class='ocrx_word' id='word_1_515' title='bbox 1414 4003 1733 4082; x_wconf 79' lang='lat' dir='ltr'><strong>praesumit</strong></span> <span class='ocrx_word' id='word_1_516' title='bbox 1776 4004 2050 4083; x_wconf 85' lang='lat' dir='ltr'><strong>justam:</strong></span> 
     </span>
     <span class='ocr_line' id='line_1_78' title="bbox 490 4097 2056 4177; baseline 0.001 -19"><span class='ocrx_word' id='word_1_517' title='bbox 490 4115 638 4158; x_wconf 91' lang='lat' dir='ltr'><strong>nam</strong></span> <span class='ocrx_word' id='word_1_518' title='bbox 688 4097 740 4157; x_wconf 90' lang='lat' dir='ltr'><strong>si</strong></span> <span class='ocrx_word' id='word_1_519' title='bbox 768 4102 1005 4157; x_wconf 85' lang='lat' dir='ltr'><strong>constet</strong></span> <span class='ocrx_word' id='word_1_520' title='bbox 1049 4114 1176 4157; x_wconf 91' lang='lat' dir='ltr'><strong>non</strong></span> <span class='ocrx_word' id='word_1_521' title='bbox 1221 4115 1354 4159; x_wconf 89' lang='lat' dir='ltr'><strong>esse</strong></span> <span class='ocrx_word' id='word_1_522' title='bbox 1376 4097 1636 4177; x_wconf 86' lang='lat' dir='ltr'><strong>justam,</strong></span> <span class='ocrx_word' id='word_1_523' title='bbox 1666 4116 1793 4159; x_wconf 91' lang='lat' dir='ltr'><strong>non</strong></span> <span class='ocrx_word' id='word_1_524' title='bbox 1821 4098 2056 4177; x_wconf 91' lang='lat' dir='ltr'><strong>obligat</strong></span> 
     </span>
     <span class='ocr_line' id='line_1_79' title="bbox 487 4189 2050 4268; baseline 0.001 -16"><span class='ocrx_word' id='word_1_525' title='bbox 487 4190 628 4252; x_wconf 84' lang='lat' dir='ltr'><strong>talis</strong></span> <span class='ocrx_word' id='word_1_526' title='bbox 672 4190 774 4251; x_wconf 92' lang='grc'><strong>181</strong></span> <span class='ocrx_word' id='word_1_527' title='bbox 822 4190 899 4250; x_wconf 92' lang='lat' dir='ltr'><strong>ad</strong></span> <span class='ocrx_word' id='word_1_528' title='bbox 946 4189 1394 4252; x_wconf 87' lang='lat' dir='ltr'><strong>observandam</strong></span> <span class='ocrx_word' id='word_1_529' title='bbox 1435 4191 1611 4252; x_wconf 91' lang='lat' dir='ltr'><strong>illam</strong></span> <span class='ocrx_word' id='word_1_530' title='bbox 1656 4192 2050 4268; x_wconf 87' lang='lat' dir='ltr'><strong>sententiam,</strong></span> 
     </span>
     <span class='ocr_line' id='line_1_80' title="bbox 487 4283 2054 4365; baseline 0.002 -22"><span class='ocrx_word' id='word_1_531' title='bbox 487 4285 635 4364; x_wconf 89' lang='lat' dir='ltr'><strong>quia</strong></span> <span class='ocrx_word' id='word_1_532' title='bbox 664 4283 960 4344; x_wconf 86' lang='lat' dir='ltr'><strong>fundatur</strong></span> <span class='ocrx_word' id='word_1_533' title='bbox 995 4285 1063 4344; x_wconf 91' lang='lat' dir='ltr'><strong>in</strong></span> <span class='ocrx_word' id='word_1_534' title='bbox 1103 4285 1581 4365; x_wconf 62' lang='lat' dir='ltr'><strong>praesumptione</strong></span> <span class='ocrx_word' id='word_1_535' title='bbox 1620 4285 1762 4347; x_wconf 89' lang='lat' dir='ltr'><strong>talis</strong></span> <span class='ocrx_word' id='word_1_536' title='bbox 1797 4285 1947 4346; x_wconf 89' lang='lat' dir='ltr'><strong>facti</strong></span> <span class='ocrx_word' id='word_1_537' title='bbox 1986 4285 2054 4346; x_wconf 90' lang='lat' dir='ltr'><strong>in</strong></span> 
     </span>
     <span class='ocr_line' id='line_1_81' title="bbox 486 4376 2053 4457; baseline 0.001 -20"><span class='ocrx_word' id='word_1_538' title='bbox 486 4376 834 4452; x_wconf 90' lang='lat' dir='ltr'><strong>individuo,</strong></span> <span class='ocrx_word' id='word_1_539' title='bbox 875 4377 1127 4452; x_wconf 87' lang='lat' dir='ltr'><strong>seilicet,</strong></span> <span class='ocrx_word' id='word_1_540' title='bbox 1169 4377 1334 4457; x_wconf 90' lang='lat' dir='ltr'><strong>quod</strong></span> <span class='ocrx_word' id='word_1_541' title='bbox 1372 4377 1514 4439; x_wconf 86' lang='lat' dir='ltr'><strong>talis</strong></span> <span class='ocrx_word' id='word_1_542' title='bbox 1539 4379 1846 4440; x_wconf 89' lang='lat' dir='ltr'><strong>sententia</strong></span> <span class='ocrx_word' id='word_1_543' title='bbox 1879 4380 2053 4457; x_wconf 86' lang='lat' dir='ltr'><strong>justa</strong></span> 
     </span>
     <span class='ocr_line' id='line_1_82' title="bbox 487 4468 2053 4550; baseline 0.004 -21"><span class='ocrx_word' id='word_1_544' title='bbox 487 4468 587 4530; x_wconf 90' lang='lat' dir='ltr'><strong>sit.</strong></span> <span class='ocrx_word' id='word_1_545' title='bbox 621 4470 698 4529; x_wconf 91' lang='lat' dir='ltr'><strong>Et</strong></span> <span class='ocrx_word' id='word_1_546' title='bbox 715 4468 881 4530; x_wconf 85' lang='lat' dir='ltr'><strong>idem</strong></span> <span class='ocrx_word' id='word_1_547' title='bbox 907 4468 1216 4547; x_wconf 84' lang='lat' dir='ltr'><strong>significat</strong></span> <span class='ocrx_word' id='word_1_548' title='bbox 1236 4469 1544 4530; x_wconf 89' lang='lat' dir='ltr'><strong>Baldusin</strong></span> <span class='ocrx_word' id='word_1_549' title='bbox 1569 4471 1735 4532; x_wconf 91' lang='lat' dir='ltr'><strong>dicta</strong></span> <span class='ocrx_word' id='word_1_550' title='bbox 1750 4470 1873 4550; x_wconf 92' lang='lat' dir='ltr'><strong>leg.</strong></span> <span class='ocrx_word' id='word_1_551' title='bbox 1900 4471 2053 4535; x_wconf 81' lang='lat' dir='ltr'><strong>C&#39;wm</strong></span> 
     </span>
     <span class='ocr_line' id='line_1_83' title="bbox 488 4560 2050 4642; baseline 0.001 -20"><span class='ocrx_word' id='word_1_552' title='bbox 488 4562 628 4641; x_wconf 74' lang='lat' dir='ltr'><strong>quie</strong></span> <span class='ocrx_word' id='word_1_553' title='bbox 650 4607 671 4637; x_wconf 96' lang='lat'><strong>,</strong></span> <span class='ocrx_word' id='word_1_554' title='bbox 736 4561 804 4621; x_wconf 94' lang='lat' dir='ltr'><strong>in</strong></span> <span class='ocrx_word' id='word_1_555' title='bbox 863 4560 1161 4640; x_wconf 86' lang='lat' dir='ltr'><strong>exemplis</strong></span> <span class='ocrx_word' id='word_1_556' title='bbox 1213 4561 1501 4622; x_wconf 90' lang='lat' dir='ltr'><strong>omnibus</strong></span> <span class='ocrx_word' id='word_1_557' title='bbox 1556 4580 1697 4642; x_wconf 82' lang='lat' dir='ltr'><strong>quae</strong></span> <span class='ocrx_word' id='word_1_558' title='bbox 1749 4562 2002 4624; x_wconf 91' lang='lat' dir='ltr'><strong>adducit</strong></span> <span class='ocrx_word' id='word_1_559' title='bbox 2029 4579 2050 4640; x_wconf 97' lang='lat'>3</span> 
     </span>
     <span class='ocr_line' id='line_1_84' title="bbox 486 4654 2054 4738; baseline 0.003 -24"><span class='ocrx_word' id='word_1_560' title='bbox 486 4654 769 4733; x_wconf 88' lang='lat' dir='ltr'><strong>quamvis</strong></span> <span class='ocrx_word' id='word_1_561' title='bbox 795 4654 905 4715; x_wconf 88' lang='lat' dir='ltr'><strong>alii</strong></span> <span class='ocrx_word' id='word_1_562' title='bbox 934 4660 1191 4714; x_wconf 89' lang='lat' dir='ltr'><strong>utantur</strong></span> <span class='ocrx_word' id='word_1_563' title='bbox 1216 4654 1354 4715; x_wconf 88' lang='lat' dir='ltr'><strong>aliis</strong></span> <span class='ocrx_word' id='word_1_564' title='bbox 1389 4656 1712 4736; x_wconf 86' lang='lat' dir='ltr'><strong>exemplis,</strong></span> <span class='ocrx_word' id='word_1_565' title='bbox 1749 4675 1886 4737; x_wconf 79' lang='lat' dir='ltr'><strong>quae</strong></span> <span class='ocrx_word' id='word_1_566' title='bbox 1912 4657 2054 4738; x_wconf 93' lang='lat' dir='ltr'><strong>plus</strong></span> 
     </span>
     <span class='ocr_line' id='line_1_85' title="bbox 488 4746 2054 4822; baseline 0.003 -16"><span class='ocrx_word' id='word_1_567' title='bbox 488 4746 771 4807; x_wconf 88' lang='lat' dir='ltr'><strong>indicant</strong></span> <span class='ocrx_word' id='word_1_568' title='bbox 817 4752 881 4807; x_wconf 91' lang='lat' dir='ltr'><strong>et</strong></span> <span class='ocrx_word' id='word_1_569' title='bbox 923 4747 1306 4807; x_wconf 89' lang='lat' dir='ltr'><strong>admittenda</strong></span> <span class='ocrx_word' id='word_1_570' title='bbox 1332 4765 1460 4808; x_wconf 91' lang='lat' dir='ltr'><strong>non</strong></span> <span class='ocrx_word' id='word_1_571' title='bbox 1503 4755 1681 4822; x_wconf 74' lang='lat' dir='ltr'><strong>sunt,</strong></span> <span class='ocrx_word' id='word_1_572' title='bbox 1708 4755 1778 4810; x_wconf 90' lang='lat' dir='ltr'><strong>ut</strong></span> <span class='ocrx_word' id='word_1_573' title='bbox 1804 4750 1872 4810; x_wconf 94' lang='lat' dir='ltr'><strong>in</strong></span> <span class='ocrx_word' id='word_1_574' title='bbox 1892 4749 2054 4811; x_wconf 89' lang='lat' dir='ltr'><strong>libro</strong></span> 
     </span>
     <span class='ocr_line' id='line_1_86' title="bbox 487 4839 2054 4921; baseline 0.003 -22"><span class='ocrx_word' id='word_1_575' title='bbox 487 4840 707 4919; x_wconf 89' lang='lat' dir='ltr'><strong>quinto</strong></span> <span class='ocrx_word' id='word_1_576' title='bbox 729 4839 918 4900; x_wconf 89' lang='lat' dir='ltr'><strong>latius</strong></span> <span class='ocrx_word' id='word_1_577' title='bbox 944 4839 1167 4901; x_wconf 91' lang='lat' dir='ltr'><strong>dicam.</strong></span> <span class='ocrx_word' id='word_1_578' title='bbox 1199 4841 1565 4921; x_wconf 84' lang='lat' dir='ltr'><strong>Exemplum</strong></span> <span class='ocrx_word' id='word_1_579' title='bbox 1588 4849 1796 4905; x_wconf 88' lang='lat' dir='ltr'><strong>autem</strong></span> <span class='ocrx_word' id='word_1_580' title='bbox 1823 4843 1899 4904; x_wconf 90' lang='lat' dir='ltr'><strong>de</strong></span> <span class='ocrx_word' id='word_1_581' title='bbox 1925 4844 2054 4904; x_wconf 67' lang='grc'><strong>1181-</strong></span> 
     </span>
     <span class='ocr_line' id='line_1_87' title="bbox 490 4932 2054 5012; baseline 0.002 -18"><span class='ocrx_word' id='word_1_582' title='bbox 490 4933 636 4994; x_wconf 88' lang='lat' dir='ltr'><strong>rede</strong></span> <span class='ocrx_word' id='word_1_583' title='bbox 675 4950 804 4994; x_wconf 91' lang='lat' dir='ltr'><strong>non</strong></span> <span class='ocrx_word' id='word_1_584' title='bbox 844 4932 1109 4994; x_wconf 86' lang='lat' dir='ltr'><strong>faciente</strong></span> <span class='ocrx_word' id='word_1_585' title='bbox 1144 4933 1588 5012; x_wconf 84' lang='lat' dir='ltr'><strong>inventarium,</strong></span> <span class='ocrx_word' id='word_1_586' title='bbox 1640 4935 1908 4997; x_wconf 88' lang='lat' dir='ltr'><strong>admissa</strong></span> <span class='ocrx_word' id='word_1_587' title='bbox 1944 4936 2054 4996; x_wconf 89' lang='lat' dir='ltr'><strong>illa</strong></span> 
     </span>
     <span class='ocr_line' id='line_1_88' title="bbox 486 5025 2048 5105; baseline 0.003 -19"><span class='ocrx_word' id='word_1_588' title='bbox 486 5026 805 5105; x_wconf 90' lang='lat' dir='ltr'><strong>opinione,</strong></span> <span class='ocrx_word' id='word_1_589' title='bbox 828 5025 1088 5087; x_wconf 90' lang='lat' dir='ltr'><strong>adhunc</strong></span> <span class='ocrx_word' id='word_1_590' title='bbox 1102 5044 1351 5089; x_wconf 89' lang='lat' dir='ltr'><strong>sensum</strong></span> <span class='ocrx_word' id='word_1_591' title='bbox 1374 5028 1557 5090; x_wconf 89' lang='lat' dir='ltr'><strong>debet</strong></span> <span class='ocrx_word' id='word_1_592' title='bbox 1574 5030 2048 5093; x_wconf 87' lang='lat' dir='ltr'><strong>accommodari.</strong></span> 
     </span>
     <span class='ocr_line' id='line_1_89' title="bbox 484 5118 2053 5185; baseline 0.004 -6"><span class='ocrx_word' id='word_1_593' title='bbox 484 5120 562 5179; x_wconf 90' lang='lat' dir='ltr'><strong>Et</strong></span> <span class='ocrx_word' id='word_1_594' title='bbox 585 5118 779 5181; x_wconf 87' lang='lat' dir='ltr'><strong>habet</strong></span> <span class='ocrx_word' id='word_1_595' title='bbox 806 5120 1284 5183; x_wconf 83' lang='lat' dir='ltr'><strong>fundamentum</strong></span> <span class='ocrx_word' id='word_1_596' title='bbox 1308 5124 1376 5184; x_wconf 87' lang='lat' dir='ltr'><strong>in</strong></span> <span class='ocrx_word' id='word_1_597' title='bbox 1402 5123 1776 5185; x_wconf 87' lang='lat' dir='ltr'><strong>Authentiea</strong></span> <span class='ocrx_word' id='word_1_598' title='bbox 1807 5124 1884 5185; x_wconf 94' lang='lat' dir='ltr'><strong>de</strong></span> <span class='ocrx_word' id='word_1_599' title='bbox 1915 5125 2053 5185; x_wconf 83' lang='lat' dir='ltr'>11ae-</span> 
     </span>
     <span class='ocr_line' id='line_1_90' title="bbox 481 5212 2056 5299; baseline 0.006 -27"><span class='ocrx_word' id='word_1_600' title='bbox 481 5212 735 5273; x_wconf 88' lang='lat' dir='ltr'><strong>redibus</strong></span> <span class='ocrx_word' id='word_1_601' title='bbox 762 5220 827 5275; x_wconf 89' lang='lat' dir='ltr'><strong>et</strong></span> <span class='ocrx_word' id='word_1_602' title='bbox 851 5215 1110 5291; x_wconf 71' lang='lat' dir='ltr'><strong>Falcid„</strong></span> <span class='ocrx_word' id='word_1_603' title='bbox 1135 5233 1189 5277; x_wconf 94' lang='lat' dir='ltr'><strong>c.</strong></span> <span class='ocrx_word' id='word_1_604' title='bbox 1217 5219 1277 5291; x_wconf 64' lang='grc' dir='ltr'><strong>ἐξ,</strong></span> <span class='ocrx_word' id='word_1_605' title='bbox 1306 5217 1422 5277; x_wconf 88' lang='lat' dir='ltr'><strong>ibi:</strong></span> <span class='ocrx_word' id='word_1_606' title='bbox 1452 5220 1546 5281; x_wconf 73' lang='lat' dir='ltr'><strong>Et</strong></span> <span class='ocrx_word' id='word_1_607' title='bbox 1565 5237 1682 5280; x_wconf 78' lang='lat' dir='ltr'><strong>non</strong></span> <span class='ocrx_word' id='word_1_608' title='bbox 1703 5236 1813 5298; x_wconf 83' lang='lat' dir='ltr'><strong>per</strong></span> <span class='ocrx_word' id='word_1_609' title='bbox 1834 5236 1902 5281; x_wconf 85' lang='lat' dir='ltr'><strong>ea</strong></span> <span class='ocrx_word' id='word_1_610' title='bbox 1924 5237 2056 5299; x_wconf 79' lang='lat' dir='ltr'><strong>quoe</strong></span> 
     </span>
     <span class='ocr_line' id='line_1_91' title="bbox 486 5308 2056 5390; baseline 0.005 -24"><span class='ocrx_word' id='word_1_611' title='bbox 486 5308 649 5383; x_wconf 80' lang='lat' dir='ltr'><strong>sorte</strong></span> <span class='ocrx_word' id='word_1_612' title='bbox 696 5309 1067 5386; x_wconf 75' lang='lat' dir='ltr'><strong>swrripiunt,</strong></span> <span class='ocrx_word' id='word_1_613' title='bbox 1111 5309 1202 5371; x_wconf 83' lang='lat' dir='ltr'><strong>vel</strong></span> <span class='ocrx_word' id='word_1_614' title='bbox 1238 5312 1646 5390; x_wconf 71' lang='lat' dir='ltr'><strong>maliynanter</strong></span> <span class='ocrx_word' id='word_1_615' title='bbox 1682 5313 2056 5375; x_wconf 77' lang='lat' dir='ltr'><strong>introducere</strong></span> 
     </span>
     <span class='ocr_line' id='line_1_92' title="bbox 474 5400 2056 5486; baseline 0.004 -27"><span class='ocrx_word' id='word_1_616' title='bbox 474 5402 841 5477; x_wconf 77' lang='lat' dir='ltr'><strong>pertentant.</strong></span> <span class='ocrx_word' id='word_1_617' title='bbox 875 5401 952 5460; x_wconf 88' lang='lat' dir='ltr'><strong>Et</strong></span> <span class='ocrx_word' id='word_1_618' title='bbox 974 5400 1173 5461; x_wconf 72' lang='lat' dir='ltr'><strong>intra:</strong></span> <span class='ocrx_word' id='word_1_619' title='bbox 1204 5401 1356 5465; x_wconf 76' lang='lat' dir='ltr'><strong>Cum</strong></span> <span class='ocrx_word' id='word_1_620' title='bbox 1381 5405 1585 5486; x_wconf 75' lang='lat' dir='ltr'><strong>utique</strong></span> <span class='ocrx_word' id='word_1_621' title='bbox 1611 5405 1671 5468; x_wconf 75' lang='lat' dir='ltr'><strong>si</strong></span> <span class='ocrx_word' id='word_1_622' title='bbox 1696 5404 1856 5466; x_wconf 75' lang='lat' dir='ltr'><strong>nihil</strong></span> <span class='ocrx_word' id='word_1_623' title='bbox 1877 5403 2056 5466; x_wconf 77' lang='lat' dir='ltr'><strong>mali-</strong></span> 
     </span>
     <span class='ocr_line' id='line_1_93' title="bbox 481 5491 2056 5579; baseline 0.001 -23"><span class='ocrx_word' id='word_1_624' title='bbox 481 5491 660 5573; x_wconf 66' lang='lat' dir='ltr'><strong>anati</strong></span> <span class='ocrx_word' id='word_1_625' title='bbox 694 5496 907 5572; x_wconf 72' lang='lat' dir='ltr'><strong>esseut,</strong></span> <span class='ocrx_word' id='word_1_626' title='bbox 927 5510 1045 5557; x_wconf 71' lang='lat' dir='ltr'><strong>nou</strong></span> <span class='ocrx_word' id='word_1_627' title='bbox 1065 5496 1227 5572; x_wconf 82' lang='lat' dir='ltr'><strong>sorte</strong></span> <span class='ocrx_word' id='word_1_628' title='bbox 1251 5502 1613 5579; x_wconf 67' lang='lat' dir='ltr'><strong>competeret,</strong></span> <span class='ocrx_word' id='word_1_629' title='bbox 1637 5497 1740 5560; x_wconf 86' lang='lat' dir='ltr'><strong>vel</strong></span> <span class='ocrx_word' id='word_1_630' title='bbox 1761 5497 1924 5561; x_wconf 83' lang='lat' dir='ltr'><strong>forte</strong></span> <span class='ocrx_word' id='word_1_631' title='bbox 1943 5495 2056 5559; x_wconf 89' lang='lat' dir='ltr'><strong>illa</strong></span> 
     </span>
    </p>
   </div>
   <div class='ocr_carea' id='block_1_7' title="bbox 2132 3907 3704 5017">
    <p class='ocr_par' dir='ltr' id='par_1_9' title="bbox 2132 3907 3704 5017">
     <span class='ocr_line' id='line_1_94' title="bbox 2133 3907 3701 3992; baseline 0.003 -23"><span class='ocrx_word' id='word_1_632' title='bbox 2133 3907 2427 3970; x_wconf 90' lang='lat' dir='ltr'><strong>—Solum</strong></span> <span class='ocrx_word' id='word_1_633' title='bbox 2470 3916 2670 3990; x_wconf 89' lang='lat' dir='ltr'><strong>potest</strong></span> <span class='ocrx_word' id='word_1_634' title='bbox 2691 3910 2951 3974; x_wconf 87' lang='lat' dir='ltr'><strong>ulterius</strong></span> <span class='ocrx_word' id='word_1_635' title='bbox 2985 3912 3354 3990; x_wconf 88' lang='lat' dir='ltr'><strong>interrogari</strong></span> <span class='ocrx_word' id='word_1_636' title='bbox 3389 3912 3701 3992; x_wconf 90' lang='lat' dir='ltr'><strong>quomodo</strong></span> 
     </span>
     <span class='ocr_line' id='line_1_95' title="bbox 2134 4001 3699 4094; baseline 0.004 -33"><span class='ocrx_word' id='word_1_637' title='bbox 2134 4001 2611 4065; x_wconf 90' lang='lat' dir='ltr'><strong>discernendum</strong></span> <span class='ocrx_word' id='word_1_638' title='bbox 2662 4005 2783 4094; x_wconf 84' lang='lat' dir='ltr'><strong>sit,</strong></span> <span class='ocrx_word' id='word_1_639' title='bbox 2841 4006 3091 4085; x_wconf 90' lang='lat' dir='ltr'><strong>quando</strong></span> <span class='ocrx_word' id='word_1_640' title='bbox 3139 4006 3241 4068; x_wconf 84' lang='lat' dir='ltr'><strong>lex</strong></span> <span class='ocrx_word' id='word_1_641' title='bbox 3288 4006 3583 4068; x_wconf 80' lang='lat' dir='ltr'><strong>fundetur</strong></span> <span class='ocrx_word' id='word_1_642' title='bbox 3632 4007 3699 4068; x_wconf 90' lang='lat' dir='ltr'><strong>in</strong></span> 
     </span>
     <span class='ocr_line' id='line_1_96' title="bbox 2132 4096 3699 4179; baseline 0.003 -22"><span class='ocrx_word' id='word_1_643' title='bbox 2132 4096 2494 4175; x_wconf 76' lang='lat' dir='ltr'><strong>praejudicio&#39;</strong></span> <span class='ocrx_word' id='word_1_644' title='bbox 2541 4097 2802 4176; x_wconf 86' lang='lat' dir='ltr'><strong>periculi</strong></span> <span class='ocrx_word' id='word_1_645' title='bbox 2842 4104 3109 4171; x_wconf 87' lang='lat' dir='ltr'><strong>tantum,</strong></span> <span class='ocrx_word' id='word_1_646' title='bbox 3155 4117 3265 4161; x_wconf 88' lang='lat' dir='ltr'><strong>seu</strong></span> <span class='ocrx_word' id='word_1_647' title='bbox 3304 4098 3372 4160; x_wconf 90' lang='lat' dir='ltr'><strong>in</strong></span> <span class='ocrx_word' id='word_1_648' title='bbox 3400 4117 3497 4175; x_wconf 93' lang='lat' dir='ltr'><strong>eo,</strong></span> <span class='ocrx_word' id='word_1_649' title='bbox 3528 4100 3699 4179; x_wconf 91' lang='lat' dir='ltr'><strong>quod</strong></span> 
     </span>
     <span class='ocr_line' id='line_1_97' title="bbox 2132 4186 3698 4273; baseline 0.004 -26"><span class='ocrx_word' id='word_1_650' title='bbox 2132 4186 2519 4268; x_wconf 82' lang='lat' dir='ltr'><strong>frequentius</strong></span> <span class='ocrx_word' id='word_1_651' title='bbox 2540 4189 2785 4265; x_wconf 91' lang='lat' dir='ltr'><strong>accidit,</strong></span> <span class='ocrx_word' id='word_1_652' title='bbox 2810 4191 2910 4251; x_wconf 85' lang='lat' dir='ltr'><strong>vel</strong></span> <span class='ocrx_word' id='word_1_653' title='bbox 2927 4192 3115 4252; x_wconf 90' lang='lat' dir='ltr'><strong>etiam</strong></span> <span class='ocrx_word' id='word_1_654' title='bbox 3134 4192 3202 4253; x_wconf 94' lang='lat' dir='ltr'><strong>in</strong></span> <span class='ocrx_word' id='word_1_655' title='bbox 3220 4193 3698 4273; x_wconf 81' lang='lat' dir='ltr'><strong>praesumptione</strong></span> 
     </span>
     <span class='ocr_line' id='line_1_98' title="bbox 2132 4279 3699 4365; baseline 0.003 -24"><span class='ocrx_word' id='word_1_656' title='bbox 2132 4279 2301 4357; x_wconf 74' lang='lat' dir='ltr'><strong>sacti,</strong></span> <span class='ocrx_word' id='word_1_657' title='bbox 2334 4282 2500 4361; x_wconf 91' lang='lat' dir='ltr'><strong>quod</strong></span> <span class='ocrx_word' id='word_1_658' title='bbox 2528 4283 2614 4342; x_wconf 89' lang='lat' dir='ltr'><strong>ita</strong></span> <span class='ocrx_word' id='word_1_659' title='bbox 2646 4282 2715 4342; x_wconf 90' lang='lat' dir='ltr'><strong>in</strong></span> <span class='ocrx_word' id='word_1_660' title='bbox 2749 4301 2817 4344; x_wconf 89' lang='lat' dir='ltr'><strong>re</strong></span> <span class='ocrx_word' id='word_1_661' title='bbox 2847 4283 2981 4364; x_wconf 87' lang='lat' dir='ltr'><strong>ipsa</strong></span> <span class='ocrx_word' id='word_1_662' title='bbox 3017 4302 3149 4345; x_wconf 89' lang='lat' dir='ltr'><strong>esse</strong></span> <span class='ocrx_word' id='word_1_663' title='bbox 3178 4291 3582 4365; x_wconf 86' lang='lat' dir='ltr'><strong>supponatur.</strong></span> <span class='ocrx_word' id='word_1_664' title='bbox 3614 4286 3699 4346; x_wconf 90' lang='lat' dir='ltr'><strong>De</strong></span> 
     </span>
     <span class='ocr_line' id='line_1_99' title="bbox 2133 4373 3701 4458; baseline 0.004 -24"><span class='ocrx_word' id='word_1_665' title='bbox 2133 4373 2251 4435; x_wconf 90' lang='lat' dir='ltr'><strong>hoc</strong></span> <span class='ocrx_word' id='word_1_666' title='bbox 2291 4393 2438 4436; x_wconf 86' lang='lat' dir='ltr'><strong>vero</strong></span> <span class='ocrx_word' id='word_1_667' title='bbox 2485 4392 2613 4436; x_wconf 92' lang='lat' dir='ltr'><strong>non</strong></span> <span class='ocrx_word' id='word_1_668' title='bbox 2656 4394 3006 4456; x_wconf 88' lang='lat' dir='ltr'><strong>possumus.</strong></span> <span class='ocrx_word' id='word_1_669' title='bbox 3028 4384 3262 4440; x_wconf 89' lang='lat' dir='ltr'><strong>certam</strong></span> <span class='ocrx_word' id='word_1_670' title='bbox 3304 4378 3593 4458; x_wconf 88' lang='lat' dir='ltr'><strong>regulam</strong></span> <span class='ocrx_word' id='word_1_671' title='bbox 3634 4379 3701 4440; x_wconf 88' lang='lat' dir='ltr'><strong>in</strong></span> 
     </span>
     <span class='ocr_line' id='line_1_100' title="bbox 2134 4467 3701 4551; baseline 0.003 -24"><span class='ocrx_word' id='word_1_672' title='bbox 2134 4467 2499 4547; x_wconf 82' lang='lat' dir='ltr'><strong>particulari</strong></span> <span class='ocrx_word' id='word_1_673' title='bbox 2528 4467 2864 4547; x_wconf 89' lang='lat' dir='ltr'><strong>assignare.</strong></span> <span class='ocrx_word' id='word_1_674' title='bbox 2908 4471 3176 4532; x_wconf 89' lang='lat' dir='ltr'><strong>Dicimus</strong></span> <span class='ocrx_word' id='word_1_675' title='bbox 3215 4488 3362 4551; x_wconf 90' lang='lat' dir='ltr'><strong>ergo</strong></span> <span class='ocrx_word' id='word_1_676' title='bbox 3389 4490 3463 4532; x_wconf 82' lang='lat' dir='ltr'><strong>ex</strong></span> <span class='ocrx_word' id='word_1_677' title='bbox 3507 4476 3701 4532; x_wconf 86' lang='lat' dir='ltr'><strong>mate-</strong></span> 
     </span>
     <span class='ocr_line' id='line_1_101' title="bbox 2137 4560 3701 4644; baseline 0.002 -21"><span class='ocrx_word' id='word_1_678' title='bbox 2137 4560 2232 4623; x_wconf 91' lang='lat' dir='ltr'><strong>ria</strong></span> <span class='ocrx_word' id='word_1_679' title='bbox 2254 4565 2317 4621; x_wconf 91' lang='lat' dir='ltr'><strong>et</strong></span> <span class='ocrx_word' id='word_1_680' title='bbox 2342 4560 2549 4622; x_wconf 90' lang='lat' dir='ltr'><strong>verbis</strong></span> <span class='ocrx_word' id='word_1_681' title='bbox 2583 4560 2760 4641; x_wconf 89' lang='lat' dir='ltr'><strong>legis,</strong></span> <span class='ocrx_word' id='word_1_682' title='bbox 2803 4563 3094 4643; x_wconf 85' lang='lat' dir='ltr'><strong>adjuncto</strong></span> <span class='ocrx_word' id='word_1_683' title='bbox 3122 4583 3265 4640; x_wconf 92' lang='lat' dir='ltr'><strong>usu,</strong></span> <span class='ocrx_word' id='word_1_684' title='bbox 3303 4570 3365 4626; x_wconf 90' lang='lat' dir='ltr'><strong>et</strong></span> <span class='ocrx_word' id='word_1_685' title='bbox 3398 4565 3701 4644; x_wconf 87' lang='lat' dir='ltr'><strong>interpre-</strong></span> 
     </span>
     <span class='ocr_line' id='line_1_102' title="bbox 2136 4653 3704 4737; baseline 0.004 -23"><span class='ocrx_word' id='word_1_686' title='bbox 2136 4653 2372 4715; x_wconf 90' lang='lat' dir='ltr'><strong>tatione</strong></span> <span class='ocrx_word' id='word_1_687' title='bbox 2400 4653 2720 4716; x_wconf 85' lang='lat' dir='ltr'><strong>doctorum</strong></span> <span class='ocrx_word' id='word_1_688' title='bbox 2759 4656 2823 4718; x_wconf 93' lang='lat' dir='ltr'><strong>id</strong></span> <span class='ocrx_word' id='word_1_689' title='bbox 2860 4675 2989 4719; x_wconf 91' lang='lat' dir='ltr'><strong>esse</strong></span> <span class='ocrx_word' id='word_1_690' title='bbox 3020 4657 3457 4737; x_wconf 88' lang='lat' dir='ltr'><strong>colligendum.</strong></span> <span class='ocrx_word' id='word_1_691' title='bbox 3489 4659 3704 4720; x_wconf 87' lang='lat' dir='ltr'><strong>Altera</strong></span> 
     </span>
     <span class='ocr_line' id='line_1_103' title="bbox 2134 4748 3700 4831; baseline 0.003 -23"><span class='ocrx_word' id='word_1_692' title='bbox 2134 4748 2440 4809; x_wconf 86' lang='lat' dir='ltr'><strong>dubitatio</strong></span> <span class='ocrx_word' id='word_1_693' title='bbox 2456 4748 2533 4810; x_wconf 91' lang='lat' dir='ltr'><strong>de</strong></span> <span class='ocrx_word' id='word_1_694' title='bbox 2556 4749 2900 4812; x_wconf 89' lang='lat' dir='ltr'><strong>intentione</strong></span> <span class='ocrx_word' id='word_1_695' title='bbox 2918 4750 3309 4830; x_wconf 89' lang='lat' dir='ltr'><strong>legislatoris,</strong></span> <span class='ocrx_word' id='word_1_696' title='bbox 3333 4770 3470 4831; x_wconf 83' lang='lat' dir='ltr'><strong>quae</strong></span> <span class='ocrx_word' id='word_1_697' title='bbox 3488 4752 3556 4812; x_wconf 91' lang='lat' dir='ltr'><strong>in</strong></span> <span class='ocrx_word' id='word_1_698' title='bbox 3576 4751 3700 4813; x_wconf 92' lang='lat' dir='ltr'><strong>alio</strong></span> 
     </span>
     <span class='ocr_line' id='line_1_104' title="bbox 2136 4844 3701 4926; baseline 0.004 -25"><span class='ocrx_word' id='word_1_699' title='bbox 2136 4847 2509 4921; x_wconf 91' lang='lat' dir='ltr'><strong>argumento</strong></span> <span class='ocrx_word' id='word_1_700' title='bbox 2550 4844 2883 4923; x_wconf 87' lang='lat' dir='ltr'><strong>superioris</strong></span> <span class='ocrx_word' id='word_1_701' title='bbox 2923 4845 3140 4924; x_wconf 83' lang='lat' dir='ltr'><strong>capitis</strong></span> <span class='ocrx_word' id='word_1_702' title='bbox 3180 4845 3526 4924; x_wconf 88' lang='lat' dir='ltr'><strong>petebatur,</strong></span> <span class='ocrx_word' id='word_1_703' title='bbox 3561 4850 3701 4926; x_wconf 87' lang='lat' dir='ltr'><strong>post</strong></span> 
     </span>
     <span class='ocr_line' id='line_1_105' title="bbox 2137 4938 3437 5017; baseline 0.003 -21"><span class='ocrx_word' id='word_1_704' title='bbox 2137 4953 2401 5016; x_wconf 89' lang='lat' dir='ltr'><strong>sequens</strong></span> <span class='ocrx_word' id='word_1_705' title='bbox 2430 4943 2614 5017; x_wconf 81' lang='lat' dir='ltr'><strong>caput</strong></span> <span class='ocrx_word' id='word_1_706' title='bbox 2638 4938 3020 5000; x_wconf 90' lang='lat' dir='ltr'><strong>commodius</strong></span> <span class='ocrx_word' id='word_1_707' title='bbox 3046 4938 3437 5000; x_wconf 89' lang='lat' dir='ltr'><strong>tractabitur.</strong></span> 
     </span>
    </p>
   </div>
   <div class='ocr_carea' id='block_1_8' title="bbox 2657 5102 3170 5166">
    <p class='ocr_par' dir='ltr' id='par_1_10' title="bbox 2657 5102 3170 5166">
     <span class='ocr_line' id='line_1_106' title="bbox 2657 5102 3170 5166; baseline 0.002 -2"><span class='ocrx_word' id='word_1_708' title='bbox 2657 5102 2908 5166; x_wconf 86' lang='lat' dir='ltr'>CAPUT</span> <span class='ocrx_word' id='word_1_709' title='bbox 2959 5105 3170 5166; x_wconf 82' lang='lat' dir='ltr'><strong>XXIV.</strong></span> 
     </span>
    </p>
   </div>
   <div class='ocr_carea' id='block_1_9' title="bbox 2135 5265 3704 5409">
    <p class='ocr_par' dir='ltr' id='par_1_11' title="bbox 2135 5265 3704 5409">
     <span class='ocr_line' id='line_1_107' title="bbox 2135 5265 3704 5317; baseline 0.004 -6"><span class='ocrx_word' id='word_1_710' title='bbox 2135 5265 2338 5312; x_wconf 70' lang='lat' dir='ltr'><strong>unum</strong></span> <span class='ocrx_word' id='word_1_711' title='bbox 2364 5266 2480 5312; x_wconf 73' lang='lat' dir='ltr'><strong>mx</strong></span> <span class='ocrx_word' id='word_1_712' title='bbox 2508 5266 2717 5312; x_wconf 76' lang='lat' dir='ltr'><strong>clvms</strong></span> <span class='ocrx_word' id='word_1_713' title='bbox 2760 5268 3000 5315; x_wconf 72' lang='lat' dir='ltr'><strong>onnam</strong></span> <span class='ocrx_word' id='word_1_714' title='bbox 3026 5269 3145 5314; x_wconf 79' lang='lat' dir='ltr'><strong>vm.</strong></span> <span class='ocrx_word' id='word_1_715' title='bbox 3182 5270 3470 5316; x_wconf 73' lang='lat' dir='ltr'><strong>onnam</strong></span> <span class='ocrx_word' id='word_1_716' title='bbox 3511 5271 3704 5317; x_wconf 77' lang='lat' dir='ltr'><strong>Possrr</strong></span> 
     </span>
     <span class='ocr_line' id='line_1_108' title="bbox 2477 5360 3368 5409; baseline 0.004 -4"><span class='ocrx_word' id='word_1_717' title='bbox 2477 5360 2582 5405; x_wconf 85' lang='lat' dir='ltr'><strong>SUB</strong></span> <span class='ocrx_word' id='word_1_718' title='bbox 2612 5360 2811 5407; x_wconf 66' lang='lat' dir='ltr'><strong>muru</strong></span> <span class='ocrx_word' id='word_1_719' title='bbox 2837 5361 3126 5408; x_wconf 67' lang='lat' dir='ltr'><strong>nonnus</strong></span> <span class='ocrx_word' id='word_1_720' title='bbox 3152 5362 3368 5409; x_wconf 71' lang='lat' dir='ltr'><strong>GULPAE.</strong></span> 
     </span>
    </p>
   </div>
   <div class='ocr_carea' id='block_1_10' title="bbox 2213 5495 3698 5582">
    <p class='ocr_par' dir='ltr' id='par_1_12' title="bbox 2213 5495 3698 5582">
     <span class='ocr_line' id='line_1_109' title="bbox 2213 5495 3698 5582; baseline 0.005 -25"><span class='ocrx_word' id='word_1_721' title='bbox 2213 5497 2273 5558; x_wconf 83' lang='lat'><strong>1.</strong></span> <span class='ocrx_word' id='word_1_722' title='bbox 2319 5495 2702 5579; x_wconf 74' lang='lat' dir='ltr'><strong>Praeceptum</strong></span> <span class='ocrx_word' id='word_1_723' title='bbox 2736 5497 2831 5576; x_wconf 89' lang='lat' dir='ltr'><strong>(ut</strong></span> <span class='ocrx_word' id='word_1_724' title='bbox 2856 5502 3036 5562; x_wconf 86' lang='lat' dir='ltr'><strong>notat</strong></span> <span class='ocrx_word' id='word_1_725' title='bbox 3060 5498 3252 5582; x_wconf 87' lang='lat' dir='ltr'><strong>Cajet.</strong></span> <span class='ocrx_word' id='word_1_726' title='bbox 3285 5501 3346 5564; x_wconf 78' lang='lat'><strong>2.</strong></span> <span class='ocrx_word' id='word_1_727' title='bbox 3373 5502 3438 5578; x_wconf 76' lang='lat'><strong>2,</strong></span> <span class='ocrx_word' id='word_1_728' title='bbox 3461 5517 3528 5582; x_wconf 89' lang='lat' dir='ltr'><strong>q.</strong></span> <span class='ocrx_word' id='word_1_729' title='bbox 3557 5503 3698 5575; x_wconf 71' lang='lat'><strong>104,</strong></span> 
     </span>
    </p>
   </div>
  </div>
 </body>
</html>
