3976 6219
532 392 816 576 ἕῗίῗιωρε
860 483 1049 545 habet
1104 498 1454 560 supremam
1481 484 1868 561 potestatem,
1918 484 1980 539 et
2017 476 2096 539 ad

532 577 1059 662 interpretandam
1085 574 1314 653 legem,
1360 580 1422 635 et
1464 574 1542 634 ad
1587 571 2091 651 dispensandum,

532 677 1037 759 quotiescumque
1078 668 1415 748 prudenter
1448 664 1820 745 judicaverit
1848 681 2096 724 causam

534 789 661 833 esse
696 765 1100 829 sufficientem
1149 766 1211 822 et
1242 757 1724 836 rationabilem;
1717 756 1914 818 unde
1940 756 2097 817 infe-

530 865 660 926 rior
682 860 874 965 judex
911 857 1016 917 vix
1039 859 1241 935 potest
1283 852 1616 932 aliquando
1644 851 1925 912 minuere
1959 868 2096 930 poe—

533 974 705 1031 nam,
722 952 843 1014 nisi
857 948 1103 1029 quando
1127 948 1311 1008 etiam
1337 953 1606 1022 tenetur,
1631 944 2096 1051 quianimirum

529 1051 633 1112 lex
653 1047 753 1109 vel
779 1041 1164 1107 consuetudo
1187 1040 1458 1120 disponit
1482 1047 1554 1100 ut
1577 1040 1646 1100 in
1686 1057 1760 1100 eo
1792 1056 1939 1099 casu
1977 1037 2096 1098 mi-

529 1149 784 1216 nuatur,
813 1142 923 1201 aut
966 1137 1126 1198 ratio
1152 1134 1459 1214 aequitatis
1486 1133 1824 1195 necessario
1856 1129 1919 1192 id
1955 1149 2095 1210 pos-

527 1236 706 1298 tulat.
735 1232 1023 1310 Princeps
1051 1233 1260 1289 autem
1295 1244 1455 1306 saepe
1480 1232 1681 1306 potest
1716 1225 2093 1304 dispensare,

530 1327 774 1399 etiamsi
813 1342 941 1386 non
983 1326 1290 1384 teneatur.
1336 1322 1489 1382 Item
1517 1318 1850 1398 aliquando
1891 1322 2096 1397 potest

522 1424 691 1503 juste
720 1419 785 1480 id
815 1418 1015 1479 facere
1065 1420 1134 1475 in
1172 1414 1436 1493 gratiam
1482 1412 1893 1486 subditorum,
1925 1416 1997 1470 ut
2027 1428 2092 1471 se

525 1513 652 1576 illis
681 1510 963 1574 ostendat
989 1508 1334 1586 benignum
1387 1511 1450 1567 et
1500 1503 1842 1579 liberalem,
1872 1508 1944 1564 ut
1988 1520 2092 1563 eos

526 1603 857 1669 benevolos
896 1607 958 1665 et
1006 1601 1411 1679 obsequentes
1436 1596 1684 1659 habeat.
1728 1597 1898 1657 Sicut
1935 1596 2094 1656 Pon-

524 1700 682 1763 tifex
713 1714 872 1776 saepe
895 1700 1177 1756 censetur
1197 1693 1365 1771 juste
1387 1690 1841 1769 indulgentiam
1880 1706 2094 1749 conce-

524 1793 670 1854 dere
707 1789 787 1852 ob
839 1787 1102 1850 similem
1145 1802 1416 1847 causam.
1465 1785 1621 1845 Item
1662 1788 1860 1862 potest
1892 1782 2094 1843 facere

524 1882 951 1947 remissionem
987 1881 1055 1941 in
1100 1878 1367 1959 gratiam
1411 1876 1662 1938 alterius
1687 1874 1985 1955 principis
2029 1875 2094 1935 id

523 1974 891 2058 postulantis
901 1988 923 2051 3
952 1990 1101 2033 nam
1140 1971 1270 2032 11000
1300 1967 1711 2032 beneficentia
1741 1972 1961 2029 mutua
1982 1984 2093 2029 ne·

522 2067 786 2131 cessaria
807 2071 922 2142 est,
946 2071 1008 2127 et
1032 2064 1338 2126 redundat
1363 2062 1553 2124 etiam
1575 2061 1643 2122 in
1661 2060 1896 2121 bonum
1915 2077 2090 2120 com-

521 2179 756 2236 mune;
786 2160 938 2220 item
982 2162 1233 2238 propter
1257 2155 1590 2216 utilitatem
1633 2170 1910 2233 personae
1947 2170 2089 2232 quae

522 2252 804 2332 deliquit,
832 2250 933 2313 vel
972 2254 1224 2330 propter
1266 2248 1475 2327 priora
1520 2246 1836 2325 obsequia,
1887 2251 2088 2325 potest

519 2345 837 2408 interdum
874 2344 1038 2423 juste
1069 2358 1212 2402 cum
1252 2339 1359 2400 illo
1387 2339 1457 2400 in
1494 2356 1680 2418 poena
1702 2336 2078 2418 dispensare.

518 2440 596 2501 Et
624 2437 805 2499 facile
834 2442 926 2497 est
959 2434 1113 2495 alias
1154 2431 1386 2493 similes
1417 2432 1688 2493 rationes
1706 2430 2079 2509 excogitare,

520 2550 658 2613 0000
686 2530 753 2590 10
781 2525 1176 2589 inferioribus
1212 2522 1519 2603 judicibus
1564 2540 1694 2583 non
1741 2522 2077 2584 sufficiunt.

519 2626 747 2703 Estque
785 2619 911 2681 alia
951 2617 1323 2693 differentia,
1357 2617 1522 2694 quod
1554 2616 1838 2695 princeps
1884 2619 2085 2694 potest

519 2713 978 2786 antecedenter,
1031 2716 1104 2770 ut
1148 2709 1234 2770 sic
1272 2707 1493 2782 dicam,
1541 2705 1873 2768 concedere
1896 2706 2086 2784 privi-

518 2806 783 2885 legium,
815 2808 887 2863 ut
909 2801 1131 2881 aliquis
1155 2817 1282 2865 non
1306 2799 1496 2878 possit
1510 2798 1622 2859 tali
1644 2816 1830 2877 poena
1846 2799 2080 2878 puniri,

518 2897 682 2979 quod
705 2914 833 2957 non
846 2899 1100 2975 possunt
1115 2891 1438 2954 inferiores
1461 2890 1717 2970 judices.
1738 2889 1877 2951 Alia
1894 2890 2084 2952 etiam

518 2995 771 3053 notatur
804 3009 843 3051 a
868 2989 1100 3063 Glossa,
1152 2990 1216 3047 et
1269 2984 1616 3046 doctoribus
1661 2983 1880 3059 citatis,
1915 2985 2084 3063 quod

512 3084 703 3166 judex
707 3128 730 3161 ,
767 3083 912 3146 licet
929 3141 932 3148 ,
947 3085 1092 3143 0010
1131 3079 1326 3141 101010
1356 3077 1728 3141 sententiam
1764 3078 1954 3157 possit
1985 3078 2082 3139 in-

516 3179 763 3240 terdum
806 3175 980 3237 illam
1013 3179 1385 3252 temperare,
1429 3177 1566 3251 post
1609 3171 1799 3232 latam
1835 3176 2082 3232 senten-

512 3269 669 3331 tiam
702 3268 862 3331 nihil
885 3271 1107 3347 potest,
1138 3265 1285 3345 quia
1305 3265 1441 3344 jam
1468 3263 1713 3324 functus
1747 3268 1840 3324 est
1875 3263 2078 3325 officio

515 3381 650 3425 suo.
677 3362 965 3440 Princeps
986 3364 1197 3420 autem
1219 3356 1532 3418 interdum
1546 3360 1774 3435 potest,
1790 3355 2075 3417 dummo-

513 3454 593 3516 do
631 3472 762 3516 non
799 3449 1107 3515 redundet
1134 3453 1347 3510 contra
1372 3448 1475 3526 jus
1501 3447 1679 3515 alteri
1720 3448 2072 3528 quaesitum,

510 3565 621 3608 seu
645 3547 715 3607 in
745 3545 1047 3606 damnum
1088 3541 1281 3606 tertii.
1330 3541 1487 3601 Nam
1545 3540 1665 3601 1100
1702 3557 1830 3601 000
1875 3547 2076 3620 potest

500 3640 668 3720 juste
687 3638 967 3718 princeps
990 3631 1220 3696 inferre
1238 3632 1360 3693 nisi
1369 3637 1614 3693 tantum
1642 3633 1888 3694 intersit
1907 3634 2072 3695 bono

508 3729 853 3806 communi,
881 3731 954 3788 ut
983 3730 1234 3807 propter
1260 3723 1415 3786 illud
1444 3724 1679 3806 privari
1706 3724 1901 3806 possit
1933 3744 2072 3807 par-

506 3821 784 3884 ticularis
809 3836 1070 3901 persona
1084 3819 1225 3898 jure
1247 3835 1380 3880 300.

587 3918 688 3978 10.
732 3914 890 3976 Η100
918 3930 1067 3992 ergo
1087 3911 1267 3973 facile
1293 3908 1556 3991 intelligi
1590 3913 1791 3990 potest
1813 3909 1963 3989 quid
1992 3910 2071 3972 ad

500 4007 787 4071 ultimam
839 4006 1146 4068 rationem
1197 4002 1524 4066 dubitandi
1569 4003 2069 4083 respondendum

501 4102 603 4165 sit.
629 4102 787 4162 Nam
807 4098 1115 4180 imprimis
1136 4096 1481 4163 cavendum
1503 4101 1615 4173 est,
1637 4097 1690 4157 si
1711 4096 2069 4176 pecuniaria

499 4193 583 4255 sit
620 4210 805 4275 poena
831 4196 1013 4253 certae
1043 4207 1322 4271 personae
1366 4189 1758 4271 applicanda,
1788 4194 1860 4250 ut
1900 4188 2068 4250 illius

498 4284 780 4348 remissio
799 4301 927 4345 non
940 4287 1302 4362 procuretur
1321 4299 1463 4342 cum
1482 4281 1852 4342 detrimento
1869 4281 2063 4357 tertii,

499 4377 665 4458 quod
704 4375 806 4438 vel
832 4375 913 4436 sit
949 4374 1275 4453 injustum,
1315 4374 1418 4435 vel
1449 4372 1736 4454 charitati
1763 4391 1893 4435 non
1920 4391 2065 4435 con-

496 4475 886 4532 sentaneum.
929 4467 1013 4530 tt
1054 4467 1224 4528 enim
1270 4466 1429 4527 dixit
1470 4464 1715 4541 Ambr.‚
1762 4469 1800 4528 3
1850 4465 2060 4543 0111οἾ

497 4580 635 4642 cap.
666 4563 741 4623 9:
773 4559 857 4624 Si
887 4576 1006 4622 non
1026 4565 1222 4639 potest
1255 4560 1366 4622 mi
1393 4559 1720 4634 subveniri,
1752 4559 1879 4622 nisi
1905 4559 2064 4623 alter

494 4655 777 4730 loedatur,
807 4652 1166 4716 commodius
1194 4657 1281 4715 est
1306 4657 1583 4715 nemmem
1604 4651 1851 4730 juvare,
1880 4669 2060 4732 quam

493 4762 755 4827 yraoare
782 4744 1076 4814 0110010111,-
1100 4744 1338 4825 ideoque
1363 4745 1431 4806 in
1463 4744 1666 4808 causis
1684 4745 2061 4824 pemmiariis

493 4836 852 4901 iuteo-emim
888 4851 1007 4897 non
1045 4840 1132 4898 est
1163 4836 1511 4911 sacerdotis,
1544 4837 1689 4916 quia
1713 4839 2060 4917 frequenter

491 4929 637 5007 fieri
661 4945 780 4990 non
796 4931 1014 5010 potest,
1044 4928 1192 5007 quin
1217 4927 1373 4990 alter
1399 4928 1677 4990 loedatur.
1706 4926 2059 4991 Sacerdotis

492 5037 632 5101 erqo
673 5025 761 5084 est
784 5018 944 5081 nulli
985 5036 1223 5096 nocere,
1256 5019 1532 5100 prodesse
1561 5019 1706 5082 velle
1746 5020 2052 5096 omnibus,

484 5127 659 5193 posse
694 5118 891 5176 autem
929 5112 1120 5176 solius
1157 5113 1275 5177 Dei
1302 5117 1412 5189 est,
1453 5131 1587 5193 cap.
1620 5112 1908 5193 Denique,
1949 5114 2051 5190 14,

489 5222 553 5284 q.
586 5205 644 5265 5.
682 5203 854 5266 Unde
879 5203 1041 5283 Aug.
1085 5223 1293 5286 supra,
1322 5207 1391 5269 in
1429 5206 1775 5286 hujusmodi
1813 5206 2055 5269 casibus

491 5294 761 5378 (inquit),
799 5314 918 5358 non
956 5314 1087 5359 oum
1115 5298 1342 5376 judice,
1383 5299 1486 5361 sed
1527 5316 1661 5360 oum
1704 5298 1828 5360 alio
1874 5299 2051 5361 tertio

488 5387 958 5452 intercedendum
984 5406 1128 5464 esee,
1150 5395 1220 5453 ut
1246 5390 1518 5453 remittat
1535 5406 1797 5470 pceuam.
1819 5389 2051 5451 Deinde

486 5479 556 5540 in
600 5477 738 5540 aliis
777 5477 1001 5560 poenis,
1029 5496 1190 5558 quse
1196 5486 1442 5542 tantum
1474 5482 1556 5543 ad
1595 5481 1831 5543 bonum
1874 5498 2048 5543 0010-

1447 386 1563 440 LIB.
1599 385 1657 435 V.
1693 383 1773 435 DE
1805 377 2161 432 VARIETATE
2192 377 2402 430 11ΕὸοΜ
2432 377 2841 429 ΗΠΜΑΝΑΒΙΙΜ.

2176 499 2367 543 mune
2417 481 2783 543 ordinantur
2797 527 2818 558 ,
2866 480 3156 543 habenda
3201 481 3388 543 ctiam
3440 486 3549 543 est
3606 483 3769 542 ratio

2175 574 2326 635 boni
2356 575 2701 635 0010100013
2713 591 2733 652 ;
2766 592 2913 635 0010
2944 575 2996 635 31
3029 574 3250 636 delicta
3278 580 3424 635 sunt
3452 574 3766 653 frequen-

2175 667 2285 741 tia,
2316 667 2414 728 vel
2452 667 2817 746 delinquens
2856 666 3199 728 obstinatus
3225 673 3316 728 est
3355 667 3461 728 vel
3494 667 3767 726 incorri-
3888 734 3889 757 ᾖ

2176 760 2405 840 gjbilis,
2445 767 2555 821 aut
2580 760 2991 837 scandalosus,
3031 761 3289 823 vitanda
3328 767 3424 822 est
3453 761 3766 821 interces-

2176 854 2266 914 sio
2293 874 2308 913 :
2339 854 2426 914 ita
2453 854 2625 915 enim
2652 859 2743 914 est
2767 853 3188 933 indigentibus
3218 852 3763 927 subveniendum,

2177 951 2249 1007 ut
2270 946 2513 1025 justitia
2539 964 2667 1006 non
2706 945 2990 1007 laedatur.
3018 946 3336 1020 Quomodo
3374 946 3661 1024 exponit
3699 945 3761 1004 D.

2176 1039 2397 1101 Thom.
2433 1043 2495 1100 2.
2522 1041 2585 1115 2,
2611 1058 2674 1119 q.
2710 1041 2812 1115 62,
2838 1057 2898 1100 a.
2931 1041 2995 1116 4,
3024 1040 3105 1101 ad
3133 1042 3193 1117 3,
3219 1039 3379 1100 illud
3405 1039 3625 1099 Exodi
3650 1040 3758 1099 23:

2174 1134 2479 1212 Pauperis
2509 1150 2625 1194 non
2659 1133 3029 1195 misereberis
3072 1133 3138 1194 in
3171 1132 3448 1212 judicio,
3496 1132 3761 1206 scilicet,

2173 1232 2387 1286 contra
2411 1225 2737 1303 justitiam,
2763 1224 3081 1304 multoque
3103 1224 3311 1285 minus
3337 1230 3571 1285 contra
3595 1242 3765 1284 com·

2144 1336 2365 1380 omune
2395 1317 2653 1378 bonum.
2683 1317 2816 1378 Duo
2848 1317 3044 1395 igitur
3067 1318 3232 1395 juste
3263 1316 3582 1396 postulari
3622 1335 3762 1397 pos-

2175 1416 2355 1471 sunt:
2387 1429 2586 1472 unum
2614 1416 2728 1488 est,
2757 1415 2852 1487 ut,
2882 1410 2934 1470 si
2973 1429 3072 1472 res
3104 1410 3290 1471 fuerit
3313 1409 3543 1489 aliquo
3571 1410 3761 1470 modo

2174 1503 2391 1580 dubia,
2435 1504 2647 1565 mitior
2689 1503 3116 1583 interpretatio
3160 1502 3308 1564 fiat:
3359 1502 3427 1563 id
3466 1503 3658 1563 enim
3702 1508 3759 1563 et
3872 1482 3890 1517 '¹

2171 1597 2401 1659 rationi
2423 1603 2485 1659 et
2504 1597 2733 1675 regulae
2754 1597 2910 1675 juris
2945 1602 3425 1658 consentaneum
3462 1602 3593 1671 est,
3618 1614 3750 1675 cap.

2173 1690 2257 1752 In
2283 1676 2500 1770 pae'nie,
2529 1689 2606 1750 de
2642 1690 2794 1767 Reg.
2821 1688 3003 1767 juris,
3042 1688 3111 1749 in
3153 1689 3215 1763 6,
3250 1707 3384 1768 cap.
3422 1688 3752 1768 Amyntas,

2173 1783 2275 1854 26,
2305 1800 2367 1861 q.
2402 1785 2465 1859 7,
2493 1781 2600 1843 ubi
2641 1782 2805 1843 inter
2843 1780 2965 1842 alia
2991 1781 3195 1860 inquit
3222 1780 3747 1860 chrysostomus:

2172 1875 2398 1937 Melius
2416 1881 2504 1938 est
2518 1880 2769 1954 propter
2790 1874 3266 1936 misericordiam
3282 1875 3593 1935 rationem
3621 1875 3750 1936 red-

2172 1967 2326 2043 dere,
2353 1984 2531 2047 quam
2555 1971 2803 2045 propter
2830 1965 3237 2029 crudelitatem
3247 1992 3275 2039 ,·
3293 1965 3406 2025 ubi
3426 1965 3650 2026 Glossa
3674 1966 3749 2025 li·

2170 2061 2353 2122 mitat
2379 2060 2542 2121 hanc
2580 2060 2862 2139 regulam
2878 2105 2899 2136 ,
2944 2058 3065 2119 nisi
3100 2077 3243 2120 reus
3280 2059 3635 2120 obstinatus
3670 2060 3748 2119 sit

2169 2159 2230 2214 et
2276 2152 2714 2232 incorrigibilis
2730 2198 2751 2228 ,
2792 2157 2854 2214 et
2896 2170 3069 2231 spem
3112 2152 3572 2213 emendationis
3613 2172 3741 2213 non

2164 2245 2474 2325 praebeat:
2514 2252 2664 2307 tunc
2691 2245 2858 2308 00110
2894 2245 3081 2305 011010
3112 2245 3180 2304 10
3207 2264 3350 2306 0030
3375 2245 3736 2321 arbitrario,

2164 2338 2370 2417 rigore
2399 2339 2603 2418 potius
2630 2356 2817 2417 quam
2838 2336 3218 2415 benignitate
3240 2355 3384 2398 cum
3414 2338 3529 2397 illo
3557 2346 3738 2399 uten-

2164 2430 2315 2492 dum
2356 2437 2470 2493 est.
2516 2431 2819 2507 Secunde,
2858 2436 2930 2491 ut
2971 2431 3060 2491 ait
3096 2431 3482 2510 Augustinus
3520 2450 3735 2511 supra,

2163 2526 2508 2603 generatim
2533 2524 2830 2604 postulari
2848 2528 3071 2603 potest,
3094 2528 3167 2583 ut
3182 2529 3422 2584 tantum
3448 2524 3530 2585 de
3547 2543 3739 2603 poena

2163 2618 2541 2692 remittatur,
2558 2622 2862 2696 quantum
2880 2615 3047 2675 intra
3066 2615 3448 2677 latitudinem
3457 2617 3740 2693 justitiae

2164 2708 2302 2770 fieri
2328 2709 2620 2790 potuerit,
2653 2709 2781 2770 sive
2818 2708 2887 2769 in
2914 2708 3212 2788 gravitate
3245 2727 3466 2788 poenae,
3491 2709 3639 2770 sive
3667 2711 3737 2770 in

2164 2802 2377 2879 modo,
2422 2808 2532 2864 aut
2563 2809 2838 2882 tempore
2878 2803 3035 2881 ejuS,
3052 2800 3167 2869 ,vel
3196 2802 3262 2863 in
3289 2801 3425 2862 aliis
3463 2803 3736 2864 circum-

2165 2895 2433 2971 stantiis,
2471 2913 2609 2974 quse
2637 2894 2991 2975 frequenter
3034 2912 3114 2956 ex
3152 2895 3462 2956 voluntate
3488 2896 3734 2973 judicis

2161 2985 2458 3066 pendent.

2243 3083 2314 3141 1¹
2328 3125 2343 3140 .
2391 3078 2477 3144 Si
2521 3079 2677 3160 leyes
2721 3079 2854 3159 ipso
2898 3083 3063 3159 facto
3104 3081 3414 3161 imponant
3453 3082 3730 3146 diversas

2154 3189 2384 3252 peenas,
2428 3191 2625 3235 omnes
2671 3174 2911 3236 incurri
2949 3191 3058 3253 per
3097 3175 3254 3237 idem
3292 3175 3592 3251 delictum,
3634 3177 3730 3239 vel

2158 3271 2317 3342 ante,
2349 3266 2441 3328 vel
2460 3271 2599 3345 post
2624 3267 3370 3329 contumaciam—Posset
3387 3274 3602 3331 autem
3621 3269 3722 3330 1110

2155 3362 2601 3436 consequenter
2634 3357 2887 3419 tractari
2913 3375 2995 3420 an
3029 3359 3246 3438 judex,
3275 3361 3494 3441 inique
3532 3380 3719 3441 agens

2155 3449 2530 3512 remittendo
2556 3467 2806 3529 poenam
2827 3449 3003 3529 10313,
3030 3457 3315 3514 teneatur
3340 3454 3424 3515 ad
3450 3455 3721 3534 aliquam

2153 3542 2633 3618 restitutionem,
2662 3542 2762 3604 vel
2793 3543 3034 3605 ratione
3066 3548 3428 3609 nocumenti
3456 3548 3604 3609 inde
3631 3568 3720 3610 se-

2155 3634 2282 3694 cuti
2300 3634 2679 3715 reipublicae,
2697 3642 2805 3697 aut
2822 3638 3019 3700 tertiae
3037 3657 3336 3719 personoe,
3353 3647 3467 3702 aut
3481 3643 3717 3703 ratione

2155 3727 2445 3789 001-001100
2471 3727 2656 3803 lucri,
2676 3729 2844 3808 quod
2868 3731 2938 3791 in
2962 3732 3161 3811 poenis
3182 3735 3554 3812 pecuniariis
3570 3735 3718 3797 solet

2152 3834 2493 3882 accrescere
2521 3820 2615 3881 1111
2639 3822 2741 3882 001
2764 3821 2905 3883 talis
2940 3842 3124 3903 poena
3146 3832 3300 3887 esset
3325 3827 3710 3907 applicanda.

2150 3912 2270 3973 Sed
2292 3912 2424 3974 haec
2440 3914 2694 3993 00003110
2720 3916 2988 3995 pertinet
3014 3918 3094 3979 ad
3120 3921 3443 3981 materiam
3464 3920 3538 3982 de
3562 3923 3717 3983 Res-

2149 4003 2425 4066 titution.
2452 4012 2515 4067 et
2548 4006 2624 4068 de
2652 4007 2824 4069 Offlc.
2846 4008 3091 4087 judicis,
3122 4029 3201 4072 ex
3227 4031 3350 4092 quo
3381 4012 3552 4073 nasci
3594 4032 3715 4093 po-

2146 4099 2269 4158 test
2300 4098 2442 4158 talis
2473 4098 2788 4178 obligatio,
2819 4100 2873 4161 si
2912 4121 3050 4182 0001
3095 4109 3210 4179 031,
3254 4110 3319 4166 01
3361 4105 3499 4167 ideo
3536 4105 3715 4168 illam

2147 4190 2395 4252 remitto
2421 4192 2490 4251 in
2513 4194 2574 4253 2.
2605 4194 2668 4269 2,
2694 4200 2911 4273 quaest.
2938 4195 3017 4255 62
3044 4201 3108 4257 et
3133 4199 3233 4258 67.
3256 4198 3489 4260 Deinde
3508 4206 3715 4278 posset

2146 4283 2336 4344 etiam
2353 4284 2609 4363 inquiri,
2635 4287 2882 4365 quando
2908 4307 3107 4367 poenoe
3133 4291 3625 4371 multiplicantur
3643 4294 3713 4354 in

2145 4376 2449 4439 distinctis
2475 4378 2737 4458 legibus,
2778 4400 2860 4443 an
2897 4383 3021 4444 sint
3046 4401 3262 4446 omnes
3288 4385 3711 4466 imponendae,

2142 4485 2252 4529 seu
2275 4470 2675 4549 exequendae,
2705 4473 2805 4535 vel
2832 4473 3026 4536 altera
3052 4481 3320 4539 tantum.
3348 4479 3523 4552 Quod
3552 4487 3715 4542 trac-

2140 4565 2277 4622 tant
2307 4563 2569 4641 juristae,
2612 4565 2692 4626 ad
2722 4583 2877 4645 quos
2915 4567 3034 4628 1100
3076 4571 3275 4648 010313
3314 4573 3612 4650 pertinet,
3643 4580 3714 4634 ut

2140 4654 2367 4716 Bartol.
2390 4656 2457 4716 in
2475 4656 2598 4736 leg.
2622 4659 2687 4733 2,
2707 4659 2774 4720 ff.
2800 4659 2878 4720 de
2892 4661 2971 4721 Vi
2983 4661 3128 4725 bon.
3147 4669 3415 4743 raptor.;
3434 4666 3707 4742 Anania,

2139 4746 2207 4807 10
2234 4767 2369 4828 cap.
2405 4749 2574 4823 Quod
2611 4752 2778 4829 olim,
2807 4753 2884 4815 de
2919 4754 3142 4834 Judae.;
3177 4757 3431 4833 Navar.,
3463 4759 3532 4819 10
3560 4778 3711 4821 con-

2137 4839 2235 4900 sil.
2269 4843 2344 4902 10
2379 4841 2456 4902 de
2492 4844 2725 4920 Const.,
2757 4850 2820 4905 et
2858 4847 3110 4925 attingit
3148 4848 3216 4910 10
3245 4867 3380 4929 cap.
3421 4851 3535 4914 Ita
3563 4872 3708 4932 quo—

2135 4933 2436 5007 rwmdam,
2468 4934 2544 4996 de
2572 4936 2793 4998 10000·
2776 4937 2986 5015 ,Glos.
3031 4940 3262 5018 ultim„
3295 4961 3361 5004 n.
3396 4945 3502 5021 24,
3534 4946 3619 5007 29
3646 4953 3709 5007 et

2137 5023 2236 5085 30.
2284 5024 2561 5088 Breviter
2602 5033 2811 5091 tamen
2857 5028 3018 5106 dico,
3055 5032 3109 5093 31
3153 5032 3321 5112 leges
3366 5035 3503 5141 ipso
3536 5037 3705 5098 facto

2134 5115 2458 5196 imponant
2485 5119 2752 5182 diversas
2782 5140 3018 5202 poenas,
3048 5135 3199 5186 tunc
3224 5144 3439 5189 omnes
3466 5129 3706 5192 incurri

2132 5225 2244 5286 per
2276 5209 2440 5271 idem
2471 5210 2784 5289 delictum,
2812 5214 2913 5276 vel
2937 5222 3104 5292 ante,
3132 5218 3235 5280 vel
3259 5225 3394 5298 post
3418 5220 3705 5283 declara-

2130 5300 2391 5378 tionem,
2410 5303 2591 5381 juxta
2621 5306 2813 5368 verba
2838 5306 3013 5387 legis.
3038 5309 3361 5386 Probatur,
3392 5312 3542 5391 quia
3570 5331 3699 5374 11011

2130 5397 2223 5453 031
2247 5395 2446 5475 major
2470 5397 2630 5458 ratio
2667 5398 2744 5460 de
2784 5419 2913 5461 una
2952 5418 3136 5480 poena
3174 5421 3363 5482 quam
3405 5404 3487 5466 de
3526 5405 3698 5466 alia·

2128 5501 2276 5564 ergo
2307 5488 2408 5549 vel
2447 5494 2691 5568 neutra,
2737 5492 2837 5556 vel
2869 5499 3131 5574 utraque
3167 5494 3533 5561 incurritur.
3567 5498 3703 5562 Pri·
