3976 6219
476 393 598 454 552

473 503 669 560 notat.
701 496 871 558 Idem
897 500 989 556 est
1015 494 1091 558 de
1129 497 1331 558 forma
1355 496 1657 559 servanda
1689 496 1756 557 in
1779 495 2034 558 ferenda

1373 395 1491 449 Lm.
1525 395 1587 449 V.
1622 394 1703 448 DE
1734 392 2092 446 VAmE'rATE
2121 392 2333 448 mem!
2363 390 2774 446 mammon.

2114 496 2302 558 tentia
2332 499 2401 557 at
2425 499 2597 558 actus
2632 493 2721 555 sit
2745 490 3059 554 nullas.—
3076 490 3334 565 Quando
3362 507 3514 571 ergo
3541 491 3713 554 irri-

472 590 778 652 sententia
814 589 1489 666 excommunicationis,
1509 591 1691 669 juxta
1719 594 1851 667 cap.
1887 592 1915 648 1
1953 588 2031 648 de
2109 588 2263 648 tatio
2290 605 2416 647 non
2450 592 2542 647 est
2563 584 2824 665 poenalis
2852 584 3087 645 clarum
3117 590 3208 645 est
3237 604 3364 645 non
3394 604 3524 646 esse
3575 603 3709 646 ne-

471 682 790 745 Sententia
821 683 1498 759 excommunicationis,
1530 682 1598 742 in
1625 682 1686 757 6,
1726 688 1788 742 et
1823 681 1910 741 ita
1940 680 2032 741 lo-

473 780 752 856 quuntur
791 774 962 835 citati
1001 781 1301 853 auctores,
1344 777 1452 855 qui
1490 780 1703 836 tamen
1741 773 2031 835 videntur

473 866 643 928 aliud
683 866 1034 928 membrum
1062 867 1372 945 omisisse3
1418 886 1567 929 nam
1592 866 1908 928 interdum
1933 884 2028 925 so-

472 960 761 1023 lemnitas
792 960 1129 1039 requiritur
1165 966 1309 1022 ante
1342 967 1578 1038 actum,
1603 967 1674 1021 ut
1707 960 1776 1021 in
1798 960 2032 1021 aliena-

474 1052 644 1114 tione
693 1069 903 1113 rerum
968 1053 1519 1115 ecclesiasticarum
1566 1052 2035 1133 praerequiritur

473 1150 812 1223 tractatus3
850 1146 919 1205 in
957 1145 1256 1208 electione
1289 1165 1438 1208 vero
1464 1146 1784 1225 inquisitio
1811 1145 1909 1206 vel
1937 1146 2035 1205 in-

473 1240 787 1302 formatio.
826 1239 1124 1301 Existimo
1160 1245 1372 1302 autem
1404 1240 1590 1319 juxta
1617 1245 1889 1301 mentem
1923 1238 2036 1300 ho-

472 1350 617 1393 rum
639 1337 960 1393 auctorum
999 1332 1161 1394 hanc
1188 1333 1645 1395 solemnitatem
1667 1331 2035 1394 anteceden-

444 1462 450 1475 ·
473 1430 603 1485 tem
634 1424 1072 1504 comprehendi
1107 1425 1173 1487 in
1201 1427 1404 1506 primo
1428 1426 1709 1488 membro
1735 1431 2035 1503 tanquam

472 1517 887 1597 pertinentem
930 1517 1010 1577 ad
1037 1518 1442 1580 substantiam
1466 1523 1661 1580 actus.
1697 1517 1869 1591 Quod
1897 1534 2037 1577 sen-

473 1608 552 1670 sit
581 1609 746 1671 Bart.
780 1627 988 1689 supra,
1016 1615 1078 1669 et
1103 1610 1171 1670 in
1191 1609 1237 1671 1.
1270 1610 1379 1672 Ita
1405 1611 1567 1690 quis,
1593 1610 1631 1689 ξ
1657 1610 1768 1671 Ea:
1795 1610 1940 1687 leae,
1962 1607 2033 1669 fl.

475 1701 552 1762 de
578 1701 928 1763 Verborum
958 1699 1474 1780 obligationibus3
1515 1719 1797 1781 expresse
1837 1700 2033 1762 Felin.

472 1793 542 1854 in
565 1794 728 1855 dicto
754 1812 888 1873 cap.
924 1792 1075 1857 Cum
1102 1795 1341 1868 dilecta,
1372 1813 1439 1857 ιι.
1472 1796 1535 1870 6,
1573 1793 1744 1856 verb.
1774 1794 1868 1855 Et
1897 1793 2039 1857 hinc

474 1893 581 1951 cst.
606 1888 683 1947 Et
706 1887 867 1948 ratio
892 1892 1005 1963 est,
1036 1887 1183 1967 quia
1215 1892 1364 1948 tunc
1396 1892 1566 1948 actus
1593 1891 1877 1948 censetur
1903 1903 2037 1947 mo-

471 1978 687 2041 raliter
702 1978 972 2058 incipere
1000 1997 1039 2040 a
1059 1978 1172 2040 tali
1203 1979 1589 2041 solemnitate
1610 1979 2038 2051 antecedente,

475 2078 538 2134 et
558 2072 694 2150 jam
720 2077 870 2131 tunc
902 2071 1004 2132 lex
1036 2071 1264 2131 resistit
1297 2070 1550 2147 actioni,
1594 2072 1646 2132 si
1681 2071 1859 2132 aliter
1898 2071 2032 2132 fiat.

474 2165 576 2227 Sic
615 2182 763 2243 ergo
808 2163 1115 2225 declarata
1158 2163 1291 2225 haec
1329 2164 1620 2225 limitatio
1660 2170 1723 2225 et
1758 2163 2041 2224 doctrina

474 2256 793 2337 probanda
830 2256 1096 2333 videtur,
1142 2261 1205 2317 et
1242 2256 1444 2335 quoad
1472 2257 1809 2318 secundum
1840 2274 2036 2317 mem-

474 2349 661 2410 brum
696 2348 773 2410 de
813 2348 1167 2409 conditione
1206 2349 1639 2427 subsequente,
1674 2356 1766 2410 est
1799 2348 2039 2409 favora-

473 2441 637 2518 bilis,
663 2448 725 2503 et
746 2459 874 2502 non
901 2440 1142 2519 indiget
1167 2459 1328 2501 nova
1350 2441 1750 2521 expositione.

554 2538 618 2596 4.
660 2535 1086 2597 Irritatiomm
1109 2533 1430 2614 aliquando
1457 2552 1578 2597 esse
1615 2534 1930 2613 poenalm,
1972 2537 2040 2596 at

468 2629 808 2711 plurimam
846 2644 966 2688 non
1005 2643 1148 2689 osse.
1175 2658 1255 2670 —-
1294 2625 1465 2687 Circa
1517 2626 1779 2687 alterum
1829 2631 2041 2686 autem

476 2718 828 2783 membrum
849 2718 925 2779 de
952 2718 1153 2780 forma
1182 2718 1479 2798 requisita
1505 2720 1571 2779 in
1616 2719 1879 2799 ipsomet
1897 2723 2041 2779 actu

477 2831 624 2874 cum
643 2811 917 2874 clausula
931 2811 1212 2871 irritante
1230 2828 1547 2872 occurrere
1569 2816 1823 2890 possunt
1845 2828 2042 2889 quaes·

475 2906 697 2968 tiones.
727 2904 866 2964 Una
913 2907 1004 2962 est
1055 2920 1139 2962 an
1190 2902 1453 2962 irritatio
1507 2902 1614 2962 illa
1656 2901 2044 2980 intelligatur

357 3053 361 3057 .
476 2998 611 3078 ipso
630 2997 774 3076 jure
797 2994 1006 3055 induci
1034 2994 1244 3055 statim
1265 3000 1327 3054 et
1353 2999 1498 3055 ante
1519 3012 1770 3055 omnem
1797 2999 2044 3054 senten-

475 3091 653 3166 tiam,
681 3087 783 3150 vel
813 3086 1166 3167 requiratur
1195 3086 1502 3148 sententia
1525 3086 1742 3149 saltem
1770 3085 2042 3148 declara·

474 3182 638 3244 toria
663 3180 805 3241 talis
832 3179 1125 3241 defectus.
1152 3181 1223 3239 In
1255 3196 1380 3258 qua
1406 3179 1675 3240 breviter
1706 3179 2041 3239 dicendum

477 3280 571 3337 est
596 3273 1007 3335 irritationem
1034 3271 1198 3333 hanc
1222 3272 1591 3351 regulariter
1616 3289 1745 3332 non
1766 3290 1895 3332 esse
1912 3290 2044 3350 poe-

475 3365 709 3441 nalem,
739 3370 812 3425 ut
846 3383 957 3444 per
983 3382 1047 3426 se
1074 3369 1337 3441 constat,
1369 3364 1516 3443 quia
1544 3382 1656 3444 per
1683 3381 1748 3424 se
1774 3363 2042 3442 imponi·

476 3468 605 3533 tur,
650 3456 752 3519 vel
794 3457 999 3536 potius
1047 3457 1322 3536 sequitur
1375 3474 1450 3517 ex
1500 3456 1741 3517 defectu
1795 3454 2035 3530 formae,

477 3550 720 3614 etiamsi
774 3549 957 3629 culpa
1010 3568 1138 3610 non
1186 3549 1526 3611 intercedat
1556 3570 1574 3623 ;
1635 3548 2043 3609 nihilominus

476 3644 810 3724 aliquando
840 3660 1015 3723 posse
1066 3659 1196 3702 esse
1240 3642 1307 3702 in
1358 3659 1628 3720 poenam.
1669 3641 2041 3719 Exemplum

475 3737 640 3798 sumi
669 3740 868 3815 potest
897 3753 974 3795 ex
1001 3749 1145 3811 cap:
1166 3735 1382 3809 Novit,
1415 3733 1491 3793 de
1524 3734 1604 3793 Iis
1631 3750 1768 3811 quae
1802 3732 1964 3793 fiunt
2005 3751 2045 3793 a

474 3827 730 3910 praelato
756 3828 890 3888 sine
916 3843 1215 3886 consensu
1242 3825 1530 3904 Capituli,
1551 3824 1659 3885 ubi
1689 3821 2044 3904 'praecipitur

475 3921 794 4001 Episcopis
816 3937 896 3981 ne
921 3919 1249 3979 instituant
1273 3918 1372 3979 vel
1409 3918 1743 3979 destituant
1774 3917 2044 3979 Abbates

475 4015 610 4075 sine
654 4030 906 4074 suorum
949 4011 1214 4072 fratrum
1265 4011 1518 4071 consilio
1547 4016 1610 4071 et
1652 4029 1925 4086 assensu,
1978 4017 2042 4072 et

474 4111 689 4188 postea
719 4105 1045 4166 irritantur
1082 4109 1254 4164 actus
1293 4102 1384 4163 illi
1433 4103 1484 4163 si
1516 4102 1696 4163 aliter
1723 4102 1900 4179 fiant,
1931 4103 2042 4163 ubi

473 4198 673 4260 Gloss.
689 4197 804 4258 ult.
826 4202 1003 4258 notat
1020 4195 1158 4256 illas
1177 4195 1551 4257 irritationes
1571 4213 1701 4256 esse
1721 4196 1855 4275 ipso
1871 4197 2038 4274 jure,

477 4291 640 4353 male
691 4297 900 4352 autem
955 4289 1094 4350 illas
1146 4288 1369 4349 fundat
1417 4290 1485 4348 in
1517 4287 1563 4348 1.
1597 4291 1744 4353 Non
1770 4290 2035 4365 dubiam,

476 4383 625 4464 quia
651 4386 745 4461 (ut
770 4401 956 4463 supra
978 4381 1129 4458 dixi)
1160 4399 1381 4461 parum
1405 4380 1515 4441 illa
1547 4380 1786 4442 confert
1823 4381 1900 4443 ad
1931 4400 2041 4442 ca-

475 4494 670 4537 nones
720 4474 1262 4554 interpretandos:
1310 4481 1455 4534 sunt
1500 4492 1647 4553 ergo
1695 4474 1828 4554 ipso
1870 4474 2039 4579 jure,

474 4568 622 4648 quia
639 4568 725 4628 ibi
755 4568 902 4628 satis
920 4566 1306 4647 exprimitur.
1333 4565 1509 4640 Quod
1536 4572 1745 4627 autem
1768 4566 1916 4627 illa
1899 4567 2041 4627 irri-

472 4661 626 4722 tatio
654 4660 842 4721 fuerit
869 4659 1151 4739 poenalis,
1183 4659 1406 4720 clarius
1430 4658 1744 4738 colligitur
1771 4677 1849 4720 ex
1879 4659 2041 4721 inte-

472 4770 588 4833 gra
621 4752 690 4813 in
716 4751 855 4814 coll.
890 4750 1016 4826 1,1.
1051 4754 1113 4826 3,
1141 4752 1239 4812 tit.
1270 4754 1333 4826 9,
1364 4769 1498 4829 cap.
1531 4753 1593 4827 4,
1626 4752 1735 4812 ubi
1774 4751 1861 4811 sic
1888 4751 2036 4812 dici·

469 4851 576 4907 tur
610 4860 627 4906 ε
663 4845 833 4919 Quod
854 4846 913 4907 si
954 4848 1117 4922 forte
1143 4848 1349 4907 contra
1385 4845 1851 4923 prohibitionem
1893 4863 2038 4906 nos-

469 4942 634 5001 tram
661 4941 953 5000 attentare
970 4937 1454 5016 praesumpseris,
1478 4954 1587 4999 nos
1613 4937 1763 4999 tales
1789 4938 2039 5000 institu-

467 5031 680 5105 tiones,
706 5035 822 5091 etc.
831 5072 852 5104 ,
873 5029 1231 5091 auctoritate
1248 5027 1588 5108 [apostolica
1619 5046 1949 5105 cassamus,
1981 5033 2037 5092 et

469 5122 634 5185 omni
677 5121 882 5183 robore
931 5125 987 5183 et
1020 5119 1354 5183 stabilitate
1396 5137 1595 5184 carere
1644 5122 2032 5184 decmimas.

467 5215 747 5279 Pondero
774 5213 943 5275 enim
976 5212 1239 5275 verbum
1277 5216 1736 5294 praesumpseris
1744 5237 1772 5285 ,·
1810 5231 1886 5274 ex
1928 5214 2037 5275 illo

375 5324 385 5330 ·
467 5309 638 5369 enim
661 5307 807 5366 satis
835 5311 1072 5366 constat
1094 5305 1507 5367 irritationem
1539 5305 1689 5366 ferri
1712 5307 1781 5366 in
1820 5307 2036 5367 odium

377 5395 382 5402 “
466 5399 900 5461 inobedientiae
929 5406 991 5460 et
1017 5399 1540 5477 transgressionis.

547 5494 606 5553 δ.
633 5492 717 5555 In
736 5493 1082 5555 irritatione
1097 5510 1214 5555 aon
1222 5492 1450 5571 poenali
1466 5509 1584 5554 noa
1600 5509 1720 5554 esse
1739 5509 1887 5571 opus
1907 5483 2038 5553 sem

2114 681 2440 743 cessariam
2463 678 2835 740 sententiam
2860 676 3055 738 ullam
3078 682 3149 737 ut
3172 684 3344 738 actus
3372 679 3453 739 sit
3472 678 3706 739 nullus

2116 793 2190 836 eo
2220 773 2405 835 modo
2431 790 2555 852 quo
2590 789 2700 851 per
2723 770 2928 849 legem
2970 770 3268 831 irritatur.
3303 771 3458 843 Quia
3494 770 3577 831 ad
3610 770 3709 830 il·

2117 866 2242 928 lam
2278 866 2627 926 nullitatem
2678 881 2788 942 per
2834 881 2899 923 se
2936 881 3063 924 non
3097 863 3437 942 requiritur
3471 864 3700 943 culpa,

2116 960 2221 1020 sed
2263 959 2536 1020 defectus
2575 957 2790 1018 formae
2818 956 3079 1033 sufficit3
3107 973 3225 1016 nec
3252 962 3345 1017 est
3370 957 3497 1017 ulla
3521 958 3702 1018 ratio

2114 1071 2225 1115 cur
2266 1052 2573 1114 sententia
2615 1050 2956 1111 necessaria
2999 1049 3100 1124 sit,
3144 1049 3267 1109 nisi
3306 1049 3375 1109 in
3421 1050 3703 1129 ipsamet

2111 1146 2249 1224 lege
2278 1144 2620 1205 formaliter
2641 1142 2741 1204 vel
2761 1142 2989 1204 virtute
3016 1141 3383 1221 postuletur,
3404 1143 3587 1221 juxta
3608 1161 3700 1204 ea

2112 1255 2250 1317 quae
2299 1237 2366 1297 in
2413 1236 2695 1315 sequenti
2741 1234 3190 1314 quaestiuncula
3243 1234 3546 1296 dicentur.
3602 1237 3702 1296 At

2110 1347 2258 1392 vero
2293 1329 2541 1408 quando
2581 1333 2675 1390 est
2721 1327 2984 1388 irritatio
3025 1326 3309 1406 poenalis,
3348 1327 3547 1387 videri
3574 1346 3700 1406 po-

2113 1427 2232 1483 test
2252 1421 2566 1501 probabile
2588 1420 3018 1500 applicandam
3043 1438 3173 1481 esse
3210 1419 3492 1498 regulam
3524 1419 3699 1499 legis

2113 1514 2399 1594 poenalis,
2423 1513 2676 1589 scilicet,
2698 1520 2830 1573 non
2866 1512 3100 1574 incurri
3127 1519 3272 1573 ante
3307 1514 3698 1574 sententiam

2113 1606 2605 1682 declaratoriam,
2655 1605 2897 1666 etiamsi
2924 1606 3056 1685 ipso
3076 1606 3221 1684 jure
3250 1606 3377 1668 lata
3403 1607 3505 1682 sit,
3540 1607 3699 1668 licet

2115 1698 2587 1761 retrotrahenda
2627 1698 2707 1759 sit
2754 1704 2968 1777 postea
3013 1700 3320 1759 sententia
3360 1718 3554 1804 usque
3604 1700 3697 1759 ad

2115 1791 2365 1853 initium
2401 1796 2593 1852 actus.
2625 1790 3039 1852 Nihilominus
3081 1795 3319 1866 tamen,
3353 1791 3500 1870 quia
3548 1791 3695 1852 baec

2114 1902 2299 1964 poena
2325 1902 2455 1945 non
2481 1889 2573 1945 cst
2617 1901 2773 1963 pura
2799 1901 3006 1964 poena,
3037 1882 3145 1944 sed
3182 1883 3444 1944 includit
3493 1883 3692 1944 etiam

2114 1978 2423 2040 defectum
2450 1976 2870 2038 substantialis
2907 1978 3143 2052 formae,
3193 1976 3356 2054 ideo,
3384 1977 3696 2081 regulari-

2111 2077 2207 2133 ter
2231 2069 2566 2149 loquend0,
2598 2069 2977 2148 probabilius
3000 2069 3247 2130 videtur
3292 2069 3530 2130 incurri
3566 2076 3691 2130 sta-

2114 2164 2229 2225 tim
2258 2182 2335 2224 ex
2361 2163 2467 2224 illo
2507 2162 2729 2242 capite,
2764 2161 2910 2222 licet
2935 2161 3096 2222 ratio
3121 2179 3325 2242 poenae
3356 2179 3486 2222 non
3521 2161 3691 2221 suffi-

2115 2262 2300 2318 ceret.
2340 2256 2480 2316 Dico
2517 2261 2723 2315 autem
2752 2255 3141 2332 royano-icor,
3173 2254 3323 2332 quia
3362 2271 3435 2313 ex
3474 2253 3685 2314 verbis

2114 2350 2271 2428 legis
2293 2349 2519 2429 poterit
2550 2349 2708 2409 forte
2736 2347 3049 2408 interdum
3097 2347 3376 2427 exceptio
3418 2346 3578 2415 fieri,
3612 2353 3688 2406 ut

2117 2444 2181 2503 in
2208 2444 2373 2503 dicto
2392 2460 2526 2521 cap.
2550 2441 2744 2507 Novit
2766 2440 3027 2501 verbum
3046 2439 3199 2501 illud
3217 2440 3691 2519 proesampseris

2119 2535 2350 2596 indicat
2379 2535 2578 2613 (juxta
2604 2550 2999 2594 communem
3029 2532 3399 2609 doctrinam)
3431 2549 3692 2612 poenam

2119 2627 2293 2688 illam
2316 2645 2444 2687 non
2462 2625 2697 2686 incurri
2728 2625 2778 2685 si
2806 2624 3080 2685 defectus
3106 2626 3526 2685 committatur
3544 2624 3695 2684 sine

2120 2719 2598 2800 praesumptione
2643 2735 2721 2778 ex
2763 2717 3135 2795 ignorantia,
3182 2715 3284 2776 vel
3324 2716 3447 2777 alia
3486 2715 3696 2775 simili

2121 2811 2524 2890 negligentia,
2559 2815 2623 2870 et
2660 2814 3101 2888 consequenter
3127 2808 3360 2868 indicat
3387 2807 3561 2868 illam
3589 2826 3692 2868 so-

2119 2904 2504 2966 lemnitatem
2533 2921 2661 2963 non
2707 2920 2835 2964 esse
2880 2901 3372 2977 substantialem,
3406 2902 3512 2963 sed
3552 2920 3688 2963 esse

2119 3003 2368 3058 tantum
2396 2996 2757 3075 requisitam
2785 2995 2900 3056 sub
2929 2994 3037 3056 illa
3065 3013 3274 3075 poena,
3300 3000 3360 3055 et
3386 2994 3521 3055 ideo
3541 3013 3682 3073 pro-

2120 3089 2325 3151 babile
2367 3094 2459 3150 est
2490 3095 2642 3150 tunc
2679 3107 2806 3150 non
2841 3088 3077 3149 incurri
3126 3092 3271 3150 ante
3316 3087 3685 3149 sententiam

2120 3182 2611 3244 declaratoriam.

2205 3275 2266 3335 6.
2310 3273 2413 3336 An
2431 3276 2738 3353 proedictoe
2765 3275 2921 3355 leges
2940 3273 3189 3336 irritent
3214 3274 3282 3334 in·
3306 3273 3678 3335 conscientia.

2121 3400 2204 3413 —
2220 3367 2359 3427 Alia
2384 3368 2636 3446 quaestio
2664 3385 2793 3428 esse
2823 3373 3020 3446 potest
3062 3385 3144 3427 an
3188 3366 3286 3426 hoe
3333 3365 3502 3443 leges
3544 3365 3688 3425 irri-

2121 3464 2325 3520 tantes
2353 3477 2431 3520 ex
2458 3459 2699 3520 defectu
2727 3459 2943 3520 formae
2993 3459 3238 3520 irritent
3285 3459 3542 3518 omnino
3586 3477 3687 3518 ac-

2123 3556 2283 3627 tum,
2315 3552 2502 3612 etiam
2536 3552 2738 3631 quoad
2766 3551 3208 3629 obligationem
3243 3550 3589 3611 naturalem
3615 3551 3687 3610 in

2124 3643 2516 3719 conscientia,
2545 3643 2645 3704 vel
2671 3648 2918 3704 tantum
2943 3644 3011 3704 in
3038 3643 3172 3704 foro
3208 3642 3518 3704 exteriori.
3566 3642 3686 3702 Sed

2123 3737 2200 3796 de
2226 3734 2341 3796 hac
2370 3737 2707 3814 quaestione
2735 3736 2933 3796 multa
2960 3741 3107 3797 sunt
3131 3741 3292 3796 tacta
3318 3735 3386 3794 in
3412 3735 3685 3813 superio-

2120 3829 2317 3905 ribus,
2367 3835 2429 3890 et
2462 3830 2531 3888 in
2563 3835 2829 3892 tractatu
2881 3830 2959 3890 de
2999 3830 3237 3890 Juram.
3278 3828 3324 3888 l.
3361 3830 3421 3889 2.
3463 3829 3540 3888 Et
3581 3829 3687 3888 vix

2124 3927 2323 4000 potest
2353 3922 2420 3981 in
2447 3940 2521 3983 ea
2550 3921 2855 4000 generalis
2889 3921 3109 4000 regula
3136 3921 3346 3997 statui,
3377 3921 3522 4000 quia
3546 3939 3683 3998 pos-

2124 4019 2270 4075 sunt
2296 4014 2464 4092 leges
2493 4020 2757 4093 utroque
2784 4014 2969 4075 modo
2996 4013 3166 4082 ferri,
3207 4020 3269 4073 et
3313 4013 3451 4074 ideo
3496 4013 3683 4073 verba

2124 4124 2340 4168 earum
2376 4111 2436 4167 et
2466 4107 2750 4182 materia,
2794 4124 2867 4166 ac
2892 4106 3369 4167 circumstantiae
3411 4105 3686 4166 conside-

2122 4198 2320 4259 randa
2348 4205 2493 4259 sunt
2521 4199 2600 4260 ad
2635 4198 3111 4260 discernendum
3151 4197 3512 4258 irritationis
3556 4215 3686 4257 mo-

2122 4290 2297 4365 dum,
2326 4296 2396 4350 ut
2418 4290 2579 4351 sumi
2603 4296 2806 4369 potest
2836 4308 2913 4350 ex
2941 4291 3087 4351 Cov.
3111 4290 3177 4350 in
3208 4308 3343 4369 cap.
3375 4290 3684 4364 Quamvis,

2119 4385 2159 4444 2
2184 4402 2246 4462 p.
2255 4429 2275 4459 ,
2301 4382 2338 4462 ξ
2363 4385 2426 4458 4,
2450 4388 2513 4444 et
2538 4382 2767 4444 Molina
2785 4386 3030 4442 tractat.
3058 4383 3098 4442 2
3121 4382 3197 4442 de
3209 4381 3433 4454 Instit.,
3453 4381 3680 4460 disput.

2120 4475 2192 4536 81
2226 4480 2291 4536 et
2322 4477 2422 4536 88.
2458 4475 2633 4549 Quod
2674 4474 2944 4535 maxime
2970 4474 3180 4535 locum
3207 4473 3437 4535 habere
3469 4491 3685 4535 censeo

2118 4567 2188 4627 in
2219 4567 2460 4646 legibus
2488 4566 2803 4641 civilibus;
2842 4585 2992 4627 nam
3020 4566 3188 4645 leges
3221 4565 3449 4627 divinae
3475 4566 3686 4645 positi-

2117 4678 2210 4721 vae
2266 4661 2656 4722 instituentes
2704 4659 3135 4721 substantiales
3173 4659 3405 4720 formas
3446 4658 3684 4738 aliquo-

2117 4771 2259 4813 rum
2278 4758 2555 4828 actuum,
2586 4751 2825 4813 clarum
2853 4757 2947 4813 est
2973 4756 3420 4830 consequenter
3442 4751 3686 4811 irritare

2118 4844 2328 4906 statim
2384 4863 2453 4905 ac
2492 4845 2626 4924 ipso
2669 4844 2832 4906 facto
2861 4851 2922 4906 et
2947 4846 3017 4905 in
3048 4845 3424 4906 conscientia
3471 4848 3683 4905 actum

2116 4937 2216 4998 cui
2248 4935 2455 4998 deficit
2478 4937 2620 4998 talis
2644 4938 2846 4998 forma
2866 4937 3132 5016 integra,
3159 4942 3230 4997 ut
3246 4941 3418 5017 patet
3449 4954 3526 4996 ex
3551 4953 3685 4996 ma-

2116 5030 2273 5091 teria
2291 5029 2368 5091 de
2393 5029 2806 5091 Sacramentis
2833 5034 2896 5090 et
2918 5028 3238 5090 sacrificio.
3257 5026 3490 5089 Deinde
3516 5028 3683 5090 idem

2116 5122 2315 5182 sentio
2360 5121 2440 5182 de
2493 5121 2736 5200 legibus
2787 5121 3119 5198 canonicis,
3169 5124 3473 5199 quatenus
3505 5120 3686 5181 insti·

2115 5219 2301 5274 tuunt
2326 5214 2559 5274 formas
2585 5213 2839 5288 similes,
2882 5213 3155 5275 maxime
3182 5211 3237 5272 si
3255 5211 3568 5290 attingant
3586 5230 3682 5272 sa-

2115 5311 2575 5366 cramentorum
2601 5306 2888 5366 materias
2910 5304 3119 5384 aliquo
3140 5303 3348 5379 mod0,
3370 5304 3469 5364 vel
3491 5304 3681 5363 etiam

2114 5398 2678 5473 sacramentalium,
2709 5397 3105 5478 proportione
3149 5401 3411 5457 servata.
3452 5397 3542 5455 lta
3590 5395 3683 5454 vi-

2112 5489 2258 5552 dere
2283 5490 2429 5551 licet
2455 5490 2523 5550 in
2550 5491 2938 5553 solemnitate
2960 5488 3354 5552 substantiali
3379 5488 3682 5568 requisita
