3976 6219
1003 376 1137 429 cAP.
1175 377 1299 429 vm.
1335 375 1721 430 COROLLARIA
1754 378 1839 430 Ex
1873 378 2277 431 PRAECEDENTI
2309 377 2635 440 DOCTRINA,
2669 378 2804 430 ETC.

305 478 401 540 nis
432 495 560 538 non
588 481 679 537 est
706 483 957 537 auctum
992 476 1147 537 illud
1174 477 1507 556 imperium
1535 479 1740 560 quoad
1760 478 1870 557 ju-

308 571 726 632 risdictionem
769 569 1177 649 temporalem
1221 576 1283 630 et
1326 571 1619 632 directam
1659 573 1726 632 in
1767 589 1869 631 eas

310 664 654 743 provincias
693 663 1000 737 Ecclesiae,
1045 663 1113 723 in
1146 682 1297 742 quas
1329 669 1512 724 antea
1543 664 1713 724 illam
1741 681 1871 723 non

314 755 602 817 habebat.
640 755 988 817 Secundum
1009 761 1241 831 autem,
1272 756 1521 832 scilicet,
1552 755 1667 817 hoc
1693 755 1872 817 aliter

311 848 446 910 fieri
495 866 623 909 non
667 849 958 928 potuisse,
1011 853 1202 928 patet,
1245 848 1389 926 quia
1435 848 1719 909 Pontifex
1745 866 1871 908 non

308 946 512 1021 potest
539 959 652 1020 pro
680 959 790 1001 suo
817 940 1072 1001 arbitrio
1094 946 1339 1002 mutare
1368 959 1582 1020 regna,
1610 942 1706 1002 vel
1729 941 1874 1001 sub·

304 1036 494 1115 jicere
542 1035 968 1115 temporaliter
1010 1053 1084 1095 ea
1129 1053 1267 1113 quae
1312 1034 1507 1095 libera
1551 1039 1719 1110 sunt,
1766 1033 1873 1095 sed

311 1129 510 1190 solum
530 1127 777 1207 quando
796 1127 954 1188 ratio
976 1127 1310 1207 spiritualis
1328 1127 1476 1187 boni
1491 1127 1554 1187 id
1581 1126 1868 1207 postulet,

310 1241 424 1302 per
455 1239 808 1302 supremam
859 1225 1224 1300 potestatem
1276 1220 1681 1301 spiritualem,
1733 1237 1872 1298 quae

306 1315 422 1377 hoc
449 1316 638 1399 modo,
664 1315 742 1375 ad
768 1313 1136 1393 temporalia
1162 1313 1533 1376 extenditur.
1562 1315 1736 1374 Tunc
1762 1331 1872 1373 au-

305 1416 434 1470 tem
478 1408 650 1469 nulla
693 1413 825 1468 erat
859 1407 1018 1467 ratio
1059 1406 1345 1467 mutandi
1371 1406 1652 1467 ordinem
1687 1406 1871 1485 juris-

307 1501 648 1563 dictionum
685 1500 1117 1580 temporalium
1148 1518 1510 1579 regnorum‚
1540 1518 1653 1560 nec
1678 1500 1868 1579 subji-

305 1595 510 1657 ciendi
545 1593 903 1675 imperatori
938 1611 1133 1671 regna
1163 1593 1382 1669 libera,
1413 1593 1466 1653 si
1488 1610 1625 1671 quae
1651 1597 1860 1653 erant:

307 1707 457 1766 ergo
481 1707 608 1749 non
634 1692 726 1749 est
752 1685 1102 1747 verosimile
1131 1686 1402 1765 potuisse
1423 1702 1589 1745 nunc
1614 1684 1866 1745 Pontifi-

305 1800 440 1842 cem
469 1786 708 1841 tantam
731 1779 1136 1839 mutationem
1160 1777 1382 1854 facere,
1404 1778 1722 1858 multoque
1749 1778 1866 1838 mi-

304 1892 425 1934 nus
454 1872 742 1934 credibile
776 1878 866 1932 est
894 1871 956 1931 id
984 1870 1219 1931 fecisse.
1666 1924 1671 1929 .

387 1969 484 2028 13.
535 1968 687 2041 lm0,
731 1966 1015 2026 existimo
1043 1982 1121 2025 ex
1154 1964 1218 2023 vi
1255 1963 1422 2023 illius
1452 1963 1867 2025 translationis

303 2077 432 2119 non
462 2059 651 2119 fuisse
686 2058 955 2119 additam
999 2057 1499 2118 immobilitatem
1531 2058 1623 2134 (ut
1655 2058 1738 2118 sic
1765 2057 1864 2117 di-

304 2156 467 2229 cam)
499 2152 778 2213 dominio
805 2151 1155 2229 temporali,
1183 2168 1290 2210 seu
1303 2150 1724 2228 jurisdictioni
1751 2150 1868 2211 im·

301 2245 625 2325 peratoris.
662 2244 751 2304 Ac
791 2243 1051 2304 subinde
1079 2242 1215 2304 fieri
1259 2244 1448 2304 etiam
1487 2243 1756 2322 potuisse
1795 2248 1868 2302 ut

304 2344 440 2419 post
462 2337 570 2398 illa
600 2342 882 2415 tempora
903 2353 1098 2413 regna
1128 2336 1360 2413 aliqua,
1392 2353 1529 2413 quae
1556 2341 1706 2395 tunc
1737 2352 1866 2395 non

305 2438 481 2493 erant
508 2430 764 2491 omnino
785 2428 1003 2502 libera,
1034 2420 1273 2488 fuerint
1287 2427 1481 2487 libera
1505 2427 1743 2501 effecta,
1764 2425 1864 2487 vel

304 2542 414 2604 per
451 2524 553 2602 jus
593 2521 762 2596 belli,
799 2520 895 2581 vel
932 2538 1042 2600 per
1069 2519 1412 2597 legitimam
1459 2519 1864 2598 praescriptio-

304 2634 473 2690 nem,
520 2613 618 2674 vel
654 2617 818 2673 certe
852 2631 963 2692 per
997 2613 1271 2692 ipsorum
1317 2609 1674 2671 Pontificum
1719 2627 1864 2669 con-

304 2709 640 2771 cessionem
663 2725 739 2767 ex
760 2707 921 2784 justa
941 2711 1003 2765 et
1029 2703 1382 2765 rationabili
1404 2721 1586 2763 causa
1607 2702 1855 2763 factam.

306 2803 459 2876 Quia
489 2799 845 2879 temporalis
880 2798 1125 2877 imperii
1151 2795 1491 2876 jurisdictio
1518 2796 1595 2855 de
1626 2814 1689 2857 se
1718 2795 1860 2856 sub-

302 2896 464 2974 jecta
491 2899 583 2954 est
609 2893 705 2953 his
733 2890 1201 2963 mutationibuS,
1226 2896 1289 2949 et
1308 2907 1416 2968 per
1440 2887 1636 2948 solam
1660 2894 1861 2949 trans-

303 2988 601 3050 lationem
646 3004 773 3046 non
823 2990 915 3045 est
962 2983 1339 3044 immobilior
1377 2983 1560 3057 facta,
1610 2982 1755 3060 quia
1795 2982 1863 3042 in

298 3080 724 3164 jurisdictione
743 3078 842 3140 vel
861 3078 929 3139 in
953 3076 1229 3139 dominio
1257 3094 1383 3138 non
1406 3080 1495 3137 est
1519 3079 1720 3150 aucta,
1753 3093 1865 3136 nec

304 3178 371 3237 in
398 3195 462 3238 se
485 3175 744 3249 variata,
779 3173 883 3235 sed
912 3172 1114 3234 solum
1142 3172 1210 3232 in
1236 3170 1643 3250 applicatione
1667 3168 1744 3229 ad
1773 3174 1864 3229 ta-

304 3269 427 3331 lem
472 3284 798 3347 personam
835 3271 897 3326 et
927 3266 1004 3327 ad
1032 3265 1219 3325 talem
1258 3264 1513 3324 modum
1542 3262 1867 3323 successio-

305 3363 423 3423 nis.
463 3360 797 3421 Accessisse
824 3364 1036 3420 autem
1066 3359 1309 3419 videtur
1334 3357 1692 3436 imperatori
1720 3356 1864 3435 qui-

306 3456 448 3516 dam
494 3453 750 3514 honoris
797 3457 860 3513 et
905 3451 1227 3530 dignitatis
1267 3450 1518 3529 gradus,
1548 3449 1679 3527 qui,
1723 3449 1867 3510 licet

264 3537 277 3550 ’
305 3547 662 3627 simpliciter
689 3544 1043 3624 temporalis
1068 3544 1170 3620 sit,
1208 3543 1507 3604 indirecte
1538 3541 1865 3622 participat

310 3640 735 3703 excellentiam
762 3638 1096 3717 spiritualis
1138 3637 1371 3698 ordinis
1415 3654 1523 3717 per
1556 3635 1867 3696 habitudi-

307 3752 452 3795 nem
467 3731 548 3793 ad
567 3730 945 3811 pontificiam
965 3729 1516 3809 dignitatem.Quia
1529 3728 1868 3808 specialiter

309 3828 629 3889 ordinatus
648 3833 742 3888 est
760 3832 831 3886 ut
854 3827 932 3887 sit
958 3831 1263 3905 protector
1281 3830 1343 3885 et
1359 3824 1641 3885 defensor
1662 3823 1867 3885 Eccle-

311 3923 415 3984 siae
439 3927 502 3982 et
526 3919 859 4000 pontificiae
886 3919 1226 3998 dignitatiS,
1258 3924 1320 3978 et
1359 3917 1498 3978 ideo
1526 3916 1870 3995 specialiter

312 4014 709 4094 conjungitur
755 4010 1058 4087 Pontifici,
1099 4016 1161 4070 et
1208 4010 1287 4071 ab
1326 4028 1399 4070 eo
1445 4009 1867 4088 conjungitur,

314 4112 705 4170 consecratur
727 4111 790 4167 et
817 4110 1160 4166 coronatur.
1188 4104 1264 4163 Et
1284 4102 1540 4162 fortasse
1566 4101 1632 4160 in
1655 4100 1873 4160 ordine

315 4202 391 4263 ad
426 4219 570 4262 eum
600 4199 792 4261 finem
817 4194 1190 4258 defendendi
1216 4194 1575 4268 Ecclesiam,
1600 4192 1872 4272 aliquam

316 4294 745 4356 auctoritatem
791 4290 977 4352 habet
1016 4287 1418 4362 convocandi,
1448 4286 1548 4347 vel
1585 4285 1875 4347 movendi

317 4389 624 4468 principes
645 4384 993 4459 catholicos,
1007 4380 1104 4443 vel
1127 4381 1316 4442 etiam
1335 4380 1601 4441 similem
1614 4379 1875 4440 auctori-

319 4488 512 4543 tatem
555 4480 739 4541 habet
788 4478 867 4539 ad
913 4476 1366 4557 componendas
1403 4481 1464 4536 et
1499 4473 1876 4535 dirimendas

322 4574 726 4636 dissensiones
750 4572 912 4632 inter
940 4569 1099 4644 illos,
1125 4569 1234 4629 ubi
1259 4568 1339 4629 ad
1358 4567 1612 4642 vitanda
1631 4566 1793 4627 bella
1815 4572 1877 4627 et

321 4668 549 4729 damna
598 4665 878 4726 Ecclesiae
925 4661 1339 4724 necessarium
1388 4662 1595 4723 fuerit.
1649 4660 1767 4722 Sed
1824 4660 1877 4720 si

323 4761 471 4840 quid
499 4759 687 4819 habet
713 4756 1092 4837 hujusmodi,
1141 4773 1180 4814 a
1217 4752 1509 4814 Pontifice
1540 4753 1605 4812 id
1631 4752 1879 4832 partici-

324 4859 469 4934 pat3
527 4852 916 4931 pertinetque
968 4847 1046 4908 ad
1098 4846 1460 4908 indirectam
1514 4850 1879 4925 potestatem

326 4946 505 5027 quasi
525 4942 991 5005 ministerialem
1008 4946 1071 5002 et
1090 4940 1385 5001 vicariam
1402 4937 1739 5013 PontificiS,
1760 4956 1888 4999 non

327 5042 407 5102 ad
432 5040 729 5101 directam
749 5035 1153 5115 temporalem
1169 5034 1690 5114 jurisdictionem:
1715 5037 1777 5093 et
1802 5032 1890 5093 ita

327 5133 395 5194 in
444 5151 560 5194 usu
600 5130 742 5191 talis
787 5127 1165 5190 auctoritatis
1214 5144 1455 5206 semper
1502 5144 1541 5187 a
1594 5124 1890 5187 Pontifice

329 5226 586 5306 pendet:
633 5226 762 5284 imo
800 5224 930 5284 sine
981 5221 1335 5281 interventu
1375 5219 1683 5280 Pontificis
1711 5218 1892 5279 credo

332 5339 462 5382 aese
489 5318 668 5380 valde
695 5317 1094 5390 inefficacem,
1125 5321 1186 5375 et
1218 5314 1323 5374 vix
1354 5331 1527 5393 posse
1572 5312 1894 5392 obligatio-

332 5431 479 5474 nem
508 5412 838 5473 inducere:
872 5411 940 5470 in
967 5427 1088 5490 qua
1113 5426 1180 5469 re
1206 5407 1345 5468 usui
1373 5413 1436 5468 et
1462 5406 1895 5468 consuetudini

339 5505 633 5568 standum
658 5503 796 5568 erit.
840 5504 984 5566 Haec
1009 5519 1158 5565 vero
1187 5499 1544 5577 auctoritas,
1594 5498 1898 5580 quidquid

3388 372 3508 432 199

1925 475 2027 566 ‘de
2062 476 2167 537 illa
2197 477 2298 553 sit,
2347 496 2472 538 non
2516 476 2735 537 sufficit
2776 476 2855 537 ad
2893 476 3208 557 propriam
3230 476 3517 556 jurisdic-

1949 570 2187 630 tionem
2226 571 2632 650 temporalem
2670 570 3003 645 directam,
3064 589 3176 630 nec
3221 569 3301 630 ad
3345 569 3513 650 leges

1950 663 2158 727 civiles
2183 665 2490 741 ferendaS,
2524 663 2689 743 quod
2717 682 2882 723 nunc
2913 667 3270 724 tractamuS.

2513 845 2761 907 CAPUT
2793 845 2949 905 VIII.

1952 1053 2302 1101 coaoLLAmA
2338 1048 2446 1098 'Ex
2507 1051 2885 1097 PRAEGBDENTI
2937 1051 3248 1111 Doc'runu,
3313 1051 3514 1103 QUIBUS

2033 1147 2323 1193 Po'rEs'rAS
2389 1145 2804 1205 IMPERATORIS,
2846 1146 2924 1190 ΕΤ
2986 1146 3183 1193 LEGUM
3249 1145 3514 1193 clvmtm

2032 1241 2191 1286 sums
2249 1238 2540 1285 colummis
2591 1238 2770 1283 MAGIS
2827 1237 3209 1284 EXPLICATUR.

2032 1416 2090 1475 1.
2115 1414 2548 1491 Imperatorem
2574 1429 2684 1491 per
2709 1430 2855 1475 suas
2882 1413 3037 1492 loyes
3063 1411 3327 1491 obligare
3341 1429 3514 1491 posse

1950 1511 2184 1568 tantum
2215 1504 2467 1583 imperio
2500 1523 2744 1567 romano
2777 1506 3070 1584 subjectas
3098 1511 3315 1567 terras.
3333 1507 3515 1565 —Ex

1947 1598 2124 1660 dictis
2160 1597 2549 1659 concluditur
2568 1598 2769 1676 primo
2800 1598 3237 1678 imperatorem
3261 1597 3512 1676 quidem

1944 1710 2118 1772 posse
2146 1691 2314 1769 leges
2353 1691 2565 1751 civiles
2602 1691 2886 1765 condere,
2931 1709 3058 1751 non
3087 1696 3299 1751 tamen
3335 1709 3512 1770 posse

1944 1805 2057 1866 per
2083 1785 2222 1845 illas
2250 1784 2525 1862 obligare
2549 1790 2743 1845 totam
2762 1784 3120 1859 Ecclesiam,
3136 1784 3241 1844 sed
3262 1788 3509 1844 tantum

1944 1880 2295 1960 provincias
2340 1878 2604 1957 imperio
2656 1896 2914 1939 romano
2960 1878 3287 1956 subjectas.
3339 1877 3514 1938 Prior

1945 1991 2088 2052 pars
2113 1977 2282 2032 certa
2305 1976 2399 2030 est
2432 1970 2597 2049 apud
2630 1989 2865 2046 omneS,
2905 1971 3054 2049 quia
3079 1971 3415 2051 imperator
3442 1970 3511 2031 in

1948 2066 2077 2126 suis
2101 2064 2281 2125 terris
2308 2068 2402 2124 est
2428 2063 2715 2144 princeps
2741 2082 3064 2143 supremus
3091 2062 3294 2143 quoad
3325 2063 3511 2140 juris-

1947 2159 2282 2219 dictionem
2304 2158 2707 2236 temporalem
2721 2158 3050 2234 directam3
3069 2174 3217 2235 ergo
3241 2157 3511 2217 maxime

1946 2252 2110 2313 ferre
2152 2255 2352 2330 potest
2399 2249 2565 2326 leges
2607 2249 2834 2310 civiles,
2890 2251 2967 2310 Et
3010 2249 3127 2309 hoc
3164 2253 3403 2309 constat
3433 2267 3510 2309 ex

1943 2344 2082 2422 jure
2110 2341 2428 2403 communi
2456 2342 2749 2417 Caesareo,
2789 2341 2953 2421 quod
2988 2341 3350 2402 auctoritate
3391 2341 3507 2401 im-

1943 2441 2298 2515 peratorum
2327 2435 2680 2496 institutum
2707 2439 2829 2494 est:
2858 2434 3139 2494 eamdem
3168 2433 3337 2493 enim
3365 2452 3508 2493 auc-

1943 2528 2257 2588 toritatem
2285 2525 2473 2587 habet
2513 2545 2681 2586 nunc
2717 2527 3054 2605 imperator
3081 2526 3150 2586 in
3177 2526 3356 2585 terris
3390 2525 3506 2586 sibi

1945 2619 2257 2697 subjectiS,
2281 2636 2468 2698 quam
2497 2617 2649 2678 olim
2671 2618 2981 2678 habebant
3010 2619 3412 2697 imperatores
3437 2619 3506 2678 in

1937 2730 2049 2773 suo
2076 2711 2282 2772 latiori
2308 2711 2612 2790 imperi03
2653 2712 2989 2790 imperator
3015 2717 3225 2772 autem
3253 2730 3380 2771 non
3410 2730 3504 2772 so-

1938 2804 2074 2865 lum
2117 2805 2280 2865 hanc
2323 2810 2687 2884 potestatem
2728 2804 2970 2881 habuit,
3021 2805 3128 2866 sed
3173 2805 3360 2865 etiam
3405 2806 3505 2867 illi

1940 2900 2107 2961 Deus
2152 2900 2307 2978 loyes
2341 2899 2616 2977 subjecit,
2652 2914 2893 2977 eumque
2941 2899 3126 2978 leyem
3171 2899 3506 2960 animatam

1944 2991 2275 3065 constituit,
2306 2995 2378 3050 ut
2399 2990 2548 3050 dicit
2575 2991 2609 3050 J
2614 2990 2908 3051 ustinian.
2939 2990 3005 3050 in
3033 2990 3406 3051 Authentica
3429 2990 3505 3051 de

1944 3083 2330 3159 Consulibus,
2374 3082 2534 3143 circa
2579 3082 2793 3144 finem.
2845 3083 2977 3143 Imo
3020 3083 3086 3143 in
3126 3082 3170 3143 1.
3216 3085 3278 3158 2,
3327 3101 3378 3144 c.
3428 3080 3506 3143 de

1942 3180 2146 3239 Veter.
2168 3178 2310 3256 jure
2338 3175 2539 3237 enucl.
2569 3193 2585 3236 :
2629 3176 2770 3238 Soli
2798 3176 3108 3254 imperiali
3149 3175 3506 3237 auctoritati

1946 3271 2076 3348 (ait)
2094 3270 2249 3349 loyes
2267 3270 2504 3332 condere
2525 3273 2579 3330 et
2604 3268 2995 3347 interpretari
3015 3286 3136 3330 esse
3152 3285 3502 3330 concessam.

1942 3363 2021 3423 Et
2048 3362 2212 3422 idem
2252 3361 2377 3421 fere
2408 3360 2595 3420 habet
2635 3360 2704 3421 in
2726 3360 2771 3421 l.
2800 3365 2830 3421 1
2866 3365 2930 3421 et
2960 3360 3075 3420 ult.
3085 3404 3105 3434 ,
3131 3377 3186 3420 c.
3226 3359 3303 3420 de
3332 3359 3508 3437 Legi-

1944 3457 2079 3517 bus,
2102 3456 2401 3534 Loquitur
2431 3459 2642 3515 tamen
2676 3455 2744 3515 in
2765 3454 2980 3516 ordine
3004 3454 3084 3514 ad
3106 3452 3368 3533 populos
3391 3452 3508 3514 sibi

1944 3549 2249 3627 subiectos
2292 3550 2384 3625 (ut
2429 3547 2761 3626 saepissime
2807 3548 2944 3609 aliis
2981 3547 3130 3608 locis
3172 3546 3505 3625 declarat);

1944 3660 2094 3702 nam
2120 3642 2188 3701 in
2215 3659 2326 3701 suo
2362 3640 2625 3720 imperio
2651 3660 2716 3704 se
2743 3647 2990 3703 tantum
3027 3639 3398 3719 agnoscebat
3440 3640 3508 3701 in

1946 3734 2390 3814 temporalibus
2414 3752 2807 3813 supremum:
2834 3734 3052 3797 eadem
3076 3752 3224 3813 ergo
3243 3738 3511 3812 potestas

1948 3847 2116 3890 nunc
2144 3833 2236 3888 est
2265 3828 2331 3886 in
2359 3827 2731 3906 imperatore
2759 3846 2902 3889 cum
2927 3828 3142 3888 eadem
3165 3827 3511 3906 proportio-

1948 3939 2070 4000 ne;
2115 3922 2282 3982 unde
2332 3921 2511 3982 facile
2559 3923 2744 3982 etiam
2795 3928 2966 4001 patet
3008 3921 3202 3982 altera
3246 3940 3387 4000 pars
3435 3939 3511 3982 ex

1949 4016 2164 4076 dictis:
2197 4031 2343 4074 nam
2373 4021 2686 4074 ostensum
2716 4021 2807 4074 est
2841 4033 2969 4074 non
2993 4014 3221 4074 habere
3250 4014 3513 4093 impera-

1952 4114 2151 4169 torem
2175 4123 2500 4167 romanum
2524 4107 2836 4185 propriam
2855 4106 3340 4184 jurisdictionem
3358 4112 3514 4166 tem-

1954 4200 2230 4281 poralem
2274 4198 2343 4257 in
2384 4198 2739 4258 universam
2784 4197 3155 4272 Ecclesiam3
3201 4215 3347 4276 ergo
3388 4217 3518 4259 non

1953 4296 2158 4372 potest
2191 4295 2390 4351 totam
2421 4290 2596 4351 illam
2628 4291 2755 4351 suis
2795 4290 3034 4369 legibus
3076 4289 3374 4369 obligare,
3409 4291 3518 4352 sed

1954 4391 2202 4448 tantum
2231 4384 2577 4464 provincias
2606 4385 2725 4445 sibi
2751 4384 3073 4464 subjectas.

2036 4481 2097 4540 2.
2152 4478 2513 4541 Provincias
2553 4479 2851 4554 subjectas
2886 4477 3138 4556 imperio
3180 4477 3247 4539 in
3292 4476 3522 4554 duplici

1959 4591 2079 4635 esse
2107 4572 2482 4652 differentia.
2526 4606 2606 4616 —
2641 4570 2743 4632 An
2770 4572 3078 4650 principes
3105 4570 3367 4649 imperio
3385 4569 3523 4631 sab-

1943 4666 2097 4744 Jecti
2124 4666 2256 4727 suis
2279 4665 2507 4744 tegibus
2520 4666 2756 4743 possint
2775 4666 3058 4743 deroyare
3084 4663 3518 4742 imperatoriis,

1957 4792 2042 4805 —
2062 4756 2238 4830 Quod
2260 4756 2310 4816 si
2347 4756 2483 4835 quis
2520 4762 2758 4835 quaerat
2779 4774 3067 4836 quaenam
3099 4756 3222 4816 sint
3261 4754 3357 4816 hae
3384 4772 3525 4833 pro-

1961 4851 2179 4913 vinciae
2215 4868 2382 4910 nunc
2426 4850 2716 4928 subjectae
2761 4850 3045 4930 imperio,
3088 4848 3430 4928 respondeo
3459 4846 3530 4907 in

1970 4943 2202 5024 duplici
2242 4960 2371 5003 esse
2402 4960 2577 5022 posse
2619 4941 3009 5003 differentia:
3059 4941 3340 5019 quaedam
3386 4943 3532 4999 sunt

1968 5036 2037 5095 in
2068 5035 2294 5114 quibus
2337 5033 2468 5113 ipse
2507 5034 2864 5097 immediate
2910 5033 3288 5108 dominatur,
3331 5032 3421 5094 ita
3460 5036 3532 5092 ut

1971 5128 2217 5189 nullum
2244 5126 2440 5187 alium
2461 5132 2900 5205 recognoscant
2928 5126 3281 5206 proximum
3304 5124 3535 5203 princi-

1972 5239 2141 5301 pem,
2173 5221 2302 5280 sive
2349 5219 2465 5279 sub
2510 5220 2763 5280 nomine
2802 5220 2990 5298 regis,
3035 5218 3165 5278 sive
3209 5216 3404 5290 duciS,
3436 5216 3538 5278 vel

1973 5314 2097 5375 alio
2125 5312 2336 5385 simili,
2367 5312 2474 5373 sed
2513 5312 2870 5373 immediate
2900 5312 3014 5373 soli
3049 5311 3405 5391 imperatori
3432 5327 3538 5389 pa-

1974 5412 2154 5469 reant
2194 5412 2493 5484 tanquam
2540 5424 2826 5488 supremo
2880 5407 3168 5487 principi.
3217 5405 3296 5464 Et
3334 5404 3404 5464 in
3440 5403 3540 5464 his

1975 5502 2156 5565 terris
2181 5518 2311 5564 non
2333 5499 2536 5564 solum
2557 5501 2836 5583 obligant
2852 5500 3202 5585 imperiales
3222 5498 3413 5577 leges,
3437 5516 3540 5561 ve·
