3976 6219
763 368 900 420 cir.
933 367 1084 421 xvn.
1118 368 1333 421 urium
1364 368 1504 421 sm·
1535 368 1660 421 Am
1691 361 2003 417 srrscrus
2034 361 2212 415 iscis
2243 362 2505 417 rumen
2535 339 2923 417 suasuros.

269 468 412 547 quod
464 467 535 528 fit
575 485 685 547 per
728 468 1273 530 comminationem
1315 488 1515 548 poenae
1569 487 1585 531 ε
1639 467 1804 528 unde

267 561 645 640 Augustinus»,
674 561 783 622 lib.
821 561 898 622 de
934 561 1179 642 Correp.
1211 569 1275 623 et
1311 563 1508 639 Grat.,
1550 580 1683 642 cap.
1722 563 1741 618 1
1784 574 1802 619 t

267 655 544 716 Dominus
568 654 811 732 (inquit)
838 654 1027 716 solam
1051 655 1303 717 ostendit
1329 673 1369 717 a
1394 672 1506 736 qao
1532 655 1688 716 malo
1710 654 1806 717 de·-

268 745 554 820 elimae,
576 751 631 807 et
656 746 813 826 qaod
841 745 1051 807 bonum
1072 747 1399 824 faciamus,
1432 748 1590 828 qaod
1612 746 1805 809 solum

263 843 434 917 potest
448 837 603 915 leyie
613 838 1060 900 litteo-aroma
1067 856 1213 900 vero
1229 838 1320 899 ait
1335 838 1468 900 haec
1483 856 1611 900 non
1630 856 1804 918 posse

266 929 491 1009 impleri
515 930 647 990 sine
675 929 908 1009 Spiritu
936 930 1148 1009 gratiae
1175 952 1189 992 :
1222 931 1368 1004 Quoe
1403 932 1461 994 ei
1492 932 1644 993 desit
1684 931 1803 1009 (in-

265 1023 429 1101 quit),
458 1024 541 1084 ad
573 1022 680 1084 Ῑιοο
704 1022 801 1084 lea>
824 1021 980 1085 valet
998 1028 1067 1085 ut
1086 1041 1219 1085 reos
1243 1024 1441 1100 faeiat
1467 1028 1521 1086 et
1550 1024 1798 1086 occidat.

265 1114 327 1174 In
346 1132 462 1193 quo
480 1113 746 1193 explicat
767 1114 1081 1193 propriam
1097 1115 1229 1175 vim
1252 1115 1592 1176 coactivam
1608 1114 1793 1193 legis:

264 1207 413 1268 unde
432 1226 541 1287 per
562 1208 694 1268 haec
715 1208 839 1268 tria
861 1208 1189 1269 videbatur
1215 1208 1587 1270 sufficienter
1611 1208 1801 1287 expli·

265 1305 386 1360 cata
410 1305 539 1361 tota
564 1299 833 1361 efficacia
856 1300 1053 1379 legis:
1082 1308 1294 1363 tamen
1318 1301 1463 1381 quia
1489 1301 1800 1362 interdum

265 1392 439 1453 etiam
459 1392 870 1454 necessarium
887 1399 980 1454 est
997 1394 1230 1473 aliquid
1248 1394 1623 1473 permittere,
1639 1394 1802 1473 quod

268 1482 332 1545 fit
378 1485 507 1545 sine
556 1485 958 1563 obligatione,
1008 1486 1107 1547 vel
1157 1487 1470 1548 coactione
1521 1492 1804 1567 respectu

267 1576 388 1654 ejus
414 1577 516 1638 cui
550 1577 623 1637 fit
650 1579 969 1656 permissio
996 1595 1013 1639 ε
1055 1579 1195 1642 ideo
1225 1580 1639 1641 necessarium
1680 1579 1803 1640 fuit

265 1668 420 1730 hunc
454 1671 642 1731 etiam
688 1669 981 1732 effectum
1031 1673 1337 1752 explicare
1352 1718 1373 1749 ,
1425 1673 1573 1752 quia
1618 1678 1807 1752 prout

266 1762 389 1824 fieri
401 1770 598 1842 potest
617 1783 726 1844 per
745 1764 970 1844 legem,
986 1768 1215 1847 partim
1231 1786 1268 1828 a
1289 1772 1591 1847 potestate
1613 1767 1807 1828 direc-

267 1856 406 1932 tiva,
430 1858 655 1936 partim
674 1878 713 1920 a
740 1860 1017 1920 coactiva
1037 1860 1358 1940 dependet.
1371 1862 1528 1922 Nam
1551 1860 1812 1940 ipsamet

266 1949 351 2008 vis
363 1949 655 2011 directiva
673 1953 944 2012 ostendit
967 1959 1028 2013 et
1051 1955 1264 2013 statuit
1283 1952 1517 2031 aliquid
1535 1970 1661 2013 esse
1677 1970 1815 2031 per-

265 2041 651 2117 mittendum,
679 2049 744 2103 et
768 2062 897 2104 non
925 2045 1312 2123 puniendum
1344 2044 1424 2105 ab
1448 2045 1725 2119 homine,
1754 2051 1817 2106 et

262 2133 344 2193 ita
373 2136 646 2213 praecipit
671 2135 876 2213 ipsam
911 2138 1405 2216 permissionem,
1443 2141 1507 2197 et
1533 2138 1698 2215 cogit
1737 2138 1814 2198 ad

264 2227 420 2288 illius
446 2228 963 2305 observationem,
996 2235 1058 2292 et
1089 2231 1175 2291 ita
1202 2237 1485 2291 constant
1503 2230 1652 2290 dicti
1668 2249 1818 2310 qua·

263 2325 396 2381 tuor
421 2321 694 2396 effectus,
722 2338 839 2383 nec
870 2329 1129 2403 apparet
1154 2324 1480 2384 necessitas
1518 2321 1817 2401 multipli-

264 2415 436 2474 candi
461 2413 635 2474 alios.

339 2507 395 2567 6.
437 2506 541 2568 Ad
572 2523 740 2587 quem
778 2509 1056 2587 effectum
1086 2506 1239 2585 leyie
1273 2506 1574 2585 pertineat
1612 2508 1818 2585 pretia

264 2616 460 2661 rerum
487 2604 720 2662 tamare.
748 2632 829 2646 —
868 2601 995 2660 Hoc
1031 2605 1240 2660 autem
1277 2599 1570 2660 ultimum
1614 2599 1817 2678 magis

268 2690 728 2751 confirmabitur
776 2691 1175 2753 discurrendo
1221 2709 1329 2771 per
1370 2692 1522 2752 alios
1565 2692 1818 2753 effectus

268 2784 369 2862 qui
394 2784 461 2844 in
490 2785 815 2864 principio,
842 2785 911 2845 in
936 2785 1202 2846 secunda
1226 2789 1400 2863 parte
1420 2784 1677 2846 rationis
1704 2785 1820 2846 du-

267 2874 521 2951 bitandi,
575 2877 1099 2956 proponebantur.
1146 2878 1389 2938 Primus
1430 2883 1565 2939 erat
1606 2883 1820 2939 taxare

264 2969 461 3048 pretia
481 2987 714 3044 rerum,
739 2969 816 3030 de
831 2987 954 3048 quo
980 2986 1183 3030 assero
1205 2968 1512 3048 pertinere
1533 2968 1613 3030 ad
1640 2970 1822 3031 effec-

263 3066 400 3122 tum
427 3060 845 3141 praecipiendi,
883 3061 984 3123 vel
1009 3060 1400 3142 prohibendi,
1440 3067 1550 3122 aut
1571 3063 1825 3142 permit-

263 3154 458 3225 tendi,
492 3154 594 3215 vel
628 3160 791 3216 certe
815 3153 1047 3233 aliquid
1075 3155 1152 3215 de
1187 3153 1449 3233 singulis
1474 3154 1821 3218 includere:

260 3248 572 3309 ordinarie
610 3248 780 3309 enim
811 3247 1099 3308 videntur
1135 3245 1289 3308 tales
1327 3246 1496 3326 leges
1533 3246 1681 3308 ferri
1713 3266 1827 3328 per

263 3339 769 3421 prohibitionem,
821 3357 903 3401 ne
949 3339 1087 3400 talis
1132 3357 1230 3400 res
1273 3338 1472 3419 pluris
1519 3340 1827 3401 vendatur

261 3450 457 3514 quam
482 3434 664 3508 tanti,
678 3433 776 3495 vel
796 3451 875 3494 ne
898 3432 1126 3494 minori
1153 3432 1352 3511 pretio
1375 3438 1619 3494 ematur
1635 3451 1825 3512 quam

258 3525 400 3587 tali.
443 3526 520 3585 Et
556 3526 871 3586 interdum
916 3530 1113 3604 potest
1157 3531 1491 3605 utrumque
1532 3526 1783 3606 praecipi
1800 3547 1838 3604 ,’

259 3618 520 3694 scilicet,
542 3624 614 3679 ut
639 3635 737 3679 res
766 3619 1092 3693 vendatur,
1113 3623 1174 3679 et
1200 3625 1271 3679 ut
1296 3620 1458 3680 tanti
1482 3619 1821 3682 vendatur:

257 3712 653 3791 frequentius
671 3729 819 3773 vero
844 3712 1224 3792 permittitur
1249 3712 1556 3774 venditio:
1579 3718 1827 3775 taxatur

258 3811 479 3867 autem
502 3804 769 3884 pretium
789 3822 902 3884 per
921 3804 1192 3884 aliquam
1227 3804 1731 3884 prohibitionem,
1754 3812 1828 3866 ut

259 3898 423 3958 dixi.
454 3896 590 3971 Vel,
632 3896 685 3957 si
729 3896 991 3958 velimus
1030 3913 1143 3975 per
1180 3897 1438 3959 modum
1472 3897 1828 3959 affirmativi

258 3988 560 4070 praeeepti
586 3988 744 4049 illud
771 3988 1101 4068 explicare,
1132 3989 1252 4051 erit
1271 3989 1449 4068 quasi
1476 3989 1590 4050 sub
1618 3988 1829 4050 condi-

258 4084 466 4156 tione,
510 4099 617 4142 seu
662 4082 866 4161 quoad
908 4081 1164 4143 modum
1206 4088 1399 4157 actus,
1446 4099 1576 4142 non
1626 4079 1829 4159 quoad

256 4173 657 4246 exercitium,
701 4174 950 4247 scilicet,
985 4173 1039 4233 si
1072 4172 1213 4253 quis
1246 4173 1513 4236 voluerit
1537 4171 1829 4247 vendere,

259 4274 375 4329 aut
397 4283 633 4342 emere,
663 4267 825 4328 tanti
850 4266 918 4327 id
946 4265 1155 4329 faciat.
1180 4268 1303 4329 Nec
1328 4264 1517 4329 refert
1545 4263 1710 4345 quod
1727 4264 1830 4326 lex

257 4362 397 4421 non
434 4360 679 4443 feratur
716 4377 827 4438 per
869 4359 1117 4439 propria
1152 4358 1344 4421 verba
1379 4357 1691 4440 praecepti,
1724 4356 1831 4419 sed

258 4470 378 4532 per
432 4449 630 4513 verba
684 4466 822 4530 quae
869 4451 1035 4512 circa
1086 4452 1410 4512 materiam
1458 4456 1787 4512 versantur
1806 4494 1828 4526 ,

254 4544 547 4611 taxando
572 4543 767 4618 illam,
792 4542 894 4604 vel
923 4542 1158 4622 aliquid
1185 4543 1411 4619 simile,
1442 4543 1614 4623 quia,
1637 4547 1710 4603 ut
1736 4542 1830 4603 di-

255 4638 433 4698 citur
474 4638 549 4697 in
586 4635 698 4696 lib.
732 4634 885 4699 Cum
916 4641 1116 4714 pater,
1146 4636 1184 4716 ξ
1219 4637 1604 4708 Donationis,
1635 4634 1701 4696 ff.
1753 4634 1831 4697 dc

254 4730 492 4809 Legar.
532 4730 612 4789 2:
644 4727 792 4795 Non
828 4729 1023 4808 quoeri
1049 4734 1297 4808 oportet,
1341 4745 1471 4791 eum
1499 4745 1611 4808 quo
1640 4729 1709 4790 de
1731 4746 1834 4791 eu-

243 4823 501 4900 premis
535 4821 676 4901 quis
714 4820 1018 4901 loquetae,
1063 4822 1166 4884 sed
1191 4822 1260 4885 in
1297 4837 1469 4901 quem
1505 4820 1837 4884 volmttatie

249 4915 530 4979 intentio
559 4913 890 4992 diriqatar.

338 5009 405 5069 7.
456 5005 571 5068 Ad
612 5022 780 5086 quem
829 5008 1103 5086 effectam
1141 5005 1442 5084 pertineat
1487 5008 1838 5070 constituere

248 5099 538 5163 meditem
574 5100 644 5163 in
669 5100 928 5162 materia
956 5100 1230 5163 virtutis.
1267 5130 1350 5146 —
1392 5099 1713 5161 Secundus
1751 5099 1842 5160 ef-

249 5190 473 5253 fectus
538 5199 675 5254 erat
713 5192 1084 5253 constituere
1138 5192 1416 5253 medium
1462 5191 1531 5251 in
1584 5193 1844 5253 materia

246 5282 550 5345 virtutis.
573 5285 657 5347 De
679 5301 804 5364 quo
830 5284 996 5346 idem
1014 5284 1345 5346 dicendum
1362 5288 1452 5346 est
1474 5304 1488 5343 ι
1517 5302 1664 5344 nam
1687 5284 1843 5345 illud

245 5391 389 5434 non
427 5375 510 5437 fit
550 5377 673 5437 nisi
711 5375 1119 5455 prohibendo,
1150 5374 1249 5437 vel
1283 5375 1716 5460 praecipiendO.
1766 5377 1847 5437 Ut

243 5473 663 5548 praeceptum
702 5468 930 5549 jejunii
967 5467 1303 5549 praescribit
1341 5465 1524 5575 hodie
1570 5468 1848 5529 medium

3358 361 3435 421 67

1883 464 2307 542 temperantias
2325 466 2707 544 prohibendo
2737 465 2903 525 cibos
2928 465 3070 526 talis
3100 464 3435 543 qualitatis,

1886 563 1948 617 et
1978 555 2183 636 plures
2206 558 2609 619 comestiones
2633 577 2710 620 ex
2732 559 2868 618 aliis
2891 558 3222 637 permissiS,
3250 556 3349 618 vel
3385 557 3437 618 si

1884 648 2162 711 medium
2180 649 2546 712 affirmative
2563 657 2891 726 statuatur,
2903 651 3171 730 pertinet
3188 650 3265 710 ad
3285 668 3438 729 prae-

1884 747 2156 821 ceptum.
2179 743 2306 804 Hoc
2323 744 2491 805 enim
2510 744 2696 804 modo
2717 744 2818 805 lex
2844 743 3203 823 praecipiens
3222 743 3438 804 audire

1884 835 2135 896 Missam
2179 835 2245 896 in
2289 836 2389 897 die
2429 836 2609 912 festo,
2648 837 2967 897 constituit
3004 836 3072 897 in
3112 855 3227 897 usu
3274 837 3436 897 illius

1888 929 2165 989 medium
2205 929 2452 990 virtutis
2492 929 2810 1009 religionis
2834 947 2948 1009 pro
2991 929 3103 989 tali
3136 935 3435 1008 tempore,

1888 1022 2036 1100 quia
2068 1040 2180 1100 pro
2211 1021 2317 1082 illo
2352 1021 2500 1083 facit
2529 1022 2720 1083 talem
2756 1030 2965 1083 actum
2998 1040 3128 1084 esse
3158 1041 3439 1084 necessa-

1883 1115 2050 1175 rium
2080 1116 2160 1175 ad
2198 1116 2584 1177 honestatem
2620 1116 2785 1177 illius
2809 1116 3079 1191 virtutis,
3112 1117 3277 1195 quod
3312 1134 3439 1177 non

1884 1205 1957 1266 fit
1977 1208 2101 1268 nisi
2118 1208 2492 1288 imponendo
2516 1209 2955 1288 obligationem
2975 1208 3118 1271 talis
3140 1216 3311 1271 actus
3326 1228 3439 1290 pro

1884 1299 1997 1361 tali
2016 1306 2312 1381 tempore.

1964 1393 2023 1453 8.
2056 1393 2163 1456 Ad
2182 1413 2352 1476 quem
2374 1399 2649 1476 effectum
2676 1395 2830 1476 leqie
2848 1396 3146 1475 pertineat
3176 1398 3441 1474 formam

1883 1485 1952 1548 in
1983 1486 2266 1550 Iomanis
2290 1488 2625 1551 actionibus
2659 1493 2941 1551 statuere.
2965 1519 3048 1534 —-
3086 1489 3327 1550 Tertius
3353 1490 3441 1551 ef-

1886 1578 2080 1640 fectus
2131 1587 2263 1643 erat
2308 1579 2573 1642 formam
2630 1581 2700 1641 in
2752 1580 3042 1642 humanis
3094 1581 3441 1643 actionibus

1885 1689 2139 1751 ponere,
2165 1673 2411 1748 scilicet,
2440 1679 2512 1734 ut
2533 1673 2690 1734 fiant
2713 1673 2825 1734 tali
2845 1674 2946 1736 vel
2968 1674 3079 1735 tali
3100 1676 3303 1750 modo,
3326 1675 3441 1737 sub

1889 1782 2014 1842 quo
2067 1765 2644 1845 comprehendimus
2700 1766 3111 1829 irritationem
3169 1775 3444 1831 contrac-

1888 1862 2093 1933 tuum,
2118 1864 2180 1919 et
2200 1858 2763 1920 inhabilitationem
2794 1878 3220 1939 personarum,
3243 1862 3343 1923 vel
3363 1863 3444 1924 ad
3562 1867 3569 1871 ’

1890 1949 2031 2010 illos
2051 1950 2432 2029 simpliciter,
2456 1951 2556 2011 vel
2578 1951 2659 2012 ad
2679 1951 2816 2013 illos
2834 1953 2945 2013 tali
2980 1961 3092 2015 aut
3118 1954 3230 2015 tali
3260 1956 3444 2016 modo

1892 2041 2230 2117 faciendoS,
2269 2042 2370 2104 vel
2413 2042 2492 2105 ad
2531 2043 2681 2103 talia
2723 2062 3005 2121 munera,
3053 2053 3169 2108 etc.
3211 2047 3296 2107 De
3322 2067 3444 2128 quo

1895 2132 2122 2194 effectu
2172 2135 2517 2212 generatim
2561 2135 2685 2196 dici
2737 2142 2939 2215 potest
2980 2138 3093 2198 sub
3144 2147 3448 2220 praeoeptn

1898 2227 2365 2307 comprehendi,
2397 2234 2701 2306 quatenus
2734 2227 2834 2289 lex
2859 2229 2964 2290 dat
2996 2230 3262 2293 formam
3302 2234 3451 2294 acti-

1896 2318 2036 2393 bus,
2062 2324 2125 2381 et
2149 2319 2265 2380 sub
2286 2319 2726 2399 prohibitione,
2743 2328 3046 2400 quatenus
3072 2323 3208 2384 illos
3225 2324 3445 2389 irritat.

1893 2412 2015 2473 Sed
2042 2410 2160 2472 hoc
2193 2412 2493 2491 posterius
2519 2412 2708 2474 habet
2728 2413 3177 2491 difficultatem,
3206 2419 3354 2496 quia
3374 2419 3453 2479 ad

1895 2503 2272 2565 irritandum
2286 2521 2415 2566 non
2428 2505 2656 2566 sufficit
2676 2506 3035 2585 prohibitio,
3048 2509 3239 2570 etiam
3261 2510 3453 2572 direc-

1895 2602 1983 2672 ta,
2032 2601 2104 2656 ut
2137 2614 2250 2658 suo
2293 2597 2428 2658 loco
2475 2598 2749 2677 dicetur3
2799 2616 2946 2678 ergo
2991 2600 3259 2663 irritatio
3306 2604 3455 2666 dicit

1895 2688 2227 2767 specialem
2293 2689 2582 2751 effectum
2626 2709 2666 2751 a
2730 2692 3150 2771 prohibitione
3198 2694 3453 2758 distinc-

1894 2788 2054 2844 tum.
2090 2783 2247 2844 Nam
2279 2782 2636 2862 prohibitio,
2670 2789 2743 2844 ut
2775 2784 2884 2860 sic,
2924 2803 3052 2847 non
3084 2786 3246 2848 tollit
3280 2789 3455 2851 abso-

1895 2875 2095 2937 lutam
2121 2881 2484 2955 potestatem
2512 2875 2775 2938 faciendi
2798 2883 3028 2954 actum,
3064 2880 3172 2941 sed
3202 2879 3455 2944 facitne

1897 2967 2121 3029 liceat:
2183 2975 2250 3028 at
2292 2967 2559 3029 irritatio
2601 2970 2806 3048 privat
2846 2976 3145 3050 potestate
3190 2971 3457 3035 faciendi

1901 3059 2105 3122 valide
2128 3065 2372 3137 actum,
2404 3067 2498 3123 est
2527 3079 2675 3141 ergo
2708 3062 2962 3124 effectus
2989 3063 3354 3127 distinctus:
3396 3072 3460 3129 et

1905 3154 2046 3215 ideo
2091 3153 2237 3215 addi
2285 3160 2515 3233 potest,
2561 3155 2975 3218 irritationem
3025 3175 3154 3218 esse
3205 3159 3459 3237 quidem

1902 3247 2266 3309 distinctum
2312 3247 2605 3309 effectum
2644 3265 2683 3308 a
2727 3249 3176 3328 prohibitione3
3218 3269 3463 3331 semper

1902 3347 2116 3403 tamen
2147 3340 2404 3419 adjungi
2432 3341 2856 3421 prohibitioni,
2904 3348 2966 3403 et
3007 3342 3238 3405 habere
3276 3345 3462 3406 ratio-

1903 3451 2050 3495 nem
2077 3450 2297 3513 poenae,
2314 3434 2416 3495 vel
2442 3433 2722 3512 ejusdem
2744 3433 3178 3514 prohibitionis
3194 3435 3458 3514 violatae,

1901 3526 2003 3589 vel
2042 3526 2295 3588 alterius
2321 3526 2535 3606 culpae.
2570 3528 3036 3603 Verumtamen,
3064 3528 3208 3590 licet
3242 3529 3340 3590 hae
3380 3530 3462 3590 ir-

1904 3618 2226 3680 ritationes
2251 3619 2351 3680 vel
2376 3618 2902 3681 inhabilitationes
2928 3638 3089 3701 saepe
3115 3621 3466 3683 inferantur

1904 3730 2018 3792 per
2043 3713 2210 3790 leges
2231 3712 2300 3773 in
2318 3730 2590 3791 poenam,
2616 3730 2726 3792 per
2751 3730 2816 3774 se
2837 3718 3048 3775 tamen
3072 3732 3199 3775 non
3227 3714 3317 3775 ita
3337 3720 3458 3776 est:

1902 3822 2054 3867 nam
2085 3804 2499 3867 inhabilitatio
2524 3805 2853 3867 sacerdotis
2887 3804 2968 3866 ad
2994 3807 3465 3868 matrimonium

1904 3916 2036 3959 non
2074 3902 2168 3960 est
2198 3914 2409 3979 poena,
2450 3916 2566 3959 nec
2600 3898 2864 3959 irritatio
2905 3899 3288 3960 matrimonii
3330 3900 3467 3961 sine

1906 3990 2175 4070 parocho
2203 3996 2265 4053 et
2294 3990 2576 4065 testibus,
2611 3996 2674 4051 et
2703 3989 2951 4050 similia.
2995 3991 3124 4051 Dici
3155 3991 3334 4052 aliter
3358 4009 3468 4071 po-

1908 4088 2030 4143 test
2054 4081 2225 4144 hunc
2265 4081 2555 4142 eflectum
2584 4098 2715 4141 esse
2742 4079 3095 4159 specialem,
3124 4089 3188 4142 et
3219 4082 3467 4143 distinc-

1909 4179 2048 4234 tum
2091 4172 2172 4233 ab
2200 4171 2325 4232 illis
2363 4176 2669 4250 quatuor3
2711 4176 2923 4232 tamen
2965 4188 3097 4233 esse
3140 4172 3468 4251 specialem
3517 4196 3522 4203 ·

1911 4265 2068 4345 legis
2092 4263 2406 4339 humanae,
2435 4269 2499 4324 et
2518 4262 2659 4324 ideo
2690 4280 2819 4325 non
2843 4262 3164 4342 assignari.
3196 4264 3315 4326 Sed
3350 4265 3468 4327 hoc

1914 4377 2044 4420 non
2072 4357 2220 4420 satis
2264 4357 2450 4419 facit:
2483 4362 2619 4418 tum
2657 4356 2804 4436 quia
2839 4357 2951 4437 qui
2992 4356 3383 4436 distinguunt
3407 4365 3472 4420 et

1913 4456 2250 4514 numerant
2277 4449 2418 4513 illos
2439 4455 2704 4529 quatuor
2729 4448 3011 4526 effectus,
3034 4450 3339 4530 praecipue
3383 4450 3474 4511 lo-

1917 4550 2197 4624 quuntur
2234 4544 2313 4605 de
2355 4543 2506 4623 lege.
2536 4541 2857 4605 humana:
2907 4549 3044 4604 tum
3095 4542 3284 4605 etiam
3325 4542 3474 4622 quia

1917 4638 2076 4699 forte
2098 4642 2481 4717 assumptum
2508 4653 2635 4696 non
2660 4641 2753 4697 cst
2777 4653 3012 4713 verum,
3029 4641 3092 4698 et
3107 4653 3238 4696 non
3260 4641 3352 4696 est
3367 4653 3475 4714 pa·

1920 4747 2065 4791 rum
2091 4736 2576 4805 controversum,
2596 4746 2680 4789 an
2697 4728 2799 4791 lex
2823 4728 3124 4791 naturalis
3143 4727 3244 4789 vel
3266 4726 3478 4788 divina

1919 4822 2235 4884 interdum
2256 4822 2461 4883 irritet
2479 4827 2673 4894 actua,
2688 4820 2791 4883 vel
2810 4820 3165 4882 inhabilitet
3184 4836 3479 4899 personas

1922 4915 2002 4977 ad
2028 4915 2189 4991 illos,
2219 4915 2382 4994 quod
2409 4913 2990 4993 posteu.videndum
3015 4918 3125 4974 est.

2004 5010 2067 5069 9.
2110 5006 2395 5086 Effectus
2438 5005 2735 5068 imitandi
2784 5004 2877 5067 vel
2925 5002 3360 5065 inhabilitandi
3397 5004 3481 5068 ad

1924 5101 2108 5181 leyem
2130 5098 2534 5180 prohibentem
2553 5097 2645 5160 vel
2656 5095 3099 5176 praecipientem
3113 5096 3482 5174 pertinet.—

1924 5193 2264 5255 Dioendum
2309 5207 2457 5268 ergo
2499 5195 2611 5264 est,
2652 5189 2823 5249 hunc
2865 5188 3153 5250 effectum
3196 5190 3483 5252 irritandi

1924 5284 2025 5346 vel
2068 5281 2507 5345 inhabilitandi
2552 5281 2668 5341 sub
2711 5280 3146 5361 prohibitione,
3181 5283 3280 5344 vel
3327 5301 3483 5362 prae-

1926 5380 2103 5455 cepto
2134 5372 2462 5434 contineri.
2495 5373 2740 5435 Duobus
2767 5373 2935 5435 enim
2971 5375 3172 5435 modis
3207 5373 3342 5433 fieri
3376 5390 3485 5451 po·

1926 5473 2048 5530 test
2098 5464 2361 5527 irritatio
2374 5510 2396 5542 ,
2447 5465 2675 5529 scilicet
2722 5465 3173 5549 praescribendo
3217 5464 3486 5527 formam
