3976 6219
84 386 166 440 [1115ss
191 422 200 440 ,.

85 405 207 554 ΜἙ,
240 460 621 541 particulam,
659 467 770 523 aut
808 461 1171 539 clausulam,
1220 482 1333 543 per
1360 481 1550 544 quam
1589 465 1790 544 magis

85 545 204 644 QZ}
241 555 496 635 explicet
523 556 780 616 modum
813 556 1176 635 imponendi
1206 575 1477 636 poenam.
1508 560 1584 619 Et
1619 564 1789 620 uter·

101 635 200 737 ›2er
240 666 352 727 que
387 648 607 709 modus
643 654 737 710 est
780 648 1106 727 multiplex
1152 655 1216 711 et
1248 650 1480 712 variuS.
1525 652 1682 712 Nam
1718 652 1789 712 in

89 713 204 834 [ἐξ
240 740 445 820 priori,
483 742 686 821 primo
711 740 847 803 fieri
877 746 1076 821 potest
1102 742 1362 822 simplex
1385 744 1787 806 comminatio

84 808 194 924 9ιὶζῇ
236 849 449 911 poenae,
497 839 568 894 ut
610 851 755 895 cum
793 834 1054 897 dicitur:
1097 836 1494 900 Prohibemus
1519 838 1626 900 Ιιοο
1644 837 1789 915 fieri

84 915 200 1034 mg]
236 925 342 1076 {ab
382 926 498 1079 tgli
524 926 1079 1080 1plutum{lecliflliidffi
1111 934 1312 1082 potpist
1341 928 1477 990 fieri
1516 946 1627 1009 per
1643 947 1788 1085 {er-

279 1036 381 1079 um
453 1037 486 1080 e
620 1037 813 1080 uros1
970 1038 1211 1082 causac
1260 1039 1443 1082 onem
1511 1037 1617 1084 ut:
1709 1040 1789 1085 a·-

84 1077 200 1214 1Ῑὲ
237 1112 785 1188 communicabam,
814 1037 1181 1191 aonam,
1235 1067 1616 1190 irritab’itur,
1665 1120 1782 1176 etc.

91 1187 192 1318 Ha?
237 1204 458 1281 Tertio,
503 1223 615 1284 per
659 1205 859 1267 simile
903 1205 1166 1267 verbum
1208 1207 1286 1269 de
1315 1207 1624 1286 praesenti,
1668 1212 1779 1267 ut:

85 1367 87 1372 ,
111 1371 118 1374 ,
143 1289 194 1363 ‚²¹³
235 1294 858 1375 Exoommunicamus,
882 1299 1210 1363 irritamus
1226 1321 1244 1376 3
1262 1305 1504 1379 quarte,
1521 1318 1633 1379 per
1653 1318 1786 1361 ver-

85 1361 192 1426 ’ΜΜἙ
236 1386 377 1448 bum
418 1391 734 1469 praeteriti,
775 1392 940 1472 quod
965 1410 1107 1453 raro
1138 1391 1231 1468 fit,
1270 1393 1390 1453 nisi
1417 1393 1626 1454 addito
1660 1392 1785 1454 alio

84 1463 188 1554 Q
234 1481 442 1557 verbe,
459 1489 560 1544 ut:
585 1485 845 1549 Noverit
866 1504 928 1548 se
940 1486 1273 1564 privatum,
1290 1486 1445 1548 sciat
1468 1504 1529 1548 se
1554 1504 1676 1548 esso
1691 1487 1785 1548 iu-

85 1551 188 1642 ?1'42‘2
235 1573 508 1651 habilem,
547 1582 663 1639 etc.
672 1593 694 1654 3
724 1577 963 1656 quinto,
988 1595 1100 1657 per
1125 1577 1384 1639 verbum
1411 1578 1781 1657 imperandi,

84 1653 128 1700 Μ
139 1664 186 1749 Μ”ῑ
234 1674 333 1727 ut:
365 1669 953 1746 Exoommuuicetur,
980 1676 1138 1747 etc.;
1165 1676 1361 1746 sexto,
1386 1689 1496 1750 per
1527 1669 1786 1731 verbum

84 1753 184 1846 Q
233 1760 708 1838 substantivum,
754 1782 910 1839 sum,
958 1762 1125 1842 quod
1157 1780 1399 1842 semper
1427 1762 1789 1843 adjungitur

85 1839 182 1898 Μῗέὲ
234 1853 420 1914 alicui
456 1855 801 1936 participio,
834 1862 896 1919 et
936 1875 1046 1936 per
1081 1856 1243 1917 dicta
1268 1862 1547 1937 tempora
1568 1862 1631 1917 et
1658 1874 1788 1916 mo-

85 1939 176 2036 Q‘*
233 1945 343 2007 dos
382 1948 609 2009 variari
635 1954 859 2029 potest,
883 1954 986 2010 ut:
1016 1950 1315 2012 Privatus
1339 1955 1451 2024 est,
1484 1949 1605 2024 vel,
1631 1950 1784 2025 fuit,

85 2041 176 2088 2³³1ss
224 2039 511 2118 privatus
533 2044 673 2118 orit,
698 2045 785 2105 sit
798 2043 1087 2121 privatus
1097 2063 1119 2113 ,·
1150 2046 1213 2104 et
1239 2060 1316 2102 ex
1334 2047 1508 2122 parte
1533 2041 1788 2121 partici-

230 2129 320 2208 pii
367 2136 565 2210 potest
606 2151 734 2196 esse
780 2133 998 2194 similis
1041 2135 1308 2195 varietas
1343 2135 1659 2214 praesentis
1689 2134 1790 2195 vel

84 2236 125 2279 ra
230 2222 451 2299 futuri,
495 2231 586 2299 ut,
636 2226 990 2289 Privaudus
1015 2232 1124 2302 est,
1168 2225 1289 2301 vel,
1338 2227 1639 2290 Privatus
1677 2232 1784 2289 ost.

235 2316 306 2376 In
334 2317 540 2399 altero,
552 2319 737 2379 modo
764 2319 981 2379 formae
1025 2319 1180 2397 legis
1215 2319 1551 2399 composito
1574 2318 1789 2379 distin-

93 2413 125 2474 n
228 2417 512 2487 guuntur
547 2412 734 2473 etiam
772 2412 1167 2491 quamplures
1198 2411 1512 2492 particulae
1535 2417 1598 2472 et
1624 2410 1792 2471 modi

230 2502 455 2582 quibus
472 2505 668 2583 ‚iussio
689 2523 888 2585 poenae
907 2505 1061 2566 solet
1080 2506 1312 2582 urgeri,
1335 2509 1398 2564 et
1414 2504 1589 2584 quasi
1607 2520 1791 2581 exag-

84 2622 156 2666 περ
230 2597 460 2675 gerari,
510 2603 581 2657 ut
611 2598 817 2658 statim
849 2598 1222 2671 incurratur,
1253 2596 1465 2676 quales
1484 2595 1791 2674 imprimis

84 2720 97 2762 ι,
112 2719 154 2762 g:
229 2696 375 2751 sunt
401 2709 617 2752 omnes
645 2691 767 2752 illoe
795 2690 1132 2771 particulae,
1167 2708 1305 2769 quae
1332 2689 1610 2750 indicant
1633 2706 1790 2767 prae-

84 2816 150 2860 Q
229 2789 598 2845 sentaneum
642 2784 954 2857 effectum,
986 2788 1082 2855 ut,
1114 2782 1216 2843 B'o
1259 2783 1414 2861 ipso,
1467 2783 1577 2844 Es:
1625 2787 1785 2854 tuuc,

228 2876 379 2953 Ipso
402 2878 590 2951 facto,
607 2876 754 2953 Ipso
767 2875 936 2954 jure,
954 2880 1017 2935 et
1037 2872 1285 2934 similes.
1294 2890 1316 2950 ;
1333 2872 1626 2947 secundo,
1646 2877 1793 2933 sunt

229 2968 370 3030 aliae
389 2968 786 3030 excludentes
803 2985 1084 3047 expresse
1103 2966 1528 3028 necessitatem
1550 2971 1795 3027 senten-

98 3099 137 3147 ff
227 3060 358 3137 tiae,
389 3067 483 3136 ut,
513 3059 672 3124 Anto
692 3062 1066 3137 seutentiam,
1111 3060 1326 3140 absque
1365 3060 1496 3122 alia
1527 3059 1794 3121 declara-

85 3154 128 3235 “z
237 3155 421 3230 tione,
455 3155 626 3217 nulla
660 3154 985 3217 monitione
1016 3153 1361 3233 praemissa,
1397 3158 1512 3213 etc.
1521 3167 1541 3229 3
1585 3151 1791 3225 tertio,

85 3230 124 3307 ζ,
230 3252 383 3307 sunt
433 3246 569 3307 alia-2
614 3246 990 3326 explicantes
1037 3244 1483 3323 obligationem
1530 3244 1598 3303 in
1652 3261 1795 3304 con-

85 3388 122 3431 a
225 3338 510 3414 scientia,
540 3345 611 3399 ut
637 3340 689 3400 si
710 3339 810 3400 lex
835 3339 1041 3399 dicat:
1068 3339 1153 3400 Iu
1173 3336 1531 3401 couscientia
1552 3342 1794 3398 tensau-

84 3442 105 3511 ζξ
226 3438 361 3509 tur,
389 3438 543 3509 etc.;
570 3437 813 3512 quarto,
844 3437 991 3493 sunt
1015 3430 1298 3511 quaedam
1325 3428 1639 3508 particulae
1656 3427 1795 3487 uni-

85 3506 111 3615 :3
227 3527 526 3603 versaleS,
544 3544 682 3606 quae
699 3525 987 3586 videntur
1003 3525 1120 3586 hoc
1136 3521 1676 3601 comprehendere,
1698 3525 1791 3595 ut,

229 3618 515 3695 Omnino,
559 3620 826 3699 penitus,
845 3618 1037 3698 pleno,
1064 3622 1208 3693 etc„
1235 3615 1467 3677 uaedlius
1491 3612 1790 3689 momenti,

85 3704 104 3715 '⁷
225 3717 296 3773 et
326 3712 574 3775 similes.

316 3806 377 3865 3.
442 3808 741 3867 Praeterea
796 3804 1051 3866 adverto
1080 3846 1103 3880 ,
1168 3802 1346 3882 juxta
1402 3815 1796 3863 communem

224 3917 419 3960 usum
461 3906 524 3961 et
565 3917 816 3962 sensum
862 3898 1206 3973 doctorum,
1247 3912 1464 3957 omnes
1506 3893 1635 3954 fere
1682 3890 1798 3952 hos

221 3993 532 4055 terminos
572 3992 799 4054 habere
844 3991 1146 4070 majorem
1192 3988 1322 4049 vim
1376 3986 1539 4047 circa
1584 4001 1799 4063 poenas

217 4105 370 4166 quae
397 4085 669 4147 hominis
695 4084 1003 4145 actionem
1041 4098 1170 4141 non
1211 4079 1560 4158 requirunt,
1607 4094 1795 4156 quam

214 4179 294 4240 in
333 4179 471 4240 aliis
497 4176 954 4239 involventibus
989 4172 1177 4234 talem
1203 4172 1534 4245 actionem,
1570 4174 1632 4230 et
1656 4170 1797 4229 ideo

212 4272 349 4333 hoc
377 4271 566 4332 etiam
588 4267 961 4330 considerari
992 4264 1187 4327 solere
1213 4264 1293 4325 ad
1317 4262 1563 4342 regulas
1588 4262 1656 4321 in
1681 4260 1797 4321 hac

218 4363 495 4426 materia
508 4360 982 4423 constituendas
1009 4359 1153 4432 Quas
1168 4355 1374 4437 plures
1388 4354 1552 4415 tradi
1575 4353 1791 4414 solent.

216 4459 584 4536 Antequam
612 4472 758 4517 vero
801 4453 940 4515 illas
967 4450 1431 4525 constituamuS,
1460 4447 1629 4509 aliud
1655 4465 1798 4526 sup-

217 4551 526 4634 ponimus
548 4549 1026 4611 fundamentum
1058 4543 1344 4623 generale
1367 4543 1437 4603 in
1461 4541 1579 4602 hac
1599 4545 1796 4601 mate-

214 4645 349 4721 ria,
382 4644 548 4724 quod
578 4642 784 4723 posuit
811 4640 1004 4702 GlosS.
1034 4639 1103 4698 in
1134 4656 1187 4700 c.
1218 4637 1302 4698 Iu
1321 4636 1540 4716 poeuis,
1584 4633 1662 4695 de
1684 4634 1800 4694 Re-

217 4737 370 4819 gul.
394 4738 521 4814 jur.
533 4782 555 4813 ,
592 4737 663 4797 in
712 4737 770 4796 6.
823 4734 1133 4795 Nimirum
1174 4729 1413 4810 quoties
1455 4726 1607 4788 talia
1655 4730 1803 4786 sunt

219 4829 428 4892 verba
471 4828 626 4909 legis
673 4830 1097 4907 (quaecumque
1144 4822 1253 4883 illa
1300 4822 1445 4898 sint)
1483 4825 1555 4880 ut
1606 4836 1684 4879 ex
1736 4817 1801 4878 vi

214 4924 486 4986 illorum
523 4922 796 4983 incertus
840 4919 921 4980 sit
959 4935 1170 4980 sensus
1197 4915 1378 4994 legis,
1405 4933 1512 4990 an,
1542 4911 1796 4988 scilicet,

218 5017 555 5081 contineat
580 5013 953 5077 sententiam
992 5011 1183 5073 latam
1228 5008 1326 5071 vel
1351 5007 1693 5081 ferendam,
1724 5004 1799 5066 de

99 5164 102 5169 .
214 5111 494 5174 ferenda
549 5105 1081 5189 interpretandam
1122 5120 1275 5179 esse,
1319 5107 1382 5164 et
1412 5101 1551 5162 ideo
1591 5117 1703 5178 per
1736 5114 1802 5159 se

212 5222 367 5267 non
414 5203 689 5283 obligare
726 5203 797 5262 in
841 5197 1236 5262 conscientia.
1289 5195 1583 5274 Idemque
1634 5197 1806 5254 tenet

215 5297 406 5359 Glos.
433 5297 502 5356 in
529 5314 582 5358 c.
619 5295 958 5375 Cupientes,
989 5292 1026 5371 ἓ
1052 5291 1137 5355 Si
1162 5307 1320 5365 vero,
1345 5287 1516 5349 verb.
1546 5286 1806 5350 Priveu·

219 5398 368 5466 tur,
391 5391 469 5452 de
494 5389 716 5465 Elect„
749 5387 817 5447 in
843 5387 903 5448 6.
938 5387 1091 5448 Item
1113 5384 1302 5459 Glos.,
1329 5382 1397 5442 in
1428 5399 1481 5442 c.
1511 5381 1573 5457 2,
1604 5379 1641 5460 ξ
1665 5383 1694 5439 1
1728 5379 1806 5440 de

215 5486 466 5548 Haeret.
475 5529 498 5563 ,
525 5484 595 5546 in
618 5484 682 5560 6,
706 5479 879 5546 verb.
903 5479 1281 5549 [mnodum-,-
1309 5474 1587 5556 sequitur
1614 5473 1803 5550 Cast„

658 5602 727 5650 v.

85 2125 172 2202 nugs·

776 359 913 412 CAP.
947 360 1031 413 Vl.
1067 359 1318 423 QUANDO
1348 358 1545 414 Lacr-:s
1575 358 1882 413 POENALES
1914 359 2305 414 commum
2336 361 2747 427 summum,
2781 362 2917 416 E‘rc.

1868 464 2031 525 dicto
2057 465 2101 525 l.
2133 466 2195 540 2,
2226 484 2279 528 6.
2308 469 2337 525 1
2374 482 2397 544 3
2425 466 2760 545 Tiraquel„
2795 466 2873 528 de
2900 464 3106 527 Poenis
3134 470 3395 547 tempor.
3402 513 3425 544 ,

1866 576 1931 619 n.
1968 559 2111 634 245,
2149 558 2357 638 plures
2386 557 2676 620 referens,
2708 559 3195 638 Fundanturque
3221 560 3290 619 in
3320 560 3427 622 illo

1866 650 2172 731 principio
2187 652 2370 731 juria,
2383 651 2548 730 quod
2561 669 2760 730 poenae
2778 652 3095 732 inpartem
3116 652 3429 715 mitiorem

1865 743 2343 824 interpretandae
2390 749 2556 805 sunt.
2598 745 2675 804 Et
2720 744 2931 806 favent
2975 744 3098 805 alia
3127 746 3430 826 principia

1863 836 2043 916 juris,
2086 836 2250 916 quod
2297 854 2483 898 nemo
2517 838 2915 916 praesumitur
2957 837 3263 916 obligatus
3308 839 3428 899 nisi

1868 925 2163 1008 probetur
2177 974 2198 1004 ,
2246 935 2309 990 et
2333 928 2498 1008 quod
2524 928 2625 990 lex
2654 935 2717 990 et
2761 930 3089 1006 sententia,
3123 930 3428 1010 praecipue

1869 1021 2394 1096 condemnatoria,
2421 1021 2602 1082 debet
2629 1039 2756 1084 esse
2788 1024 3132 1102 perspicua,
3170 1028 3233 1083 et
3263 1023 3428 1102 quod

1867 1113 1922 1174 si
1952 1114 2270 1192 legislator
2305 1113 2571 1193 amplius
2597 1114 2977 1190 intendisset,
3009 1116 3425 1194 expressisset,

1866 1224 1921 1267 c.
1950 1208 2034 1268 ad
2059 1208 2452 1282 audientiam,
2481 1205 2558 1267 de
2585 1207 2815 1267 Decim.
2846 1204 2955 1266 His
2978 1225 3127 1286 ergo
3152 1208 3381 1287 positis:

1943 1300 2006 1360 Δ.
2036 1300 2252 1380 quem
2277 1304 2533 1362 utentem
2557 1300 2755 1362 verbis
2784 1300 3162 1378 simplicibus
3191 1302 3429 1364 commi-

1864 1395 2150 1458 nantibus
2167 1411 2425 1474 paeuam,
2455 1412 2573 1456 uon
2595 1394 2862 1474 obliyare
2882 1394 2949 1455 iu
2970 1396 3327 1457 couscientia
3349 1396 3434 1458 ad

1865 1489 2046 1550 talem
2077 1504 2317 1567 paeuam
2351 1486 3028 1549 subeundam—Prima
3050 1488 3266 1565 regula
3305 1488 3423 1549 sit:

1867 1580 2116 1655 Quoties
2149 1579 2250 1640 lex
2292 1585 2536 1640 tantum
2581 1579 2778 1640 utitur
2803 1579 3008 1640 verbis
3048 1579 3427 1659 simplicibus

1866 1671 2392 1735 comminantibus
2430 1690 2703 1751 poenam,
2734 1690 2863 1733 non
2899 1671 3134 1750 obligat
3160 1672 3226 1731 in
3256 1691 3430 1733 cons-

1867 1767 2095 1828 cientia
2119 1765 2199 1826 ad
2225 1765 2413 1826 talem
2464 1782 2713 1844 poenam
2767 1764 3175 1839 subeundam,
3225 1766 3428 1844 cujus-

1868 1876 2132 1938 cumque
2173 1857 2417 1936 generis
2452 1874 2635 1936 poena
2661 1857 2774 1934 sit3
2819 1861 2890 1916 ut
2933 1873 3076 1917 cum
3113 1855 3217 1916 lex
3254 1857 3427 1935 dicit,

1870 1952 2005 2016 Sub
2033 1969 2208 2031 poeua
2237 1951 2586 2031 quadrupli,
2612 1950 2734 2026 vel,
2751 1950 2858 2012 sub
2882 1966 3060 2028 poeua
3072 1949 3430 2013 inhabilita-

1870 2044 2077 2119 tionis,
2111 2049 2227 2105 etc.
2254 2044 2333 2103 Et
2359 2042 2732 2119 communis,
2764 2050 2834 2102 ut
2859 2041 2936 2103 de
2963 2042 3248 2103 Censuris
3274 2042 3432 2103 dixi-

1869 2155 2009 2197 mus
2039 2142 2189 2198 tom.
2223 2138 2284 2211 5,
2317 2140 2379 2197 61
2414 2135 2682 2196 sumitur
2707 2153 2785 2196 ex
2810 2136 2880 2195 D.
2917 2135 3135 2196 Thom.
3174 2136 3233 2196 2.
3262 2136 3323 2209 2,
3363 2154 3427 2215 q.

1871 2231 1970 2306 62,
2000 2231 2163 2306 a.·3;
2195 2234 2258 2292 et
2282 2228 2371 2289 ibi
2412 2229 2603 2309 CaJ'et.
2652 2230 2891 2290 Tenent
2936 2228 3100 2303 Soto,
3146 2228 3325 2289 Cord.
3370 2233 3433 2290 et

1869 2322 1978 2383 alii
1995 2321 2270 2400 theologi
2296 2327 2359 2382 et
2373 2321 2613 2400 juristae
2637 2319 2825 2381 etiam
2856 2320 3267 2381 communiter
3286 2338 3431 2382 cum

1870 2414 2032 2477 Glos.
2076 2415 2190 2474 ult.
2236 2414 2304 2474 in
2344 2432 2397 2474 c.
2444 2413 2862 2483 Fratsruitas,
2906 2416 2962 2473 1.
2998 2413 3061 2487 2,
3103 2429 3166 2490 q.
3210 2414 3271 2487 2,
3320 2411 3430 2471 ubi

1871 2508 2059 2569 etiam
2082 2508 2304 2568 Navar.
2336 2512 2398 2567 et
2424 2507 2630 2584 Tiraq.
2662 2523 2871 2584 supra,
2902 2522 2968 2564 n.
2991 2507 3134 2579 254,
3163 2504 3435 2564 referens

1871 2600 2121 2661 multos
2151 2599 2330 2660 Ratio
2357 2604 2472 2675 est,
2506 2598 2654 2677 quia
2687 2598 2828 2658 talis
2856 2598 2957 2659 lex
2983 2615 3062 2659 ex
3087 2597 3151 2657 vi
3179 2613 3434 2657 suorum

1867 2692 2199 2755 verborum
2222 2691 2466 2750 nullum
2503 2695 2879 2769 praeceptum
2905 2690 3083 2769 ponit
3108 2689 3185 2751 de
3214 2707 3434 2750 execu-

1868 2785 2039 2847 tione
2064 2802 2261 2864 poenae
2288 2805 2306 2859 3
2338 2784 2539 2844 solum
2569 2800 2717 2861 ergo
2737 2782 2991 2843 instruit
3006 2783 3307 2861 judicem,
3338 2799 3437 2842 ar-

1871 2886 2168 2956 gumento
2210 2896 2263 2939 c.
2314 2879 2405 2940 De
2451 2876 2695 2951 Causis,
2734 2876 2829 2955 §1
2864 2877 2939 2937 de
2985 2875 3156 2937 Offic.
3191 2876 3267 2936 de
3308 2876 3431 2954 leg.

1873 2970 2050 3031 Unde
2080 2970 2160 3030 ad
2188 2986 2504 3029 summum
2527 2969 2757 3029 virtute
2784 2974 2847 3028 et
2887 2969 3063 3047 quasi
3090 2986 3198 3047 per
3229 2985 3438 3029 neces-

1874 3063 2101 3124 sariam
2128 3061 2466 3124 illationem
2496 3059 2774 3141 praecipit
2798 3078 2905 3122 reo
2927 3066 2996 3121 ut
3017 3066 3229 3140 pareat
3239 3060 3437 3139 judici

1874 3154 2221 3234 imponenti
2258 3154 2447 3215 talem
2475 3170 2744 3232 poenam.
2775 3152 3185 3214 Confirmatur
3209 3153 3433 3232 primo,

1875 3248 2024 3328 quia
2047 3248 2192 3326 jura
2219 3246 2586 3326 praecipiunt
2606 3263 2819 3323 poenas
2844 3244 3115 3323 benigne
3138 3245 3440 3324 interpre-

1874 3340 2020 3416 tari,
2042 3357 2174 3417 reg.
2208 3340 2291 3400 Iu
2312 3340 2527 3416 paeuis,
2553 3338 2631 3399 de
2644 3339 2797 3416 Reg.
2824 3337 2952 3415 jur.
2959 3381 2980 3413 ,
3005 3335 3048 3398 l.
3073 3336 3338 3416 penult„
3366 3337 3431 3399 ff.

1874 3432 1949 3493 de
2000 3430 2225 3491 Poenis.
2272 3429 2685 3490 Confirmatur
2733 3428 3024 3501 secundo,
3074 3430 3222 3509 quia
3265 3429 3437 3490 aliud

1874 3520 1984 3585 est'
2015 3523 2336 3601 designare
2397 3540 2649 3601 poenam
2712 3521 3154 3601 imponendam
3196 3566 3219 3597 ,
3265 3523 3436 3583 aliud

1873 3616 2048 3677 illam
2071 3615 2424 3694 imponere3
2453 3614 2595 3675 talis
2630 3619 2842 3676 autem
2869 3615 2972 3676 lex
2998 3614 3282 3694 designat
3309 3634 3439 3696 poe-

1873 3726 2047 3784 nm,
2060 3713 2123 3769 et
2144 3725 2272 3769 non
2290 3707 2579 3786 imponit,
2602 3698 2717 3767 nec
2733 3707 2856 3768 fert
2883 3707 3276 3784 sententiam,
3291 3707 3438 3787 quia

1874 3801 2121 3862 nullum
2134 3805 2228 3861 est
2245 3800 2313 3861 in
2341 3818 2415 3862 ea
2432 3798 2692 3861 verbum
2720 3799 2884 3879 quod
2906 3799 3082 3861 illam
3107 3801 3432 3880 significet:

1875 3893 2041 3954 unde
2064 3892 2271 3953 Castro
2297 3891 2551 3953 adhibet
2570 3891 3007 3952 limitationem
3025 3897 3095 3951 ut
3112 3892 3244 3954 hoec
3254 3912 3438 3973 regu-

1875 3986 1938 4048 la
1983 3986 2269 4066 procedat
2288 4030 2309 4061 ,
2355 3984 2478 4045 nisi
2519 3989 2742 4060 praeter
2788 3984 3049 4046 verbum
3105 3985 3438 4065 designans

1875 4096 2125 4160 poenam
2144 4077 2409 4138 addatur
2433 4077 2603 4138 aliud
2621 4076 2938 4138 declarans
2953 4079 3324 4139 sententiam
3350 4080 3438 4140 la-

1875 4176 2028 4234 tam.
2056 4170 2174 4232 Sed
2198 4169 2331 4231 hoec
2358 4168 2648 4229 limitatio
2675 4186 2804 4229 non
2836 4175 2929 4230 est
2953 4188 3122 4231 nunc
3159 4190 3440 4234 necessa-

1875 4264 1971 4325 ria
2002 4284 2017 4324 :
2049 4280 2198 4324 nam
2229 4262 2496 4341 pertinet
2521 4261 2602 4323 ad
2624 4266 2808 4340 caput
2843 4279 3144 4342 sequens3
3174 4264 3242 4324 in
3283 4283 3439 4344 prae-

1878 4356 2037 4417 senti
2066 4355 2236 4416 enim
2277 4354 2478 4415 solum
2525 4353 2769 4433 agimus
2795 4353 2872 4416 de
2902 4355 3039 4433 lege
3079 4355 3439 4436 simpliciter

1876 4449 2190 4528 loquente,
2220 4452 2292 4508 ut
2318 4446 2471 4524 dixi,
2525 4451 2589 4507 et
2632 4446 2721 4507 ita
2760 4464 2839 4508 ex
2885 4453 3060 4526 parte
3102 4449 3438 4511 verborum

1877 4540 2118 4602 nullam
2163 4539 2353 4601 habet
2391 4538 2847 4601 limitationem.
2881 4541 2972 4599 Ex
3006 4546 3181 4619 parte
3224 4548 3437 4605 autem
3514 4606 3527 4618 ,

1876 4650 2077 4714 poenae
2099 4632 2253 4693 solet
2279 4631 2509 4710 duplex
2534 4631 2824 4693 limitatio
2851 4631 3153 4693 adhiberi.

1960 4728 2020 4788 5.
2040 4726 2247 4786 Prima
2255 4730 2442 4798 est-,ut
2452 4743 2577 4786 non
2590 4725 2878 4805 procedat
2890 4725 2958 4785 in
2976 4744 3163 4806 poena
3171 4745 3439 4789 conven-

1879 4818 2121 4896 tionali,
2144 4837 2282 4899 quae·
2303 4818 2371 4879 in
2391 4818 2806 4880 contractibus
2828 4818 2982 4880 solet
3002 4821 3253 4900 apponi.
3284 4822 3441 4894 Quia

1879 4913 2117 4976 violans
2144 4917 2525 4975 contractum
2562 4912 2770 4973 statim
2810 4917 3058 4974 tenetur
3083 4913 3162 4974 ad
3190 4932 3441 4992 poenam

1880 5006 2265 5085 designatam
2301 5005 2369 5066 in
2408 5011 2724 5067 contractu
2768 5004 3146 5081 solvendam,
3191 5007 3335 5069 licet
3369 5009 3440 5070 in

1882 5104 2201 5161 contractu
2225 5103 2472 5159 tantum
2499 5098 2733 5159 dictum
2776 5098 2876 5173 sit,
2926 5097 3040 5158 sub
3084 5098 3194 5159 tali
3229 5118 3436 5179 poena,

1882 5192 1981 5254 vel
2016 5191 2206 5254 talem
2245 5208 2495 5271 poenam
2535 5190 2831 5250 incurrat.
2881 5190 2971 5249 Ita
3017 5195 3187 5253 tenet
3230 5193 3438 5276 Tiraq.

1884 5304 2070 5367 supra
2095 5304 2161 5346 n.
2192 5286 2334 5361 256,
2378 5284 2575 5345 citans
2606 5282 2778 5344 Paul.
2829 5283 3101 5344 Castren.
3144 5284 3212 5344 in
3249 5285 3293 5345 l.
3340 5285 3447 5349 Ad

1886 5381 2065 5455 dim,
2094 5377 2160 5440 ff.
2194 5377 2271 5439 de
2303 5377 2487 5439 Verb.
2520 5375 2712 5455 oblig.
2749 5376 3043 5456 Expressa
3076 5375 3244 5439 idem
3279 5383 3451 5441 tenet

1886 5471 2083 5535 Felin.
2125 5473 2193 5532 in
2232 5489 2286 5533 c.
2343 5473 2374 5532 1
2420 5469 2498 5532 de
2525 5468 2779 5535 Constit.
2825 5487 2893 5531 n.
2925 5470 3030 5545 46,
3065 5474 3129 5532 et
3161 5470 3325 5534 Deci.
3358 5470 3457 5534 ibi

2973 5574 3055 5637 28
