3976 6219
467 336 590 400 m

467 443 580 505 lib.
613 446 670 519 1,
695 447 909 523 quoest.
941 443 1048 517 19;
1083 446 1147 503 et
1179 440 1408 502 citatur
1440 460 1552 521 pro
1579 442 1698 504 hac
1725 442 2033 505 sententia

467 538 784 598 collectar.
829 536 899 595 in
943 553 1078 614 cap.
1133 538 1194 609 Ι,
1239 533 1316 596 de
1359 535 1560 596 Const.
1613 537 1803 598 Favet
1843 536 2033 597 etiam

466 630 802 691 Panormit.
853 629 923 688 in
961 645 1097 706 cap.
1141 629 1314 693 Nam
1365 630 1923 708 concupiscentiam,
1954 629 2033 690 de

465 723 792 784 Constitut.
815 722 883 782 in
905 721 1055 797 fine,
1085 721 1237 782 dum
1265 722 1354 781 ait
1370 722 1614 783 nullum
1633 740 1764 784 esse
1788 722 2033 784 veniale

466 820 787 897 peccatum
805 814 974 893 quod
990 814 1434 875 consuetudine
1455 832 1583 876 non
1607 814 1718 876 fiat
1735 814 2029 878 mortale:

466 926 616 969 nam
653 907 772 967 hoc
796 924 1016 969 verum
1043 926 1176 969 esse
1208 925 1336 968 non
1366 913 1589 987 potest,
1620 908 1749 969 nisi.
1789 908 2033 971 ratione

467 1004 874 1079 contemptus.
905 1000 1179 1079 Denique
1213 1001 1509 1062 Bernard.
1543 1001 1707 1063 dicto
1747 1000 1908 1063 libro
1953 1002 2033 1064 de

467 1096 732 1173 Praecep.
782 1098 845 1153 et
885 1092 1244 1173 dispensat„
1291 1093 1480 1173 capit.
1518 1093 2031 1174 decimo-quarto,

467 1187 619 1248 dicit
657 1186 940 1267 quaedam
982 1204 1110 1247 esse
1142 1186 1413 1248 venialia
1459 1193 1731 1267 peccata,
1779 1194 2036 1268 excepto

468 1298 611 1341 cum
653 1296 766 1359 per
789 1283 1211 1359 contemptum
1257 1284 1592 1341 vertuntur
1627 1280 1697 1339 in
1743 1298 1930 1342 usum
1974 1287 2037 1343 et

470 1371 1002 1433 consuetudinem.

547 1466 609 1526 8.
655 1465 774 1527 Sed
815 1466 949 1527 haec
997 1466 1302 1527 sententia
1343 1464 1498 1527 falsa
1541 1472 1660 1542 est,
1709 1471 1784 1528 ut
1813 1468 2035 1529 merito

469 1558 680 1620 docuit
727 1560 798 1621 D.
841 1560 1112 1621 Thomas
1155 1566 1221 1622 et
1267 1578 1413 1621 cum
1451 1578 1526 1621 eo
1561 1560 1839 1639 CaJetan.
1869 1563 1932 1622 2.
1967 1564 2033 1637 2,

470 1658 685 1731 quaest.
743 1653 884 1729 186,
921 1659 1042 1714 art.
1081 1656 1144 1727 9,
1181 1653 1262 1714 ad
1296 1655 1366 1714 3:
1406 1658 1471 1714 et
1505 1654 1784 1734 sequitur
1809 1653 2029 1734 Angel.

469 1744 643 1806 verb.
681 1744 1086 1825 Contemptus,
1116 1751 1181 1808 et
1201 1745 1360 1808 bene
1381 1747 1641 1807 Navarr.
1679 1746 1750 1806 in
1787 1764 1841 1807 c.
1884 1748 2039 1810 Tres

471 1842 636 1913 rm,
670 1837 748 1899 de
774 1839 1026 1916 Posuit„
1055 1840 1326 1901 distinct.
1362 1843 1421 1915 1,
1451 1857 1518 1899 n.
1546 1841 1651 1900 13:
1684 1844 1750 1902 et
1778 1839 2030 1902 Archid.

469 1929 540 1991 iu
581 1947 714 2009 αις).
752 1930 1133 2012 Quicumque,
1168 1933 1241 1993 81
1274 1932 1589 2009 distinct.;
1632 1938 1698 1994 et
1733 1926 1894 1994 ratio
1917 1944 2032 2009 est,

470 2023 620 2102 quia
663 2024 1038 2084 consuetudo
1083 2042 1212 2085 non
1257 2030 1350 2085 est
1397 2030 1828 2106 contemptus3
1885 2044 2036 2105 ergo

470 2132 722 2194 peccare
759 2132 838 2175 ex
875 2117 1324 2179 consuetudine
1361 2136 1494 2178 non
1535 2123 1628 2179 est
1671 2135 1923 2197 peccare
1955 2136 2037 2180 ex

471 2211 854 2286 contemptu,
900 2208 1269 2288 formaliter,
1318 2230 1392 2275 ac
1435 2228 1548 2291 per
1589 2228 1654 2272 se
1698 2210 2031 2291 loquendo.

471 2298 644 2373 Quod
680 2298 822 2360 ideo
855 2300 1038 2378 addo,
1074 2304 1222 2381 quia
1261 2303 1642 2365 consuetudo
1682 2310 1884 2383 potest
1916 2304 2039 2365 dis-

470 2410 702 2472 ponere
723 2392 802 2453 ad
837 2400 1262 2475 contemptum
1293 2403 1357 2458 et
1379 2396 1558 2457 illum
1585 2397 1888 2476 paulatim
1933 2415 2039 2476 ge-

470 2502 713 2562 nerare,
737 2493 810 2548 ut
836 2488 908 2548 D.
934 2487 1204 2549 Thomas
1221 2508 1408 2570 supra
1427 2489 1606 2565 dixit,
1639 2508 1716 2550 ex
1747 2489 1858 2550 illo
1893 2492 2039 2551 Pro-

469 2579 643 2640 verb.
678 2580 788 2641 18:
835 2581 1078 2659 Impius
1115 2600 1248 2645 owm
1287 2585 1357 2645 iu
1393 2584 1770 2661 prosundwm
1808 2584 2039 2645 venerit

464 2678 842 2751 peccatorum
864 2718 885 2747 ,
929 2676 1267 2737 contemnit.
1337 2676 1593 2754 Propter
1629 2675 1794 2754 quod
1840 2675 2039 2736 solent

466 2764 708 2845 juristoe
733 2765 962 2842 dicere,
993 2772 1064 2827 ut
1082 2773 1261 2829 notat
1289 2769 1515 2829 Navar.
1546 2785 1755 2846 supra,
1779 2786 1857 2829 ex
1886 2786 2039 2829 con·

473 2858 799 2920 suetudine
826 2859 1017 2920 indici
1044 2862 1595 2941 praesumptionem
1624 2866 2035 2941 contemptae,

472 2950 620 3014 licet
657 2952 790 3031 ipsa
837 2959 1224 3034 contemptus
1265 2973 1392 3016 non
1434 2954 1536 3015 sit.
1573 2954 1874 3016 Probatur
1891 2973 2039 3034 ergo

475 3046 865 3125 antecedens,
901 3048 1050 3129 quia
1082 3054 1470 3130 contemptus
1518 3068 1630 3131 per
1659 3068 1724 3112 se
1765 3049 2043 3112 consistit

475 3141 546 3201 in
585 3158 714 3200 uno
757 3147 930 3202 actu:
981 3143 1360 3205 consuetudo
1393 3150 1604 3206 autem
1632 3143 1835 3205 solum
1865 3143 2037 3219 dicit,

474 3233 574 3294 vel
609 3233 1183 3313 multiplicationem
1221 3236 1442 3297 talium
1479 3243 1755 3313 actuum,
1795 3235 1895 3298 vel
1923 3236 2043 3296 ha·-

473 3325 673 3388 bitum
713 3327 858 3388 inde
885 3329 1200 3407 genitum:
1232 3336 1472 3391 constat
1503 3337 1712 3393 autem
1749 3329 2040 3391 habitum

475 3438 604 3482 non
621 3439 753 3482 esse
768 3427 1215 3502 contemptum,
1232 3441 1348 3484 nec
1365 3424 1555 3485 etiam
1568 3424 2039 3486 multitudinem

475 3519 766 3592 actuum3
808 3531 957 3575 nam
995 3516 1088 3577 illi
1117 3521 1289 3577 actus
1322 3534 1434 3596 per
1473 3536 1537 3579 se
1562 3517 1871 3598 loquendo
1899 3524 2045 3580 sunt

476 3605 730 3682 similes,
747 3608 937 3684 unde,
958 3607 1116 3669 sicut
1132 3609 1370 3688 primus
1387 3628 1516 3672 non
1539 3617 1629 3672 est
1650 3615 2042 3691 contemptus

475 3699 658 3778 legis,
699 3700 848 3762 licet
887 3700 966 3761 sit
1011 3703 1417 3780 transgressio
1455 3703 1634 3783 legis»,
1673 3701 1767 3764 ita
1801 3722 1915 3765 nec
1947 3723 2043 3766 se-

477 3792 736 3869 cundae,
781 3811 896 3854 nec
933 3795 1176 3871 tertius,
1215 3812 1331 3857 nec
1371 3795 1682 3875 designari
1725 3801 1928 3876 potest
1971 3798 2043 3859 in

477 3903 603 3967 quo
628 3893 771 3947 actu
795 3886 1052 3968 incipiat
1097 3894 1485 3969 contemptus
1517 3908 1596 3952 ex
1623 3892 1690 3953 vi
1716 3896 2045 3953 consuetu·

477 3977 662 4040 dinis.
695 3981 1020 4058 Praeterea,
1047 3988 1365 4062 peccatum
1392 4002 1469 4045 ex
1494 3984 1939 4046 consuetudine
1962 3983 2045 4046 ad

479 4089 798 4134 summum
827 4080 1095 4152 augetur
1115 4075 1322 4156 quoad
1348 4077 1746 4156 pronitatem,
1770 4076 1872 4138 vel
1895 4075 2045 4137 faci-

477 4163 744 4242 litatem,
766 4171 876 4227 aut
891 4165 1180 4229 affectum
1197 4169 1516 4248 peccandi,
1538 4187 1666 4231 non
1678 4187 1826 4232 vero
1838 4167 2045 4249 quoad

481 4258 788 4320 malitiam
828 4260 1085 4322 diversa}
1121 4261 1380 4322 rationis
1425 4262 1525 4324 vel
1577 4263 1800 4342 speciei
1834 4279 1851 4324 ι
1899 4281 2046 4324 con-

480 4357 752 4432 temptus
778 4358 987 4414 autem
1015 4354 1190 4416 addit
1215 4355 1518 4417 malitiam
1540 4357 1762 4436 speciei
1789 4355 2047 4417 distinc-

483 4449 637 4522 tam,
677 4450 748 4505 ut
772 4447 1164 4508 ostendemus
1174 4464 1196 4525 3
1243 4465 1393 4528 ergo
1433 4448 1811 4510 consuetudo
1839 4465 1951 4529 per
1981 4465 2047 4510 se

483 4555 611 4600 non
633 4537 858 4599 sufficit
878 4538 957 4599 ad
977 4545 1424 4622 contemptum.

563 4633 624 4694 9.
669 4631 847 4694 Unde
880 4633 1148 4695 infertur
1182 4635 1406 4696 falsum
1436 4635 1693 4698 omnino
1715 4653 1846 4699 esse
1881 4635 2050 4716 quod

483 4725 824 4788 Panormit.
866 4725 978 4803 ait,
1025 4727 1272 4789 nullum
1301 4745 1430 4791 esse
1457 4735 1777 4810 peccatum
1804 4729 2049 4792 veniale

485 4819 655 4900 quod
698 4837 812 4899 per
859 4821 1370 4884 consuetudinem
1422 4841 1551 4884 non
1597 4822 1709 4885 flat
1760 4823 2047 4884 mortale.

485 4911 655 4974 Alias
705 4912 910 4974 omnis
960 4915 1335 4976 consuetudo
1390 4916 1686 4996 peccandi
1724 4915 2053 4978 venialiter

486 5005 886 5067 constitueret
910 5004 1196 5069 homines
1217 5009 1285 5069 in
1304 5013 1469 5070 statu
1492 5009 1724 5090 peccati
1748 5008 2047 5086 mortalis,

489 5104 555 5160 et
593 5098 681 5160 ita
728 5099 1106 5161 consuetudo
1151 5101 1494 5163 mentiendi
1532 5101 1774 5180 leviter,
1821 5102 1922 5165 vel
1961 5102 2051 5163 lo-

488 5191 724 5272 quendi
752 5191 966 5268 otiose,
996 5197 1061 5254 et
1089 5193 1341 5272 similes,
1371 5195 1816 5258 constituerent
1841 5195 2053 5257 homi-

489 5303 601 5348 nes
643 5283 714 5345 in
756 5284 980 5345 morali
1027 5287 1303 5366 periculo
1348 5289 1642 5368 peccandi
1681 5289 2051 5366 mortaliter,

490 5377 638 5458 quia
663 5379 990 5458 peccatum
1015 5377 1173 5441 illud
1198 5381 1440 5444 ratione
1467 5383 1932 5444 consuetudinis
1959 5399 2055 5444 es-

491 5477 584 5536 set
621 5473 946 5553 peccatum
975 5471 1256 5538 mortale.
1292 5475 1371 5538 Et
1407 5492 1554 5540 cum
1585 5475 1900 5558 designari
1925 5491 2057 5537 non

1473 340 1590 394 Lm.
1625 341 1711 394 m.
1745 341 1828 394 DE
1859 340 2022 395 LEGE
2052 340 2316 394 nulum
2344 341 2427 393 m·
2458 340 2665 393 clvm.

2111 443 2302 523 possit
2330 460 2631 503 numerus
2652 445 2907 501 actuum
2945 440 3015 501 in
3056 458 3182 521 quo
3206 440 3330 503 tale
3354 450 3683 522 peccatum

2110 536 2367 615 incipiat
2402 554 2531 597 asse
2566 534 2852 609 mortale,
2894 534 3134 596 ratione
3166 534 3526 614 frequentias
3565 556 3682 599 seu

2112 630 2595 707 consuetudinis,
2639 629 2918 708 sequitur
2940 628 3183 707 peccari
3225 630 3570 691 mortaliter
3598 650 3683 693 ex

2112 724 2179 785 vi
2214 724 2357 784 talis
2382 722 2865 798 consuetudinis,
2894 729 2959 783 et
2984 720 3243 801 periculi
3272 724 3685 801 perveniendi

2114 818 2195 878 ad
2222 834 2557 878 numerum
2582 820 2856 891 actuum,
2884 815 2955 874 in
2979 831 3103 893 quo
3128 821 3418 893 peccatur
3446 823 3687 877 morta-

2110 910 2275 971 liter.
2322 910 2713 989 Consequens
2748 912 2957 969 autem
2996 912 3090 968 est
3134 906 3681 985 absurdissimum,

2114 1008 2176 1065 et
2216 1009 2431 1063 contra
2460 1019 2713 1064 sensum
2736 1001 2931 1061 totius
2960 999 3265 1071 Ecclesiae,
3298 1005 3363 1060 et
3388 1002 3685 1062 omnium

2114 1096 2384 1175 piorum,
2428 1100 2493 1157 et
2532 1100 2748 1156 contra
2780 1110 2995 1155 omnes
3022 1093 3321 1167 doctores,
3352 1094 3460 1173 qui
3486 1096 3685 1156 etiam

2112 1187 2185 1249 in
2224 1190 2487 1250 materia
2528 1187 2607 1249 de
2650 1188 3017 1249 Juramento
3042 1185 3259 1247 dicunt
3284 1187 3687 1248 consuetudi-

2114 1298 2262 1343 nem
2281 1280 2539 1361 jurandi
2556 1297 2780 1342 verum
2805 1278 3022 1340 leviter
3046 1284 3110 1340 et
3138 1279 3273 1340 sine
3308 1297 3511 1355 causa,
3547 1298 3687 1340 non

2115 1374 2486 1435 constituere
2497 1374 2817 1434 hominem
2837 1372 2907 1433 in
2924 1377 3089 1433 statu
3104 1372 3338 1451 peccati
3362 1372 3681 1447 mortalis3

2115 1473 2180 1528 et
2212 1466 2379 1529 idem
2414 1466 2633 1527 dicunt
2662 1465 2915 1528 deludo
2940 1463 3274 1544 superfluo,
3312 1480 3441 1525 non
3461 1470 3685 1525 tamen

2114 1560 2461 1641 pernicioso
2474 1606 2496 1637 ,
2544 1565 2608 1621 et
2650 1558 2790 1619 aliis
2840 1557 3169 1618 similibus.
3226 1556 3405 1618 Ratio
3444 1574 3593 1619 vero
3642 1575 3687 1619 a

2115 1653 2313 1733 priori
2335 1658 2449 1729 oet,
2472 1652 2622 1732 quia
2639 1649 3017 1712 consuetudo
3040 1649 3335 1729 peccandi
3348 1648 3686 1711 venialiter

2114 1764 2227 1825 per
2246 1763 2313 1806 se
2332 1745 2533 1827 solum
2558 1750 2747 1822 anget
2772 1744 3084 1805 extensive
3103 1760 3437 1803 numerum
3468 1760 3683 1822 pecca·

2118 1845 2327 1900 torum
2370 1838 2746 1914 venialium,
2786 1843 2850 1899 et
2895 1836 3319 1897 voluntarium
3369 1836 3437 1897 in
3475 1842 3687 1916 poste-

2114 1932 2381 1994 rioribus
2404 1932 2701 2012 peccatis3
2731 1949 2811 1993 ex
2838 1935 3061 1992 neutro
3082 1934 3290 1991 autem
3308 1938 3683 2008 argumento

2115 2032 2315 2107 potest
2350 2024 2559 2105 colligi
2602 2029 2923 2105 peccatum
2964 2020 3247 2095 mortale,
3291 2021 3439 2100 quia
3482 2022 3688 2083 multa

2114 2124 2363 2200 peccata
2406 2118 2679 2181 venialia
2720 2136 2848 2178 non
2893 2116 3127 2177 faciunt
3164 2131 3368 2174 unum
3394 2113 3685 2189 mortale,

2115 2217 2191 2274 ut
2218 2229 2296 2273 ex
2322 2213 2524 2292 prima
2559 2210 2841 2272 secundat
2866 2226 3168 2288 suppono,
3203 2225 3320 2268 nec
3344 2208 3545 2286 major
3571 2224 3689 2268 vo·-

2117 2304 2325 2366 luntas
2362 2304 2592 2365 sufficit
2630 2304 2711 2365 ad
2740 2308 3063 2383 peccatum
3091 2300 3376 2375 mortale,
3405 2300 3459 2361 si
3486 2307 3687 2361 mate-

2117 2397 2235 2473 ria,
2274 2396 2608 2475 objectum,
2649 2402 2713 2457 et
2749 2395 2887 2455 aliae
2930 2392 3403 2455 circumstantiae
3446 2394 3686 2472 peccati

2118 2489 2341 2552 eadem
2367 2495 2533 2566 sunt,
2563 2488 2730 2549 utin
2764 2487 3054 2568 proesenti
3074 2485 3498 2566 supponimus.
3525 2486 3689 2546 Gon-

2116 2583 2375 2645 suetudo
2398 2600 2547 2660 ergo
2568 2599 2699 2643 non
2723 2579 3014 2641 transfert
3038 2585 3246 2640 actum
3272 2578 3350 2640 de
3367 2578 3595 2639 veniali
3612 2579 3685 2638 in

2117 2676 2413 2738 mortale:
2438 2682 2501 2737 et
2520 2678 2609 2737 ita
2625 2675 2770 2736 inde
2793 2675 2981 2735 etiam
3012 2673 3397 2735 concluditur
3422 2690 3683 2752 peccare

2118 2787 2197 2831 ex
2224 2769 2667 2830 consuetudine
2694 2785 2823 2828 non
2856 2784 2987 2829 esse
3020 2784 3276 2847 peccare
3302 2783 3379 2827 ex
3406 2771 3686 2826 contem-

2118 2868 2255 2944 ptu.
2283 2863 2490 2941 Neque
2517 2862 2810 2924 Bernard.
2843 2861 2907 2921 id
2934 2860 3113 2936 dixit,
3145 2860 3251 2921 sed
3288 2860 3485 2939 potius
3516 2859 3684 2920 dixit

2120 2962 2549 3036 contemptum
2592 2956 2788 3017 solere
2826 2972 2955 3017 esse
2994 2973 3243 3016 causam
3288 2951 3687 3014 consuetudi-

2119 3048 2237 3127 nis,
2268 3054 2330 3112 et
2355 3055 2506 3111 tunc
2543 3066 2763 3111 verum
2807 3056 2899 3112 est
2932 3054 3139 3111 actum
3172 3048 3251 3109 de
3282 3065 3347 3108 se
3373 3046 3685 3107 venialem

2119 3161 2295 3224 posse
2322 3143 2459 3204 fieri
2486 3144 2815 3205 mortalem
2859 3161 2988 3204 non
3036 3143 3277 3204 ratione
3315 3139 3505 3202 solius
3533 3160 3685 3203 con—

2122 3236 2485 3312 suetudiniS,
2519 3237 2626 3298 sed
2652 3236 2892 3297 ratione
2919 3240 3305 3314 contemptus
3330 3252 3371 3294 a
3394 3252 3519 3315 quo
3538 3251 3685 3314 pro-

2122 3330 2307 3392 cedit.

2206 3425 2304 3483 10.
2352 3421 2799 3502 Objodiunoula
2822 3439 2953 3485 oum
2988 3421 3642 3501 responsione—Dices
3664 3437 3687 3481 ι

2122 3515 2502 3578 consuetudo
2546 3515 2794 3576 furandi
2809 3561 2830 3592 ,
2890 3515 3131 3577 etiamsi
3204 3515 3453 3594 singula
3517 3515 3691 3576 furta

2122 3610 2285 3671 levia
2335 3610 2491 3686 sint,
2544 3609 2862 3670 constituit
2905 3615 3226 3689 peccatum
3272 3607 3533 3670 mortale
3550 3654 3570 3683 ,
3618 3613 3695 3669 ut

2122 3720 2339 3763 omnes
2383 3702 2681 3764 fatentur.
2723 3703 3015 3783 Idemque
3044 3708 3136 3764 est
3160 3701 3213 3762 si
3245 3707 3459 3762 contra
3484 3700 3693 3780 legem

2122 3797 2452 3877 positivam
2470 3801 2786 3857 taxantem
2804 3796 3077 3877 pretium
3091 3795 3315 3875 aliquis
3332 3794 3694 3875 frequenter

2123 3889 2444 3969 delinquat
2462 3889 2707 3966 leviter,
2728 3889 2963 3970 aliquid
2984 3907 3249 3969 parvum
3264 3888 3428 3950 ultra
3446 3887 3689 3966 justum

2125 3983 2395 4063 pretium
2440 3983 2821 4063 accipiendo.
2872 3984 3049 4058 Item,
3094 3981 3473 4044 consuetudo
3520 3999 3691 4041 com·

2123 4074 2484 4137 municandi
2528 4075 2791 4138 civiliter
2827 4093 2970 4137 cum
3016 4073 3551 4136 excommunicato
3596 4079 3693 4135 est

2124 4173 2448 4249 peccatum
2491 4168 2753 4230 mortale
2771 4214 2792 4245 ,
2840 4168 2989 4230 licet
3032 4167 3265 4248 singuli
3304 4173 3477 4228 actus
3521 4183 3691 4228 com-

2125 4260 2488 4323 municandi
2527 4279 2639 4341 per
2670 4279 2735 4322 se
2763 4262 2995 4341 sumpti
3022 4260 3147 4321 sint
3190 4265 3443 4340 peccata
3476 4260 3690 4321 venia-

2124 4354 2247 4416 lia:
2276 4371 2426 4434 ergo
2455 4353 2622 4415 idem
2650 4353 2768 4415 erit
2790 4353 2859 4414 in
2878 4353 3190 4415 omnibus.
3224 4351 3609 4432 Respondeo,
3637 4351 3693 4412 si

2124 4449 2194 4510 iu
2221 4449 2319 4510 his
2340 4454 2403 4509 et
2424 4446 2729 4509 similibus
2750 4447 2989 4509 casibus
3010 4448 3264 4509 tandem
3283 4446 3695 4508 committitur

2127 4547 2449 4623 peccatum
2465 4540 2751 4618 mortale,
2776 4559 2904 4603 non
2924 4546 3019 4603 est
3041 4541 3283 4602 ratione
3305 4545 3693 4619 contemptus

2127 4641 2200 4697 ut
2244 4640 2481 4696 constat
2524 4652 2603 4696 ex
2640 4634 2819 4696 dictis
2852 4641 2916 4697 et
2950 4635 3215 4711 ratione,
3245 4634 3393 4715 quia
3432 4639 3693 4714 possunt

2128 4727 2361 4808 singuli
2409 4733 2582 4789 actus
2618 4745 2696 4789 ex
2730 4727 2949 4789 eodem
2994 4727 3253 4804 motivo,
3294 4745 3405 4788 seu
3438 4726 3691 4803 affectu,

2129 4827 2240 4885 aut
2266 4821 2547 4902 passione
2574 4820 2733 4897 fieri,
2762 4827 2836 4882 ut
2862 4821 3245 4902 experientia
3276 4825 3556 4882 constare
3582 4837 3691 4900 po-

2128 4919 2251 4977 test
2288 4913 2356 4974 in
2392 4914 2599 4993 parvis
2640 4913 2853 4976 furtis:
2898 4913 3393 4994 multiplicantur
3417 4913 3589 4976 enim
3614 4930 3693 4974 ex

2130 5007 2347 5070 eadem
2380 5007 2715 5087 cupiditate
2760 5007 2894 5069 sine
2934 5011 3316 5087 contemptu,
3354 5006 3457 5067 sed
3487 5006 3693 5086 potius

2132 5120 2209 5164 ex
2233 5101 2505 5182 quadam
2523 5101 2586 5162 vi
2609 5101 2933 5181 passionis,
2955 5108 3018 5164 et
3038 5101 3354 5163 interdum
3372 5118 3516 5161 cum
3542 5118 3694 5180 qua·

2132 5195 2277 5256 dam
2295 5193 2658 5274 imperfecta
2677 5193 3063 5274 displicentia
3096 5199 3157 5255 et
3178 5193 3442 5273 simplici
3473 5193 3693 5254 affectu

2132 5305 2241 5350 seu
2267 5287 2577 5349 velleitate
2606 5288 2891 5349 servandi
2916 5288 3139 5368 legem.
3170 5289 3350 5364 Item,
3394 5287 3446 5348 si
3484 5305 3595 5366 per
3620 5285 3693 5346 il·

2132 5380 2260 5442 lam
2298 5379 2812 5443 consuetudinem
2851 5382 3215 5462 pervenitur
3250 5380 3331 5442 ad
3372 5385 3691 5460 peccatum

2132 5473 2421 5553 mortale,
2442 5491 2575 5536 non
2598 5479 2692 5537 est
2710 5475 2963 5557 praecise
2982 5491 3057 5538 ac
3080 5473 3427 5540 formaliter
3452 5473 3693 5537 ratione

3080 5833 3945 6219 efflei
