3976 6219
973 398 1109 450 GAP.
1146 400 1206 450 X.
1243 397 1456 451 mmm
1488 396 1910 449 PERPETUITAS
1943 398 2039 449 su·
2071 401 2152 451 m:
2185 399 2459 452 RATIONE
2489 401 2688 455 LEGIS.

310 499 367 558 3.
426 498 894 575 Perpetuitatem
945 502 1281 580 participat
1349 501 1444 561 Zea
1501 505 1666 561 vetus
1734 505 1789 561 et

227 607 400 649 nova.
438 625 510 633 —
539 591 836 650 Praeterea
876 597 1135 671 utraque
1162 592 1261 652 lex
1285 593 1543 671 positiva
1579 592 1790 650 divina

231 686 405 741 vetus
446 687 508 741 et
535 700 695 741 nova
735 701 843 742 suo
875 685 1057 744 modo
1084 691 1381 763 perpetua
1408 685 1529 743 dici
1557 690 1786 761 potest3

232 773 336 832 sed
385 774 552 852 prior
596 775 883 851 negative
929 781 1199 849 tantum,
1252 777 1556 855 posterior
1598 776 1787 835 etiam

233 866 514 943 positive.
569 868 740 926 Prior
785 885 925 946 pars
971 874 1228 943 constat,
1276 869 1423 947 quia
1466 868 1568 929 lex
1613 874 1789 928 vetus

233 957 518 1017 stabilem
566 959 955 1038 multumque
1001 967 1467 1038 permanentem
1518 961 1791 1020 duratio·

234 1068 378 1109 nem
406 1050 647 1124 habuit,
674 1069 801 1110 non
821 1057 1031 1112 tamen
1054 1052 1551 1113 irrevocabilem:
1572 1052 1793 1112 habuit

233 1159 382 1219 ergo
408 1143 879 1220 perpetuitatem
904 1145 1282 1222 negativam,
1309 1146 1455 1223 quia
1477 1145 1609 1204 sine
1637 1150 1793 1204 tem-

229 1237 397 1315 poris
417 1238 570 1296 certi
594 1236 964 1299 limitatione
986 1239 1181 1316 posita
1206 1237 1348 1312 fuit,
1371 1250 1442 1298 ut
1461 1256 1570 1316 per
1595 1238 1793 1298 multa

230 1336 513 1408 tempora
553 1330 802 1389 duraret
812 1345 832 1405 3
862 1330 1118 1390 tandem
1144 1347 1291 1389 vero
1331 1335 1615 1390 revocata
1646 1330 1785 1390 fuit.

231 1421 312 1481 At
356 1421 458 1480 lex
498 1439 659 1480 nova
697 1420 883 1481 habet
922 1423 1251 1499 positivam
1294 1422 1787 1501 perpetuitatem,

233 1513 383 1590 quia
406 1512 635 1571 mutari
661 1530 786 1570 non
805 1511 986 1572 debet
1003 1531 1194 1592 usque
1222 1514 1298 1573 ad
1320 1513 1508 1574 finem
1539 1513 1791 1573 mundi:

234 1605 325 1663 ita
370 1605 539 1663 enim
583 1604 682 1663 hic
722 1605 1025 1665 sumimus
1071 1611 1435 1684 perpetuum
1480 1622 1795 1683 compara-

237 1697 409 1756 tione
449 1695 608 1755 facta
651 1696 726 1755 ad
775 1697 1134 1774 subjectum,
1184 1716 1291 1757 seu
1339 1716 1533 1776 genus
1572 1697 1797 1757 huma-

239 1806 421 1862 num,
443 1807 570 1847 non
593 1788 668 1847 ad
696 1794 887 1849 totam
908 1791 1335 1850 aeternitatem.
1359 1791 1570 1850 Solum
1594 1796 1798 1868 posset

239 1882 379 1958 quis
408 1880 688 1940 dubitare
717 1880 792 1940 de
818 1882 953 1959 lege
987 1882 1201 1955 veteri,
1233 1882 1377 1958 quia
1404 1900 1528 1941 non
1555 1883 1798 1942 videtur

238 1971 564 2032 indefinite
609 1972 756 2047 lata,
787 1973 893 2032 sed
934 1991 1128 2051 usque
1159 1973 1236 2032 ad
1265 1979 1499 2032 certum
1527 1980 1794 2052 tempus,

235 2063 487 2136 scilicet,
520 2066 693 2124 donec
725 2066 948 2126 veniret
976 2084 1191 2140 semea,
1221 2071 1294 2125 ut
1320 2065 1544 2123 dicitur
1579 2065 1656 2124 ad
1685 2065 1800 2125 Ga-

234 2156 339 2215 lat.
384 2155 442 2214 3.
487 2155 914 2233 Respondetur
952 2162 1185 2231 tamen,
1232 2163 1363 2217 esto
1408 2156 1524 2216 hoc
1572 2157 1660 2215 ita
1697 2157 1797 2230 sit,

234 2246 518 2306 habuisse
569 2246 971 2306 sufficientem
1023 2249 1497 2326 perpetuitatem
1554 2248 1800 2325 negati-

240 2355 405 2411 vam,
455 2338 601 2416 quia
644 2338 841 2417 posita
892 2346 983 2397 est
1016 2344 1100 2397 ·ut
1148 2339 1400 2398 duraret
1448 2339 1641 2398 donec
1689 2357 1799 2417 per

242 2430 428 2490 aliam
462 2429 777 2489 meliorem
802 2429 1004 2507 legem
1035 2429 1484 2503 excluderetur,
1510 2431 1636 2489 sive
1660 2448 1799 2508 pos-

241 2527 340 2581 tea
384 2522 769 2582 revocatione
810 2522 1070 2600 positiva
1110 2522 1469 2599 indiguerit,
1514 2522 1643 2581 sive
1689 2540 1799 2600 per

245 2633 308 2675 se
358 2615 699 2689 cessaverit,
748 2614 909 2675 facta
958 2615 1300 2675 mutatione
1347 2632 1580 2687 rerum,
1630 2614 1798 2692 quod

245 2713 454 2785 postea
481 2725 591 2767 suo
619 2707 749 2767 loco
792 2707 1155 2767 videbimus

324 2803 383 2860 4.
433 2799 708 2861 Secunda
726 2801 999 2861 assertio.
1016 2800 1318 2878 —Leyem
1345 2800 1666 2859 humanam
1682 2817 1800 2860 nou

246 2911 365 2953 esse
380 2893 469 2951 ita
483 2898 850 2969 perpetuam,
873 2898 942 2952 ut
967 2893 1234 2953 revocari
1260 2910 1374 2952 nou
1397 2890 1802 2969 possit—Au

248 2985 453 3063 aliqua
478 2985 846 3061 perpetuitas
869 2986 951 3045 sit
975 2986 1041 3044 de
1063 2985 1295 3045 ratione
1321 2984 1473 3059 leqis
1501 2983 1797 3043 humauoe.

245 3078 546 3139 —Prima
569 3078 765 3155 opinio
792 3079 1094 3157 ueyativa.
1120 3111 1201 3122 —
1226 3076 1506 3137 Secundo
1541 3075 1677 3136 loco
1712 3076 1803 3135 di-

243 3170 504 3229 cendum
552 3176 642 3229 est
692 3170 768 3229 de
803 3169 938 3247 lege
965 3169 1259 3243 humana,
1290 3170 1366 3228 de
1395 3187 1518 3247 qua
1556 3173 1626 3227 ut
1667 3186 1803 3228 cer-

244 3267 376 3320 tum
423 3261 824 3339 supponimus
873 3279 1000 3320 non
1042 3280 1170 3322 esse
1202 3262 1288 3320 ita
1314 3266 1699 3339 perpetuam,
1731 3265 1804 3318 ut

242 3353 321 3412 sit
341 3353 753 3413 irrevocabilis
781 3371 796 3413 ε
829 3372 975 3413 nam
998 3360 1059 3413 et
1087 3355 1402 3431 proximus
1430 3359 1642 3412 auctor
1670 3353 1802 3430 ejus

244 3444 555 3505 mutabilis
573 3451 665 3504 est
693 3445 863 3504 etita
882 3450 1078 3524 potest
1111 3445 1283 3504 illam
1310 3451 1575 3519 mutare,
1605 3450 1667 3504 et
1692 3461 1802 3522 po-

241 3543 360 3597 test
378 3537 564 3596 etiam
589 3537 718 3615 ipse
754 3536 1035 3611 deficere,
1069 3542 1131 3596 et
1158 3555 1466 3597 successor
1505 3537 1660 3614 ejus,
1693 3537 1800 3614 qui

241 3627 490 3705 aequalis
518 3632 608 3687 est
632 3629 970 3705 potestatis,
990 3628 1212 3706 poterit
1238 3627 1409 3688 illam
1442 3634 1703 3700 mutare,
1720 3634 1800 3699 *et

243 3718 375 3795 ipsa
404 3719 590 3777 etiam
634 3718 735 3777 lex
767 3736 844 3778 ex
887 3736 951 3780 se
993 3725 1055 3779 et
1089 3719 1328 3779 ratione
1368 3738 1493 3780 suae
1526 3720 1800 3780 materiae

243 3814 305 3868 et
330 3808 619 3869 humanae
665 3811 1120 3870 consuetudinis
1171 3810 1430 3872 deficere
1476 3817 1698 3890 potest,
1730 3818 1802 3871 ut

243 3900 406 3960 infra
450 3918 559 3960 suo
604 3902 735 3964 loco
779 3902 963 3961 latius
1016 3902 1311 3963 dicemus.
1347 3905 1484 3963 Non
1528 3910 1618 3964 est
1654 3921 1802 3982 ergo

243 3991 374 4052 haec
402 3992 499 4053 lex
546 3994 803 4072 positive
848 4000 1163 4073 perpetua.
1209 3995 1472 4055 Dubium
1519 4015 1665 4074 ergo
1711 4014 1805 4055 so-

242 4084 375 4144 lum
409 4103 534 4145 esse
559 4091 756 4163 potest
777 4086 851 4146 de
878 4087 1284 4165 perpetuitate
1324 4088 1636 4163 negativa,
1667 4105 1805 4165 quae

244 4183 504 4250 certum,
526 4195 597 4236 ac
626 4177 951 4237 definitum
984 4183 1228 4255 tempus
1248 4177 1550 4238 excludat.
1580 4180 1649 4237 In
1682 4196 1805 4255 quo

244 4267 434 4350 dubio
483 4269 620 4328 duae
668 4277 925 4347 possunt
964 4270 1180 4330 referri
1222 4269 1560 4348 opiniones.
1596 4270 1807 4329 Prima

244 4367 432 4438 negat
474 4362 949 4438 perpetuitatem
981 4362 1254 4439 aliquam
1296 4380 1424 4422 esse
1461 4362 1538 4421 de
1564 4362 1805 4423 ratione

241 4452 396 4530 legis
422 4452 733 4512 humanae.
766 4454 857 4512 Ita
887 4455 1074 4513 sentit
1116 4455 1324 4515 Glossa
1375 4459 1404 4514 1
1441 4499 1461 4528 ,
1505 4456 1571 4513 in
1600 4472 1733 4532 cap.
1769 4457 1798 4512 1

244 4544 324 4603 de
350 4544 702 4618 Constitut.,
735 4550 1037 4623 quatenus
1080 4546 1226 4605 dicit
1269 4546 1509 4624 aliquos
1541 4563 1805 4606 canones

244 4653 377 4695 esse
412 4636 797 4713 temporales.
843 4638 1201 4715 Expressius
1249 4638 1311 4696 id
1354 4637 1532 4697 docet
1558 4638 1803 4712 Gomez,

244 4728 314 4786 in
368 4729 631 4788 Prooem.
666 4728 744 4788 ad
781 4729 1024 4806 regulas
1065 4729 1343 4803 cancell„
1398 4748 1459 4807 q.
1512 4733 1573 4803 2,
1630 4729 1708 4789 ad
1742 4730 1805 4804 2,

245 4836 390 4879 cum
417 4819 682 4879 Gemini.
726 4820 940 4879 consil.
989 4821 1091 4895 93,
1125 4838 1310 4898 quem
1338 4820 1546 4882 refert.
1580 4822 1810 4881 Potest-

245 4929 369 4990 que
390 4910 641 4988 probari
668 4911 891 4988 prim0,
936 4912 1082 4990 quia
1109 4929 1221 4971 nec
1257 4912 1545 4987 Isidorus,
1571 4931 1685 4973 nec
1715 4912 1808 4971 di-

244 5020 362 5062 vus
388 5001 654 5062 Thomas
684 5002 844 5062 hanc
893 5003 1307 5062 conditionem
1346 5011 1683 5081 posuerunt
1713 5004 1809 5063 in-

245 5101 345 5154 ter
399 5095 693 5172 requisita
734 5095 812 5154 ad
862 5093 1064 5173 legem
1107 5096 1469 5156 humanam.
1498 5096 1804 5171 Secundo,

247 5186 399 5265 quia
422 5186 550 5245 sola
581 5186 825 5247 duratio
870 5193 961 5246 est
987 5186 1164 5247 valde
1201 5188 1634 5262 accidentaria,
1659 5205 1810 5266 pen-

248 5278 475 5354 detque
530 5295 608 5336 ex
654 5279 945 5357 principis
992 5278 1346 5340 voluntate:
1399 5280 1565 5339 unde
1609 5280 1660 5339 si
1709 5279 1810 5338 lex

250 5369 627 5446 generaliter
672 5370 928 5444 feratur,
983 5370 1127 5431 licet
1173 5388 1285 5450 pro
1329 5377 1495 5431 certo
1535 5377 1810 5449 tempore

249 5459 509 5540 feratur,
556 5462 676 5521 erit
721 5480 867 5523 vera
905 5463 1043 5526 lex:
1089 5480 1238 5525 nam
1270 5479 1445 5542 aeque
1486 5461 1807 5542 obligabit,

3345 400 3425 461 45

1868 506 1929 559 et
1949 500 2202 561 habebit
2245 520 2460 563 omnes
2498 503 2648 563 alios
2689 501 2936 563 effectus
2975 503 3147 579 legis.
3192 504 3421 579 Tertio,

1868 592 2211 653 afferuntur
2260 596 2540 675 exempla
2589 615 2666 656 ex
2707 614 2838 674 cap.
2892 598 2952 670 1,
3002 597 3081 655 29
3130 596 3218 670 (1.,
3259 602 3321 655 et
3349 614 3425 657 ex

1868 686 2199 763 Extravag.
2222 687 2326 748 Ad
2344 690 2628 767 reyimen,
2652 689 2727 748 de
2746 687 3054 766 praebend.
3079 688 3241 748 inter
3262 706 3427 748 com-

1869 795 2110 852 muneS,
2148 783 2210 838 et
2242 796 2318 837 ex
2366 779 2598 857 regulis
2627 779 3037 854 Cancellariae,
3082 798 3219 857 quae
3261 781 3428 858 leges

1870 876 2037 945 sunt,
2067 871 2209 931 licet
2234 890 2360 932 non
2388 873 2512 932 sint
2538 886 2867 951 perpetuae.

1953 964 2013 1022 5.
2048 963 2322 1025 Secunda
2342 964 2540 1042 opinio
2560 965 3280 1040 affirmaus.-Secunda
3293 983 3429 1026 sen-

1870 1055 2066 1115 tentia
2093 1055 2380 1129 affirmat,
2424 1055 2899 1134 perpetuitatem
2927 1074 3056 1116 esse
3088 1056 3164 1116 de
3192 1058 3430 1117 ratione

1869 1149 2024 1227 legis
2045 1193 2065 1222 ,
2119 1151 2329 1208 statuti
2358 1194 2378 1223 ,
2431 1167 2539 1209 seu
2591 1150 3065 1209 constitutionis
3120 1152 3210 1211 Ita
3262 1156 3434 1212 tenet

1869 1240 2078 1300 Glossa
2107 1239 2369 1318 penult„
2412 1241 2479 1299 in
2519 1239 2666 1314 fine,
2697 1241 2764 1299 in
2797 1258 2931 1318 cap.
2972 1241 3029 1301 A
3069 1242 3262 1315 nobis,
3295 1245 3323 1301 1
3355 1242 3432 1303 de

1872 1333 2148 1392 Sentent.
2172 1331 2711 1402 excommunicat„
2734 1337 2797 1391 et
2816 1333 2904 1392 ibi
2937 1334 3427 1407 Panormitanus,

1871 1443 1935 1485 n.
1968 1426 2066 1499 12,
2096 1431 2157 1485 et
2180 1425 2540 1498 CardinaliS,
2572 1425 2639 1484 in
2663 1426 2908 1503 repetit.
2943 1443 3076 1504 cap.
3108 1427 3433 1504 Perpeudi-

1872 1535 2027 1590 mus,
2058 1517 2134 1577 de
2181 1518 2459 1577 Sentent.
2491 1517 3034 1591 excommunicat„
3066 1523 3128 1577 et
3161 1518 3429 1593 Archid.,

1872 1610 1940 1668 in
1968 1627 2100 1687 cap.
2138 1612 2466 1685 Donatum,
2513 1612 2573 1684 1,
2606 1628 2666 1687 q.
2710 1611 2770 1683 7,
2819 1609 2928 1668 ubi
2975 1610 3293 1687 conjungit
3326 1609 3435 1670 illa

1874 1701 2017 1775 duo,
2049 1701 2212 1779 quod
2240 1701 2342 1761 lex
2374 1701 2555 1761 debet
2581 1718 2711 1761 esse
2739 1694 3035 1779 pei-petua
3058 1706 3119 1761 et
3158 1720 3436 1761 commu-

1875 1791 1996 1865 nis,
2045 1797 2106 1851 et
2132 1793 2280 1851 citat
2305 1810 2439 1871 cap.
2485 1793 2640 1854 Erit
2679 1799 2872 1853 autem
2898 1794 3014 1867 leat,
3051 1793 3113 1852 d.
3145 1796 3206 1867 4,
3229 1793 3337 1852 ubi
3357 1793 3435 1854 de

1874 1883 2278 1960 perpetuitate
2302 1883 2463 1943 nihil
2480 1884 2727 1958 dicitur,
2750 1884 2855 1943 sed
2874 1884 2950 1944 de
2969 1886 3430 1946 communitate.
3509 1911 3515 1916 ·

1877 1974 2053 2033 Unde
2078 1974 2324 2034 videtur
2352 1994 2544 2035 unam
2564 1976 2981 2035 conditionem
3000 1994 3076 2036 ex
3097 1977 3289 2037 altera
3310 1977 3434 2037 col-

1877 2065 2091 2142 ligere.
2147 2067 2216 2125 In
2253 2067 2467 2126 eadem
2508 2069 2811 2126 sententia
2851 2073 2942 2126 est
2973 2069 3431 2143 BartolomaeUS,

1879 2157 1946 2216 in
1974 2157 2019 2216 l.
2069 2157 2278 2220 Omues
2305 2159 2540 2237 populi,
2571 2158 2636 2217 ff.
2670 2159 2745 2217 de
2792 2159 2998 2218 Justit.
3032 2166 3093 2219 et
3130 2162 3286 2237 jur„
3322 2163 3437 2221 Na-

1877 2267 2097 2308 varrus
2143 2249 2212 2308 in
2259 2249 2530 2309 Manual.
2564 2294 2584 2324 ,
2636 2267 2692 2309 c.
2746 2251 2849 2323 27,
2882 2267 2944 2309 n.
2981 2252 3080 2309 74.
3116 2251 3438 2330 Potestque

1877 2342 2041 2400 sumi
2082 2360 2158 2402 ex
2188 2342 2256 2401 D.
2304 2342 2562 2416 Thoma,
2595 2344 2654 2400 1.
2691 2344 2748 2413 2,
2778 2360 2837 2419 q.
2866 2342 3004 2415 104,
3035 2349 3152 2402 art.
3183 2346 3242 2417 3,
3269 2345 3346 2403 ad
3377 2346 3437 2416 3,

1877 2439 2182 2510 quatenus
2211 2434 2361 2493 dicit
2389 2438 2693 2512 praecepta
2715 2434 3035 2511 judicialia
3068 2435 3147 2494 ab
3176 2435 3442 2495 homini-

1876 2523 1992 2583 bus
2017 2525 2300 2584 instituta
2321 2525 2549 2584 habere
2574 2531 2936 2603 perpetuam
2972 2525 3436 2603 obligationem,

1877 2620 2166 2675 manente
2180 2616 2288 2675 illo
2315 2621 2478 2675 statu
2505 2616 2848 2692 regimini&
2872 2616 3263 2696 Fundarique
3287 2619 3440 2679 solet

1876 2708 2010 2769 haec
2036 2708 2363 2782 sententia,
2399 2709 2466 2768 in
2502 2708 2546 2768 l.
2589 2710 2857 2769 Edenda.
2893 2728 3023 2789 cap.
3058 2710 3135 2771 de
3165 2712 3434 2785 Edendo,

1877 2800 2002 2861 ibi:
2029 2802 2225 2863 Prout
2247 2802 2424 2862 edicti
2443 2802 2714 2878 perpetui
2735 2807 2927 2862 mouet
2944 2805 3274 2865 auotoritas
3287 2829 3309 2862 .·
3333 2804 3440 2864 sed

1879 2894 2120 2967 melius,
2149 2894 2216 2953 in
2234 2893 2276 2952 l.
2301 2892 2646 2967 Arrianus,
2665 2912 2719 2952 c.
2743 2893 2818 2953 de
2833 2894 3138 2974 Haeret.,§
3164 2897 3436 2970 l,1nstit.

1881 2986 1956 3044 de
1972 2986 2212 3063 Perpet.
2237 2990 2298 3044 et
2323 2990 2513 3063 temp.
2533 2985 2711 3045 actio.
2742 2985 2983 3063 Optime
3013 3003 3180 3060 vero,
3204 3006 3280 3047 ex
3299 3006 3435 3066 cap.

1882 3076 1996 3136 ult.
2029 3076 2105 3136 de
2130 3075 2344 3136 Officio
2371 3075 2583 3153 legati,
2622 3075 2981 3136 ubidicitur
3016 3083 3242 3137 statuta
3277 3079 3442 3139 edita

1881 3186 1919 3227 a
1945 3168 2150 3245 legato
2177 3169 2243 3227 in
2272 3185 2382 3227 sua
2407 3167 2722 3246 provincia
2745 3168 2969 3228 durare
2983 3173 3281 3247 tanquam
3306 3189 3442 3248 per-

1881 3265 2088 3337 petua.
2121 3259 2238 3319 Ubi
2267 3265 2359 3319 est
2386 3258 2899 3318 considerandum
2937 3259 3250 3320 decretum
3286 3261 3442 3322 illud

1881 3351 2322 3411 declarativum
2357 3368 2507 3425 esse,
2541 3368 2666 3409 non
2707 3351 3121 3410 concessivum
3164 3354 3443 3431 specialis

1879 3443 2136 3503 favoris:
2190 3444 2482 3522 supponit
2535 3442 2706 3502 enim
2734 3461 2914 3521 papa,
2956 3443 3230 3522 legatum
3258 3464 3444 3507 suum

1881 3552 2053 3613 posse
2086 3534 2347 3595 condere
2387 3540 2636 3609 statuta,
2669 3540 2730 3594 et
2761 3535 2904 3595 inde
2933 3553 3009 3595 ex
3048 3536 3288 3597 ratione
3315 3544 3443 3598 sta-

1878 3628 1999 3688 tuti
2039 3626 2272 3704 colligit
2298 3625 2446 3686 talia
2486 3630 2715 3685 statuta
2758 3626 2982 3687 durare
3007 3627 3329 3689 recedente
3356 3629 3442 3689 le-

1880 3726 2048 3795 gato,
2074 3719 2220 3797 quia
2248 3718 2548 3778 nimirum
2588 3718 2666 3778 de
2702 3718 2942 3780 ratione
2974 3721 3188 3781 statuti
3220 3726 3332 3797 est,
3372 3727 3444 3783 ut

1881 3811 1960 3870 sit
1986 3816 2371 3890 perpetuum.

1962 3905 2020 3963 6.
2055 3903 2228 3963 Unde
2255 3902 2443 3963 etiam
2470 3901 2736 3961 sumitur
2760 3901 2921 3961 ratio
2949 3924 2963 3961 :
2998 3921 3144 3964 nam
3174 3924 3444 3985 praecep-

1882 4000 2016 4054 tum
2041 3993 2325 4072 generale
2348 3993 2564 4053 datum
2591 4010 2703 4071 pro
2735 3998 2864 4052 tota
2892 3997 3354 4071 communitate,
3383 4003 3445 4057 et

1883 4086 1963 4146 ad
1998 4084 2233 4144 bonum
2274 4101 2601 4143 commune
2642 4085 2795 4159 ejus,
2825 4100 2953 4142 non
2980 4092 3073 4143 est
3103 4084 3226 4160 lex,
3270 4092 3332 4145 et
3376 4087 3446 4146 in

1884 4175 2059 4235 nullo
2098 4175 2220 4233 alio
2266 4172 2471 4232 differt
2509 4191 2548 4231 a
2590 4172 2726 4248 lege
2754 4173 2872 4230 nisi
2902 4173 2966 4231 in
2990 4178 3442 4253 perpetuitate:

1885 4284 2032 4344 ergo
2061 4266 2307 4343 signum
2333 4269 2424 4323 est
2450 4262 2924 4341 perpetuitatem
2951 4281 3079 4323 esse
3107 4266 3182 4325 de
3209 4268 3448 4329 ratione

1881 4359 2058 4436 legis.
2108 4357 2303 4434 Major
2344 4354 2640 4433 probatur
2668 4398 2690 4429 ,
2742 4354 2887 4431 quia
2924 4353 3155 4418 habent
3193 4358 3446 4420 effectus

1884 4449 2146 4509 morales
2193 4447 2370 4506 valde
2411 4446 2702 4505 diversos.
2743 4446 2897 4505 Nam
2926 4445 3309 4523 differentiae,
3340 4469 3449 4512 seu

1885 4542 2113 4602 diversi
2145 4539 2396 4601 effectus
2432 4556 2584 4618 quos
2615 4539 2813 4598 solent
2855 4545 3132 4600 auctores
3177 4541 3449 4604 tribuere

1887 4651 2158 4694 censurae
2181 4631 2322 4692 latae
2345 4649 2455 4709 per
2480 4636 2776 4690 statutum
2781 4676 2801 4706 ‚
2828 4631 2928 4692 vel
2948 4650 3059 4710 per
3077 4635 3449 4694 sententiam

1889 4725 2241 4803 generalem
2266 4767 2287 4798 ,
2342 4722 2683 4782 fundantur
2738 4722 2935 4783 solum
2985 4724 3052 4783 in
3102 4724 3451 4786 differentia

1887 4817 2174 4897 praecepti
2203 4821 2264 4875 et
2290 4814 2526 4889 statuti,
2557 4814 2704 4893 quia
2748 4816 3301 4877 excommunicatio
3336 4835 3448 4895 per

1887 4909 2256 4969 sententiam
2292 4906 2370 4966 ab
2398 4906 2650 4966 homine
2691 4911 2805 4980 est,
2836 4913 2898 4966 et
2932 4925 3041 4985 per
3069 4908 3269 4968 solum
3291 4927 3449 4986 prae-

1888 5006 2136 5079 ceptum
2164 4999 2383 5073 fertur,
2419 5017 2530 5077 per
2550 5004 2848 5058 statutum
2872 5004 3082 5058 autem
3104 5006 3197 5059 est
3221 5018 3260 5059 a
3276 5001 3442 5078 jure,

1887 5099 1956 5152 ut
1983 5093 2105 5153 late
2127 5096 2300 5151 notat
2322 5090 2613 5163 FrancuS‚
2668 5089 2737 5148 in
2775 5106 2909 5166 cap.
2942 5090 3238 5166 Romana,
3265 5091 3302 5171 ξ
3329 5093 3446 5155 Ca-

1888 5189 2083 5257 veaut,
2136 5183 2211 5241 de
2235 5183 2512 5242 Sentent.
2543 5179 2992 5240 excommunic.
3000 5224 3022 5255 ,
3057 5181 3123 5240 in
3142 5183 3203 5257 6,
3239 5190 3300 5243 et
3327 5184 3446 5244 Co-

1888 5294 2103 5335 varrus
2130 5276 2195 5333 in
2224 5292 2358 5352 cap.
2395 5273 2602 5347 Alma,
2636 5290 2696 5350 p.
2752 5276 2811 5346 1,
2842 5272 3003 5351 §10,
3036 5293 3101 5333 n.
3138 5277 3198 5335 2.
3246 5278 3448 5337 Minor

1889 5374 2098 5428 autem
2127 5370 2317 5444 patet,
2349 5365 2497 5443 quia
2517 5364 2657 5424 licet
2684 5383 2721 5423 a
2746 5366 3069 5443 posteriori
3102 5368 3446 5445 assignetur

1890 5459 2239 5522 differentia
2282 5457 2447 5519 inter
2499 5461 2799 5519 statutum
2847 5463 2909 5521 et
2952 5464 3330 5538 praeceptum
3374 5461 3445 5523 in
