3976 6219
937 405 1072 456 cAr.
1109 404 1236 456 xw.
1274 403 1356 454 AN
1387 402 1491 455 ms
1523 403 1855 456 1111611116
1885 403 2125 455 nuum
2165 404 2283 454 vm.
2319 403 2696 466 0131663161,
2735 374 2865 456 ere.

296 499 467 561 tione
493 499 656 561 facta
682 499 888 579 ipsum
916 500 1199 560 naturale
1243 510 1621 579 praeceptum
1659 517 1771 577 per
1800 518 1865 560 se

299 598 492 654 cessat
524 591 819 671 obligare.
850 592 1224 666 Declaratur,
1251 592 1397 670 quia
1420 591 1526 651 illa
1567 591 1866 669 obligatio

296 685 606 746 residendi
629 703 757 744 non
785 684 1074 762 insurgit,
1101 683 1222 743 nisi
1251 683 1560 745 mediante
1590 689 1769 762 pacto
1803 688 1866 744 et

300 777 549 837 vinculo
595 777 760 837 inter
807 777 1172 856 Episcopum
1218 782 1280 836 et
1321 776 1653 837 Ecclesiam
1677 792 1697 853 3
1742 777 1860 836 hoc

301 875 509 930 autem
538 874 785 948 pactum
807 874 869 930 et
896 868 1217 929 vinculum
1251 869 1525 928 humana
1544 868 1860 929 voluntate

302 961 709 1036 contrahitur,
741 967 804 1023 et
828 962 967 1022 ideo
996 980 1074 1022 ex
1098 960 1215 1021 hac
1246 967 1420 1040 parte
1448 959 1749 1021 mutabile
1771 965 1862 1021 est

302 1054 520 1116 saltem
571 1073 681 1133 per
724 1059 1091 1134 potestatem
1144 1053 1455 1134 publicam
1500 1072 1633 1133 cap.
1689 1055 1863 1116 Inter

304 1149 664 1226 corporalia,
706 1148 781 1208 de
823 1148 1128 1208 Translat.
1178 1147 1403 1226 Episc.,
1452 1153 1514 1207 et
1567 1147 1707 1207 ideo
1756 1164 1866 1225 per

304 1240 584 1300 eamdem
604 1240 869 1301 relaxari
888 1246 1108 1319 potest,
1137 1246 1200 1300 et
1221 1245 1659 1318 consequenter
1679 1239 1867 1300 etiam

303 1338 503 1412 potest
531 1334 830 1394 naturalis
853 1333 1169 1411 obligatio,
1186 1351 1325 1412 quae
1346 1351 1422 1393 ex
1442 1332 1548 1392 illo
1572 1333 1866 1407 nascitur,

305 1426 405 1486 vel
431 1427 685 1500 mutari,
711 1425 811 1486 vel
838 1425 1104 1486 auferri:
1128 1431 1190 1485 et
1213 1426 1555 1486 declaratur
1578 1425 1866 1503 amplius,

308 1518 454 1595 quia
486 1517 636 1578 illud
670 1525 918 1598 pactum
951 1518 1116 1579 inter
1147 1519 1468 1597 proprium
1506 1518 1871 1596 Episcopum

308 1617 370 1672 et
404 1629 581 1671 suam
610 1612 940 1672 Ecclesiam
967 1630 1044 1672 ex
1071 1616 1295 1671 natura
1315 1611 1407 1670 rei
1432 1609 1870 1670 subordinatur

308 1722 600 1783 supremo
620 1704 872 1782 pastori,
898 1704 986 1763 ita
1008 1703 1168 1762 utin
1191 1703 1299 1762 illo
1322 1707 1498 1780 pacto
1519 1701 1870 1761 includatur

309 1798 584 1858 conditio
613 1796 910 1858 offerendi
944 1814 1008 1857 se
1052 1796 1394 1857 ministerio
1421 1794 1560 1854 talis
1588 1793 1869 1855 Ecclesiae

313 1909 457 1951 cum
479 1890 976 1950 subordinatione
1022 1889 1100 1949 ad
1140 1906 1496 1968 supremum
1534 1892 1865 1967 pastorem,

311 1985 421 2061 qui
448 1984 631 2043 habet
658 1984 724 2043 in
744 1983 849 2043 illa
871 1981 1135 2043 Ecclesia
1156 1981 1647 2042 excellentiorem
1672 1985 1872 2060 potes-

211 2137 217 2141 ,
307 2078 498 2134 tatem
534 2084 594 2135 et
641 2075 1065 2136 immediatam
1112 2075 1302 2135 etiam
1346 2093 1577 2136 curam.
1616 2074 1869 2148 Quando

304 2172 514 2227 autem
564 2166 844 2226 Pontifex
884 2166 1197 2245 dispensat
1240 2167 1307 2228 in
1333 2168 1688 2242 residentia,
1736 2167 1868 2245 ipse

304 2259 516 2318 statuit
536 2258 845 2336 quomodo
858 2275 970 2336 pro
987 2257 1100 2318 tali
1119 2265 1396 2339 tempore
1414 2259 1867 2338 providendum

303 2351 383 2426 sit
404 2351 513 2412 tali
540 2350 844 2423 Ecclesiae,
870 2357 932 2411 et
952 2352 1124 2430 quasi
1157 2370 1312 2413 onus
1342 2353 1509 2413 illius
1541 2354 1609 2413 in
1646 2370 1708 2412 se
1737 2369 1867 2411 sus-

306 2444 480 2523 cipit,
502 2450 565 2504 et
584 2444 726 2505 inde
746 2450 1189 2523 consequenter
1204 2444 1276 2505 fit
1301 2451 1371 2505 ut
1390 2446 1675 2525 proprius
1698 2445 1868 2524 Epis-

307 2554 497 2616 copus
529 2536 820 2597 liberetur
850 2537 1156 2616 personali
1179 2537 1576 2616 obligatione,
1603 2557 1730 2598 non
1759 2557 1868 2617 per

308 2630 824 2709 dispensationem
853 2633 925 2692 in
950 2638 1252 2712 proecepto
1278 2633 1568 2708 naturali,
1593 2633 1699 2694 sed
1721 2633 1869 2711 quia

309 2721 418 2782 illo
444 2723 629 2783 modo
665 2742 880 2785 revera
920 2725 1138 2803 implet
1171 2731 1420 2803 pactum
1448 2743 1588 2785 cum
1622 2744 1733 2786 sua
1759 2726 1868 2784 Ec-

311 2814 518 2890 clesia,
536 2835 614 2877 ex
632 2835 753 2895 quo
769 2817 873 2876 illa
899 2815 1195 2895 obligatio
1215 2818 1507 2898 praecepti
1529 2817 1861 2879 oriebatur.

309 2908 425 2967 Vel
458 2909 659 2987 potius
703 2909 999 2989 impletur
1037 2910 1142 2970 illa
1189 2910 1481 2989 obligatio
1522 2910 1643 2970 alio
1683 2910 1869 2971 modo

308 2999 547 3061 incluso
573 3002 761 3063 etiam
787 3003 855 3062 in
882 3002 1013 3080 ipso
1041 3009 1240 3081 pacto,
1267 3003 1645 3082 providendo
1669 3003 1869 3063 Eccle-

307 3093 414 3153 sioe
438 3093 621 3155 modo
652 3094 1006 3175 praescripto
1029 3114 1067 3156 a
1093 3115 1380 3175 supremo
1406 3103 1648 3177 pastore
1676 3115 1752 3157 ex
1775 3115 1872 3156 ra·

312 3186 594 3246 tionabili
620 3206 843 3261 causa;
874 3187 991 3247 hoc
1009 3187 1175 3246 enim
1204 3189 1468 3268 supponi
1491 3187 1694 3263 debet,
1726 3187 1875 3265 quia

309 3278 444 3339 haec
484 3285 574 3339 est
611 3280 777 3358 justa
805 3278 1072 3340 conditio
1098 3297 1289 3358 quam
1308 3280 1630 3341 vinculum
1667 3280 1875 3358 ipsum

309 3370 590 3433 includit.

391 3465 491 3525 23.
537 3465 971 3544 Impedimenta
1001 3469 1151 3546 jure
1195 3471 1434 3528 παίωνα»
1481 3464 1875 3526 matrimonia

312 3558 662 3620 div-imantia
688 3566 977 3640 nequeunt
999 3579 1040 3623 a
1066 3559 1363 3636 Pontifioe
1402 3557 1742 3636 dispensari
1748 3601 1763 3617 .
1792 3589 1876 3603 -

310 3649 408 3711 Ad
430 3657 720 3729 quartum
748 3653 1102 3733 exemplum
1125 3652 1202 3713 de
1247 3649 1706 3730 impedimentis
1736 3649 1873 3710 irri-

310 3743 588 3805 tantibus
607 3745 750 3823 jure
775 3746 1070 3821 naturali,
1097 3764 1263 3805 nunc
1303 3744 1709 3823 supponimus
1744 3762 1872 3804 esse

311 3836 694 3915 probabilius
722 3838 789 3897 in
815 3838 1043 3898 talibus
1069 3837 1528 3916 impedimentis
1547 3855 1672 3897 non
1701 3855 1873 3915 posse

314 3929 655 4007 dispensari
686 3948 797 4009 per
821 3936 1184 4009 potestatem
1218 3930 1582 4003 humanam,
1616 3935 1687 3989 ut
1710 3928 1873 4007 quod

314 4021 539 4101 aliquis
588 4025 695 4102 qui
727 4025 1198 4085 matrimonium
1240 4042 1382 4084 cum
1412 4041 1538 4084 una
1570 4022 1876 4082 contraxit

317 4121 379 4177 et
408 4118 884 4193 consummavit,
916 4118 1103 4179 aliam
1144 4118 1329 4177 ducat
1373 4116 1563 4195 priori
1603 4115 1872 4186 vivente,

322 4208 415 4270 vel
444 4216 734 4271 manente
758 4216 1019 4290 utroque
1043 4208 1292 4271 vinculo
1321 4208 1544 4282 valid0,
1566 4206 1666 4267 vel
1688 4206 1876 4264 disso-

317 4302 448 4362 luto
471 4302 662 4380 priori
687 4320 702 4364 :
734 4310 1024 4364 neutrum
1049 4302 1218 4364 enim
1247 4300 1380 4360 fieri
1404 4304 1606 4380 potcst
1627 4315 1738 4377 per
1763 4296 1876 4355 hu-

318 4412 573 4456 manam
596 4402 983 4475 potestatem,
1013 4395 1301 4473 idemque
1339 4398 1429 4453 est
1457 4392 1521 4452 in
1547 4389 1872 4451 similibus.

326 4486 497 4546 Unde
526 4486 655 4547 haec
685 4487 968 4566 exempla
994 4488 1195 4565 potius
1218 4485 1589 4545 confirmant
1610 4483 1879 4563 primam

319 4582 759 4640 assertionem:
791 4598 938 4640 nam
967 4580 1096 4640 haec
1122 4579 1589 4657 impedimenta,
1620 4578 1671 4637 si
1701 4582 1880 4636 natu-

318 4671 477 4732 ralia
503 4679 647 4732 sunt
686 4690 763 4733 ex
807 4691 967 4752 pura
995 4673 1235 4733 ratione
1277 4671 1572 4751 pendent,
1625 4688 1752 4729 non
1804 4686 1882 4729 ex

323 4764 643 4825 voluntate
680 4765 958 4825 humana
994 4782 1011 4826 :
1047 4766 1213 4825 unde
1246 4781 1372 4824 non
1401 4761 1709 4823 credimus
1752 4776 1881 4822 esse

323 4856 661 4935 aliquando
686 4860 754 4918 in
786 4859 1056 4919 Ecclesia
1103 4858 1524 4936 dispensatum
1569 4854 1636 4914 in
1669 4854 1881 4914 matri-

325 4950 539 5010 monio
566 4951 729 5011 inter
773 4951 993 5012 fratres
1005 4966 1025 5027 3
1085 4950 1138 5010 si
1165 4955 1374 5010 tamen
1410 4949 1476 5008 id
1503 4948 1734 5008 factum
1765 4952 1877 5023 est,

327 5043 704 5105 credendum
734 5051 827 5105 est
848 5044 1092 5104 factum,
1107 5061 1234 5103 esse
1254 5041 1624 5102 adhaerendo
1646 5040 1883 5119 opinio-

327 5136 397 5194 ni
425 5136 674 5212 dicenti,
706 5136 859 5196 illud
882 5154 1012 5196 non
1038 5152 1169 5196 esse
1208 5135 1722 5212 impedimentum
1744 5132 1884 5192 irri-

326 5234 469 5288 tans
503 5228 646 5305 jure
692 5235 952 5303 naturae,
1003 5227 1081 5288 de
1125 5245 1248 5305 quo
1296 5226 1475 5304 plura
1515 5228 1580 5284 in
1635 5223 1885 5303 propria

330 5321 619 5394 materia,
649 5325 711 5381 et
738 5318 969 5398 aliquid
1012 5318 1307 5378 addemus
1337 5317 1404 5375 in
1428 5335 1559 5395 cap.
1594 5333 1718 5393 seq.

411 5417 513 5476 24.
561 5415 697 5475 Alia
722 5430 869 5474 vero
896 5411 1178 5489 exempla
1204 5409 1360 5469 nihil
1383 5408 1618 5468 faciunt
1636 5406 1716 5467 ad
1743 5425 1886 5466 cau-

333 5524 499 5569 sam:
524 5508 760 5569 namin
789 5504 1129 5586 privilegiis
1146 5501 1523 5565 decimarum
1550 5519 1677 5562 non
1704 5500 1888 5562 dero-

1945 506 2128 579 gatur
2130 499 2261 577 juri
2280 504 2541 574 naturae,
2561 501 2665 561 sed
2681 503 2966 562 humanae
2977 499 3498 564 determinationi.

1945 594 2123 667 Quia,
2174 592 2319 653 licet
2357 595 2723 655 sustentatio
2762 594 3182 654 ministrorum
3224 595 3505 657 Ecclesiae

1943 685 2023 745 sit
2050 685 2125 745 (16
2142 685 2280 763 jure
2311 691 2574 762 naturae,
2596 691 2806 748 tamen
2831 686 3051 747 modus
3073 692 3135 747 et
3156 687 3504 749 distributio

1941 776 2108 837 1111113
2148 777 2354 837 066113
2386 778 2549 839 16161
2586 777 2798 840 fideles
2828 778 3088 839 humani
3114 780 3275 858 juris
3302 786 3364 840 et
3410 799 3507 841 ar-

1940 868 2110 929 bitrii
2137 875 2249 944 est,
2288 874 2352 930 et
2382 870 2450 930 in
2468 870 2587 930 hoc
2613 876 2857 931 tantum
2888 871 2960 931 fit
2993 871 3200 950 aliqua
3218 872 3507 936 immuta-

1939 963 2051 1037 tio,
2080 974 2152 1022 ut
2186 962 2308 1022 late
2334 962 2638 1023 declaravi
2661 969 2836 1023 tract.
2870 966 2908 1023 2
2948 966 3025 1025 (16
3053 964 3273 1042 Relig„
3305 966 3414 1028 lib.
3446 972 3503 1042 1,

1941 1073 2075 1134 cap.
2112 1057 2207 1116 14.
2241 1056 2604 1115 Immunitas
2626 1055 2816 1115 etiam
2857 1057 3263 1120 ecclesiastica
3303 1062 3509 1140 quoad

1943 1167 2238 1228 personas
2271 1148 2431 1229 (dato
2459 1148 2624 1227 quod
2651 1149 2733 1208 sit
2778 1149 2855 1209 de
2892 1149 3037 1225 jure
3066 1151 3277 1212 divino
3321 1160 3508 1213 natu-

1945 1241 2083 1316 rali,
2110 1241 2271 1320 quod
2295 1259 2462 1301 nunc
2488 1257 2615 1300 non
2637 1240 2900 1318 agimus)
2926 1260 3054 1301 non
3081 1243 3368 1317 violatur,
3397 1264 3511 1308 nec

1950 1333 2255 1393 minuitur
2280 1334 2348 1392 in
2377 1350 2464 1407 se,
2487 1336 2550 1391 et
2575 1339 2759 1410 prout
2786 1350 2915 1393 esse
2945 1339 3144 1412 potest
3176 1335 3243 1394 in
3289 1355 3510 1415 praecc-

1950 1429 2056 1503 pto
2086 1423 2376 1500 naturali,
2408 1442 2485 1483 ex
2506 1441 2579 1484 eo
2606 1425 2771 1502 quod
2804 1426 3163 1487 auctoritate
3198 1429 3511 1489 Pontificis

1950 1515 2264 1575 interdum
2289 1515 2510 1595 aliquis
2546 1516 2801 1578 clericus
2840 1520 3115 1597 privetur
3154 1520 3283 1597 illa,
3316 1528 3378 1582 et
3404 1542 3510 1602 po-

1947 1609 2155 1668 testati
2201 1609 2373 1669 laicse
2422 1608 2780 1688 subjiciatur
2802 1657 2822 1686 ,
2880 1612 2979 1671 vel
3027 1613 3173 1691 quia
3220 1619 3369 1674 tunc
3406 1634 3511 1693 po-

1947 1707 2131 1762 testas
2174 1701 2333 1762 laica
2377 1703 2541 1762 subit
2585 1705 2888 1766 rationem
2941 1706 3209 1768 ministri
3260 1709 3511 1769 Pontifi-

1949 1794 2057 1870 cis,
2109 1794 2210 1855 vel
2264 1801 2430 1856 certe
2483 1797 2631 1874 quia
2665 1799 2824 1858 ratio
2881 1799 3177 1860 naturalis
3224 1820 3350 1862 non
3389 1802 3509 1862 alio

1949 1887 2133 1948 modo
2171 1888 2363 1949 dictat
2392 1889 2554 1950 11666
2585 1890 3066 1967 immunitatem,
3094 1893 3209 1954 nisi
3238 1913 3379 1955 cum
3407 1896 3511 1956 de-

1949 1980 2282 2060 pendentia
2338 1987 2400 2042 61
2462 1982 2966 2045 subordinatione
3019 1985 3099 2044 ad
3150 2003 3511 2065 supremum

1950 2075 2423 2135 ecclesiasticum
2456 2081 2763 2152 pastorem
2805 2093 2820 2137 :
2853 2082 2913 2136 et
2941 2078 3029 2136 ita
3081 2076 3168 2136 ibi
3201 2079 3376 2139 nulla
3416 2081 3512 2140 in-

1947 2167 2215 2227 tervenit
2241 2166 2614 2245 dispensatio
2640 2168 2707 2227 in
2736 2169 2876 2246 jure
2904 2169 3172 2229 naturali
3199 2172 3514 2250 praecepti-

1947 2277 2047 2319 v0.
2082 2258 2237 2332 Quia
2262 2259 2361 2336 jus
2389 2258 2669 2319 naturale
2702 2277 2828 2319 non
2851 2260 3130 2339 praecipit
3154 2263 3242 2321 ita
3260 2262 3513 2324 clericos

1947 2369 2076 2412 esse
2120 2350 2452 2425 1161611663,
2494 2356 2565 2410 ut
2605 2351 2794 2411 etiam
2840 2369 2916 2412 ex
2955 2352 3126 2430 justa
3170 2372 3354 2415 causa
3386 2373 3513 2416 non

1947 2443 2139 2523 possit
2182 2441 2625 2503 ecclesiasticus
2672 2442 2984 2518 Praelatus‚
3033 2447 3372 2523 praesertim
3414 2466 3514 2507 su-

1946 2553 2218 2615 premuS,
2243 2552 2346 2596 eos
2372 2534 2624 2595 brachio
2652 2534 2927 2596 saeculari
2954 2538 3292 2614 remittere,
3323 2544 3394 2598 ut
3423 2547 3515 2600 est

1947 2647 2058 2707 per
2092 2646 2155 2689 se
2177 2633 2416 2688 notum.
2448 2628 2830 2707 Quapropter
2851 2629 3099 2707 quando
3128 2631 3244 2690 1106
3270 2628 3365 2706 fit,
3386 2650 3512 2692 non

1947 2720 2149 2782 solum
2176 2739 2302 2781 non
2326 2728 2416 2780 est
2439 2720 2738 2781 relaxatio
2764 2722 2925 2800 juris
2946 2723 3268 2798 naturalis,
3297 2742 3514 2786 verum

1948 2815 2151 2893 potius
2183 2819 2276 2874 est
2297 2813 2467 2891 justa
2504 2815 2782 2875 executio
2818 2814 3095 2893 justitias,
3140 2833 3328 2894 quam
3365 2817 3516 2878 divi·

1950 2925 2103 2968 num
2135 2913 2197 2966 et
2225 2905 2505 2967 naturale
2526 2907 2632 2985 jus
2657 2907 2865 2967 dictat.
2903 2908 3041 2969 Alia
3058 2926 3204 2970 vero
3232 2910 3516 2989 exempla

1950 3017 2088 3078 quae
2122 2999 2368 3059 Felinus
2400 2997 2487 3058 ibi
2515 3000 2738 3060 citatus
2769 3000 3018 3060 adducit
3037 3003 3307 3080 prudens
3336 3003 3517 3062 omit-

1956 3098 2040 3166 to,
2062 3093 2209 3169 quia
2233 3091 2432 3152 multa
2453 3109 2531 3152 ex
2556 3091 2737 3152 dictis
2754 3093 3201 3156 excluduntur:
3231 3095 3354 3156 alia
3375 3115 3517 3175 pro·

1953 3183 2185 3244 habilia
2211 3202 2340 3243 non
2363 3189 2544 3257 sunt;
2580 3184 2702 3245 alia
2727 3203 2875 3246 vero
2898 3203 3024 3246 non
3047 3187 3125 3247 ad
3148 3195 3512 3266 praesentem

1955 3293 2206 3337 causam
2234 3275 2573 3355 pertinent,
2606 3278 2714 3338 sed
2737 3282 3138 3356 quaestionem
3166 3279 3243 3341 de
3270 3281 3515 3361 dispeu-

1956 3369 2194 3430 satione
2225 3369 2293 3429 in
2328 3370 2470 3449 jure
2496 3370 2710 3432 divino
2746 3371 3008 3452 positivo
3043 3372 3207 3434 infra
3233 3392 3344 3434 suo
3381 3375 3516 3437 loco

1954 3463 2344 3523 tractandam
2370 3463 2710 3542 attingunt.

2034 3559 2135 3619 25.
2180 3556 2276 3617 Ad
2301 3557 2606 3619 rationem
2651 3561 2994 3640 respondeo
3022 3562 3388 3626 confirmare
3425 3584 3519 3628 se-

1955 3650 2225 3711 cundam
2253 3650 2676 3728 assertionem,
2699 3660 2761 3713 et
2787 3672 2914 3715 non
2936 3656 3264 3734 procedere
3305 3667 3518 3719 contra

1953 3744 2239 3823 primam.
2273 3744 2344 3803 In
2365 3743 2464 3804 1113
2493 3747 2662 3805 enim
2693 3746 3172 3825 obligationibus
3199 3768 3335 3828 quae
3366 3770 3518 3831 pen·-

1952 3837 2103 3897 dent
2124 3854 2200 3897 ex
2240 3854 2542 3898 consensu
2571 3838 2671 3899 vel
2698 3846 2878 3917 pacto
2906 3840 3206 3918 humano,
3230 3844 3518 3923 frequens

1954 3946 2086 3989 csse
2123 3934 2323 4006 potest
2350 3928 2459 3988 illa
2490 3931 2816 3990 necessitas
2856 3931 3249 4011 dispensandi
3279 3941 3342 3995 et
3379 3936 3518 3997 ideo

1954 4027 2435 4081 consentaneum
2466 4025 2560 4080 est
2581 4020 2806 4081 divinae
2827 4024 3230 4100 providentiae
3254 4033 3324 4087 ut
3344 4028 3517 4088 illam

1955 4116 2321 4190 potestatem
2359 4110 2682 4187 reliquerit
2706 4112 2774 4169 in
2812 4113 3098 4175 Ecclesia.
3133 4116 3263 4188 Qua
3279 4120 3519 4180 ratione

1955 4204 2022 4263 in
2048 4201 2409 4263 tractatibus
2428 4201 2503 4262 de
2530 4203 2563 4262 J
2570 4209 2891 4263 uramento
2912 4210 2974 4264 et
2993 4213 3135 4266 voto
3160 4209 3256 4267 1131
3281 4229 3513 4274 31161113.

1957 4297 2111 4356 Item
2142 4294 2402 4354 materia
2430 4294 2572 4355 talis
2594 4294 2989 4373 obligationis
3013 4298 3089 4359 de
3110 4318 3174 4360 se
3202 4308 3292 4362 est
3323 4310 3523 4365 muta·

1957 4388 2099 4448 bilis
2144 4393 2205 4448 et
2243 4386 2578 4463 variabilis,
2624 4393 2687 4449 et
2730 4389 3009 4452 humana
3039 4393 3321 4455 voluntas
3361 4415 3520 4476 saepe

1958 4481 2385 4562 imprudenter
2433 4483 2737 4542 consentit
2791 4482 2860 4543 16
2914 4484 3353 4563 obligationem
3408 4490 3521 4551 ali-

1960 4593 2172 4654 quam,
2204 4580 2269 4635 et
2295 4575 2435 4635 ideo
2472 4576 2731 4636 materia
2758 4576 2865 4637 illa
2898 4585 3042 4658 apta
3071 4584 3203 4640 erat
3224 4581 3302 4640 ad
3324 4588 3523 4660 potes-

1959 4673 2151 4727 tatem
2179 4667 2593 4746 dispensaudi.
2626 4668 2706 4727 At
2752 4686 2897 4730 vero
2936 4672 3183 4749 quando
3209 4672 3309 4733 lex
3340 4680 3523 4733 natu-

1959 4761 2106 4821 ralis
2142 4760 2376 4838 obligat
2419 4778 2493 4820 ex
2534 4761 2598 4820 vi
2634 4761 2821 4822 solius
2852 4766 3109 4825 rationis
3153 4767 3220 4825 in
3266 4768 3523 4827 materia

1959 4852 2411 4930 independente
2439 4871 2477 4912 a
2516 4854 2705 4931 priori
2730 4872 3032 4917 consensu
3062 4858 3359 4934 humano,
3394 4877 3521 4919 non

1963 4944 2164 5005 solum
2191 4962 2320 5005 6336
2358 4963 2484 5005 606
2531 4951 2731 5023 potest
2769 4949 3094 5009 necessitas
3128 4950 3521 5028 dispensatio-

1962 5037 2085 5112 1113,
2111 5038 2216 5098 36(1
2245 5038 2433 5098 611616
2486 5038 2577 5097 1111
2622 5046 2972 5119 repugnat:
3007 5059 3152 5100 nam
3203 5043 3255 5100 si
3302 5061 3400 5104 res
3444 5046 3524 5104 sit

1962 5130 2273 5210 prohibita
2294 5131 2534 5191 ratione
2556 5132 2848 5208 naturali,
2869 5138 2958 5193 est
2979 5133 3303 5196 intrinsece
3323 5138 3520 5198 mala:

1964 5239 2102 5300 quae
2126 5239 2273 5300 ergo
2296 5228 2493 5300 potest
2531 5241 2661 5283 esse
2688 5226 3012 5285 necessitas
3053 5225 3525 5305 dispensationis

1965 5314 2033 5373 in
2057 5315 2165 5374 tali
2192 5314 2363 5391 lege?
2414 5315 2477 5374 Si
2507 5332 2651 5374 vero
2679 5316 2759 5375 sit
2803 5324 3122 5397 proecepta,
3176 5321 3277 5382 vel
3313 5341 3523 5382 occur-

1964 5412 2140 5467 rente
2179 5406 2561 5482 necessitate,
2605 5407 2745 5468 talis
2777 5408 2871 5469 lex
2914 5429 3043 5471 non
3087 5412 3406 5492 obligabit,
3461 5422 3523 5475 et

1967 5518 2095 5560 non
2135 5499 2256 5561 erit
2294 5501 2632 5566 necessaria
2684 5503 3057 5586 dispensatio
3093 5526 3109 5568 ε
3150 5505 3250 5567 vel
3289 5505 3343 5567 si
3394 5524 3522 5568 non
