3976 6219
539 514 901 583 directivam
921 508 1078 588 legis
1095 524 1225 568 esse
1248 503 1652 586 separabilem
1675 521 1713 563 a
1734 502 1798 563 vi
1825 500 2102 563 coactiva

535 612 689 691 legis
706 609 985 685 respectu
1015 600 1363 680 aliquarum
1384 613 1811 677 personarum,
1849 600 1920 655 ut
1960 612 2094 672 cap.

538 723 720 788 praec.
752 700 987 761 dictum
1018 698 1110 755 est
1135 693 1211 754 de
1239 690 1478 770 legibus
1506 687 1790 750 civilibus
1816 691 2098 765 respectu

538 797 925 866 clericorum,
950 795 1012 850 et
1033 788 1110 848 de
1137 790 1298 846 statu
1334 783 1704 844 innocentiae
1735 778 2101 841 universali-

541 900 635 954 ter
661 895 724 950 et
750 880 1149 966 probabiliter
1174 876 1367 957 aliqui
1389 876 1690 949 sentiunt,
1724 872 1913 953 quod,
1958 870 2100 932 licet

536 988 607 1048 in
653 1000 726 1044 eo
771 978 845 1056 (si
896 974 1196 1049 durasset)
1250 970 1460 1031 futura
1499 967 1757 1028 fuissent
1795 968 2102 1044 proecepta

535 1080 817 1143 humana
856 1066 1215 1147 obligantia,
1250 1081 1377 1125 non
1417 1068 1627 1123 tamen
1668 1059 1953 1138 cogentia
1991 1074 2102 1137 per

534 1186 774 1255 poenas,
811 1163 969 1225 sicut
994 1177 1164 1220 nunc
1192 1157 1381 1219 etiam
1410 1172 1569 1234 saepe
1599 1154 1700 1215 lex
1735 1151 2013 1232 praecipit
2039 1154 2102 1211 et

537 1282 681 1328 vere
735 1256 992 1335 obligat,
1038 1253 1184 1313 licet
1225 1248 1466 1311 nullam
1500 1248 1783 1326 imponat
1820 1261 2094 1325 poenam.

538 1356 815 1433 Denique
854 1348 949 1410 illi
976 1352 1149 1407 actus
1182 1348 1351 1418 sunt,
1380 1347 1450 1402 ut
1481 1342 1568 1402 sic
1596 1339 1823 1414 dicam,
1852 1337 2102 1399 realiter

538 1445 836 1520 distincti,
873 1446 935 1503 et
980 1457 1108 1500 non
1136 1435 1369 1498 habent
1406 1435 1572 1495 inter
1607 1451 1672 1494 se
1710 1431 2100 1494 essentialem

541 1537 989 1606 connexionem
1017 1549 1033 1594 z
1060 1535 1259 1610 potest
1278 1546 1425 1607 ergo
1443 1544 1607 1587 unus
1633 1525 1765 1587 sine
1785 1524 1912 1585 alio
1938 1524 2096 1585 fieri.

538 1634 634 1697 Ad
664 1628 1000 1693 efficaciam
1037 1624 1229 1704 igitur
1271 1620 1429 1699 legis
1459 1619 1754 1680 humanoe
1793 1617 1939 1678 satis
1982 1622 2098 1692 est,

539 1734 612 1790 ut
628 1722 995 1804 regulariter
1010 1723 1338 1803 utramque
1364 1714 1495 1774 vim
1517 1717 1820 1787 exerceat,
1839 1710 1948 1772 ubi
1966 1727 2103 1789 spe-

541 1819 713 1883 cialis
730 1815 887 1877 ratio
908 1808 1282 1889 exceptionis
1301 1825 1428 1867 non
1440 1804 1777 1867 intervenit
1798 1823 1813 1866 :
1839 1803 1973 1865 hoec
1992 1820 2103 1864 au-

540 1921 672 1976 tem
703 1908 862 1972 ratio
888 1906 956 1967 in
979 1902 1267 1985 praesenti
1298 1899 1628 1962 manifesta
1645 1904 1758 1971 est,
1785 1898 1933 1978 quia
1959 1915 2102 1958 cum

537 2003 874 2086 legislator,
903 1998 1004 2061 vel
1040 1994 1425 2075 simpliciter,
1459 1992 1560 2055 vel
1591 1996 1664 2053 ut
1690 1996 1931 2053 exercet
1948 1990 2104 2051 illud

539 2115 793 2172 munna,
822 2111 952 2154 non
973 2091 1056 2152 sit
1077 2089 1387 2168 subiectus
1411 2086 1552 2162 sibi,
1577 2103 1707 2147 non
1726 2089 1928 2164 potest
1955 2102 2103 2145 con-

541 2191 862 2256 venienter
878 2184 1055 2248 subdi
1073 2181 1197 2261 legi
1210 2199 1337 2243 31116
1358 2179 1559 2259 quoad
1580 2179 1711 2240 vim
1729 2178 2099 2239 coactivam:

541 2286 688 2348 satis
705 2299 853 2361 ergo
871 2284 960 2342 est
985 2276 1153 2357 quod
1178 2273 1346 2355 apud
1367 2274 1565 2334 Deum
1581 2272 1772 2352 possit
1801 2275 1865 2331 et
1884 2269 2106 2331 debeat

539 2380 759 2441 timere
807 2388 1078 2453 poenam.
1127 2366 1564 2440 Nihilominus,
1614 2363 1969 2426 addendum
2014 2367 2107 2423 est

542 2472 672 2535 vim
715 2466 1077 2530 directivam
1123 2465 1469 2539 separatam
1514 2458 1702 2519 etiam
1750 2475 1792 2518 a
1834 2455 2110 2516 coactiva

543 2582 720 2646 posse
758 2559 1050 2620 inducere
1105 2570 1360 2632 gravem
1404 2550 1867 2629 obligationem,
1919 2553 1991 2608 ut
2028 2566 2106 2608 ex

545 2658 722 2719 dictis
766 2654 833 2713 in
878 2649 1078 2728 capite
1116 2644 1486 2727 praecedenti
1533 2647 1770 2704 constat
1800 2656 1818 2701 :
1853 2646 1916 2703 et
1945 2642 2106 2703 ratio

544 2754 659 2824 est,
692 2746 840 2825 quia
866 2739 1161 2819 obligatio
1190 2737 1559 2818 proveniens
1605 2753 1681 2796 ex
1707 2734 1770 2795 vi
1811 2734 2105 2795 directiva

541 2842 700 2921 legis
718 2856 845 2899 non
867 2835 1008 2896 ideo
1042 2832 1245 2912 gravis
1276 2836 1392 2907 est,
1427 2829 1576 2909 quia
1602 2828 1791 2889 habet
1816 2829 2106 2908 conjunc-

541 2945 674 2996 tam
716 2929 1094 2992 coactionem
1115 2940 1136 3003 3
1168 2941 1316 2985 nam
1364 2922 1499 2984 haec
1552 2923 1852 3002 posterior
1884 2926 2002 2996 est,
2044 2925 2107 2982 et

542 3025 748 3107 potius
788 3019 1020 3083 coactio
1066 3018 1273 3098 gravis
1313 3015 1606 3097 supponit
1662 3014 2106 3093 obligationem

539 3134 819 3200 gravem,
853 3114 1000 3195 quia
1020 3131 1096 3174 ex
1119 3111 1401 3187 materia,
1433 3115 1496 3172 et
1523 3129 1601 3171 ex
1619 3107 1745 3170 fine
1771 3108 1928 3188 legis
1950 3125 2108 3187 11161-

542 3218 722 3294 cipue
749 3210 1055 3272 nascitur:
1090 3224 1240 3286 ergo
1273 3205 1324 3266 si
1360 3205 1462 3267 lex
1488 3204 1692 3285 quoad
1727 3204 1857 3264 vim
1884 3201 2109 3264 coacti-

539 3325 686 3370 vam
725 3323 803 3366 ex
828 3308 1002 3383 parte
1026 3300 1302 3361 materias
1329 3303 1392 3359 ct
1412 3297 1554 3358 finis
1578 3296 1767 3357 babet
1799 3295 2108 3356 sufficiens

543 3400 1025 3461 fundamentum
1059 3393 1267 3472 gravis
1286 3390 1702 3469 obligationis,
1731 3388 1904 3449 illam
1926 3387 2107 3448 indu·

543 3497 663 3566 eet,
694 3487 935 3550 etiamsi
967 3489 1286 3564 separetur
1307 3500 1346 3542 a
1372 3482 1703 3543 coactione.
1736 3481 2108 3560 Exemplum

545 3590 756 3648 autem
770 3580 924 3642 illud
945 3579 1022 3640 de
1041 3578 1327 3656 religioso
1345 3577 1641 3655 Episcopo
1667 3575 1871 3654 quoad
1888 3575 2111 3636 verita.

546 3686 676 3740 tem
704 3676 796 3737 rei
821 3675 1131 3735 incertum
1158 3675 1290 3747 est3
1321 3669 1485 3749 apud
1511 3668 1649 3730 illos
1667 3673 1877 3729 autem
1902 3674 2111 3730 aucto·

542 3789 665 3846 reS,
691 3767 803 3849 qui
835 3767 923 3827 ita
952 3764 1250 3841 sentiunt,
1278 3762 1370 3824 ibi
1392 3762 1487 3823 vis
1504 3760 1801 3822 directiva
1821 3778 1948 3821 non
1966 3778 2110 3841 pro·

544 3864 679 3945 prie
720 3860 986 3922 sumitur
1023 3875 1135 3939 pro
1170 3857 1324 3937 legis
1350 3855 1746 3935 obligatione,
1773 3853 1880 3915 sed
1906 3852 2110 3916 solum

543 3974 657 4038 pro
689 3953 957 4037 quadam
976 3951 1260 4013 decentia
1281 3956 1343 4012 et
1368 3949 1689 4011 honestate
1715 3946 1961 4010 morali.
1986 3947 2106 4010 Sed

500 4117 513 4124 ,
543 4050 623 4112 (16
642 4049 748 4110 1110
774 4051 1005 4129 puncto
1023 4043 1174 4105 alibi
1199 4041 1407 4104 latius.

626 4144 727 4206 22.
777 4140 1011 4215 Quarta
1037 4134 1494 4218 objxtioe-An
1511 4134 1791 4216 princeps
1809 4133 2109 4213 obliqmr

543 4236 804 4301 civiliter
841 4233 1076 4295 ratione
1102 4247 1229 4294 ηοω
1256 4230 1428 4309 leyis.
1471 4256 1555 4275 --
1592 4227 1824 4289 Ultima
1841 4227 2106 4306 objectio

544 4329 685 4392 fieri
711 4331 932 4407 potest,
958 4323 1107 4404 quia
1131 4322 1418 4403 princeps
1457 4320 1769 4401 obligatur
1794 4320 2098 4383 civiliter:

543 4440 692 4502 ergo
718 4424 918 4501 potest
942 4417 1131 4479 etiam
1158 4415 1422 4477 civiliter
1442 4415 1614 4494 cogi3
1657 4430 1806 4475 116111
1839 4413 1974 4475 haec
2013 4420 2104 4476 est

541 4513 812 4579 efficacia
835 4510 1233 4590 obligationis
1247 4508 1449 4570 civilis
1461 4522 1483 4586 3
1527 4520 1676 4586 ergo
1709 4507 1899 4568 etiam
1934 4512 2103 4587 pote·

537 4610 622 4671 rit
643 4608 721 4669 ad
749 4620 998 4687 poenam
1026 4604 1184 4682 cogi.
1211 4601 1594 4663 Antecedens
1614 4605 1783 4681 patet
1811 4616 1890 4662 ex
1907 4600 2102 4681 priori

534 4700 899 4765 assertione:
947 4713 1097 4758 nam
1132 4696 1414 4775 princeps
1441 4692 1756 4772 obligatur
1794 4694 1920 4755 suis
1946 4694 2102 4773 legi-

535 4795 655 4858 bus
680 4791 997 4868 civilibus3
1029 4787 1325 4867 obligatio
1351 4792 1562 4848 autem
1585 4786 1786 4848 civilis
1812 4792 1926 4863 est,
1959 4804 2100 4868 quse

534 4886 820 4969 provenit
847 4902 927 4947 ex
951 4882 1089 4962 lege
1116 4880 1306 4957 civili,
1338 4879 1377 4961 ξ
1405 4883 1435 4941 1
1471 4881 1647 4957 Inst.,
1673 4880 1749 4941 de
1776 4880 2099 4960 Exceptio-

531 4983 665 5044 nib.
696 4980 869 5043 Circa
912 4976 1072 5038 hanc
1113 4974 1536 5036 difficultatem
1562 4972 1901 5053 jurisperiti
1932 4973 2098 5035 inter

530 5093 596 5137 se
625 5072 1031 5147 contendunt,
1073 5087 1155 5131 an
1182 5068 1468 5149 princeps
1497 5066 1809 5146 obligetur
1834 5066 2097 5129 civiliter

529 5168 770 5230 ratione
792 5183 919 5227 suae
946 5163 1122 5244 legis.
1153 5162 1373 5224 Decius
1396 5160 1568 5222 enim
1590 5160 1658 5221 in
1686 5159 1748 5222 d.
1781 5177 1833 5222 6.
1877 5159 2091 5237 Same,

526 5265 592 5323 et
617 5259 726 5321 alii
746 5263 1000 5339 propter
1024 5260 1463 5337 argumentum
1489 5254 1723 5316 factum
1744 5252 1811 5314 id
1834 5259 2091 5333 negant,

526 5358 718 5434 atque
731 5351 821 5412 ita
836 5350 1016 5411 facile
1032 5349 1370 5430 expediunt
1391 5347 1827 5428 obJectionem.
1844 5347 2094 5409 Felin‘us

526 5453 738 5509 autem
773 5443 860 5504 ibi
891 5462 955 5503 n.
986 5445 1023 5503 3
1048 5448 1110 5503 et
1131 5443 1207 5502 in-
1222 5454 1356 5522 ea'p.
1394 5441 1696 5517 Eudoxio,
1736 5441 1820 5502 de
1855 5441 2085 5503 Consi..

515 5558 666 5602 cum
692 5537 889 5601 Baldo
913 5542 977 5599 et
995 5534 1132 5596 aliis
1149 5535 1455 5609 affirmat3
1495 5535 1604 5613 qui
1644 5540 2093 5615 consequenter

1541 404 1661 458 Lm.
1695 403 1777 457 111.
1815 403 1897 455 DE
1926 400 2091 455 LEGE
2119 398 2381 454 numm.
2410 400 2491 452 ΕΤ
2523 400 2728 454 cmm.

2180 498 2433 579 negabit
2455 498 2535 559 ad
2562 499 2807 560 civilem
2833 497 3274 577 obligationem
3313 497 3515 578 sequi
3563 512 3783 557 neees-

2179 594 2339 655 sario
2365 593 2767 668 coactionem,
2790 611 2938 653 nam
2954 593 3217 672 ipsamet
3226 592 3422 653 civilis
3451 590 3784 667 obligatio
3905 649 3906 672 ἶ

2179 693 2377 767 potest
2396 705 2527 749 esse
2554 692 2797 748 tantum
2827 686 3144 747 directiva.
3172 688 3249 747 Et
3271 686 3402 747 haec
3437 682 3782 745 sententia

2179 781 2336 842 mihi
2380 781 2583 861 placet
2625 780 3007 861 simpliciter,
3051 780 3335 860 quamvis
3377 776 3608 859 possit
3652 795 3783 838 eme

2177 874 2578 954 aequivocatio
2627 874 2695 935 111
2742 872 2969 935 verbis.
3016 873 3112 934 Ad
3159 890 3350 953 qnam
3396 869 3778 933 tollendam
3905 867 3906 910 ἒ

2179 969 2455 1044 adverto,
2494 968 2661 1047 quod
2696 966 2995 1045 obligatio
3025 965 3093 1027 in
3126 964 3526 1027 conscientia
3559 963 3778 1024 vocari
3905 1011 3906 1014 ¹

2179 1066 2379 1141 potest
2400 1060 2718 1122 interdum
2744 1059 2961 1135 civilis,
2990 1060 3139 1139 quia
3157 1076 3284 1121 non
3304 1059 3519 1120 oritur
3541 1074 3632 1118 ex
3647 1055 3775 1117 sola

2177 1154 2316 1233 lege
2366 1152 2678 1228 naturali,
2725 1153 2833 1214 sed
2883 1171 2961 1214 ex
3013 1152 3151 1232 lege
3206 1152 3375 1214 civili
3422 1150 3768 1230 adjuncta,

2178 1253 2273 1324 ut,
2304 1248 2476 1310 verbi
2512 1247 2730 1327 gratia,
2783 1247 2835 1308 si
2875 1264 2953 1308 ex
2980 1251 3299 1308 contractu
3339 1265 3496 1308 cum
3528 1244 3768 1306 minori

2178 1340 2341 1402 facto
2389 1360 2518 1402 non
2558 1340 2898 1420 acquiritur
2927 1339 3273 1401 dominium
3317 1340 3582 1401 ratione
3610 1338 3766 1418 legis

2178 1433 2396 1509 civilis,
2424 1439 2674 1496 tenetur
2700 1435 2842 1513 quis
2883 1434 2951 1494 in
2972 1432 3348 1495 conscientia
3385 1451 3533 1495 rem
3586 1433 3766 1494 resti-

2178 1535 2354 1589 tuere
2364 1543 2385 1605 3
2422 1526 2531 1589 illa
2572 1544 2721 1588 vero
2765 1527 3062 1606 obligatio
3094 1545 3222 1588 non
3263 1545 3341 1588 ex
3369 1527 3505 1588 sola
3531 1534 3760 1588 natum

2181 1622 2297 1697 rei,
2335 1621 2439 1682 sed
2468 1638 2543 1683 ex
2580 1619 2746 1680 civili
2775 1619 2935 1699 lege,
2967 1625 3031 1681 et
3055 1620 3196 1681 ideo
3231 1619 3432 1680 civilis
3476 1619 3626 1680 dici.
3649 1635 3757 1698 po-

2180 1718 2330 1777 test:
2359 1712 2525 1774 idem
2553 1712 2763 1774 videre
2791 1712 2937 1774 licet
2968 1713 3037 1775 in
3063 1712 3656 1792 praescriptionibus
3690 1717 3754 1772 et

2180 1806 2508 1870 similibus.
2538 1806 2677 1869 Alio
2698 1807 2886 1868 modo
2902 1806 3025 1868 dici
3050 1811 3253 1886 potest
3281 1806 3573 1886 obligatio
3592 1806 3750 1867 civi-

2182 1902 2281 1979 lis,
2306 1920 2384 1964 ex
2410 1920 2534 1983 qua
2560 1903 2760 1963 oritur
2783 1902 2943 1963 actio
2964 1902 3032 1962 in
3055 1900 3228 1962 civili
3258 1900 3501 1981 judicio,
3531 1901 3734 1961 111116-

2182 1995 2347 2058 bitor
2373 2002 2632 2075 cogatur
2670 1995 2906 2057 solvere
2942 1994 3397 2073 obligationem,
3422 1991 3722 2073 quomodo

2183 2108 2341 2170 saepe
2370 2089 2587 2151 dicunt
2604 2089 2863 2169 juristae,
2891 2105 2967 2148 ex
2992 2086 3311 2166 aliquibus
3336 2085 3733 2166 stipulationi-

2181 2183 2296 2244 bus
2306 2182 2407 2245 vel
2417 2183 2554 2244 aliis
2569 2180 2984 2243 contractibus
3007 2180 3156 2242 oriri
3172 2179 3610 2260 obligationem
3627 2196 3741 2238 na-

2181 2276 2471 2351 turalem,
2502 2281 2564 2338 61
2583 2293 2711 2337 11011
2734 2273 2999 2336 civilem.

2268 2371 2368 2430 23.
2415 2369 2613 2429 Priori
2657 2385 2803 2448 ergo
2846 2367 3031 2429 modo
3069 2366 3201 2427 sine
3239 2364 3434 2426 dubio
3463 2366 3747 2445 princeps

2188 2461 2500 2541 obligatur
2526 2461 2810 2537 civiliter,
2837 2461 2989 2541 quia
3008 2465 3254 2521 tenetur
3273 2460 3344 2519 111
3369 2459 3747 2520 conscientia

2185 2560 2347 2616 stare
2385 2556 2725 2616 contractui
2758 2554 3014 2615 habenti
3057 2554 3220 2613 vires
3259 2557 3324 2614 et
3366 2552 3649 2612 valorem
3677 2569 3747 2613 ex

2186 2647 2562 2709 adminiculo
2595 2648 2756 2726 juris
2789 2647 3007 2722 civilis,
3051 2645 3218 2708 unde
3261 2663 3393 2706 non
3434 2650 3643 2724 potoet
3674 2644 3748 2705 ab

2184 2740 2307 2802 alio
2333 2740 2576 2803 auferre
2611 2758 2746 2802 rem
2771 2738 3050 2819 legitime
3082 2739 3512 2818 praescriptam
3541 2744 3750 2799 contra

2182 2835 2516 2913 ipsummet
2540 2834 2721 2912 juxta
2737 2835 2840 2913 jus
2853 2833 3053 2909 civile,
3070 2832 3313 2894 etiamsi
3333 2838 3525 2893 antea
3540 2831 3749 2892 fuisset

2183 2926 2506 3007 ipsiusmet
2524 2926 2840 3006 principis.
2851 2927 2930 2987 Et
2949 2926 3107 2987 ratio
3125 2926 3394 3007 est,quia
3414 2931 3619 2986 totum
3637 2924 3747 2985 1106

2186 3020 2459 3081 nascitur
2498 3037 2575 3081 ex
2624 3018 2687 3080 vi
2728 3019 3023 3080 directiva
3057 3018 3235 3098 legis,
3275 3036 3418 3099 quae
3451 3019 3523 3077 in
3549 3018 3746 3098 ipsum

2186 3115 2533 3195 principem
2571 3115 2757 3193 cadit,
2800 3121 2871 3177 ut
2915 3115 3152 3177 dictum
3185 3122 3298 3176 est.
3343 3116 3427 3176 At
3452 3132 3626 3190 vero,
3665 3114 3748 3175 lo-

2186 3208 2432 3286 quendo
2478 3209 2800 3287 posteriori
2849 3209 3068 3285 modo,
3117 3208 3746 3288 subdistinguendum

2187 3300 2344 3361 mihi
2369 3301 2649 3364 videtur:
2689 3318 2837 3362 nam
2877 3301 2931 3362 si
2970 3302 3132 3363 actio
3160 3302 3230 3362 in
3266 3301 3497 3380 judicio
3533 3300 3752 3361 tendat

2187 3393 2267 3453 ad
2284 3394 2628 3472 cogendum
2656 3411 2800 3455 vere
2827 3392 3195 3470 debitorem,
3219 3393 3308 3456 sic
3334 3394 3464 3456 dari
3483 3411 3609 3454 non
3631 3410 3751 3473 po-

2187 3490 2308 3546 test
2331 3487 2622 3548 adversus
2648 3488 3016 3567 principem,
3037 3494 3100 3551 et
3118 3489 3206 3550 sic
3232 3487 3356 3549 dici
3382 3492 3577 3568 potest
3614 3504 3752 3547 non

2190 3577 2453 3657 obligari
2475 3579 2757 3641 civiliter.
2792 3580 2856 3640 Si
2877 3598 3026 3641 vero
3053 3580 3267 3642 tendat
3288 3580 3516 3657 solum,
3543 3586 3617 3641 ut
3641 3597 3754 3659 per

2183 3672 2409 3750 judicis
2454 3674 2826 3735 sententiam
2876 3672 3221 3755 declaretur
3256 3674 3363 3754 jus
3395 3673 3753 3736 creditionis

2187 3765 2479 3826 adversus
2501 3766 2866 3846 principem,
2891 3779 2964 3827 ut
2995 3767 3259 3847 juridice
3280 3774 3519 3829 constet
3549 3768 3755 3847 ipsum

2187 3858 2386 3920 teneri
2419 3858 2498 3919 ad
2523 3858 2896 3921 servandum
2924 3859 3101 3936 illud,
3134 3879 3251 3922 nec
3277 3861 3472 3940 possit
3495 3861 3634 3921 sine
3661 3861 3755 3920 in-

2180 3952 2425 4033 justitia
2452 3951 2608 4013 inud
2636 3970 2890 4032 negare,
2931 3954 3018 4015 sic
3044 3953 3180 4016 dari
3206 3955 3398 4016 etiam
3424 3959 3630 4035 potest
3657 3970 3756 4014 ac-

2184 4047 2275 4107 tio
2302 4051 2517 4107 contra
2541 4046 2912 4127 principem,
2943 4048 3035 4108 ita
3061 4053 3131 4108 ut
3165 4048 3234 4108 in
3261 4047 3643 4109 conscientia
3666 4053 3755 4107 te-

2185 4144 2408 4200 neatur
2433 4138 2607 4199 illam
2630 4140 3010 4218 permittere,
3037 4158 3145 4202 seu
3169 4140 3518 4202 admittere.
3547 4140 3755 4219 Atque

2184 4232 2252 4292 in
2299 4231 2416 4293 hoc
2459 4231 2648 4293 etiam
2694 4249 2879 4294 sensu
2930 4233 3198 4295 civiliter
3252 4233 3569 4312 obligatur
3615 4232 3755 4294 sine

2184 4326 2518 4402 coactione,
2547 4343 2659 4405 per
2683 4327 2848 4406 quod
2870 4326 3207 4406 objectioni
3224 4327 3607 4388 satisfactum
3630 4332 3749 4388 est.

2261 4420 2362 4479 24.
2413 4419 2685 4482 Tertium
2705 4426 2997 4500 punctum
3019 4421 3087 4485 de
3108 4422 3460 4484 irritatione
3480 4425 3755 4483 contrac-

2182 4516 2286 4574 tus·
2299 4528 2402 4574 seu
2424 4511 2705 4589 actionis,
2744 4517 2801 4576 ct
2839 4514 3001 4576 ratio
3029 4512 3756 4592 dubitanda—superent

2182 4604 2636 4685 expediendum
2663 4606 2919 4667 tertium
2942 4613 3244 4686 punctum·
3271 4607 3348 4668 de
3374 4605 3502 4668 alio
3522 4604 3755 4667 effectu

2178 4696 2358 4776 legia,
2389 4697 2498 4778 qui
2524 4704 2617 4759 est
2639 4698 2883 4760 irritare
2916 4706 3289 4777 contractus,
3312 4717 3424 4762 seu
3447 4700 3748 4760 actiones.

2178 4789 2256 4850 Et
2298 4790 2460 4851 ratio
2497 4790 2671 4851 dubii
2716 4808 2846 4852 esse
2891 4798 3123 4871 potest,
3169 4793 3316 4873 quia
3355 4792 3462 4854 hic
3495 4790 3752 4853 effectus

2177 4881 2427 4943 videtur
2449 4882 2733 4963 poenalis,
2765 4889 2828 4944 et
2853 4885 2942 4945 ita
2968 4900 3128 4964 saepe
3156 4885 3321 4947 inter
3342 4898 3560 4966 poenas
3580 4902 3751 4946 com-

2177 4979 2433 5055 putatur
2456 4992 2495 5037 a
2513 4976 2680 5055 juris
2699 4977 3168 5057 interpretibus:
3200 4994 3348 5058 ergo
3368 4980 3534 5040 sicut
3556 4992 3751 5058 poena

2176 5086 2306 5130 non
2352 5069 2820 5148 comprehendit
2855 5070 3222 5151 principem,
3269 5072 3358 5133 ita
3406 5084 3612 5151 neque
3644 5069 3752 5131 1116

2176 5161 2449 5224 effectus.
2493 5161 2908 5224 Confirmatur
2948 5180 3026 5226 ex
3061 5164 3105 5226 1.
3145 5162 3257 5228 Ea>
3283 5165 3653 5244 imperfecto,
3688 5183 3746 5225 c.

2177 5255 2254 5319 de
2282 5258 2578 5334 Testam„
2609 5259 2721 5320 ubi
2743 5259 2976 5322 dicitur¹
2998 5260 3440 5341 imperatorem
3457 5260 3603 5340 jure
3628 5259 3752 5318 im-

2174 5351 2332 5431 perii
2358 5364 2492 5413 6336
2513 5358 2872 5432 exemptum
2893 5372 2931 5415 a
2949 5352 3445 5415 solemnitatibus
3465 5351 3649 5432 juris,
3682 5350 3750 5410 id

2174 5450 2265 5505 est
2308 5448 2401 5524 (ut
2447 5446 2703 5527 exponit
2730 5447 2958 5527 Gloss.)
2993 5449 3164 5528 quia,
3214 5448 3361 5510 licet
3410 5448 3479 5508 in
3507 5444 3752 5507 actibus

2174 5538 2302 5599 suis
2329 5555 2458 5601 non
2487 5539 2769 5605 observet
2794 5540 3097 5605 solemnia
3106 5541 3289 5624 juris,
3309 5554 3497 5606 nemo
3525 5538 3608 5603 sit
3632 5536 3746 5619 qui
