3976 6219
816 370 949 423 GAP.
981 373 1063 425 VI.
1099 373 1314 425 U'rnuu
1344 373 1426 424 DE
1455 373 1726 425 RATIONE
1759 373 1937 426 LEGIS
1970 372 2084 435 SIT,
2115 373 2197 424 UT
2229 372 2348 424 PRO
2382 372 2841 437 communium,
2875 373 3010 425 E‘rc.

316 482 459 527 sus:
490 467 620 529 haec
645 476 849 531 autem
876 472 1186 533 intimatio
1218 474 1373 533 nihil
1410 479 1502 533 est
1535 480 1752 550 praeter
1780 474 1870 533 10-

318 559 627 620 011110116111
677 565 1042 624 exteriorem
1089 583 1276 644 quam
1325 565 1538 643 dirigit
1589 572 1650 625 et
1692 567 1869 643 quasi

314 650 503 710 dictat
539 652 880 714 intellectus
922 657 1210 735 principis
1247 675 1356 734 per
1383 657 1536 715 illud
1560 656 1868 733 judicium

308 742 439 820 jam
485 745 889 822 approbatum
936 766 1044 825 per
1089 766 1266 807 suam
1316 748 1721 822 voluntatem,
1771 750 1869 808 vel

310 840 494 911 prout
507 842 597 895 est
615 838 690 896 de
708 838 818 897 tali
832 846 994 914 actu,
1012 846 1081 898 ut
1097 842 1227 917 jam
1248 839 1526 911 definitO,
1550 846 1611 899 et
1625 840 1866 900 decreto

307 942 418 1002 per
435 933 641 987 actum
656 930 987 991 voluntatis
1004 933 1276 1010 ejusdem
1295 932 1608 1011 principiS,
1631 937 1699 990 ut
1721 933 1868 991 satis

308 1035 384 1077 ex
403 1019 580 1080 dictis
607 1028 865 1082 constat.

884 1201 1129 1264 CAPUT
1170 1204 1271 1263 VI.

378 1406 579 1454 unum
605 1406 682 1451 DE
710 1405 965 1451 RATIONE
992 1407 1158 1451 LEGIS
1184 1406 1270 1450 SIT
1303 1407 1378 1451 ΠΤ
1414 1406 1521 1452 PRO
1555 1405 1772 1458 AmoUA

709 1498 1127 1544 COMMUNITATE
1156 1499 1449 1545 FERATUR.

379 1673 438 1729 1.
486 1670 578 1731 De
611 1672 842 1730 ratione
874 1670 1024 1748 leqis
1051 1688 1171 1731 esse
1196 1676 1265 1732 ut
1287 1689 1399 1747 pro
1430 1671 1735 1748 aliquibus
1762 1674 1852 1746 se-

293 1768 498 1823 ratur.
551 1794 632 1807 —
686 1762 824 1823 Soli
869 1763 1132 1823 homines
1168 1768 1306 1823 sunt
1350 1780 1590 1840 capaces
1634 1764 1852 1823 karum

297 1855 913 1934 lequm.—Explicato
932 1871 1157 1930 genere
1176 1854 1289 1911 sub
1308 1872 1429 1930 quo
1452 1855 1550 1914 161
1576 1855 1850 1933 ponitur,

290 1947 666 2026 inquirenda
695 1952 787 2006 est
807 1946 1156 2006 differentia
1177 1964 1285 2023 per
1308 1964 1494 2023 quam
1521 1948 1585 2005 in
1614 1948 1853 2008 ratione

288 2040 446 2117 legis
495 2039 893 2098 constituitur
915 2082 936 2110 ,
993 2053 1183 2115 quam
1233 2039 1620 2097 inveniemus
1664 2038 1856 2117 expli-

289 2130 487 2191 cando
516 2128 847 2189 nonnullas
876 2129 1255 2187 conditiones
1272 2146 1410 2205 quae
1434 2130 1511 2187 ad
1540 2130 1853 2206 propriam

284 2223 591 2282 rationem
614 2220 768 2296 legis
786 2219 1139 2280 necessariae
1157 2225 1303 2278 sunt
1326 2236 1341 2278 :
1372 2220 1681 2297 simulque
1706 2240 1848 2280 cau-

285 2332 380 2373 sas
410 2312 564 2390 legis
587 2312 1050 2390 explicabimuS,
1076 2311 1221 2387 quia
1245 2311 1506 2388 propriae
1534 2317 1596 2371 et
1623 2312 1846 2372 intrin-

285 2425 440 2467 secae
486 2406 864 2466 conditiones
903 2403 1055 2479 16315
1108 2421 1233 2461 11011
1288 2410 1542 2480 possunt
1592 2405 1843 2465 aliunde

286 2497 529 2571 111611115,
560 2513 746 2574 (1116111
776 2512 851 2554 61
893 2495 1090 2553 causis
1130 2494 1262 2570 ejus
1294 2494 1464 2569 oriri,
1503 2514 1617 2554 nec
1656 2496 1838 2555 diffe—

284 2590 485 2650 rentia
514 2590 645 2665 ejus
685 2588 817 2647 sine
851 2586 1130 2657 materia,
1169 2584 1408 2662 obiecto
1448 2591 1509 2645 et
1547 2586 1671 2645 fine
1704 2588 1837 2664 ejus

284 2681 546 2758 intelligi
573 2687 680 2740 aut
701 2678 990 2757 explicari
1020 2682 1242 2755 potest.
1269 2677 1515 2737 Constat
1543 2696 1689 2755 ergo
1717 2679 1833 2738 im-

282 2773 500 2853 primis
526 2772 603 2831 de
630 2772 866 2831 ratione
890 2770 1041 2847 legis
1065 2787 1215 2842 esse,
1237 2774 1308 2827 ut
1336 2769 1415 2828 ad
1449 2770 1716 2847 aliquem
1736 2771 1832 2831 vel

280 2865 515 2943 aliquos
556 2863 813 2936 feratur,
852 2863 1169 2939 quoniam,
1213 2866 1283 2919 ut
1334 2861 1556 2920 Paulus
1596 2863 1705 2936 ait,
1755 2863 1833 2921 ad

277 2956 453 3016 Rom.
493 2956 568 3015 3:
619 2956 865 3018 Scimus
896 2954 1178 3033 quoniam
1220 2970 1593 3030 quaecumque
1623 2954 1718 3013 lex
1748 2955 1833 3014 lo-

276 3050 507 3129 quitur,
533 3049 618 3108 iis
639 3048 832 3127 quiin
854 3047 976 3124 leye
997 3051 1160 3118 sunt,
1190 3045 1478 3123 loquitur.
1510 3045 1663 3104 Dicit
1686 3063 1834 3123 ergo

272 3141 372 3200 161
396 3139 801 3199 essentialiter
818 3138 1152 3215 quamdam
1178 3136 1607 3196 habitudinem
1633 3139 1710 3197 ad
1729 3157 1832 3198 eos

274 3233 497 3310 quibus
517 3231 881 3309 imponitur,
907 3236 968 3289 et
987 3230 1123 3289 ideo
1143 3230 1220 3288 ad
1239 3229 1667 3307 explicandam
1695 3232 1830 3308 ejus

269 3326 573 3385 rationem
605 3322 1006 3382 declarandus
1033 3326 1124 3380 est
1156 3323 1457 3380 terminus
1489 3322 1674 3399 hujus
1717 3323 1829 3382 ha-

267 3416 586 3476 bitudinis,
617 3413 1030 3492 Supponimus
1052 3413 1273 3471 deinde
1297 3413 1500 3489 legem
1527 3413 1605 3473 ad
1629 3413 1829 3474 homi-

267 3527 378 3568 nes
404 3508 553 3567 ferri
579 3507 821 3579 debere,
854 3506 1000 3581 quia
1032 3505 1353 3564 inferiores
1377 3511 1667 3566 creaturae
1694 3525 1823 3566 non

263 3605 412 3659 sunt
450 3616 697 3676 capaces
724 3596 985 3675 propriae
1022 3596 1174 3673 legis
1210 3596 1287 3656 de
1326 3615 1448 3673 qua
1484 3603 1820 3658 tractamus

262 3698 336 3752 ut
357 3710 516 3770 soepe
540 3690 770 3750 dictum
799 3695 912 3762 est,
942 3689 1090 3766 quia
1119 3707 1246 3748 non
1272 3695 1418 3748 sunt
1446 3708 1695 3768 capaces
1722 3710 1822 3751 ac-

262 3789 444 3843 tuum
465 3782 815 3842 moralium.
838 3780 1058 3857 Angeli
1078 3799 1244 3855 ver0,
1271 3782 1415 3841 licet
1433 3784 1556 3841 sint
1571 3802 1820 3861 capaces

260 3873 489 3934 divinae
522 3874 695 3951 legia,
725 3883 933 3932 tamen
958 3890 1122 3932 nunc
1149 3872 1225 3931 de
1252 3872 1374 3932 illis
1396 3892 1523 3933 non
1550 3875 1817 3950 agimus,

262 3973 336 4026 ut
364 3967 430 4025 in
470 3965 768 4043 prooemio
796 3965 957 4024 dixi:
1006 3970 1295 4042 poterunt
1339 3971 1547 4024 tamen
1579 3984 1714 4043 quae
1743 3967 1819 4026 de

259 4059 399 4137 lege
424 4057 688 4117 naturali
710 4063 772 4118 et
798 4057 1009 4117 divina
1032 4057 1389 4131 dixerimuS,
1414 4057 1491 4116 ad
1516 4076 1620 4117 eos
1641 4058 1819 4118 facile

261 4168 406 4210 cum
457 4149 849 4229 proportione
889 4148 1207 4227 applicari.
1252 4149 1376 4208 Lex
1415 4166 1563 4224 ergo
1591 4149 1666 4206 de
1696 4167 1820 4224 qua

258 4248 594 4302 tractamus
639 4241 991 4300 hominibus
1033 4238 1408 4317 imponenda
1439 4245 1552 4312 est,
1589 4244 1651 4298 et
1679 4238 1820 4297 ideo

261 4334 466 4393 omnis
510 4332 608 4391 lex
659 4338 856 4410 potest
884 4332 1004 4390 dici
1032 4331 1308 4390 humana
1345 4348 1422 4390 ex
1449 4329 1567 4390 hoc
1596 4330 1815 4407 capite,

260 4430 336 4484 ut
361 4442 545 4502 supra
572 4423 876 4497 dicebam,
906 4423 1188 4502 quamvis
1219 4427 1468 4500 propter
1498 4422 1818 4482 vitandam

260 4515 811 4594 aequivocationem
842 4533 965 4573 non
993 4515 1080 4573 ita
1107 4520 1373 4574 vocetur.

344 4610 406 4667 2.
450 4606 554 4668 An
581 4610 664 4670 sit
690 4610 757 4669 de
784 4607 1015 4667 ratione
1056 4607 1206 4683 Zeqis
1243 4612 1309 4666 uc
1347 4623 1462 4683 pro
1501 4604 1820 4667 communi-

261 4706 389 4763 tate
415 4700 621 4778 aliqua
646 4703 909 4775 feratur.
952 4729 1034 4742 —
1073 4698 1294 4759 Prima
1320 4698 1609 4758 sententia
1635 4698 1819 4772 affir-

260 4791 655 4853 mans.—His
681 4790 915 4869 positis,
942 4790 1140 4849 oritur
1166 4788 1427 4849 dubium
1450 4807 1531 4848 an
1551 4789 1648 4848 161
1675 4787 1823 4847 ferri

259 4884 457 4965 possit
501 4884 577 4943 ad
625 4901 817 4943 unam
853 4887 1099 4943 tantum
1133 4899 1480 4960 personam,
1510 4882 1610 4941 vel
1638 4882 1715 4941 sit
1743 4880 1819 4939 de

260 4977 504 5038 ratione
552 4977 683 5054 ejus
722 4982 792 5034 ut
831 4993 943 5054 pro
970 4975 1176 5052 aliqua
1203 4974 1600 5033 multitudine
1622 4972 1820 5032 homi-

259 5087 445 5143 num,
497 5087 605 5128 seu
646 5067 1088 5128 communitate
1112 5067 1369 5127 feratur.
1407 5066 1823 5145 Supponimus

260 5162 435 5224 enim
449 5167 520 5220 ut
532 5160 790 5235 clarum,
814 5160 1319 5220 communitatem
1334 5159 1673 5218 humanam
1692 5175 1822 5217 esse

261 5271 549 5332 capacem
578 5253 810 5331 legum,
837 5254 964 5312 imo
988 5251 1092 5310 illa
1118 5252 1386 5311 maxime
1412 5251 1729 5327 indigere:
1758 5249 1823 5309 id

261 5347 438 5408 enim
456 5346 830 5405 convincunt
849 5344 1111 5403 adducta
1128 5346 1193 5402 in
1210 5342 1578 5420 praecedenti
1598 5342 1818 5420 capite:

261 5438 434 5500 unde
455 5437 642 5497 etiam
671 5442 763 5496 est
783 5435 1016 5496 clarum
1038 5435 1401 5513 regulariter
1424 5440 1487 5495 et
1514 5433 1824 5494 ordinarie

3430 370 3510 430 23

1949 473 2151 551 legem
2181 474 2328 534 ferri
2352 493 2464 552 pro
2497 475 2706 553 aliqua
2734 474 3198 547 communitate,
3219 471 3320 533 vel
3349 475 3510 534 mul-

1949 566 2212 626 titudine
2254 565 2603 640 hominum,
2656 571 2724 624 ut
2770 585 2883 626 usu
2916 567 3046 644 ipso
3073 565 3219 623 satis
3246 572 3503 640 constat,

1949 664 2013 717 et
2049 676 2122 718 ex
2155 658 2427 717 dicendis
2460 659 2657 735 magis
2699 658 2952 736 patebit.
3002 657 3332 716 Difficultas
3361 676 3507 735 ergo

1950 754 2042 809 est
2072 768 2153 808 an
2184 750 2299 808 hoc
2328 750 2407 809 sit
2433 749 2509 808 de
2540 750 2776 808 ratione
2811 750 2983 826 legis,
3026 751 3228 808 Prima
3263 756 3505 809 senten-

1948 842 2037 901 tia
2055 840 2319 900 affirmat
2338 840 2537 899 solum
2557 842 2710 899 illud
2731 848 3108 919 praeceptum
3132 859 3257 900 esse
3278 841 3501 918 legem,

1947 935 2111 1011 quod
2146 934 2514 1011 generaliter
2548 934 2744 993 fertur
2783 951 2895 1011 pro
2933 933 3220 992 omnibus
3253 934 3368 992 sub
3396 934 3507 993 ali-

1945 1043 2070 1103 qua
2088 1026 2528 1086 communitate
2547 1025 3000 1103 comprehensis
3025 1042 3040 1085 :
3069 1025 3180 1083 uni
3202 1043 3347 1084 vero
3372 1043 3506 1102 per-

1942 1137 2109 1178 sonae
2138 1120 2516 1197 impositum,
2546 1136 2674 1178 11011
2705 1136 2833 1178 6556
2861 1118 3085 1195 1636111.
3114 1116 3503 1194 Fundarique

1940 1209 2095 1270 solet
2135 1211 2267 1270 haec
2312 1211 2522 1288 opinio
2573 1210 2639 1268 in
2687 1210 2882 1287 0611116
2935 1210 3091 1270 Erit
3137 1214 3333 1269 autem
3370 1209 3505 1281 lex,-

1937 1302 2077 1361 dist.
2105 1305 2166 1377 4,
2198 1302 2358 1381 quod
2399 1307 2490 1362 est
2517 1301 2752 1374 Isidori,
2789 1300 2898 1359 lib.
2928 1304 2956 1359 1
2993 1299 3288 1377 Etymol„
3317 1317 3368 1358 0.
3398 1301 3499 1374 21,

1935 1393 2045 1453 ubi
2089 1394 2264 1471 ponit
2303 1395 2504 1453 varias
2545 1392 2926 1453 conditiones
2954 1391 3129 1468 16315,
3171 1396 3232 1450 01
3277 1389 3500 1450 ultima

1935 1474 2049 1559 est,
2072 1492 2140 1547 ut
2157 1487 2320 1547 nullo
2336 1487 2578 1564 privato
2598 1486 2910 1558 commodo,
2943 1486 3045 1546 sed
3062 1501 3175 1560 pro
3201 1501 3261 1543 co
3275 1484 3499 1544 mmuni

1935 1578 2157 1638 civium
2189 1578 2459 1638 utilitate
2496 1577 2833 1654 conscripta
2866 1577 2972 1636 sit.
3014 1575 3134 1635 Sed
3161 1575 3263 1633 hic
3291 1579 3497 1633 textus

1933 1688 2062 1728 non
2089 1670 2276 1744 cogit,
2310 1669 2458 1747 quia
2485 1668 2653 1730 aliud
2690 1673 2801 1741 est,
2829 1668 3032 1744 legem
3060 1667 3309 1744 imponi
3334 1683 3499 1725 com-

1933 1762 2246 1836 munitati,
2278 1762 2448 1821 aliud
2479 1762 2716 1839 imponi
2741 1779 2852 1839 pro
2881 1759 3067 1834 bono,
3095 1777 3203 1819 seu
3228 1758 3496 1819 utilitate

1932 1855 2432 1915 communitatis:
2467 1871 2614 1914 nam
2642 1858 3018 1932 praeceptum
3038 1849 3494 1928 potestimponi

1932 1947 2287 2025 particulari
2337 1965 2610 2026 personae
2629 1991 2648 2021 ,
2697 1951 2759 2005 et
2803 1944 3207 2004 nihilominus
3250 1939 3501 2021 imponi

1935 2039 2162 2097 intuitu
2194 2039 2539 2097 communis
2559 2037 2728 2097 boni.
2761 2038 3024 2097 Isidorus
3042 2054 3192 2113 ergo
3219 2053 3352 2095 non
3382 2053 3492 2113 po-

1931 2130 2030 2187 nit
2069 2129 2155 2189 ibi
2192 2130 2604 2189 conditionem
2644 2130 3002 2206 requisitam
3032 2146 3109 2187 ex
3146 2133 3318 2205 parte
3349 2145 3490 2206 per-

1929 2239 2120 2295 sonae,
2160 2221 2261 2280 cui
2300 2221 2672 2299 imponenda
2700 2226 2789 2279 est
2819 2219 2939 2293 161,
2982 2220 3087 2279 sed
3126 2220 3487 2297 requisitam

1927 2330 2004 2372 ex
2038 2319 2212 2390 parte
2244 2312 2410 2385 finis,
2456 2316 2704 2390 propter
2729 2328 2913 2390 quem
2954 2317 3046 2371 est
3085 2312 3482 2389 imponenda,

1923 2404 2176 2479 scilicet,
2208 2414 2459 2482 propter
2479 2403 2713 2463 bonum
2748 2420 3098 2477 commune,
3127 2421 3311 2480 quam
3334 2421 3483 2464 con-

1921 2498 2218 2558 ditionem
2244 2499 2526 2575 sequenti
2548 2497 2745 2575 capite
2777 2495 3239 2574 explicabimus

2000 2592 2058 2650 3.
2105 2590 2312 2651 Dices:
2362 2591 2480 2649 hoc
2525 2590 2710 2649 modo
2735 2588 3036 2666 explicata
3063 2587 3172 2646 illa
3210 2587 3479 2649 conditio

1909 2682 2040 2760 jam
2060 2688 2192 2742 erat
2211 2688 2497 2744 contenta
2515 2681 2628 2741 sub
2648 2681 2770 2740 alia
2793 2680 3142 2739 conditione
3163 2678 3242 2738 ab
3263 2680 3477 2739 eodem

1913 2773 2142 2833 Isidoro
2172 2774 2239 2833 in
2283 2775 2496 2835 eodem
2538 2773 2734 2850 0611116
2775 2773 2995 2849 1105116,
3039 2771 3289 2844 scilicet,
3324 2774 3479 2849 quod

1915 2866 2011 2927 lez·
2038 2866 2123 2926 sit
2134 2867 2315 2944 jueta
2344 2872 2398 2926 et
2426 2867 2690 2938 honesta,
2722 2867 2868 2942 quia
2885 2882 3013 2923 11011
3032 2864 3151 2923 6111
3173 2864 3331 2937 16115,
3355 2864 3475 2923 11151

1914 2956 1992 3015 ad
2039 2974 2366 3016 commune
2397 2956 2630 3015 bonum
2668 2956 3006 3016 ordinetur.
3053 2956 3172 3015 Sed
3208 2955 3323 3014 1100
3345 2973 3471 3014 11011

1913 3047 2134 3123 obstat,
2164 3055 2300 3107 tum
2342 3050 2488 3126 quia
2515 3049 2727 3107 multae
2768 3066 2845 3107 ex
2887 3047 3339 3106 conditionibus
3382 3047 3471 3107 ibi

1912 3140 2125 3216 positis
2168 3141 2245 3200 ab
2293 3142 2520 3201 Isidoro
2564 3142 2652 3200 ita
2673 3145 3130 3217 comparantur,
3159 3145 3230 3199 ut
3253 3158 3377 3198 una
3404 3142 3470 3200 in

1909 3230 2034 3291 alia
2061 3233 2469 3306 contineatur,
2501 3232 2599 3293 vel
2624 3250 2701 3292 ex
2723 3232 2828 3291 illa
2856 3231 3178 3304 inferatur,
3204 3237 3265 3290 et
3286 3231 3468 3290 nihil-

1909 3324 2154 3384 ominus
2182 3324 2495 3384 adduntur
2526 3324 2604 3383 ad
2639 3328 2939 3401 majorem
2963 3323 3463 3401 explicationem:

1904 3434 2053 3476 nam
2101 3417 2169 3475 in
2214 3415 2331 3477 1100
2363 3415 2492 3475 5010
2529 3416 2693 3493 quod
2738 3416 2837 3475 lex
2887 3414 3069 3475 debet
3109 3432 3237 3474 esse
3270 3415 3462 3492 justa,

1902 3509 2257 3568 continetur
2296 3507 2517 3568 debere
2553 3526 2679 3568 esse
2707 3507 3062 3585 possibilem
3107 3513 3168 3566 et
3203 3507 3459 3567 utilem:

1901 3601 2209 3677 quomodo
2236 3601 2403 3659 enim
2438 3600 2555 3659 erit
2586 3600 2777 3677 justa,
2816 3600 2868 3659 si
2903 3599 3002 3659 vel
3044 3599 3459 3677 impossibilis,

1900 3690 1999 3750 vel
2039 3691 2278 3750 inutilis
2307 3692 2428 3750 sit?
2472 3696 2534 3752 et
2580 3691 2986 3750 nihilominus
3009 3691 3293 3752 distincte
3329 3692 3462 3753 haec

1897 3788 2315 3843 recensentur.
2367 3783 2561 3861 Igitur
2589 3784 2810 3860 majori
2844 3785 3084 3843 ratione
3125 3785 3323 3860 potuit
3353 3784 3460 3844 illa

1899 3875 2169 3934 conditio
2188 3875 2408 3934 ultima
2429 3875 2597 3948 addi,
2620 3876 2694 3934 ad
2718 3875 3148 3953 explicandum
3174 3876 3461 3937 distincte

1893 3966 2196 4043 justitiam
2245 3971 2307 4025 et
2350 3967 2758 4040 honestatem,
2805 3985 2991 4044 quam
3034 3967 3132 4026 161
3171 3969 3453 4045 requirit.

1899 4059 2103 4117 Potest
2131 4058 2300 4116 enim
2331 4074 2456 4116 esse
2485 4062 2656 4115 actus
2677 4058 2882 4131 justus
2904 4064 2966 4115 et
2984 4059 3295 4131 honestuS,
3317 4059 3461 4119 licet

1899 4166 2027 4206 non
2046 4149 2125 4206 sit
2151 4153 2400 4224 propter
2422 4146 2656 4203 bonum
2677 4163 3027 4219 commune,
3054 4149 3320 4226 satisque
3344 4154 3460 4209 erit

1899 4239 2066 4318 quod
2103 4239 2194 4296 illi
2227 4254 2352 4294 non
2385 4245 2728 4313 repugnet3
2770 4234 2845 4293 de
2877 4236 3011 4311 1636
3042 4244 3249 4297 61116111
3286 4241 3459 4299 6(1(11-

1899 4335 2023 4403 tur,
2056 4330 2134 4389 ad
2175 4328 2480 4407 justitiam
2507 4326 2641 4404 ejus
2670 4343 2797 4385 esse
2839 4329 3251 4391 necessarium
3293 4332 3458 4410 quod

1899 4421 2220 4481 ordinetur
2246 4419 2325 4478 ab
2365 4419 2599 4478 bonum
2627 4435 2974 4478 commune.

2000 4515 2058 4573 4.
2106 4512 2227 4573 Nec
2244 4512 2489 4571 videtur
2516 4529 2687 4589 posse
2712 4511 2983 4570 dubitari
3004 4512 3155 4589 quin
3178 4512 3308 4572 haec
3327 4514 3459 4575 fue-

1898 4605 1982 4665 rit
2009 4624 2185 4665 mens
2213 4604 2453 4678 Isidori,
2481 4609 2551 4662 ut
2582 4610 2750 4681 patet
2781 4621 2858 4663 ex
2891 4604 2997 4663 illa
3030 4604 3451 4666 adversativa:

1899 4698 2094 4762 Nullo
2117 4697 2360 4774 privato
2390 4698 2703 4769 commodO,
2747 4698 2851 4757 sed
2873 4714 2985 4774 pro
3015 4699 3308 4758 communi
3334 4717 3459 4758 om-

1900 4791 2070 4850 nium
2105 4789 2372 4850 utilitate
2399 4790 2752 4866 conscripta.
2784 4790 2936 4848 Nam
2959 4789 3161 4865 legem
3185 4808 3459 4850 commu-

1899 4881 2083 4942 nitati
2097 4880 2371 4958 imponi,
2425 4885 2486 4939 et
2532 4898 2643 4957 pro
2685 4880 2924 4957 privato
2953 4881 3297 4955 comm0d0,
3332 4901 3459 4943 non

1898 4977 2235 5051 repugnat3
2269 4977 2598 5049 utrumque
2627 4972 2794 5031 enim
2823 4972 3007 5030 simul
3031 4971 3263 5031 habent
3292 4973 3458 5051 leges

1901 5064 2277 5143 tyrannicae:
2305 5070 2371 5122 at
2398 5063 2661 5122 Isidorus
2690 5062 2795 5121 illa
2815 5062 2938 5122 duo
2966 5063 3141 5140 ponit
3165 5069 3459 5144 tanquam

1903 5155 2021 5216 sibi
2053 5155 2504 5233 repugnantia:
2537 5171 2683 5230 ergo
2721 5171 2846 5212 non
2887 5154 3162 5231 loquitur
3182 5156 3258 5217 de
3291 5177 3458 5219 com-

1902 5248 2207 5308 munitate
2252 5246 2353 5305 cui
2402 5245 2777 5323 imponenda
2821 5245 2901 5305 sit
2943 5246 3066 5322 lex,
3109 5248 3214 5308 sed
3260 5251 3459 5310 solum

1906 5340 2081 5399 docet
2099 5356 2210 5415 pro
2229 5336 2493 5396 utilitate
2512 5339 2824 5398 communi
2848 5339 3285 5417 imponendam
3306 5360 3454 5415 esse,

1906 5432 2274 5507 cuicumque
2330 5429 2704 5507 imponatur.
2762 5433 2961 5511 Atque
3023 5433 3108 5492 ita
3160 5432 3462 5493 intellexit
