3976 6219
540 349 663 411 294
1548 364 1666 416 Lm.
1700 366 1786 421 111.
1822 367 1903 419 ΒΕ
1932 368 2097 422 LEGE
2127 369 2392 426 numum
2422 374 2506 427 m·
2538 372 2743 426 curm,

539 460 720 530 uuae,
746 455 854 517 sed
893 456 1206 522 humanm.
1242 462 1320 524 Et
1366 464 1770 528 confirmatur
1803 470 2095 548 tandem,
2173 492 2288 553 per
2341 496 2406 540 so
2454 479 2831 557 conjvnetmn
2889 475 3056 537 actui
3105 482 3433 554 precepto.
3515 508 3616 522 —-
3661 476 3792 540 Dico

539 550 688 628 quia
716 549 820 610 hic
845 556 1017 613 actus
1044 561 1138 614 est
1169 553 1550 619 fortitudinis
1580 581 1595 618 :
1628 578 1778 638 ergo
1817 562 1870 622 si
1892 582 2103 626 neces·
2180 570 2366 630 tertio
2403 592 2418 629 :
2461 571 2514 631 si
2555 570 2770 630 mortis
2819 567 3165 647 periculum
3214 586 3342 629 non
3402 575 3525 629 est
3577 588 3700 648 per
3738 591 3791 633 se

536 641 733 701 sarius
788 642 868 703 sit
919 645 1291 724 reipublicoe‚
1340 650 1440 711 vel
1493 652 1673 714 valde
1701 658 2097 733 conveniens,

540 739 741 813 potest
763 734 864 796 lex
891 736 1169 799 humana
1188 740 1366 803 illum
1394 745 1772 826 praecipere3
1803 767 1949 810 nam
1975 750 2102 811 bu-

541 842 728 888 mana
747 828 847 890 lex
871 829 1033 890 circa
1056 838 1228 894 actus
1249 837 1532 898 omnium
1557 838 1863 902 virtutum
1890 860 2102 905 versa—

541 933 668 995 tur,
689 926 759 981 ut
776 921 843 983 in
870 926 1290 1003 superioribus
1315 929 1637 991 docuimus
1655 949 1800 994 cum
1818 934 2069 997 Aristot.
2078 982 2099 1013 ,

544 1012 585 1115 8
608 1012 905 1092 Ethicor.,
936 1018 1046 1096 qui
1076 1018 1145 1079 in
1177 1021 1377 1099 specie
1403 1021 1680 1102 loquitur
1708 1025 1786 1087 de
1812 1032 1958 1088 actu
1974 1027 2101 1089 for·

621 1198 681 1258 5.
724 1200 938 1279 Leqem
977 1202 1302 1269 humanam
1349 1213 1491 1270 tunc
1534 1212 1796 1275 maxime
1836 1212 2105 1293 obliquo-0

544 1306 676 1352 oum
698 1294 965 1370 periculo
992 1295 1158 1373 υἱέα),
1193 1302 1426 1379 quando
1453 1302 1613 1366 illud
1642 1305 1975 1384 pericuum
1988 1324 2105 1385 por

544 1400 605 1445 se
630 1389 719 1446 est
742 1403 1037 1450 annexum
1063 1393 1230 1453 actui
1252 1400 1570 1473 proecepco.
1587 1428 1671 1442 —
1686 1397 1856 1474 Dico,
1885 1417 2103 1460 secun-

545 1473 649 1551 d0,
677 1475 879 1556 legem
921 1480 1265 1545 humanam
1300 1490 1453 1546 tunc
1481 1489 1777 1565 maxime,
1820 1496 1886 1552 et
1924 1492 2103 1571 quasi

542 1585 654 1647 per
697 1587 785 1646 se,
833 1570 1109 1651 obligare
1138 1594 1280 1638 cum
1320 1579 1596 1657 periculo
1634 1582 1802 1658 vitae,
1851 1585 2102 1662 quando

542 1659 699 1721 illud
725 1664 1073 1740 periculum
1101 1686 1214 1747 per
1245 1688 1310 1731 se
1332 1677 1423 1732 est
1443 1690 1782 1750 annexum,
1808 1694 1918 1737 seu
1958 1696 2102 1739 con-

539 1754 829 1833 junctum
861 1759 1028 1819 actui
1062 1769 1391 1842 praecepto,
1426 1766 1479 1826 si
1516 1767 1746 1848 alioqui
1788 1770 1890 1831 101
1932 1771 2106 1850 justa

543 1847 646 1918 sit,
672 1851 745 1906 ut
769 1852 1055 1926 praesumi
1079 1852 1281 1931 debet,
1308 1859 1558 1937 quando
1585 1863 1936 1941 oppositum
1974 1883 2105 1926 non

542 1939 909 2003 constiterit.
949 1944 1249 2009 Declarari
1294 1953 1518 2028 poterit
1561 1956 1858 2034 exemplis
1893 1959 2108 2036 positis

545 2030 622 2091 de
667 2031 851 2108 bello,
885 2036 961 2096 de
987 2041 1331 2117 periculosa
1362 2047 1778 2125 navigatione,
1825 2049 1902 2111 de
1930 2069 2106 2112 cura-

543 2125 713 2187 tione
726 2130 1154 2207 proximorum
1169 2142 1447 2217 tempore
1462 2143 1670 2219 pestis,
1682 2148 1747 2204 et
1762 2145 2068 2206 similibus
2084 2163 2101 2207 :

541 2220 702 2279 ratio
728 2227 940 2284 autem
981 2234 1094 2302 est,
1126 2229 1274 2308 quia
1299 2236 1449 2292 tunc
1474 2235 1819 2311 periculum
1855 2255 1982 2298 non
2002 2256 2106 2300 re-

542 2318 797 2390 putatur
817 2317 1319 2398 accidentarium,
1348 2325 1454 2385 sed
1481 2326 1673 2387 veluti
1704 2327 1782 2390 de
1820 2330 2105 2391 substan-

542 2405 631 2464 tia
656 2413 830 2467 actus
871 2412 1188 2474 moraliter
1218 2417 1605 2479 considerati.
1638 2421 1790 2481 Item
1832 2440 1961 2482 non
1997 2442 2107 2501 po-

544 2502 661 2558 test
682 2503 915 2562 censeri
947 2512 1172 2583 praeter
1197 2507 1542 2584 scientiam,
1567 2511 1667 2572 vel
1693 2514 2105 2576 intentionem

541 2591 973 2670 praecipientis,
994 2615 1137 2658 cum
1157 2600 1237 2659 sit
1254 2618 1364 2678 per
1385 2619 1450 2663 se
1469 2604 1873 2681 conjunctum
1894 2607 2061 2667 actui
2085 2625 2101 2669 ε

543 2698 714 2759 ergo,
741 2701 815 2744 eo
845 2685 979 2763 ipso
1005 2689 1170 2767 quod
1202 2693 1560 2771 praecipitur
1587 2694 1727 2755 talis
1745 2703 1939 2773 actus,
1964 2717 2105 2759 cen·

541 2779 712 2833 setur
754 2777 1006 2856 praecipi
1042 2798 1168 2840 non
1204 2782 1486 2846 obstante
1527 2786 1638 2847 tali
1680 2789 1955 2867 periculo
1971 2836 1993 2867 ,
2043 2797 2106 2853 et

540 2870 809 2944 potestas
835 2886 964 2930 non
995 2871 1167 2933 deest
1205 2881 1277 2936 ut
1302 2884 1618 2939 ostensum
1644 2887 1737 2941 est
1767 2898 1783 2942 ε
1814 2901 1964 2961 ergo
1992 2903 2104 2945 na-

543 2956 739 3018 scitur
764 2957 1080 3039 obligatio.
1103 2965 1329 3029 Addidi
1357 2989 1502 3032 vero
1529 2972 1950 3036 conditionem
1970 2978 2103 3056 jus-

541 3049 694 3111 titiae
714 3050 891 3133 legis,
915 3056 1062 3135 quia
1081 3057 1212 3121 11ωο
1229 3063 1599 3140 generaliter
1625 3069 1967 3135 necessaria
1990 3075 2105 3147 est,

543 3149 606 3205 et
631 3144 699 3205 in
726 3146 1085 3234 hujusmodi
1112 3162 1438 3237 praecepta,
1484 3160 1683 3221 multa
1705 3163 2108 3241 requiruntur

543 3244 615 3299 ut
642 3247 937 3320 servetur,
969 3247 1119 3325 quia
1147 3266 1278 3310 non
1308 3257 1509 3331 potest
1533 3272 1633 3316 res
1659 3255 1814 3317 adeo
1841 3255 2106 3317 difficilis

536 3330 702 3411 juste
747 3336 1019 3416 proecipi,
1051 3339 1172 3400 nisi
1198 3360 1277 3402 01
1308 3345 1651 3421 justissima
1694 3364 1877 3407 causa
1916 3350 2106 3426 perti-

543 3429 729 3485 nente
778 3426 858 3486 ad
913 3446 1243 3493 commune
1297 3434 1555 3511 bonum,
1583 3436 1685 3500 vel
1724 3439 1804 3498 ad
1828 3438 2104 3518 aliquam

538 3532 871 3594 personam
897 3521 1079 3583 valde
1115 3528 1524 3589 necessariam
1556 3532 1874 3592 communi
1900 3531 2100 3607 bono;

541 3608 689 3687 quia
714 3611 1061 3689 respublica
1092 3615 1191 3676 vel
1216 3620 1613 3697 magistratus
1655 3622 1789 3701 eJus
1816 3642 1945 3686 non
1993 3625 2104 3688 ba-

541 3698 646 3760 bet
670 3701 1020 3765 dominium
1043 3707 1185 3769 vitae
1211 3710 1465 3788 civium,
1494 3714 1599 3779 sed
1631 3715 2103 3779 convenientem

541 3810 750 3869 usum,
779 3800 843 3855 et
884 3796 1024 3859 ideo
1051 3818 1180 3863 non
1218 3808 1415 3883 potest
1448 3824 1524 3871 ex
1550 3806 1790 3869 levibus
1813 3809 1912 3871 vel
1936 3811 2101 3872 ordi-

540 3885 731 3946 nariis
750 3888 946 3949 causis
968 3908 1185 3971 cogere
1203 3895 1367 3958 cives
1384 3898 1462 3958 ad
1480 3899 1861 3978 perdendam
1878 3902 2071 3964 vitam
2074 3918 2096 3980 3

540 3979 702 4056 quod
733 3980 921 4041 etiam
946 3990 1115 4062 patet
1136 4005 1214 4048 ex
1240 3987 1337 4050 his
1355 4009 1492 4070 quoe
1518 4010 1704 4072 supra
1729 3994 1999 4055 diximus
2022 3995 2100 4057 de

536 4070 674 4149 lege
707 4071 1005 4151 humana,
1048 4078 1298 4157 scilicet,
1346 4083 1568 4147 debere
1601 4103 1731 4148 esse
1784 4088 2101 4150 moraliter

535 4165 889 4243 possibilem
913 4174 973 4230 et
990 4169 1254 4235 facilem.
1270 4175 1568 4256 Denique,
1585 4177 1702 4239 hoc
1725 4179 2098 4241 confirmant

533 4255 946 4322 fundamenta
1001 4265 1227 4342 prioris
1277 4271 1619 4331 sententiae.
1678 4271 2095 4335 Nihilominus

535 4355 746 4412 tamen
795 4352 899 4414 hic
926 4361 1018 4416 est
1055 4357 1245 4419 etiam
1285 4377 1431 4422 vera
1458 4362 1763 4440 generalis
1790 4364 2008 4443 regula
2030 4366 2097 4426 in

535 4443 952 4521 superioribus
977 4449 1196 4527 posita,
1226 4453 1473 4529 quando
1496 4472 1625 4516 non
1647 4457 1972 4521 manifeste
1990 4477 2099 4539 ap-

533 4540 707 4613 paret
736 4539 1052 4601 temeritas
1099 4540 1165 4602 in
1214 4542 1374 4622 lege,
1426 4549 1923 4624 praesumendum
1967 4568 2099 4613 esse

532 4645 646 4707 pro
668 4629 909 4708 justitia
951 4634 1106 4713 ejuS,
1151 4637 1297 4715 quia
1337 4657 1579 4720 semper
1610 4642 1714 4722 jus
1767 4645 2098 4722 superioris

531 4721 863 4800 praefertur
879 4740 902 4803 3
936 4731 1019 4800 et,
1046 4725 1188 4788 licet
1219 4729 1406 4793 homo
1434 4733 1538 4810 jus
1566 4735 1754 4796 etiam
1786 4736 2013 4799 habeat
2031 4738 2099 4800 in

531 4812 726 4873 vitam
754 4833 955 4892 suam,
980 4823 1192 4882 tamen
1232 4822 1300 4883 in
1329 4827 1610 4887 eamdem
1638 4829 1842 4908 majus
1866 4830 1968 4909 jus
1990 4830 2100 4893 ba-

529 4903 635 4966 bet
654 4907 1024 4989 respublica,
1057 4913 1205 4992 quia
1235 4916 1326 4992 (ut
1343 4916 1412 4978 in
1444 4920 1482 4978 5
1521 4918 1758 4983 Politic.
1779 4922 1936 4983 dixit
1957 4922 2097 5003 pbi-

527 4997 842 5080 losophus)
863 5002 1016 5064 civis
1043 5009 1244 5086 magis
1272 5015 1365 5070 est
1384 5011 1739 5092 reipublicae
1780 5033 1970 5094 quam
2000 5016 2098 5077 sui

530 5088 743 5170 ipsius.
799 5095 1010 5177 Itaque
1063 5098 1132 5160 in
1177 5101 1366 5163 dubio
1394 5104 1621 5186 aequali
1654 5107 1958 5169 servanda
2005 5113 2098 5171 est

531 5180 657 5259 lex,
676 5184 822 5248 licet
836 5197 1087 5272 propter
1106 5195 1452 5273 periculum
1474 5200 1707 5280 proprii
1736 5200 2095 5263 detrimenti

533 5279 880 5342 curandum
908 5285 987 5345 sit
1030 5293 1100 5348 ut
1145 5290 1447 5352 certitudo
1475 5292 1688 5374 aliqua
1734 5294 1810 5356 de
1851 5295 2097 5374 justitia

531 5368 687 5450 legis
709 5369 1037 5438 habeatur.

613 5464 673 5526 6.
725 5464 884 5541 Quid
908 5468 1214 5535 dicendum
1240 5478 1474 5555 quando
1493 5440 1837 5558 periculum
1864 5498 1982 5546 uon
2009 5487 2097 5546 est

2181 664 2584 742 conjunctum
2615 663 2780 722 actui
2801 666 3109 741 praecepto
3126 707 3147 736 ,
3180 661 3287 721 sed
3314 662 3786 740 contingenter

2181 755 2571 835 adjungitur,
2604 754 2704 816 101
2733 755 3015 814 humana
3040 771 3154 832 per
3172 771 3235 813 se
3261 771 3397 813 non
3434 754 3782 833 obligatad

2183 849 2280 908 sui
2318 849 2813 930 observationem
2861 865 3009 908 cum
3053 851 3226 907 tanto
3267 847 3579 927 periculo
3623 848 3774 922 vine,

2182 940 2312 1001 imo
2340 960 2454 1003 nec
2479 941 2731 1002 alterius
2770 940 3117 1018 gravissimi
3152 939 3569 1014 nocumenti,
3603 940 3775 1018 quale

2182 1040 2274 1095 aet
2309 1035 2517 1114 gravis
2547 1034 2809 1095 infamia
2828 1078 2849 1109 ,
2888 1038 3001 1101 aut
3030 1050 3260 1111 magna
3281 1032 3559 1110 jactura
3593 1031 3771 1093 bono-

2185 1145 2329 1187 rum
2371 1144 2387 1188 :
2433 1146 2512 1188 01
2546 1126 2849 1188 accidenti
2888 1143 3059 1201 vero,
3105 1143 3215 1186 seu
3251 1125 3317 1184 in
3357 1124 3602 1204 aliquo
3638 1143 3765 1185 casu

2184 1220 2461 1300 obligare
2491 1225 2710 1300 potest.
2754 1219 3031 1280 Priorem
3065 1224 3304 1297 partem
3331 1224 3708 1297 sequuntur
3731 1237 3762 1279 a

2184 1312 2428 1375 fortiori
2471 1319 2749 1375 auctores
2790 1311 3041 1389 allegati
3067 1312 3134 1379 in
3160 1311 3364 1391 prima
3394 1312 3712 1391 opinione
3737 1358 3756 1386 ,

2183 1408 2396 1488 etsnon
2419 1412 2773 1488 repugnant
2793 1405 3047 1484 allegati
3067 1406 3135 1466 in
3158 1405 3505 1468 assertione
3524 1406 3752 1485 prima,

2182 1501 2287 1562 sed
2313 1501 2526 1562 favent
2549 1501 2820 1561 maxime
2846 1504 2908 1560 et
2934 1498 3121 1559 Gabr.
3150 1498 3219 1557 in
3239 1500 3303 1571 4,
3333 1498 3618 1558 distinct.
3657 1499 3746 1572 18,

2181 1600 2396 1672 quaest.
2430 1595 2509 1671 3;
2557 1599 2619 1654 et
2652 1592 2884 1656 cham
2913 1592 2981 1651 in
3017 1608 3130 1651 suo
3162 1590 3429 1669 Dialog„
3480 1595 3506 1651 -Ι
3555 1597 3747 1669 part„

2182 1686 2289 1750 lib.
2319 1691 2381 1762 7,
2407 1706 2543 1767 cap.
2572 1688 2674 1762 58,
2701 1691 3004 1765 quatenus
3029 1685 3244 1746 dicunt
3264 1685 3596 1746 Ecclesiam
3623 1703 3745 1745 non

2184 1798 2357 1859 posse
2398 1781 2524 1841 suis
2557 1779 2798 1858 legibus
2842 1777 3212 1856 regulariter
3248 1778 3565 1857 imponere
3612 1785 3738 1837 tam

2184 1872 2525 1949 rigorosam
2552 1871 2996 1949 obligationem
3026 1887 3044 1930 ι
3073 1888 3220 1930 nam
3248 1871 3408 1931 idem
3432 1876 3519 1930 aet
3540 1888 3730 1948 reyn-

2186 1964 2406 2025 lariter
2432 1964 2600 2044 quod
2618 1982 2728 2041 per
2755 1981 2833 2025 se.
2863 1963 2939 2023 Et
2960 1961 3129 2023 idem
3157 1964 3334 2024 sentit
3351 1963 3525 2041 Major
3545 1963 3612 2021 in
3643 1964 3707 2035 4,

2188 2055 2458 2117 distinct.
2501 2058 2601 2132 18,
2639 2061 2855 2135 quaest.
2896 2058 2960 2131 4,
2993 2056 3262 2116 insinuat
3288 2058 3449 2116 etiam
3476 2056 3698 2114 Navar.

2186 2150 2252 2210 in
2277 2151 2480 2225 Sum„
2511 2169 2643 2229 cap.
2672 2152 2790 2224 25,
2832 2168 2899 2209 11.
2929 2150 3031 2209 84.
3060 2150 3315 2210 Sumitur
3336 2148 3588 2226 denique
3626 2164 3716 2205 01

2186 2242 2402 2303 multis
2424 2262 2563 2323 quoe
2585 2244 2866 2320 congerit
2888 2248 2951 2303 et
2979 2242 3191 2320 allegat
3208 2242 3383 2302 Felin.
3410 2242 3482 2300 in
3508 2258 3652 2318 cap.
3684 2242 3716 2298 1

2186 2336 2262 2396 de
2289 2336 2544 2397 Constit.
2577 2355 2645 2396 n.
2670 2338 2772 2397 49.
2801 2335 3098 2396 Probatur
3114 2341 3305 2395 autem
3323 2334 3531 2413 primo
3550 2332 3729 2410 prior

2184 2446 2328 2507 pars
2358 2429 2741 2503 inductione,
2768 2431 2917 2507 quia
2939 2428 3042 2488 lex
3061 2427 3280 2499 divina,
3309 2443 3452 2504 quae
3481 2423 3728 2500 gravior

2185 2526 2298 2595 cst,
2322 2540 2448 2581 non
2470 2521 2625 2581 solet
2646 2521 2923 2598 obligare
2948 2521 3016 2580 in
3035 2518 3221 2580 simili
3235 2522 3485 2578 eveum.
3514 2517 3725 2575 Exem-

2183 2611 2358 2690 plum
2380 2631 2710 2675 commune
2732 2619 2825 2675 est
2845 2613 2922 2674 de
2950 2611 3200 2685 Davide,
3227 2610 3334 2689 qui
3359 2614 3606 2688 propter
3629 2625 3728 2667 ne·

2183 2706 2530 2767 cessitatem
2556 2706 2957 2767 manducavit
2987 2721 3176 2784 panes
3201 2701 3627 2782 propositionis
3641 2746 3662 2775 ‚
3693 2704 3721 2760 1

2185 2797 2334 2875 Reg.
2368 2801 2439 2859 21
2469 2845 2489 2874 ‚
2527 2818 2683 2878 quos
2710 2799 2885 2860 laicis
2912 2796 3288 2859 manducare
3321 2813 3450 2855 non
3475 2793 3723 2867 licebat,

2183 2890 2362 2967 juxta
2387 2891 2589 2970 legem
2604 2939 2626 2969 ,
2656 2899 2719 2953 et
2745 2899 2957 2953 tamen
2983 2891 3214 2951 factum
3243 2887 3516 2949 defendit
3541 2886 3728 2947 Chris-

2187 2988 2288 3042 tus
2312 2984 2530 3045 Matth.
2564 2986 2664 3060 12,
2697 2985 2805 3045 ubi
2834 2984 3052 3045 eodem
3077 2983 3262 3044 modo
3287 2986 3536 3044 excusat
3561 2979 3729 3039 disci·

2187 3075 2368 3154 pulos
2430 3078 2539 3156 qui
2578 3077 2677 3140 die
2719 3078 2963 3140 sabbati
3012 3077 3205 3157 spicas
3242 3073 3630 3153 colligebant.
3667 3073 3729 3132 Et

2186 3168 2276 3229 ita
2299 3172 2582 3250 exposuit
2609 3172 2799 3233 etiam
2822 3173 2892 3232 D.
2924 3169 3191 3231 Thomas
3218 3172 3257 3230 3
3289 3175 3449 3249 part.
3474 3214 3494 3244 ,
3525 3173 3725 3247 quaest.

2187 3264 2286 3335 40,
2317 3274 2437 3324 art.
2468 3266 2531 3340 4,
2563 3263 2642 3324 ad
2667 3266 2746 3340 33
2777 3269 2839 3326 et
2865 3262 3085 3324 eodem
3111 3262 3297 3322 modo
3325 3260 3595 3322 declarat
3620 3260 3729 3320 fac·

2184 3358 2322 3414 tum
2364 3355 2853 3417 Macbaboeorum
2889 3355 3307 3435 pugnantium
3359 3354 3460 3414 die
3507 3352 3733 3414 sabbati

2185 3446 2244 3506 2.
2278 3447 2339 3521 2,
2362 3453 2578 3526 quaest.
2614 3450 2755 3525 100,
2785 3455 2903 3510 art.
2935 3450 2999 3509 8.
3031 3448 3200 3508 Idem
3233 3452 3474 3508 constat
3499 3447 3569 3511 in
3591 3464 3732 3524 prae-

2184 3545 2364 3617 cepto
2388 3537 2600 3600 divino
2629 3540 2705 3602 de
2739 3541 3094 3618 integritate
3122 3539 3557 3616 confessionis3
3596 3557 3734 3600 nam

2181 3648 2372 3709 grave
2406 3632 2750 3711 periculum
2795 3633 3109 3694 interdum
3154 3639 3405 3693 excusat
3449 3632 3530 3693 ab
3579 3632 3733 3693 illius

2180 3726 2539 3787 executione
2577 3727 2755 3806 quasi
2798 3726 3106 3787 materiali
3141 3726 3232 3807 (ut
3263 3726 3349 3786 sic
3387 3725 3639 3803 dicam).
3673 3729 3733 3813 ln

2178 3819 2496 3897 praeceptis
2513 3820 2703 3880 etiam
2722 3819 3140 3882 ecclesiasticis
3156 3825 3352 3898 potest
3367 3819 3505 3881 fieri
3528 3820 3734 3880 similis

2179 3909 2495 3970 inductio:
2531 3930 2677 3973 nam
2698 3919 3073 3992 praeceptum
3095 3912 3321 3991 jejunii
3352 3931 3482 3973 non
3509 3911 3734 3991 obligat

2179 4019 2321 4062 cum
2342 4002 2711 4065 detrimento
2725 4005 2963 4081 salutis,
2985 4006 3152 4084 quod
3178 4004 3551 4084 explicatum
3565 4012 3653 4067 est
3671 4007 3733 4066 in

2178 4112 2310 4173 cap.
2335 4094 2693 4173 Consilium,
2715 4098 2790 4159 de
2805 4099 3053 4159 Observ.
3072 4098 3157 4177 jaj
3166 4116 3302 4171 un.‚
3328 4104 3389 4158 et
3407 4097 3579 4161 idem
3599 4117 3734 4159 con-

2177 4193 2298 4249 stat
2338 4188 2414 4250 de
2452 4198 2754 4272 praecepto
2797 4192 3088 4253 audiendi
3123 4192 3368 4253 Missam
3384 4236 3406 4266 ,
3444 4193 3733 4254 recitandi

2176 4279 2384 4356 boras,
2408 4291 2526 4343 etc.
2554 4284 2757 4345 Simili
2792 4285 2999 4360 modo,
3026 4289 3276 4364 propter
3311 4285 3729 4346 necessitatem

2176 4371 2360 4435 famis
2385 4374 2530 4435 licet
2557 4377 3013 4443 communicare
3040 4394 3183 4437 cum
3209 4379 3730 4439 excommunicato

2179 4467 2562 4543 procurando
2603 4469 2971 4543 subsidium,
2998 4489 3134 4549 cap.
3167 4471 3461 4544 Quoniam
3499 4473 3724 4547 multos,

2182 4560 2285 4633 11,
2319 4565 2537 4637 quaest.
2567 4563 2629 4636 3,
2660 4579 2797 4639 cap.
2837 4563 3034 4638 Inter,
3074 4563 3151 4624 de
3181 4564 3458 4624 Sentent.
3499 4582 3729 4625 excom-

2179 4666 2382 4724 mun.;
2413 4653 2631 4714 eadem
2659 4660 2869 4716 autem
2899 4656 3056 4716 ratio
3085 4661 3178 4717 est
3206 4657 3273 4717 in
3299 4656 3578 4736 reliquis.
3622 4658 3727 4718 Ge·

2178 4744 2405 4804 neralis
2431 4751 2642 4807 autem
2671 4748 2825 4809 ratio
2852 4748 3262 4810 conclusionis
3292 4757 3407 4825 est,
3433 4752 3582 4828 quia
3603 4750 3725 4810 talis

2178 4837 2507 4899 necessitas
2564 4839 2833 4900 ostendit
2871 4858 2999 4900 non
3044 4840 3233 4902 fuisse
3279 4842 3345 4902 in
3387 4841 3724 4920 legislatore

2179 4928 2561 4991 voluntatem
2584 4930 2903 5009 obligandi
2926 4933 2995 5001 in
3020 4933 3132 4994 tali
3157 4939 3406 5010 eventu,
3432 4934 3534 4996 vel
3554 4937 3725 4996 etiam

2175 5038 2304 5081 non
2331 5021 2519 5083 fuisse
2556 5029 2920 5101 potestatem
2950 5044 2965 5082 ε
2996 5044 3385 5105 quacumque
3419 5033 3629 5089 autem
3663 5028 3727 5089 il·

2174 5115 2378 5177 larum
2404 5116 2751 5194 deficiente,
2794 5126 2987 5183 cessat
3017 5119 3314 5199 obligatio
3340 5112 3536 5201 legis;
3567 5141 3722 5202 ergo.

2176 5209 2446 5288 Utraque
2465 5210 2783 5289 praemissa
2808 5217 3048 5275 constat
3068 5231 3144 5272 01
3164 5230 3348 5292 supra
3365 5213 3570 5290 dictis,
3587 5233 3729 5294 111-10-

2176 5301 2388 5361 sertim
2415 5303 2734 5365 tractando
2776 5303 2852 5364 de
2880 5304 3135 5383 epiikia,
3160 5307 3307 5384 quia
3328 5311 3596 5385 potestas
3621 5308 3729 5366 hu-

2178 5409 2365 5454 mana
2386 5411 2514 5454 non
2543 5412 2607 5455 se
2631 5396 2907 5457 extendit
2922 5398 3001 5457 ad
3030 5399 3242 5459 omnia
3262 5397 3396 5459 sine
3419 5415 3729 5476 mensura3

2176 5484 2462 5546 voluntas
2514 5485 2703 5548 etiam
2765 5489 3037 5569 prudens
3092 5507 3220 5551 non
3277 5490 3412 5553 vult
3468 5490 3733 5573 obligare
