3976 6219
991 407 1128 461 CAP.
1152 405 1328 459 xxxi.
1358 403 1576 458 mm!
1607 402 1802 457 LEGES
1829 401 2108 456 nmNAE
2133 399 2584 463 GEmAerER,
2605 398 2743 452 mc,

343 519 407 578 4.
451 515 635 594 Leqes
676 512 972 574 humanas
1012 508 1277 585 obliquo-e
1322 523 1517 567 omnes
1555 503 1821 566 subditos

262 615 346 676 ad
356 628 501 692 quos
514 599 1283 686 loquantum—Dicendum
1295 615 1442 676 ergo
1460 602 1553 657 est
1570 612 1821 656 omnem

263 704 584 767 hominem
613 700 916 760 viatorem
955 700 1017 755 et
1052 692 1432 769 superiorem
1463 689 1820 761 habentem,

262 815 440 880 posse
478 794 643 854 illius
668 790 913 868 legibus
953 786 1239 864 obligari,
1267 803 1340 844 ac
1367 782 1629 844 subinde
1657 780 1825 858 leges

262 893 569 952 humanas
596 885 868 962 obligare
890 897 1107 941 omnes
1134 877 1411 938 subditos
1438 876 1517 936 ad
1549 892 1703 954 quos
1735 874 1825 933 lo-

263 988 731 1064 quunt11r3quae
757 976 1008 1036 assertio
1026 970 1293 1033 sumitur
1312 988 1390 1030 ex
1414 969 1482 1030 D.
1510 968 1732 1029 Thom.
1762 968 1790 1026 1
1803 1010 1819 1028 .

263 1080 326 1152 2,
353 1079 571 1156 quaest.
596 1073 702 1145 96,
731 1074 849 1130 art.
883 1069 945 1142 5,
970 1072 1035 1127 et
1064 1068 1126 1126 2.
1155 1065 1218 1138 2,
1249 1067 1467 1143 quaest.
1499 1063 1639 1135 104,
1668 1078 1726 1120 8.
1761 1062 1821 1134 1,

263 1176 328 1232 et
351 1174 515 1230 recte
537 1164 849 1226 declarata
876 1158 1133 1221 omnino
1150 1161 1320 1218 certa
1345 1161 1461 1229 est,
1482 1160 1546 1215 et
1571 1153 1647 1214 de
1677 1151 1819 1213 fide.

264 1261 689 1337 Probaturque
728 1253 1105 1315 sufficienter
1143 1268 1223 1311 ex
1265 1249 1472 1309 verbis
1508 1245 1683 1307 Pauli
1706 1246 1826 1305 Ro-

263 1354 542 1415 man.3:
587 1350 836 1413 Scimus
862 1345 1144 1426 quoniam
1179 1357 1556 1422 quencumque
1599 1339 1695 1402 lea:
1735 1338 1829 1398 lo-

266 1447 499 1527 quitur.
532 1444 618 1505 iis
640 1441 744 1521 qui
768 1441 836 1501 in
858 1439 982 1516 leffe
1012 1441 1177 1510 svmt,
1201 1434 1490 1514 loquitwr.
1522 1431 1661 1492 Illos
1681 1448 1829 1509 ergo

266 1538 458 1599 etiam
478 1534 733 1610 obligat,
755 1531 904 1610 quia
924 1529 1197 1607 loquitur
1219 1524 1606 1606 imperando,
1628 1530 1691 1585 et
1712 1524 1828 1583 im-

266 1629 513 1710 perium
531 1625 764 1703 obligat
781 1622 1077 1696 subditos,
1094 1626 1165 1680 ut
1176 1636 1364 1699 supra
1376 1629 1692 1678 ostensum
1711 1621 1825 1693 est3

268 1730 332 1785 et
378 1720 689 1784 convincit
736 1717 926 1779 etiam
969 1714 1124 1776 illud
1169 1713 1342 1774 Pauli
1390 1714 1654 1773 Roman.
1707 1712 1782 1772 13
1807 1727 1825 1772 :

272 1816 484 1878 Omnis
528 1815 735 1875 anima
777 1808 1170 1889 potestatibus
1204 1805 1658 1869 sublimioribus
1692 1804 1831 1865 sub—

268 1909 401 1968 dita
428 1907 533 1980 sit,
559 1921 703 1965 cum
729 1900 1032 1962 similibus
1058 1897 1428 1960 testimoniis
1454 1914 1651 1975 supra,
1670 1896 1829 1956 cita-

263 1999 365 2057 tis.
417 1999 594 2057 Ratio
637 2001 846 2056 autem
873 1991 1177 2071 generalis
1213 1996 1327 2059 est.
1358 1990 1504 2068 quia
1531 1989 1691 2049 ratio
1720 2007 1832 2049 na-

262 2089 483 2148 turalis
523 2088 701 2148 docet
749 2085 1082 2147 servandas
1126 2101 1256 2145 esse
1301 2083 1468 2162 leges
1506 2082 1705 2159 justas
1750 2081 1829 2141 ab

267 2180 628 2241 hominibus
658 2179 836 2250 latas,
887 2183 951 2238 et
988 2179 1147 2237 Deus
1174 2177 1364 2237 etiam
1412 2176 1478 2235 in
1515 2175 1833 2253 Scriptura

266 2293 426 2352 saepe
462 2272 579 2333 hoc
622 2270 902 2351 praecipit
917 2285 938 2345 ;
987 2287 1135 2347 ergo
1163 2269 1433 2328 maxime
1461 2286 1499 2327 a
1525 2267 1786 2327 subditis
1811 2287 1825 2329 :

265 2384 416 2427 nam
434 2364 525 2424 illi
544 2370 690 2424 sunt
709 2362 966 2441 quisuis
978 2361 1392 2439 superioribus
1414 2359 1832 2426 obedientiam

270 2458 524 2531 debent3
559 2455 639 2516 ab
666 2455 784 2514 hac
819 2459 1030 2513 autem
1063 2453 1342 2531 generali
1377 2452 1616 2530 regula,
1660 2451 1832 2511 nulla

272 2551 548 2629 exceptio
570 2548 747 2608 nobis
770 2546 912 2607 data
939 2551 1052 2621 est,
1073 2546 1174 2606 vel
1200 2545 1277 2605 de
1300 2544 1606 2616 fidelibus,
1632 2544 1733 2604 vel
1751 2544 1829 2604 de

263 2644 472 2723 justis,
504 2659 611 2702 seu
639 2640 716 2701 de
759 2638 1065 2718 perfectis,
1109 2638 1236 2698 sive
1273 2637 1351 2698 de
1386 2637 1831 2715 cujuscumque

268 2736 521 2797 alterius
538 2733 906 2795 conditionis
923 2730 1300 2806 hominibus,
1318 2746 1520 2808 neque
1533 2729 1703 2789 enim
1719 2747 1829 2808 per

268 2831 674 2909 Scripturam,
718 2827 816 2887 vcl
855 2844 967 2906 per
992 2825 1412 2898 traditionem,
1451 2823 1551 2883 vel
1577 2841 1688 2902 per
1719 2822 1831 2883 ali-

269 2941 457 3001 quam
479 2918 865 3001 probabilem
894 2918 1199 2978 rationem
1234 2916 1311 2977 de
1334 2916 1444 2976 tali
1469 2916 1828 2995 exceptione

270 3020 508 3075 constat
530 3036 544 3073 t
583 3030 731 3090 ergo
753 3029 867 3071 1188
887 3010 1223 3070 secundum
1245 3008 1455 3085 fidem,
1477 3027 1591 3069 nec
1615 3026 1830 3068 secun-

272 3109 423 3169 dum
466 3106 773 3168 rationem
826 3103 1072 3164 admitti
1125 3107 1363 3182 potest:
1417 3120 1567 3179 ergo
1616 3118 1831 3160 omnes

274 3200 506 3261 subditi
540 3198 917 3277 obligatione
936 3197 1089 3275 legis
1116 3197 1408 3256 humanae
1438 3199 1747 3256 tenentur.

354 3294 414 3353 5.
464 3291 747 3353 Notanda
783 3308 931 3350 vero
971 3296 1062 3350 est
1097 3288 1402 3368 particula
1443 3290 1525 3349 ad
1563 3306 1708 3367 quos
1738 3287 1832 3347 lo-

274 3390 560 3466 quuntur,
597 3402 671 3444 ex
708 3401 831 3463 qua
863 3382 1090 3460 pendet
1133 3381 1545 3459 intelligentia
1587 3380 1836 3439 conclu-

273 3478 462 3539 sionis
490 3494 507 3539 :
536 3495 664 3538 nou
692 3476 861 3537 enim
890 3474 1150 3552 singulte
1174 3474 1343 3552 leges
1369 3473 1661 3533 humanoe
1696 3473 1836 3532 uni-

274 3588 481 3632 versos
511 3569 793 3630 homines
820 3566 1121 3645 obligant,
1153 3585 1267 3627 nec
1294 3565 1524 3644 singuli
1551 3564 1835 3624 homines

276 3660 561 3723 omnibus
587 3661 686 3721 his
711 3659 952 3739 legibus
976 3664 1347 3734 onerantur;
1373 3657 1477 3719 sed
1505 3656 1836 3735 unusquis-

277 3773 395 3834 que
445 3753 756 3832 obligatur
808 3752 1049 3831 legibus
1098 3752 1176 3813 ad
1225 3770 1291 3812 se
1344 3748 1833 3829 pertinentibus;

277 3847 484 3907 nullus
513 3864 660 3908 vero
694 3852 785 3907 est
817 3846 924 3924 qui
952 3845 1030 3906 ad
1074 3844 1312 3924 aliquas
1339 3845 1506 3923 leges
1531 3844 1839 3903 humanas

278 3940 609 4001 servandas
632 3957 759 3999 non
784 3944 1089 4014 teneatur,
1120 3939 1174 3998 si
1203 3939 1272 3998 in
1298 3937 1480 3999 terris
1512 3953 1839 4013 recognos-

280 4034 365 4094 cit
381 4034 792 4112 superiorem;
813 4038 876 4093 et
895 4032 984 4092 ita
1002 4048 1217 4092 omnes
1233 4030 1485 4110 quidem
1503 4028 1840 4107 subjiciun-

279 4131 380 4187 tur
423 4125 714 4186 humanis
744 4124 1007 4203 legibus,
1037 4142 1165 4184 11011
1202 4130 1413 4185 tamen
1460 4120 1735 4182 absolute
1778 4126 1841 4180 et

277 4217 722 4293 indifferenter,
749 4217 857 4279 sed
878 4217 1235 4295 respective.
1266 4214 1709 4295 Explicandum
1734 4231 1840 4274 ve·

279 4328 351 4371 ro
377 4315 653 4389 superest
674 4308 986 4388 quomodo
1007 4308 1111 4369 hic
1138 4313 1469 4387 respectus,
1499 4324 1609 4367 seu
1627 4306 1839 4365 distri-

279 4400 456 4461 butio
485 4401 591 4479 huj
600 4420 670 4461 us
691 4401 1086 4480 obligationis
1108 4400 1390 4461 facienda
1413 4399 1516 4474 sit,
1555 4398 1635 4461 ad
1674 4396 1842 4477 quod

281 4493 713 4573 explicandum
727 4495 865 4557 duae
878 4495 1016 4556 alioe
1033 4494 1265 4574 regulas
1283 4492 1600 4573 generales
1613 4493 1845 4554 adden-

281 4586 376 4648 doe
405 4594 570 4650 sunt.

360 4682 422 4741 6.
463 4681 702 4755 Qua-vis
742 4680 837 4743 leco
891 4682 1155 4743 bumana
1202 4680 1361 4758 liqut
1399 4697 1595 4742 omnes
1639 4685 1845 4758 partes

281 4774 727 4836 communicatis
748 4791 860 4852 pro
885 4792 1007 4853 qua
1026 4774 1122 4836 lex
1148 4776 1372 4848 fertior,
1395 4773 1453 4835 si
1482 4776 1693 4835 centem
1714 4790 1846 4834 con-

284 4867 786 4930 currant—Dico
810 4885 958 4946 ergo
992 4866 1259 4928 secundo
1288 4883 1304 4927 :
1337 4883 1723 4944 unaquoeque
1745 4865 1848 4926 lex

282 4959 556 5021 humana
576 4960 809 5039 obligat
836 4978 1052 5021 omnes
1074 4976 1362 5039 personas
1378 4976 1516 5037 quoe
1534 4964 1679 5020 sunt
1703 4977 1843 5038 par-

281 5057 373 5113 tes
409 5052 575 5113 illius
620 5054 1079 5114 communitatis
1112 5071 1222 5132 pro
1250 5069 1374 5132 qua
1412 5052 1517 5112 181
1540 5051 1758 5127 fertur,
1790 5051 1843 5112 si

280 5150 501 5207 eaetera
530 5152 921 5208 concurrant.
955 5146 1128 5206 Hanc
1161 5145 1447 5205 ultimam
1476 5144 1842 5223 particulam

280 5238 463 5314 addc,
496 5238 646 5318 quia
684 5239 1102 5319 supponendae
1142 5243 1288 5299 sunt
1334 5237 1403 5298 in
1446 5236 1583 5316 lege
1631 5255 1845 5298 omnes

280 5329 416 5391 aliae
444 5331 826 5392 conditiones
844 5332 924 5393 ad
938 5331 1381 5410 obligationem
1407 5329 1563 5407 legis
1590 5330 1845 5409 requisi-

280 5427 382 5498 tae,
425 5442 564 5502 quoe
602 5424 671 5483 in
710 5424 1128 5503 superioribus
1155 5428 1425 5483 tractatae
1467 5428 1611 5483 sunt
1648 5439 1662 5482 2
1695 5440 1846 5483 nam

279 5513 380 5577 1118
404 5516 610 5579 80111111
635 5516 882 5598 agimus
914 5518 992 5581 de
1018 5515 1369 5580 conditione
1395 5515 1740 5581 necessaria
1766 5533 1845 5578 ex

3340 389 3462 452 299

1898 509 2074 584 parte
2102 520 2399 582 personas,
2432 519 2570 580 quae
2609 496 2940 578 obliganda
2974 500 3068 557 est
3096 512 3206 574 per
3233 494 3459 573 legem.

1901 596 2134 657 Deinde
2177 596 2364 656 etiam
2405 594 2807 673 supponimus
2844 589 3034 651 verba
3068 594 3130 648 et
3158 589 3463 649 rationem

1903 690 2080 769 legis,
2110 695 2416 768 quantum
2445 693 2538 748 est
2565 688 2640 746 «le
2668 705 2754 760 88,
2779 684 3010 746 habere
3032 683 3236 742 locum
3259 683 3327 741 in
3356 680 3465 742 tali

1905 799 2166 862 persona
2198 797 2215 841 :
2247 797 2394 841 nam
2428 780 2479 839 si
2507 779 2609 840 lex
2634 779 2768 858 ipsa
2801 775 3206 838 determinate
3233 774 3468 835 feratur

1904 875 1986 935 ad
2034 880 2204 935 certa
2252 872 2533 936 membra
2583 870 2958 951 reipublicae,
3000 886 3126 928 non
3167 867 3467 945 obligabit

1902 967 2166 1047 reliqua,
2202 966 2348 1045 quia
2373 972 2523 1026 tunc
2549 983 2674 1025 non
2698 964 2896 1025 fertur
2935 961 3014 1022 ad
3057 966 3251 1021 totam
3300 978 3468 1021 com-

1905 1061 2299 1134 munitatem,
2328 1058 2433 1119 sed
2447 1057 2524 1118 ad
2559 1063 2799 1136 partem
2829 1055 2986 1135 ejus,
3013 1058 3320 1132 quatenus
3354 1051 3468 1112 sub

1904 1155 2029 1216 alia
2057 1154 2296 1214 ratione
2335 1152 2640 1211 minorem
2684 1147 3018 1228 quamdam
3050 1144 3468 1207 communita-

1905 1255 2033 1310 tem
2076 1246 2412 1322 constituit,
2450 1250 2513 1305 et
2545 1245 2634 1304 ita
2671 1247 2912 1304 servata
2955 1240 3348 1320 proportione
3390 1237 3469 1298 ad

1906 1342 2081 1403 illam
2108 1340 2296 1402 etiam
2324 1337 2547 1418 poterit
2567 1335 2785 1415 regula
2802 1334 3000 1413 posita
3021 1332 3339 1413 applicari.
3371 1330 3471 1392 Sic

1908 1451 2059 1512 ergo
2086 1432 2388 1512 explicata
2409 1429 2663 1491 assertio
2696 1427 3042 1490 communis
3068 1432 3130 1487 et
3156 1429 3322 1486 certa
3351 1429 3465 1498 est,

1906 1527 2296 1604 sumiturque
2320 1542 2397 1585 ex
2424 1523 2613 1583 Paulo
2640 1522 2834 1602 priori
2857 1521 2995 1580 loco
3029 1519 3295 1596 allegato
3323 1534 3339 1578 :
3374 1533 3470 1575 ra·

1906 1621 2077 1681 tione
2104 1618 2478 1693 declaratur,
2516 1617 2665 1696 quia
2690 1616 2816 1690 lex,
2840 1620 2910 1674 ut
2942 1613 3011 1674 111
3055 1610 3472 1692 superioribus

1908 1714 2203 1788 vidimus,
2220 1730 2333 1792 per
2346 1730 2410 1772 se
2423 1711 2625 1791 primo
2643 1710 2841 1770 fertur
2853 1709 2922 1768 in
2932 1706 3465 1780 communitatem,

1907 1813 1972 1868 et
1997 1806 2145 1868 inde
2180 1805 2491 1866 descendit
2529 1804 2663 1882 ejus
2696 1801 2989 1880 obligatio
3019 1800 3100 1860 ad
3128 1798 3405 1876 singulos
3448 1812 3467 1857 t

1909 1918 2059 1979 ergo
2090 1917 2203 1979 per
2247 1917 2334 1974 se,
2364 1902 2429 1958 et
2472 1901 2776 1975 quantum
2813 1900 2904 1955 est
2930 1911 3006 1954 ex
3038 1895 3103 1952 vi
3131 1891 3306 1968 legis,
3339 1890 3471 1950 des-

1909 1994 2113 2056 cendit
2151 1994 2228 2054 ad
2254 2009 2493 2065 omnes,
2523 1990 2631 2069 qui
2660 1994 2804 2049 sunt
2829 1992 3034 2067 partes
3063 1984 3475 2047 communita-

1908 2090 2012 2162 tis,
2044 2087 2192 2166 quia
2218 2103 2334 2146 1188
2370 2088 2567 2163 potest
2606 2100 2734 2144 8888
2762 2082 2886 2142 alia
2913 2081 3069 2142 ratio
3093 2079 3281 2158 hujus
3318 2077 3474 2137 obli-

1911 2181 2201 2259 gationis,
2236 2194 2438 2256 neque
2476 2182 2569 2237 est
2603 2176 2868 2248 diversa,
2905 2180 3016 2234 aut
3047 2173 3246 2250 major
3272 2172 3340 2230 111
3376 2170 3473 2230 1118

1911 2289 2101 2351 quam
2121 2271 2188 2331 in
2207 2270 2328 2331 illis
2344 2268 2661 2344 membris,
2689 2267 2938 2347 quando
2961 2265 3221 2327 materia
3239 2262 3475 2322 unifor-

1913 2364 2034 2424 mis
2060 2369 2172 2424 est.
2221 2361 2656 2434 confirmatur,
2683 2361 2832 2440 quia
2871 2360 2972 2420 lex
2998 2358 3184 2418 habet
3214 2360 3475 2435 potesta-

1911 2462 2038 2517 tem
2081 2455 2400 2531 obligandi
2440 2453 2736 2527 subditoS,
2768 2460 2838 2512 ut
2890 2452 3127 2511 dictum
3178 2455 3270 2509 est
3293 2464 3314 2524 3
3368 2446 3475 2508 sed

1911 2548 2192 2610 membra
2218 2548 2680 2608 communitatis
2699 2552 2847 2606 sunt
2866 2544 3143 2622 subjecta
3170 2542 3287 2601 toti
3308 2558 3476 2602 com-

1910 2642 2227 2716 munitati,
2256 2642 2430 2720 cujus
2461 2641 2711 2714 virtute,
2737 2644 2800 2699 et
2819 2641 3117 2717 potestate
3135 2635 3237 2695 lex
3257 2633 3473 2711 fertur3

1906 2751 2055 2813 ergo
2075 2733 2177 2794 lex
2193 2733 2428 2811 obligat
2454 2732 2737 2794 membra
2757 2730 2968 2791 omnia
2988 2727 3472 2789 communitatis.

1992 2830 2051 2887 7.
2073 2828 2361 2901 Quaenam
2387 2827 2513 2888 sinc
2538 2825 2801 2887 membra
2823 2821 3269 2884 communitatis
3283 2819 3479 2898 quoad

1904 2939 2194 3000 praesens.
2223 2953 2305 2966 —
2327 2919 2568 2993 Quaeret
2594 2934 2741 2978 vero
2768 2915 2992 2994 aliquis
3026 2931 3314 2993 quoenam
3352 2911 3479 2970 sint

1913 3013 2218 3073 censenda
2259 3011 2539 3072 membra
2577 3007 3038 3070 communitatis
3063 3010 3370 3085 quantum
3398 3001 3477 3063 ad

1910 3124 2178 3186 praesens
2210 3111 2464 3185 spectat.
2499 3102 2948 3182 Raepondetur,
2983 3101 3052 3161 in
3079 3098 3353 3178 generali
3386 3096 3479 3157 10-

1910 3199 2156 3278 quendo
2171 3243 2192 3274 ,
2254 3200 2412 3260 sicut
2461 3199 2530 3258 111
2574 3195 2844 3257 naturali
2902 3210 3150 3273 corpore
3208 3190 3477 3252 actualia

1913 3292 2191 3352 membra
2240 3291 2698 3352 constituuntur
2736 3306 2849 3366 per
2877 3288 3175 3347 unionem
3224 3302 3477 3363 propor-

1915 3384 2218 3444 tionatam
2236 3384 2347 3444 tali
2369 3381 2634 3460 corpori,
2653 3399 2778 3459 qua
2808 3381 3120 3441 mediante
3142 3377 3478 3457 subjiciun-

1912 3483 2018 3537 tur
2044 3477 2300 3537 motioni
2334 3476 2522 3535 totius
2547 3475 2839 3554 corporis,
2869 3475 2959 3534 ita
2996 3475 3064 3534 in
3092 3490 3347 3551 corpore
3371 3489 3478 3550 po-

1913 3569 2084 3630 litico
2110 3570 2390 3631 membra
2406 3569 2692 3629 constitui
2725 3586 2835 3646 per
2854 3567 3154 3628 moralem
3189 3567 3480 3643 conjunc-

1914 3663 2150 3724 tionem
2178 3708 2199 3737 ,
2251 3680 2391 3742 quae
2440 3679 2569 3722 non
2618 3666 2712 3721 est
2760 3660 3036 3739 ejusdem
3096 3658 3352 3720 rationis
3412 3657 3481 3717 in

1916 3755 2206 3816 omnibus
2217 3754 2785 3829 communitatibus»,
2808 3754 2913 3814 sed
2924 3770 3066 3814 cum
3084 3750 3480 3831 proportione

1917 3848 2219 3910 sumenda
2265 3854 2359 3909 est
2397 3863 2413 3908 :
2466 3865 2615 3908 nam
2653 3847 2722 3906 in
2749 3846 2915 3908 civili
2949 3844 3289 3925 republica,
3319 3849 3482 3922 post·

1919 3960 2110 4021 quam
2138 3942 2328 4002 semel
2353 3942 2686 4002 constituta
2713 3945 2825 4015 est,
2846 3939 3158 4001 ordinarie
3186 3937 3482 3999 constitui

1920 4033 2120 4094 solent
2150 4033 2429 4094 membra
2459 4050 2571 4110 per
2590 4031 2937 4092 naturalem
2978 4031 3307 4109 originem,
3339 4029 3384 4089 l.
3418 4032 3478 4104 1,

1920 4124 1988 4185 ff.
2020 4125 2100 4186 ad
2128 4124 2447 4202 Municip.,
2473 4124 2597 4184 etl.
2627 4124 2822 4198 Cives,
2847 4124 2914 4183 C.
2939 4122 3016 4183 de
3043 4121 3285 4196 11180118,
3307 4122 3354 4182 1.
3379 4122 3478 4183 10.

1920 4217 1987 4276 ln
2005 4215 2273 4276 Ecclesia
2284 4232 2431 4276 vero
2448 4214 2787 4276 universali
2810 4215 3270 4274 constituuntur
3288 4232 3486 4275 mem-

1919 4309 2034 4370 bra
2070 4327 2180 4388 per
2205 4309 2589 4388 spiritualem
2625 4309 2955 4386 originem,
2991 4325 3213 4388 nempe
3251 4309 3484 4388 Baptis-

1921 4420 2099 4463 mum
2133 4418 2152 4478 ;
2193 4402 2261 4462 in
2306 4402 2663 4482 particulari
2710 4419 2857 4463 vero
2896 4419 3007 4482 per
3048 4402 3481 4478 mutationem,

1921 4497 2021 4557 vel
2041 4496 2510 4574 acquisitionem
2538 4496 2858 4572 domicilii,
2883 4502 3251 4574 argumento
3280 4515 3413 4575 cap.
3448 4500 3485 4559 3

1924 4589 2001 4649 de
2030 4590 2319 4667 Tempor.
2340 4589 2543 4650 ordin.
2574 4590 2643 4649 in
2670 4592 2733 4665 6,
2759 4595 2822 4650 et
2847 4590 3115 4650 sumitur
3139 4606 3217 4649 81
3244 4589 3286 4651 1.
3316 4592 3374 4665 1,
3407 4589 3484 4650 de

1922 4680 2107 4742 Incol.
2135 4681 2206 4741 In
2231 4681 2369 4742 aliis
2389 4700 2537 4743 vero
2549 4682 2914 4762 specialibus
2940 4682 3486 4743 communitatibus

1922 4773 2122 4834 solent
2149 4776 2441 4835 constitui
2474 4775 2755 4837 membra
2783 4793 2893 4854 per
2926 4774 3253 4855 specialem
3279 4791 3486 4853 recep-

1924 4866 2179 4940 tionem,
2213 4883 2322 4927 seu
2341 4868 2825 4947 acceptationem
2844 4868 2911 4928 in
2934 4867 3257 4945 collegam,
3288 4874 3349 4926 et
3376 4884 3488 4945 per

1921 4959 2197 5038 aliquam
2242 4961 2736 5039 promissionem,
2786 4959 2886 5021 vel
2913 4961 3368 5038 juramentum,
3416 4964 3489 5018 ut

1922 5058 2162 5113 constat
2187 5053 2254 5113 in
2281 5052 2809 5131 universitatibus,
2851 5051 3146 5129 collegiis,
3177 5050 3486 5130 capitulis,

1923 5146 2350 5224 religionibus,
2380 5153 2444 5208 et
2473 5146 2781 5208 similibus
2814 5161 2830 5206 z
2861 5144 2993 5205 haec
3024 5150 3233 5205 autem
3260 5144 3489 5206 intelli-

1925 5239 2130 5316 genda
2172 5245 2318 5299 sunt
2363 5238 2440 5299 de
2492 5238 2723 5298 unione
2776 5242 2839 5297 et
2892 5236 3271 5314 subjectione
3310 5236 3488 5316 quasi

1924 5336 2363 5409 permanente;
2393 5348 2541 5391 nam
2579 5334 2971 5390 transeunter
3004 5329 3102 5411 (ut
3128 5330 3216 5390 sic
3242 5330 3488 5405 dicam)

1927 5428 2181 5500 possunt
2206 5422 2341 5483 dari
2375 5422 2482 5483 alii
2510 5422 2679 5483 modi
2719 5420 3128 5485 contrahendi
3156 5422 3489 5509 subJ’ectio·

1924 5532 2094 5592 nem,
2122 5521 2193 5577 ut
2209 5516 2468 5579 inferius
2498 5514 2925 5598 explicabitur.
