3976 6219
898 390 1034 443 mr.
1068 390 1245 443 XXVI.
1278 391 1363 444 AN
1394 391 1478 444 Ex
1511 390 1731 446 vmms
1763 391 1942 446 LEGIS
1975 391 2363 446 COLLIGATUR
2395 393 2741 459 OBLIGATIO,
2775 395 2912 447 E‘rc.

293 494 506 574 aliqua
552 491 895 571 complexa,
939 497 1051 554 aut
1097 492 1291 555 verbo
1338 494 1599 575 simplici
1646 495 1861 575 proeci-

293 586 527 670 piendi.
565 586 651 646 De
680 591 943 665 utroque
971 585 1156 647 modo
1183 585 1451 649 breviter
1475 587 1773 649 dicemus.

371 683 432 742 2.
480 679 655 741 Circa
681 678 980 758 primum,
1013 679 1250 740 clarum
1283 687 1374 743 est
1403 698 1579 761 posse
1614 680 1863 759 legisla-

293 778 456 835 tores
492 771 804 833 humanos
839 770 1148 851 explicare
1175 772 1243 833 in
1280 791 1393 835 sua
1430 773 1567 852 lege
1600 791 1665 835 se
1698 772 1860 836 velle

294 866 569 947 obligare
589 866 706 926 sub
733 872 910 928 reatu
937 884 1136 947 poenae
1158 873 1426 944 aeternae,
1471 873 1543 928 ut
1571 866 1645 929 fit
1669 868 1861 929 inter-

293 959 446 1021 dum
477 960 546 1021 in
573 958 995 1022 ecclesiasticis
1031 958 1293 1039 legibus,
1330 967 1400 1022 ut
1433 960 1598 1022 infra
1622 960 1860 1024 videbi-

296 1070 437 1113 mus
457 1068 478 1130 3
525 1052 593 1112 in
621 1051 904 1114 civilibus
937 1057 1145 1114 autem
1170 1051 1290 1114 hoc
1327 1072 1456 1116 non
1497 1058 1590 1115 est
1617 1053 1686 1115 in
1713 1071 1854 1129 usu,

293 1146 441 1225 quia
466 1163 596 1207 non
620 1150 851 1226 spectat
881 1146 962 1207 ad
1002 1146 1368 1225 temporales
1397 1146 1705 1226 principes
1736 1145 1856 1207 dis-

293 1256 545 1301 cernere
588 1238 755 1300 inter
798 1244 1118 1318 peccatum
1164 1239 1424 1301 mortale
1467 1246 1531 1301 et
1569 1238 1853 1320 veniale3

291 1331 460 1393 unde
507 1330 589 1392 ad
635 1348 950 1393 summum
995 1331 1195 1393 solent
1237 1331 1544 1412 explicare
1586 1351 1652 1395 se
1697 1332 1858 1394 velle

294 1421 572 1501 obligare
588 1428 894 1502 quantum
916 1429 1194 1504 possunt.
1216 1424 1317 1484 vel
1333 1424 1648 1486 interdum
1667 1424 1855 1486 etiam

296 1514 613 1576 declarant
639 1515 961 1576 christiani
983 1516 1292 1596 principes
1310 1534 1375 1578 se
1397 1517 1553 1579 velle
1573 1517 1852 1596 obligare

297 1607 367 1667 in
406 1608 801 1669 conscientia.
850 1608 994 1669 Haec
1033 1614 1243 1671 tamen
1285 1615 1348 1670 et
1396 1609 1623 1671 similia
1662 1610 1857 1671 verba

296 1700 614 1779 generalia
636 1705 803 1777 sunt,
845 1707 907 1762 et
938 1720 1014 1762 ex
1041 1707 1216 1781 parte
1243 1721 1356 1764 sua
1383 1722 1513 1766 non
1544 1702 1858 1767 declarant

296 1792 738 1872 obligationem
765 1811 894 1854 esse
917 1812 1171 1873 gravem
1197 1795 1496 1871 absolute,
1520 1795 1629 1858 sed
1652 1794 1857 1858 solum

294 1886 474 1965 quasi
515 1887 630 1947 sub
675 1885 1026 1949 conditione
1051 1933 1072 1964 ,
1120 1888 1175 1949 si
1208 1888 1472 1951 materia
1511 1890 1593 1951 sit
1637 1904 1852 1968 capax,

292 1976 555 2058 ideoque
582 1980 803 2041 modus
822 1985 885 2040 et
902 1981 1173 2059 gravitas
1195 1980 1590 2061 obligationis
1608 1999 1687 2041 ex
1705 1998 1856 2060 qua-

284 2067 460 2130 litate
495 2071 774 2133 materias
808 2071 1211 2134 determinari
1249 2073 1453 2138 debet.
1494 2072 1708 2136 Solent
1746 2091 1859 2135 au-

288 2166 420 2224 tem
459 2162 527 2222 in
566 2161 810 2241 legibus
846 2164 1140 2226 humanis
1179 2166 1320 2228 addi
1347 2167 1858 2228 comminationes

291 2271 616 2335 poenarum
637 2298 659 2330 ,
707 2272 880 2335 quae,
921 2257 973 2317 si
1001 2257 1348 2336 spirituales
1376 2260 1531 2333 sint,
1582 2259 1858 2322 indicare

295 2348 493 2409 solent
510 2347 766 2410 modum
784 2347 1181 2427 obligationis
1198 2348 1353 2428 legis
1372 2350 1854 2425 inconscientia,

297 2439 406 2502 sed
431 2439 552 2501 illoe
579 2445 725 2500 sunt
749 2440 1013 2520 propriae
1039 2440 1593 2504 ecclesiasticarum
1620 2443 1853 2519 legum,

299 2533 376 2595 de
416 2532 640 2612 quibus
670 2533 827 2594 libro
864 2534 1147 2613 sequenti
1185 2534 1481 2596 dicemus.
1532 2534 1685 2595 Aliae
1710 2538 1861 2595 'sunt

294 2626 664 2705 temporales
678 2671 700 2702 ,
742 2625 843 2688 vel
869 2625 1215 2708 corporales
1243 2645 1444 2708 poenae
1463 2672 1485 2703 ,
1530 2626 1607 2688 de
1633 2625 1858 2706 quibus

293 2717 397 2779 hic
417 2718 749 2780 dicendum
775 2726 892 2795 est,
924 2720 1074 2800 quia
1103 2719 1171 2780 in
1198 2720 1674 2800 quibuscunque
1700 2717 1855 2799 legi-

211 2841 221 2848 -
293 2809 411 2871 bus
436 2810 731 2874 humanis
756 2811 905 2875 addi
936 2818 1218 2893 possunt,
1245 2813 1590 2892 praesertim
1611 2829 1761 2876 vero
1788 2812 1859 2874 in

376 2997 435 3058 3.
481 2996 859 3075 Proponitwr
900 2998 1195 3060 sententia
1237 2997 1543 3068 Navarn‘,
1575 3003 1630 3060 et
1648 2998 1864 3077 rejici-

298 3088 690 3152 twre-Multi
709 3106 857 3167 ergo
874 3093 1126 3152 censent
1149 3088 1339 3169 hujus
1359 3106 1558 3169 poenae
1575 3089 1867 3168 adjectio-

297 3199 444 3244 nem
477 3199 604 3243 non
630 3180 832 3244 solum
860 3199 988 3244 non
1028 3199 1160 3244 esse
1200 3182 1452 3261 signum
1479 3184 1686 3261 gravis
1711 3182 1868 3244 obli-

298 3273 569 3354 gationis
587 3273 765 3353 hgis,
790 3291 1011 3336 verum
1022 3273 1229 3354 potius
1246 3292 1379 3338 esse
1402 3273 1866 3353 signumlegem

297 3386 422 3429 non
466 3366 743 3445 obligare
769 3367 837 3427 in
863 3365 1001 3429 foro
1040 3367 1451 3443 conscientiae,
1482 3367 1589 3429 sed
1617 3373 1864 3429 tantum

298 3459 366 3522 ιιι
404 3459 542 3522 foro
584 3464 842 3522 externo
884 3458 964 3520 ad
1004 3458 1196 3521 talem
1232 3477 1503 3539 poenam.
1546 3460 1637 3521 lta
1676 3459 1867 3522 sentit

299 3552 521 3615 Navar.
552 3551 718 3614 dicto
743 3570 800 3614 c.
831 3553 936 3628 23,
968 3570 1032 3614 n.
1065 3553 1169 3629 55,
1203 3569 1344 3614 cum
1372 3551 1531 3615 aliis.
1556 3553 1688 3630 Ego
1714 3568 1863 3614 vero

299 3663 440 3708 cum
465 3644 782 3709 communi
807 3644 1134 3722 sententia,
1154 3662 1343 3725 quam
1370 3644 1537 3707 infra
1560 3643 1859 3721 tractabo,

299 3755 578 3819 suppono
604 3737 1011 3817 adjectionem
1050 3755 1250 3817 poenoe
1285 3738 1474 3801 etiam
1506 3737 1864 3817 temporalis

299 3830 399 3895 vel
456 3829 788 3910 corporalis
839 3847 968 3893 non
1016 3847 1148 3892 esse
1190 3830 1441 3908 signum
1493 3830 1649 3909 legis
1705 3848 1864 3911 pure

298 3923 581 4004 poenalis,
614 3922 739 3987 nisi
781 3923 851 3984 in
884 3922 1149 4004 ipsamet
1188 3922 1328 4002 lege
1352 3922 1730 3985 sufficienter
1753 3941 1865 3986 ex-

298 4016 584 4095 plicetur,
613 4015 715 4077 vel
740 4014 991 4077 aliunde
1037 4015 1186 4076 satis
1225 4021 1483 4090 constet,
1524 4016 1693 4094 quia,
1735 4033 1866 4077 non

299 4109 583 4172 obstante
612 4108 1091 4187 transgressione
1125 4107 1281 4185 legis
1309 4107 1379 4168 in
1400 4107 1776 4169 conscientia
1803 4112 1867 4176 et

298 4220 484 4284 poena
510 4201 602 4265 illi
621 4201 1030 4282 respondente
1056 4200 1223 4281 apud
1249 4201 1466 4276 Deum,
1491 4201 1655 4280 juste
1682 4200 1866 4305 legis—

301 4296 462 4358 lator
480 4294 792 4358 humanus
819 4294 1033 4373 adjicit
1054 4311 1302 4374 poenam
1325 4311 1437 4374 per
1461 4292 1786 4358 homines
1768 4310 1865 4354 ιιι-

299 4388 660 4468 fligendam.
695 4389 773 4450 Et
806 4387 948 4449 ideo
989 4387 1041 4448 si
1080 4386 1182 4450 lex
1206 4386 1485 4451 absolute
1524 4386 1862 4467 pmcipiat,

299 4482 443 4545 licet
467 4481 716 4560 adjiciat
738 4497 988 4561 poenam
1004 4479 1430 4561 temporalem,
1460 4478 1868 4542 nihilominus

300 4575 368 4637 in
386 4574 760 4637 conscientia
790 4572 1044 4651 obligat.

377 4670 440 4731 4.
489 4666 826 4732 Conclusio.
849 4696 934 4714 -
958 4666 1088 4729 Hoc
1108 4683 1262 4745 ergo
1288 4665 1625 4746 supposito,
1657 4665 1867 4727 dicen-

300 4763 456 4824 dum
513 4767 607 4826 est
654 4760 1026 4840 gravitatem
1064 4776 1263 4840 poenae
1307 4778 1418 4841 per
1455 4778 1520 4824 se
1559 4759 1869 4839 loquendo

302 4872 605 4934 magnum
653 4855 901 4933 signum
960 4870 1089 4916 esse
1128 4853 1447 4933 gravitatis
1473 4852 1749 4915 materiae
1790 4851 1869 4914 de

299 4966 427 5028 qua
447 4946 549 5008 lex
579 4944 800 5022 fertur,
821 4952 884 5008 et
904 4946 1110 5025 gravis
1141 4945 1534 5026 obligationis
1556 4963 1708 5024 ejus.
1746 4945 1868 5007 Ra·

301 5039 390 5100 tio
428 5044 542 5114 est,
580 5038 730 5118 quia
768 5038 971 5118 gravis
989 5055 1175 5118 poena
1199 5056 1328 5100 non
1354 5038 1697 5117 imponitur
1718 5055 1868 5118 pru·

300 5131 519 5195 denter
560 5132 686 5193 nisi
728 5149 843 5213 pro
885 5150 957 5195 re
988 5132 1209 5212 gravi:
1234 5132 1627 5212 praesumitur
1656 5137 1867 5193 autem

299 5223 616 5303 legislator
668 5223 1005 5305 prudenter
1055 5224 1323 5302 adjicere
1350 5241 1633 5303 posnam3
1692 5241 1864 5301 ergo.

300 5316 477 5377 Unde
504 5322 668 5378 recte
691 5316 901 5378 docuit
927 5316 1090 5378 Scot.
1126 5316 1193 5377 in
1224 5318 1266 5380 4
1296 5315 1360 5377 d.
1395 5320 1458 5392 4,
1488 5334 1551 5395 q.
1587 5317 1649 5391 6,
1679 5332 1870 5395 prope

299 5408 491 5471 finem
510 5453 532 5485 ,
584 5409 825 5488 quoties
864 5407 966 5470 lex
1007 5414 1184 5470 vetus
1225 5408 1719 5469 comminabatur
1750 5407 1872 5468 illis

300 5502 544 5564 verbis:
602 5503 843 5567 Peribit
880 5503 1090 5565 anima
1142 5502 1259 5565 illa
1296 5502 1364 5564 de
1394 5501 1614 5581 populo
1643 5519 1775 5575 suo,
1802 5499 1871 5561 id

3382 393 3503 455 275

1941 501 2055 571 cst,
2092 497 2334 575 quoties
2360 515 2610 576 poenam
2646 499 2865 558 mortis
2905 496 3261 576 imponebat
3305 503 3505 560 trans-

1940 588 2324 666 gressoribus
2350 590 2609 668 alicujus
2645 590 2822 668 legis,
2854 591 3177 652 materiam
3204 590 3371 652 illius
3409 591 3505 653 le-

1942 681 2037 760 gis
2083 681 2270 743 fuisse
2325 701 2602 761 gravem,
2656 688 2722 743 et
2765 683 2843 744 de
2890 701 2954 744 se
2993 682 3399 744 sufficientem
3427 683 3504 745 ad

1941 783 2262 855 peccatum
2280 775 2565 837 mortale.
2588 775 2700 838 Cui
2722 782 3016 837 consonat
3053 776 3358 839 sententia
3380 775 3500 838 Au-

1940 868 2178 948 gustini
2204 868 2249 929 l.
2280 871 2320 929 Ξ
2342 869 2420 930 de
2445 870 2651 948 Bapt„
2672 886 2727 929 c.
2756 870 2831 929 6:
2871 868 3233 950 Afferamue
3259 870 3507 951 (inquit)

1941 962 2213 1024 divinam
2255 967 2546 1024 stateram
2574 962 2642 1024 de
2670 955 3024 1039 Ser-iptms
3049 963 3300 1038 sanetis,
3342 977 3399 1025 ee
3440 964 3510 1025 in

1938 1055 2058 1117 illa
2098 1055 2249 1134 quid
2282 1054 2369 1117 eit
2394 1055 2650 1133 ,ararim
2676 1055 3077 1134 appendamus
3106 1079 3130 1115 .·
3179 1061 3244 1116 et
3296 1054 3500 1116 infra:

1942 1148 2228 1227 ,Tempore
2270 1147 2403 1224 illo,
2440 1165 2553 1228 qao
2587 1147 2887 1210 Dominus
2907 1148 3123 1226 priora
3159 1149 3373 1211 delicta
3413 1167 3504 1212 re-

1937 1242 2202 1304 centibus
2208 1258 2525 1320 pomarum
2540 1240 2825 1320 exemplis
2843 1242 3099 1303 cavenda
3119 1242 3500 1316 monstravit,

1939 1338 1996 1396 et
2037 1334 2265 1396 idolaem
2310 1333 2705 1411 fabricatam,
2743 1337 2920 1416 atqve
2958 1334 3275 1397 adoratum
3290 1363 3293 1367 *
3310 1339 3419 1410 eet,
3450 1339 3508 1396 et

1932 1427 2318 1505 propheticae
2337 1426 2493 1489 liber
2520 1427 2623 1488 ira
2663 1425 2831 1504 reaia
2864 1426 3284 1504 contemtoris
3308 1427 3506 1490 ineen-

1934 1536 2061 1591 m,
2093 1524 2151 1582 et
2173 1519 2437 1582 schisma
2451 1524 2776 1582 tutatum.-
2795 1518 3145 1581 idololatria
3164 1520 3368 1597 eladio
3388 1538 3503 1598 pa-

1934 1611 2071 1673 nita
2083 1614 2193 1685 eet,
2216 1611 2448 1673 metio
2476 1611 2648 1684 libri,
2671 1610 2882 1673 bellica
2900 1611 3073 1685 ccede,
3103 1615 3159 1673 et
3178 1614 3504 1691 pereae-ina

1937 1703 2311 1781 captivitate,
2341 1703 2610 1766 schisma
2639 1703 2818 1764 hiatu
2841 1708 3045 1777 terroe,
3081 1704 3332 1782 sepultis
3359 1721 3505 1767 aue-

1938 1795 2172 1858 toribus
2191 1796 2350 1858 vivis
2376 1801 2432 1857 et
2455 1796 2687 1858 eoeteeie
2707 1794 2926 1859 ealesti
2953 1794 3094 1873 iane
3113 1798 3498 1875 consumptis.

1948 1884 2101 1959 Quis
2118 1885 2261 1964 ⁸iam
2286 1886 2652 1950 dubitaverit
2683 1887 2790 1949 hoe
2814 1903 2935 1949 esee
2971 1886 3319 1950 sceleratius
3349 1904 3503 1952 eom-

1936 1978 2214 2053 mimmn
2243 1979 2403 2057 quod
2425 1984 2514 2043 est
2547 1980 2802 2058 uraniae
2834 1980 3225 2043 vindicatum.
3256 1981 3329 2042 In
3379 1986 3503 2043 sta-

1937 2073 2075 2131 tera
2124 2086 2273 2148 ergo
2301 2069 2514 2132 divina
2544 2068 2780 2147 colligit
2807 2069 3190 2150 Augustinus
3235 2073 3504 2150 gravita-

1938 2166 2068 2222 tem
2109 2161 2318 2224 delicti
2366 2180 2444 2223 ex
2479 2162 2787 2239 gravitate
2829 2179 3054 2242 poenae,
3105 2180 3236 2225 non
3262 2169 3506 2225 tantum

1938 2253 2084 2313 vitoe
2122 2252 2372 2330 futurae,
2403 2254 2509 2315 sed
2538 2254 2729 2315 etiam
2750 2254 3106 2333 praesentis3
3139 2273 3289 2334 ergo
3318 2256 3506 2316 etiam

1938 2345 2008 2405 in
2025 2351 2252 2408 statera
2277 2347 2431 2425 legis
2450 2346 2743 2408 humanas
2755 2391 2776 2421 ,
2798 2365 2936 2426 quae
2962 2347 3288 2410 debetesse
3305 2347 3509 2427 quoad

1939 2436 2076 2500 fieri
2107 2440 2320 2518 possit,
2353 2440 2689 2500 conformis
2713 2439 2944 2500 rationi
2987 2439 3235 2513 divinae,
3262 2458 3340 2501 ex
3359 2459 3507 2519 gra-

1937 2532 2129 2592 vitate
2156 2550 2354 2612 poenoe
2381 2538 2546 2594 recte
2563 2531 2873 2610 colligitur
2886 2533 3156 2611 gravitas
3174 2538 3510 2613 transgres-

1937 2625 2131 2687 sionis
2172 2624 2352 2703 legiS,
2393 2630 2457 2685 et
2506 2629 2950 2703 consequenter
2993 2625 3183 2688 etiam
3238 2628 3509 2705 gravitas

1937 2718 2216 2780 materiai
2235 2717 2313 2779 de
2340 2735 2406 2778 se
2427 2716 2783 2779 sufficientis
2801 2716 2883 2778 ad
2900 2717 3227 2782 mortalem
3234 2719 3504 2799 culpam.

1938 2812 2037 2888 Et,
2075 2810 2362 2890 quamvis
2399 2828 2529 2872 non
2573 2827 2817 2890 semper
2842 2810 3092 2888 gravior
3130 2811 3314 2892 culpa
3341 2813 3509 2892 apud

1940 2905 2136 2965 Deum
2179 2902 2476 2983 puniatur
2531 2903 2800 2983 graviori
2858 2921 3044 2983 poena
3096 2904 3284 2983 hujus
3321 2905 3465 2966 vitae
3483 2949 3506 2981 ,

1944 2996 2217 3059 maxime
2254 3013 2366 3075 per
2412 2996 2648 3074 judices
2704 2995 3037 3072 humanos,
3078 2996 3505 3074 nihilominus,

1946 3087 2197 3170 quando
2222 3087 2326 3151 lex
2355 3087 2554 3151 civilis
2571 3088 2838 3168 imponit
2857 3089 3205 3168 graviorem
3232 3107 3505 3171 poenam,

1946 3182 2200 3261 signum
2217 3188 2310 3247 est
2331 3182 2659 3245 materiam
2674 3181 2814 3244 talis
2825 3181 2981 3261 legis
2996 3183 3289 3245 humanae
3300 3189 3366 3245 et
3377 3201 3511 3244 cus·

1945 3276 2181 3339 todiam
2212 3277 2349 3355 ejus
2380 3292 2510 3338 esse
2547 3276 2746 3355 magis
2775 3275 3181 3339 necessariam
3206 3275 3287 3335 ad
3318 3274 3510 3339 finem

1943 3369 2102 3447 legis
2123 3373 2187 3429 et
2208 3367 2523 3447 potestatis
2540 3365 2761 3443 civilis,
2791 3383 2980 3446 quam
3006 3367 3088 3428 sit
3112 3366 3235 3428 alia
3253 3368 3512 3429 materia

1943 3461 2097 3523 alias
2122 3459 2460 3536 honestior,
2487 3459 2589 3521 vel
2610 3458 3002 3523 excellentior
3019 3458 3185 3538 apud
3202 3460 3432 3538 Deum3
3448 3466 3511 3521 et

1943 3555 2031 3614 ita
2062 3554 2130 3614 in
2162 3552 2381 3616 ordine
2414 3552 2494 3615 ad
2533 3533 2977 3631 obligationem
3008 3550 3164 3631 legis
3192 3551 3507 3628 humanae,

1943 3663 2185 3751 semper
2197 3645 2351 3709 illud
2363 3650 2456 3711 est
2472 3646 2779 3725 optimum
2791 3645 3047 3724 signum
3066 3646 3340 3707 materiae
3362 3647 3510 3707 satis

1943 3738 2180 3818 gravis,
2237 3743 2301 3799 et
2339 3737 2719 3801 sufficientis
2740 3738 2820 3801 ad
2858 3737 3106 3818 culpam
3140 3737 3468 3801 mortalem
3485 3784 3505 3814 ‚

1942 3830 2193 3912 quando
2222 3830 2376 3892 alias
2400 3848 2476 3893 ex
2502 3838 2720 3893 tenore
2743 3830 2899 3910 legis
2939 3836 3180 3895 constat
3222 3849 3351 3893 non
3378 3849 3508 3893 esse

1943 3942 2098 4005 pure
2121 3922 2429 4003 poenalem
2453 3938 2475 3999 3
2503 3929 2567 3984 et
2590 3924 2681 3987 ita
2705 3923 2929 3985 docent
2952 3923 3300 3986 Summistae
3332 3923 3504 3987 verb.

1942 4017 2162 4093 Poma,
2191 4021 2255 4078 et
2280 4016 2496 4078 Covar.
2544 4016 2613 4075 ιιι
2639 4031 2774 4092 reg.
2810 4016 3150 4091 Peccatum,
3180 4017 3221 4077 2
3255 4035 3346 4095 p.‚
3380 4015 3505 4096 ἐῢ,

1943 4127 2011 4171 ιι.
2043 4111 2103 4184 3,
2129 4109 2200 4172 ιιι
2224 4107 2385 4184 fine;
2425 4111 2490 4167 et
2517 4106 2748 4169 Medin.
2796 4107 2960 4168 dicta
2987 4113 3206 4187 quoest.
3241 4109 3277 4168 7
3306 4109 3384 4169 de
3407 4110 3509 4171 Je-

1937 4201 2156 4281 junio;
2199 4206 2268 4264 at
2300 4199 2518 4265 Armil.
2558 4197 2734 4263 verb.
2778 4200 3177 4279 Proeceptum,
3225 4218 3292 4261 ιι.
3341 4203 3402 4277 6,
3449 4207 3512 4263 et

1942 4293 2115 4359 verb.
2148 4294 2387 4371 Lean.
2417 4291 2914 4368 43ctGastro,l.
2948 4295 2977 4353 1
3010 4291 3088 4356 ds
3130 4293 3276 4372 Leg.
3311 4312 3507 4374 poen„

1944 4405 2078 4467 cap.
2124 4389 2185 4462 5,
2214 4386 2465 4450 docum.
2503 4387 2567 4450 4.

2027 4481 2088 4543 ὃ.
2131 4480 2401 4544 Dubiam
2417 4483 2476 4542 et
2494 4478 2658 4543 ratio
2678 4477 3275 4545 dubitanda-circa
3295 4497 3486 4543 secun
3499 4512 3513 4526 ·

1946 4573 2100 4637 dum
2124 4576 2424 4653 punctum
2456 4572 2535 4634 de
2570 4569 2777 4635 verbis
2802 4570 3206 4652 simplicibus,
3240 4570 3511 4635 dubitari

1944 4671 2146 4746 potest
2174 4683 2258 4726 an
2286 4665 2366 4726 sit
2390 4663 2642 4744 aliquod
2684 4663 2948 4745 simplex
2987 4663 3248 4731 verbum
3301 4664 3513 4744 praeci-

1945 4759 2157 4840 piendi
2202 4776 2311 4820 seu
2345 4756 2588 4819 ferendi
2621 4756 2826 4836 legem
2843 4801 2866 4833 ,
2907 4775 3032 4835 quo
3058 4756 3191 4818 haec
3216 4755 3512 4835 obligatio

1948 4852 2064 4915 sub
2107 4850 2354 4917 mortali
2400 4850 2778 4915 sufficienter
2805 4849 3208 4928 significetur.
3239 4851 3317 4911 Et
3353 4848 3513 4910 ratio

1944 4943 2272 5007 dubitandi
2320 4944 2588 5007 sumitur
2648 4961 2726 5009 ex
2785 4943 3083 5007 Clement.
3133 4943 3334 5009 Est-ivi
3353 4985 3376 5018 ,
3435 4940 3513 5002 de

1951 5036 2135 5103 verb.
2161 5035 2460 5116 signific„
2491 5041 2555 5101 et
2581 5054 2638 5097 c.
2667 5036 2879 5112 Exiit,
2910 5036 3048 5098 eod.
3071 5035 3169 5097 tit.
3200 5035 3269 5098 in
3287 5035 3350 5111 6,
3377 5034 3510 5110 ubi,

1945 5148 2025 5192 ex
2054 5129 2175 5193 hoc
2201 5129 2362 5209 quod
2393 5129 2494 5194 lex
2522 5128 2722 5190 fertur
2765 5146 2877 5207 per
2914 5126 3175 5189 verbum
3214 5127 3515 5207 Praecipi-

1947 5240 2083 5285 mue
2126 5220 2227 5282 vel
2253 5219 2653 5300 aequivalens,
2690 5220 3008 5299 colligitur
3034 5218 3330 5297 obligatio
3358 5218 3514 5297 legis

1947 5312 2063 5375 sub
2090 5312 2370 5375 mortali:
2396 5313 2561 5373 unde
2583 5312 2765 5374 multi
2783 5312 3061 5374 sentiunt
3075 5312 3336 5375 verbum
3359 5329 3514 5392 prae-

1948 5407 2217 5489 cipiendi
2245 5406 2343 5468 vel
2378 5406 2755 5485 aequivalens
2781 5407 3057 5470 sufficere
3083 5407 3161 5469 ad
3189 5406 3514 5484 obligatio-

1951 5517 2098 5561 nem
2129 5498 2283 5579 legis
2300 5497 2414 5561 sub
2443 5498 2689 5562 mortali
2714 5499 2916 5582 culpa.
2949 5501 3042 5563 lta
3066 5502 3212 5564 Soto
3242 5498 3353 5561 lib.
3379 5501 3411 5560 1
3434 5499 3512 5559 de
