<?xml version="1.0" encoding="UTF-8"?>
<!DOCTYPE html PUBLIC "-//W3C//DTD XHTML 1.0 Transitional//EN"
    "http://www.w3.org/TR/xhtml1/DTD/xhtml1-transitional.dtd">
<html xmlns="http://www.w3.org/1999/xhtml" xml:lang="en" lang="en">
 <head>
  <title>
</title>
<meta http-equiv="Content-Type" content="text/html;charset=utf-8" />
  <meta name='ocr-system' content='tesseract 3.04.00' />
  <meta name='ocr-capabilities' content='ocr_page ocr_carea ocr_par ocr_line ocrx_word'/>
</head>
<body>
  <div class='ocr_page' id='page_1' title='image "./rpfranciscisuar02duvagoog_0432.png"; bbox 0 0 3976 6219; ppageno 0'>
   <div class='ocr_carea' id='block_1_1' title="bbox 425 508 2010 5620">
    <p class='ocr_par' dir='ltr' id='par_1_1' title="bbox 431 508 2010 1798">
     <span class='ocr_line' id='line_1_1' title="bbox 439 508 2010 588; baseline -0.006 -10"><span class='ocrx_word' id='word_1_1' title='bbox 439 515 845 578; x_wconf 85' lang='lat' dir='ltr'><strong>munitatum.</strong></span> <span class='ocrx_word' id='word_1_2' title='bbox 874 510 1007 572; x_wconf 87' lang='lat' dir='ltr'><strong>Hoc</strong></span> <span class='ocrx_word' id='word_1_3' title='bbox 1033 510 1225 572; x_wconf 87' lang='lat' dir='ltr'><strong>etiam</strong></span> <span class='ocrx_word' id='word_1_4' title='bbox 1250 509 1438 571; x_wconf 89' lang='lat' dir='ltr'><strong>modo</strong></span> <span class='ocrx_word' id='word_1_5' title='bbox 1476 508 1838 570; x_wconf 86' lang='lat' dir='ltr'><strong>dividuntur</strong></span> <span class='ocrx_word' id='word_1_6' title='bbox 1861 509 2010 588; x_wconf 89' lang='lat' dir='ltr'><strong>jura</strong></span> 
     </span>
     <span class='ocr_line' id='line_1_2' title="bbox 439 603 2008 684; baseline -0.004 -14"><span class='ocrx_word' id='word_1_7' title='bbox 439 615 548 670; x_wconf 87' lang='lat' dir='ltr'><strong>aut</strong></span> <span class='ocrx_word' id='word_1_8' title='bbox 579 607 747 684; x_wconf 88' lang='lat' dir='ltr'><strong>leges</strong></span> <span class='ocrx_word' id='word_1_9' title='bbox 791 622 910 684; x_wconf 88' lang='lat' dir='ltr'><strong>pro</strong></span> <span class='ocrx_word' id='word_1_10' title='bbox 952 603 1306 664; x_wconf 87' lang='lat' dir='ltr'><strong>diversitate</strong></span> <span class='ocrx_word' id='word_1_11' title='bbox 1346 620 1678 663; x_wconf 87' lang='lat' dir='ltr'><strong>munerum</strong></span> <span class='ocrx_word' id='word_1_12' title='bbox 1719 620 1826 664; x_wconf 93' lang='lat' dir='ltr'><strong>seu</strong></span> <span class='ocrx_word' id='word_1_13' title='bbox 1869 620 2008 681; x_wconf 87' lang='lat' dir='ltr'><strong>per-</strong></span> 
     </span>
     <span class='ocr_line' id='line_1_3' title="bbox 440 694 2008 775; baseline -0.004 -13"><span class='ocrx_word' id='word_1_14' title='bbox 440 716 732 763; x_wconf 88' lang='lat' dir='ltr'><strong>sonarum</strong></span> <span class='ocrx_word' id='word_1_15' title='bbox 757 695 1074 758; x_wconf 88' lang='lat' dir='ltr'><strong>communi</strong></span> <span class='ocrx_word' id='word_1_16' title='bbox 1095 695 1259 756; x_wconf 92' lang='lat' dir='ltr'><strong>bono</strong></span> <span class='ocrx_word' id='word_1_17' title='bbox 1282 695 1640 775; x_wconf 79' lang='lat' dir='ltr'><strong>reipublicae</strong></span> <span class='ocrx_word' id='word_1_18' title='bbox 1661 694 2008 755; x_wconf 88' lang='lat' dir='ltr'><strong>deservien-</strong></span> 
     </span>
     <span class='ocr_line' id='line_1_4' title="bbox 436 786 2008 868; baseline -0.006 -13"><span class='ocrx_word' id='word_1_19' title='bbox 436 794 621 868; x_wconf 87' lang='lat' dir='ltr'><strong>tium,</strong></span> <span class='ocrx_word' id='word_1_20' title='bbox 653 797 715 853; x_wconf 90' lang='lat' dir='ltr'><strong>et</strong></span> <span class='ocrx_word' id='word_1_21' title='bbox 753 790 840 851; x_wconf 89' lang='lat' dir='ltr'><strong>sic</strong></span> <span class='ocrx_word' id='word_1_22' title='bbox 879 790 1045 850; x_wconf 86' lang='lat' dir='ltr'><strong>intra</strong></span> <span class='ocrx_word' id='word_1_23' title='bbox 1089 789 1370 850; x_wconf 90' lang='lat' dir='ltr'><strong>eamdem</strong></span> <span class='ocrx_word' id='word_1_24' title='bbox 1409 786 1857 867; x_wconf 77' lang='lat' dir='ltr'><strong>rempublicam</strong></span> <span class='ocrx_word' id='word_1_25' title='bbox 1883 787 2008 847; x_wconf 90' lang='lat' dir='ltr'><strong>dis·</strong></span> 
     </span>
     <span class='ocr_line' id='line_1_5' title="bbox 437 879 2008 964; baseline -0.004 -18"><span class='ocrx_word' id='word_1_26' title='bbox 437 884 746 964; x_wconf 87' lang='lat' dir='ltr'><strong>tinguitur</strong></span> <span class='ocrx_word' id='word_1_27' title='bbox 799 883 905 962; x_wconf 87' lang='lat' dir='ltr'><strong>jus</strong></span> <span class='ocrx_word' id='word_1_28' title='bbox 958 881 1262 957; x_wconf 86' lang='lat' dir='ltr'><strong>militare,</strong></span> <span class='ocrx_word' id='word_1_29' title='bbox 1315 881 1479 960; x_wconf 89' lang='lat' dir='ltr'><strong>quod</strong></span> <span class='ocrx_word' id='word_1_30' title='bbox 1538 898 1651 960; x_wconf 93' lang='lat' dir='ltr'><strong>pro</strong></span> <span class='ocrx_word' id='word_1_31' title='bbox 1705 879 2008 940; x_wconf 85' lang='lat' dir='ltr'><strong>militibus</strong></span> 
     </span>
     <span class='ocr_line' id='line_1_6' title="bbox 438 972 2008 1058; baseline -0.005 -17"><span class='ocrx_word' id='word_1_32' title='bbox 438 977 786 1058; x_wconf 80' lang='lat' dir='ltr'><strong>specialiter</strong></span> <span class='ocrx_word' id='word_1_33' title='bbox 816 975 1167 1036; x_wconf 87' lang='lat' dir='ltr'><strong>institutum</strong></span> <span class='ocrx_word' id='word_1_34' title='bbox 1209 979 1321 1048; x_wconf 89' lang='lat' dir='ltr'><strong>est,</strong></span> <span class='ocrx_word' id='word_1_35' title='bbox 1348 974 1450 1053; x_wconf 86' lang='lat' dir='ltr'><strong>jus</strong></span> <span class='ocrx_word' id='word_1_36' title='bbox 1479 979 1901 1053; x_wconf 89' lang='lat' dir='ltr'><strong>patronorum,</strong></span> <span class='ocrx_word' id='word_1_37' title='bbox 1931 972 2008 1034; x_wconf 90' lang='lat' dir='ltr'><strong>li-</strong></span> 
     </span>
     <span class='ocr_line' id='line_1_7' title="bbox 437 1067 2010 1146; baseline -0.005 -12"><span class='ocrx_word' id='word_1_38' title='bbox 437 1072 778 1146; x_wconf 87' lang='lat' dir='ltr'><strong>bertorum,</strong></span> <span class='ocrx_word' id='word_1_39' title='bbox 824 1074 933 1130; x_wconf 89' lang='lat' dir='ltr'><strong>aut</strong></span> <span class='ocrx_word' id='word_1_40' title='bbox 963 1085 1302 1129; x_wconf 90' lang='lat' dir='ltr'><strong>servorum.</strong></span> <span class='ocrx_word' id='word_1_41' title='bbox 1355 1069 1510 1128; x_wconf 84' lang='lat' dir='ltr'><strong>Item</strong></span> <span class='ocrx_word' id='word_1_42' title='bbox 1544 1067 1650 1146; x_wconf 87' lang='lat' dir='ltr'><strong>jus</strong></span> <span class='ocrx_word' id='word_1_43' title='bbox 1682 1067 2010 1144; x_wconf 87' lang='lat' dir='ltr'><strong>magistra-</strong></span> 
     </span>
     <span class='ocr_line' id='line_1_8' title="bbox 438 1159 2003 1244; baseline -0.004 -17"><span class='ocrx_word' id='word_1_44' title='bbox 438 1177 641 1240; x_wconf 87' lang='lat' dir='ltr'><strong>tuum,</strong></span> <span class='ocrx_word' id='word_1_45' title='bbox 672 1163 839 1244; x_wconf 90' lang='lat' dir='ltr'><strong>quod</strong></span> <span class='ocrx_word' id='word_1_46' title='bbox 876 1161 1198 1242; x_wconf 88' lang='lat' dir='ltr'><strong>publicum</strong></span> <span class='ocrx_word' id='word_1_47' title='bbox 1227 1160 1418 1222; x_wconf 89' lang='lat' dir='ltr'><strong>etiam</strong></span> <span class='ocrx_word' id='word_1_48' title='bbox 1450 1159 1791 1220; x_wconf 76' lang='lat' dir='ltr'><strong>dicebatur.</strong></span> <span class='ocrx_word' id='word_1_49' title='bbox 1823 1159 2003 1221; x_wconf 88' lang='lat' dir='ltr'><strong>Dice-</strong></span> 
     </span>
     <span class='ocr_line' id='line_1_9' title="bbox 437 1251 2005 1334; baseline -0.004 -15"><span class='ocrx_word' id='word_1_50' title='bbox 437 1256 621 1319; x_wconf 80' lang='lat' dir='ltr'><strong>batur</strong></span> <span class='ocrx_word' id='word_1_51' title='bbox 639 1256 829 1318; x_wconf 89' lang='lat' dir='ltr'><strong>etiam</strong></span> <span class='ocrx_word' id='word_1_52' title='bbox 846 1254 1013 1334; x_wconf 89' lang='lat' dir='ltr'><strong>apud</strong></span> <span class='ocrx_word' id='word_1_53' title='bbox 1031 1255 1341 1315; x_wconf 86' lang='lat' dir='ltr'><strong>Romanos</strong></span> <span class='ocrx_word' id='word_1_54' title='bbox 1351 1253 1457 1332; x_wconf 87' lang='lat' dir='ltr'><strong>jus</strong></span> <span class='ocrx_word' id='word_1_55' title='bbox 1474 1252 1818 1332; x_wconf 90' lang='lat' dir='ltr'><strong>publicum,</strong></span> <span class='ocrx_word' id='word_1_56' title='bbox 1838 1251 2005 1332; x_wconf 88' lang='lat' dir='ltr'><strong>quod</strong></span> 
     </span>
     <span class='ocr_line' id='line_1_10' title="bbox 438 1346 2005 1425; baseline -0.001 -14"><span class='ocrx_word' id='word_1_57' title='bbox 438 1355 570 1412; x_wconf 88' lang='lat' dir='ltr'><strong>erat</strong></span> <span class='ocrx_word' id='word_1_58' title='bbox 596 1349 672 1410; x_wconf 92' lang='lat' dir='ltr'><strong>de</strong></span> <span class='ocrx_word' id='word_1_59' title='bbox 703 1347 886 1410; x_wconf 73' lang='lat' dir='ltr'><strong>reboe</strong></span> <span class='ocrx_word' id='word_1_60' title='bbox 913 1346 1099 1408; x_wconf 83' lang='lat' dir='ltr'><strong>sacris</strong></span> <span class='ocrx_word' id='word_1_61' title='bbox 1125 1353 1187 1407; x_wconf 89' lang='lat' dir='ltr'><strong>et</strong></span> <span class='ocrx_word' id='word_1_62' title='bbox 1214 1346 1655 1421; x_wconf 87' lang='lat' dir='ltr'><strong>sacerdotibus,</strong></span> <span class='ocrx_word' id='word_1_63' title='bbox 1701 1364 1836 1425; x_wconf 86' lang='lat' dir='ltr'><strong>cap.</strong></span> <span class='ocrx_word' id='word_1_64' title='bbox 1874 1346 2005 1409; x_wconf 73' lang='lat' dir='ltr'><strong>Jus</strong></span> 
     </span>
     <span class='ocr_line' id='line_1_11' title="bbox 431 1438 2004 1521; baseline -0.003 -17"><span class='ocrx_word' id='word_1_65' title='bbox 431 1443 761 1521; x_wconf 60' lang='lat' dir='ltr'><strong>pvblicvm,</strong></span> <span class='ocrx_word' id='word_1_66' title='bbox 790 1441 934 1502; x_wconf 85' lang='lat' dir='ltr'><strong>dist.</strong></span> <span class='ocrx_word' id='word_1_67' title='bbox 963 1443 991 1500; x_wconf 84' lang='lat'><strong>1</strong></span> <span class='ocrx_word' id='word_1_68' title='bbox 1006 1484 1021 1500; x_wconf 93' lang='lat'><strong>.</strong></span> <span class='ocrx_word' id='word_1_69' title='bbox 1053 1439 1230 1500; x_wconf 86' lang='lat' dir='ltr'><strong>Unde</strong></span> <span class='ocrx_word' id='word_1_70' title='bbox 1258 1438 1633 1500; x_wconf 81' lang='lat' dir='ltr'><strong>sacerdotale</strong></span> <span class='ocrx_word' id='word_1_71' title='bbox 1656 1439 1847 1500; x_wconf 88' lang='lat' dir='ltr'><strong>etiam</strong></span> <span class='ocrx_word' id='word_1_72' title='bbox 1878 1438 2004 1500; x_wconf 89' lang='lat' dir='ltr'><strong>dici</strong></span> 
     </span>
     <span class='ocr_line' id='line_1_12' title="bbox 435 1531 2005 1616; baseline -0.003 -19"><span class='ocrx_word' id='word_1_73' title='bbox 435 1542 696 1616; x_wconf 90' lang='lat' dir='ltr'><strong>poterat.</strong></span> <span class='ocrx_word' id='word_1_74' title='bbox 722 1535 898 1596; x_wconf 89' lang='lat' dir='ltr'><strong>Nunc</strong></span> <span class='ocrx_word' id='word_1_75' title='bbox 925 1539 1133 1595; x_wconf 89' lang='lat' dir='ltr'><strong>autem</strong></span> <span class='ocrx_word' id='word_1_76' title='bbox 1164 1533 1281 1594; x_wconf 89' lang='lat' dir='ltr'><strong>boc</strong></span> <span class='ocrx_word' id='word_1_77' title='bbox 1304 1532 1406 1611; x_wconf 85' lang='lat' dir='ltr'><strong>jus</strong></span> <span class='ocrx_word' id='word_1_78' title='bbox 1441 1532 1510 1592; x_wconf 89' lang='lat' dir='ltr'><strong>in</strong></span> <span class='ocrx_word' id='word_1_79' title='bbox 1536 1531 1803 1593; x_wconf 74' lang='lat' dir='ltr'><strong>Ecclesia</strong></span> <span class='ocrx_word' id='word_1_80' title='bbox 1829 1550 2005 1612; x_wconf 86' lang='lat' dir='ltr'><strong>sepa-</strong></span> 
     </span>
     <span class='ocr_line' id='line_1_13' title="bbox 436 1625 2005 1704; baseline -0.003 -13"><span class='ocrx_word' id='word_1_81' title='bbox 436 1634 644 1691; x_wconf 89' lang='lat' dir='ltr'><strong>ratum</strong></span> <span class='ocrx_word' id='word_1_82' title='bbox 676 1635 768 1690; x_wconf 88' lang='lat' dir='ltr'><strong>est</strong></span> <span class='ocrx_word' id='word_1_83' title='bbox 795 1646 834 1690; x_wconf 91' lang='lat' dir='ltr'><strong>a</strong></span> <span class='ocrx_word' id='word_1_84' title='bbox 867 1627 1038 1688; x_wconf 86' lang='lat' dir='ltr'><strong>civili</strong></span> <span class='ocrx_word' id='word_1_85' title='bbox 1073 1644 1150 1687; x_wconf 90' lang='lat' dir='ltr'><strong>ac</strong></span> <span class='ocrx_word' id='word_1_86' title='bbox 1173 1625 1519 1704; x_wconf 81' lang='lat' dir='ltr'><strong>temporali,</strong></span> <span class='ocrx_word' id='word_1_87' title='bbox 1547 1629 1612 1686; x_wconf 85' lang='lat' dir='ltr'><strong>et</strong></span> <span class='ocrx_word' id='word_1_88' title='bbox 1638 1625 2005 1687; x_wconf 81' lang='lat' dir='ltr'><strong>canonicum</strong></span> 
     </span>
     <span class='ocr_line' id='line_1_14' title="bbox 434 1717 1679 1798; baseline -0.006 -14"><span class='ocrx_word' id='word_1_89' title='bbox 434 1721 908 1784; x_wconf 88' lang='lat' dir='ltr'><strong>denominatum</strong></span> <span class='ocrx_word' id='word_1_90' title='bbox 934 1725 1047 1795; x_wconf 91' lang='lat' dir='ltr'><strong>est,</strong></span> <span class='ocrx_word' id='word_1_91' title='bbox 1077 1724 1149 1779; x_wconf 89' lang='lat' dir='ltr'><strong>ut</strong></span> <span class='ocrx_word' id='word_1_92' title='bbox 1177 1736 1364 1798; x_wconf 88' lang='lat' dir='ltr'><strong>supra</strong></span> <span class='ocrx_word' id='word_1_93' title='bbox 1389 1717 1679 1778; x_wconf 90' lang='lat' dir='ltr'><strong>vidimus.</strong></span> 
     </span>
    </p>

    <p class='ocr_par' dir='ltr' id='par_1_2' title="bbox 430 1808 2007 4125">
     <span class='ocr_line' id='line_1_15' title="bbox 518 1808 2007 1893; baseline -0.002 -18"><span class='ocrx_word' id='word_1_94' title='bbox 518 1816 577 1876; x_wconf 88' lang='lat'><strong>6.</strong></span> <span class='ocrx_word' id='word_1_95' title='bbox 624 1815 695 1874; x_wconf 92' lang='lat' dir='ltr'><strong>In</strong></span> <span class='ocrx_word' id='word_1_96' title='bbox 719 1831 844 1893; x_wconf 91' lang='lat' dir='ltr'><strong>quo</strong></span> <span class='ocrx_word' id='word_1_97' title='bbox 877 1811 1171 1874; x_wconf 88' lang='lat' dir='ltr'><strong>canonico</strong></span> <span class='ocrx_word' id='word_1_98' title='bbox 1195 1812 1336 1891; x_wconf 88' lang='lat' dir='ltr'><strong>jure</strong></span> <span class='ocrx_word' id='word_1_99' title='bbox 1361 1816 1562 1891; x_wconf 87' lang='lat' dir='ltr'><strong>potest</strong></span> <span class='ocrx_word' id='word_1_100' title='bbox 1599 1808 1834 1890; x_wconf 87' lang='lat' dir='ltr'><strong>aliquid</strong></span> <span class='ocrx_word' id='word_1_101' title='bbox 1863 1827 2007 1889; x_wconf 92' lang='lat' dir='ltr'><strong>pro-</strong></span> 
     </span>
     <span class='ocr_line' id='line_1_16' title="bbox 435 1904 2006 1987; baseline -0.001 -20"><span class='ocrx_word' id='word_1_102' title='bbox 435 1908 643 1987; x_wconf 89' lang='lat' dir='ltr'><strong>prium</strong></span> <span class='ocrx_word' id='word_1_103' title='bbox 669 1906 1066 1980; x_wconf 88' lang='lat' dir='ltr'><strong>considerari,</strong></span> <span class='ocrx_word' id='word_1_104' title='bbox 1095 1904 1245 1984; x_wconf 84' lang='lat' dir='ltr'><strong>quia</strong></span> <span class='ocrx_word' id='word_1_105' title='bbox 1264 1904 1431 1982; x_wconf 87' lang='grc'><strong>13335</strong></span> <span class='ocrx_word' id='word_1_106' title='bbox 1469 1904 1780 1965; x_wconf 78' lang='lat' dir='ltr'><strong>canonicae</strong></span> <span class='ocrx_word' id='word_1_107' title='bbox 1802 1905 1870 1965; x_wconf 89' lang='lat' dir='ltr'><strong>in</strong></span> <span class='ocrx_word' id='word_1_108' title='bbox 1893 1922 2006 1965; x_wconf 89' lang='lat' dir='ltr'><strong>sua</strong></span> 
     </span>
     <span class='ocr_line' id='line_1_17' title="bbox 434 1995 2005 2077; baseline -0.002 -17"><span class='ocrx_word' id='word_1_109' title='bbox 434 1998 836 2077; x_wconf 91' lang='lat' dir='ltr'><strong>generalitate</strong></span> <span class='ocrx_word' id='word_1_110' title='bbox 862 1996 1333 2058; x_wconf 80' lang='lat' dir='ltr'><strong>universaliores</strong></span> <span class='ocrx_word' id='word_1_111' title='bbox 1350 2000 1496 2056; x_wconf 89' lang='lat' dir='ltr'><strong>sunt</strong></span> <span class='ocrx_word' id='word_1_112' title='bbox 1512 2014 1701 2075; x_wconf 90' lang='lat' dir='ltr'><strong>quam</strong></span> <span class='ocrx_word' id='word_1_113' title='bbox 1730 1995 1898 2075; x_wconf 91' lang='lat' dir='ltr'><strong>leges</strong></span> <span class='ocrx_word' id='word_1_114' title='bbox 1920 1996 2005 2057; x_wconf 87' lang='grc'><strong>31-</strong></span> 
     </span>
     <span class='ocr_line' id='line_1_18' title="bbox 434 2089 1997 2172; baseline -0.003 -19"><span class='ocrx_word' id='word_1_115' title='bbox 434 2092 610 2168; x_wconf 87' lang='lat' dir='ltr'><strong>viles,</strong></span> <span class='ocrx_word' id='word_1_116' title='bbox 634 2111 711 2153; x_wconf 84' lang='lat' dir='ltr'><strong>ex</strong></span> <span class='ocrx_word' id='word_1_117' title='bbox 728 2097 904 2172; x_wconf 89' lang='lat' dir='ltr'><strong>parte</strong></span> <span class='ocrx_word' id='word_1_118' title='bbox 932 2109 1148 2154; x_wconf 89' lang='lat' dir='ltr'><strong>eorum</strong></span> <span class='ocrx_word' id='word_1_119' title='bbox 1166 2109 1280 2171; x_wconf 90' lang='lat' dir='ltr'><strong>pro</strong></span> <span class='ocrx_word' id='word_1_120' title='bbox 1296 2089 1522 2170; x_wconf 85' lang='lat' dir='ltr'><strong>quibus</strong></span> <span class='ocrx_word' id='word_1_121' title='bbox 1547 2089 1697 2150; x_wconf 84' lang='lat' dir='ltr'><strong>ferri</strong></span> <span class='ocrx_word' id='word_1_122' title='bbox 1718 2096 1997 2169; x_wconf 84' lang='lat' dir='ltr'><strong>possunt,</strong></span> 
     </span>
     <span class='ocr_line' id='line_1_19' title="bbox 436 2183 2000 2265; baseline -0.002 -19"><span class='ocrx_word' id='word_1_123' title='bbox 436 2186 584 2265; x_wconf 91' lang='lat' dir='ltr'><strong>quia</strong></span> <span class='ocrx_word' id='word_1_124' title='bbox 602 2185 736 2246; x_wconf 84' lang='lat' dir='ltr'><strong>dari</strong></span> <span class='ocrx_word' id='word_1_125' title='bbox 758 2190 1016 2264; x_wconf 84' lang='lat' dir='ltr'><strong>possunt</strong></span> <span class='ocrx_word' id='word_1_126' title='bbox 1034 2184 1321 2246; x_wconf 87' lang='lat' dir='ltr'><strong>universo</strong></span> <span class='ocrx_word' id='word_1_127' title='bbox 1350 2183 1509 2259; x_wconf 90' lang='lat' dir='ltr'><strong>orbi,</strong></span> <span class='ocrx_word' id='word_1_128' title='bbox 1540 2183 1687 2263; x_wconf 91' lang='lat' dir='ltr'><strong>quia</strong></span> <span class='ocrx_word' id='word_1_129' title='bbox 1711 2201 1820 2262; x_wconf 90' lang='lat' dir='ltr'><strong>per</strong></span> <span class='ocrx_word' id='word_1_130' title='bbox 1841 2183 2000 2251; x_wconf 88' lang='lat' dir='ltr'><strong>illud</strong></span> 
     </span>
     <span class='ocr_line' id='line_1_20' title="bbox 433 2277 2000 2357; baseline -0.001 -17"><span class='ocrx_word' id='word_1_131' title='bbox 433 2285 635 2341; x_wconf 88' lang='lat' dir='ltr'><strong>totum</strong></span> <span class='ocrx_word' id='word_1_132' title='bbox 663 2279 932 2340; x_wconf 79' lang='lat' dir='ltr'><strong>Ecclesia</strong></span> <span class='ocrx_word' id='word_1_133' title='bbox 966 2277 1190 2339; x_wconf 81' lang='lat' dir='ltr'><strong>diffusa</strong></span> <span class='ocrx_word' id='word_1_134' title='bbox 1212 2283 1325 2340; x_wconf 73' lang='lat' dir='ltr'><strong>est.</strong></span> <span class='ocrx_word' id='word_1_135' title='bbox 1356 2278 1559 2357; x_wconf 88' lang='lat' dir='ltr'><strong>Atque</strong></span> <span class='ocrx_word' id='word_1_136' title='bbox 1594 2278 1685 2338; x_wconf 90' lang='lat' dir='ltr'><strong>ita</strong></span> <span class='ocrx_word' id='word_1_137' title='bbox 1719 2295 2000 2339; x_wconf 90' lang='lat' dir='ltr'><strong>commu-</strong></span> 
     </span>
     <span class='ocr_line' id='line_1_21' title="bbox 437 2370 1999 2452; baseline -0.002 -19"><span class='ocrx_word' id='word_1_138' title='bbox 437 2373 600 2433; x_wconf 88' lang='lat' dir='ltr'><strong>nitas</strong></span> <span class='ocrx_word' id='word_1_139' title='bbox 637 2373 962 2452; x_wconf 82' lang='lat' dir='ltr'><strong>adoequata</strong></span> <span class='ocrx_word' id='word_1_140' title='bbox 990 2372 1083 2449; x_wconf 91' lang='lat' dir='ltr'><strong>(ut</strong></span> <span class='ocrx_word' id='word_1_141' title='bbox 1107 2372 1195 2433; x_wconf 90' lang='lat' dir='ltr'><strong>sic</strong></span> <span class='ocrx_word' id='word_1_142' title='bbox 1221 2371 1446 2448; x_wconf 84' lang='lat' dir='ltr'><strong>dicam)</strong></span> <span class='ocrx_word' id='word_1_143' title='bbox 1470 2370 1713 2450; x_wconf 87' lang='lat' dir='ltr'><strong>legibus</strong></span> <span class='ocrx_word' id='word_1_144' title='bbox 1744 2370 1999 2432; x_wconf 91' lang='lat' dir='ltr'><strong>canoni-</strong></span> 
     </span>
     <span class='ocr_line' id='line_1_22' title="bbox 435 2463 1997 2544; baseline -0.001 -18"><span class='ocrx_word' id='word_1_145' title='bbox 435 2465 521 2526; x_wconf 88' lang='lat' dir='ltr'><strong>cis</strong></span> <span class='ocrx_word' id='word_1_146' title='bbox 569 2483 698 2526; x_wconf 89' lang='lat' dir='ltr'><strong>non</strong></span> <span class='ocrx_word' id='word_1_147' title='bbox 744 2464 1214 2544; x_wconf 88' lang='lat' dir='ltr'><strong>multiplicatur,</strong></span> <span class='ocrx_word' id='word_1_148' title='bbox 1257 2463 1364 2525; x_wconf 89' lang='lat' dir='ltr'><strong>sed</strong></span> <span class='ocrx_word' id='word_1_149' title='bbox 1404 2482 1534 2525; x_wconf 90' lang='lat' dir='ltr'><strong>una</strong></span> <span class='ocrx_word' id='word_1_150' title='bbox 1579 2469 1827 2525; x_wconf 90' lang='lat' dir='ltr'><strong>tantum</strong></span> <span class='ocrx_word' id='word_1_151' title='bbox 1868 2470 1959 2525; x_wconf 91' lang='lat' dir='ltr'><strong>est</strong></span> <span class='ocrx_word' id='word_1_152' title='bbox 1973 2479 1997 2540; x_wconf 89' lang='lat'>;</span> 
     </span>
     <span class='ocr_line' id='line_1_23' title="bbox 437 2555 2000 2636; baseline 0.001 -20"><span class='ocrx_word' id='word_1_153' title='bbox 437 2556 697 2635; x_wconf 86' lang='lat' dir='ltr'><strong>ideoque</strong></span> <span class='ocrx_word' id='word_1_154' title='bbox 724 2556 891 2636; x_wconf 90' lang='lat' dir='ltr'><strong>leges</strong></span> <span class='ocrx_word' id='word_1_155' title='bbox 918 2557 1227 2618; x_wconf 74' lang='lat' dir='ltr'><strong>canonicae</strong></span> <span class='ocrx_word' id='word_1_156' title='bbox 1277 2573 1355 2618; x_wconf 85' lang='lat' dir='ltr'><strong>ex</strong></span> <span class='ocrx_word' id='word_1_157' title='bbox 1389 2555 1511 2616; x_wconf 86' lang='lat' dir='ltr'><strong>hac</strong></span> <span class='ocrx_word' id='word_1_158' title='bbox 1551 2561 1724 2634; x_wconf 90' lang='lat' dir='ltr'><strong>parte</strong></span> <span class='ocrx_word' id='word_1_159' title='bbox 1750 2555 2000 2617; x_wconf 84' lang='lat' dir='ltr'><strong>univer-</strong></span> 
     </span>
     <span class='ocr_line' id='line_1_24' title="bbox 435 2648 1999 2728; baseline 0.001 -19"><span class='ocrx_word' id='word_1_160' title='bbox 435 2648 591 2709; x_wconf 89' lang='lat' dir='ltr'><strong>sales</strong></span> <span class='ocrx_word' id='word_1_161' title='bbox 614 2655 783 2726; x_wconf 89' lang='lat' dir='ltr'><strong>sunt,</strong></span> <span class='ocrx_word' id='word_1_162' title='bbox 815 2654 877 2710; x_wconf 92' lang='lat' dir='ltr'><strong>et</strong></span> <span class='ocrx_word' id='word_1_163' title='bbox 903 2666 1032 2710; x_wconf 89' lang='lat' dir='ltr'><strong>non</strong></span> <span class='ocrx_word' id='word_1_164' title='bbox 1071 2649 1393 2728; x_wconf 80' lang='lat' dir='ltr'><strong>recipiunt</strong></span> <span class='ocrx_word' id='word_1_165' title='bbox 1406 2649 1609 2710; x_wconf 83' lang='lat' dir='ltr'><strong>varias</strong></span> <span class='ocrx_word' id='word_1_166' title='bbox 1635 2648 1999 2711; x_wconf 84' lang='lat' dir='ltr'><strong>denomina-</strong></span> 
     </span>
     <span class='ocr_line' id='line_1_25' title="bbox 437 2741 1995 2821; baseline 0.001 -19"><span class='ocrx_word' id='word_1_167' title='bbox 437 2742 635 2803; x_wconf 87' lang='lat' dir='ltr'><strong>tiones</strong></span> <span class='ocrx_word' id='word_1_168' title='bbox 661 2759 739 2804; x_wconf 82' lang='lat' dir='ltr'><strong>ex</strong></span> <span class='ocrx_word' id='word_1_169' title='bbox 782 2748 958 2821; x_wconf 90' lang='lat' dir='ltr'><strong>parte</strong></span> <span class='ocrx_word' id='word_1_170' title='bbox 989 2759 1207 2803; x_wconf 88' lang='lat' dir='ltr'><strong>eorum</strong></span> <span class='ocrx_word' id='word_1_171' title='bbox 1253 2760 1364 2820; x_wconf 92' lang='lat' dir='ltr'><strong>pro</strong></span> <span class='ocrx_word' id='word_1_172' title='bbox 1412 2741 1638 2821; x_wconf 87' lang='lat' dir='ltr'><strong>quibus</strong></span> <span class='ocrx_word' id='word_1_173' title='bbox 1686 2742 1995 2818; x_wconf 82' lang='lat' dir='ltr'><strong>feruntur,</strong></span> 
     </span>
     <span class='ocr_line' id='line_1_26' title="bbox 436 2835 2001 2915; baseline 0.001 -19"><span class='ocrx_word' id='word_1_174' title='bbox 436 2835 543 2896; x_wconf 91' lang='lat' dir='ltr'><strong>sed</strong></span> <span class='ocrx_word' id='word_1_175' title='bbox 570 2835 928 2915; x_wconf 89' lang='lat' dir='ltr'><strong>simpliciter</strong></span> <span class='ocrx_word' id='word_1_176' title='bbox 953 2835 1076 2896; x_wconf 90' lang='lat' dir='ltr'><strong>dici</strong></span> <span class='ocrx_word' id='word_1_177' title='bbox 1104 2840 1362 2913; x_wconf 88' lang='lat' dir='ltr'><strong>possunt</strong></span> <span class='ocrx_word' id='word_1_178' title='bbox 1393 2851 1660 2910; x_wconf 86' lang='lat' dir='ltr'><strong>canones</strong></span> <span class='ocrx_word' id='word_1_179' title='bbox 1687 2836 2001 2897; x_wconf 85' lang='lat' dir='ltr'><strong>ecelesias-</strong></span> 
     </span>
     <span class='ocr_line' id='line_1_27' title="bbox 435 2926 2000 3007; baseline -0.001 -16"><span class='ocrx_word' id='word_1_180' title='bbox 435 2930 566 3005; x_wconf 88' lang='lat' dir='ltr'><strong>tici,</strong></span> <span class='ocrx_word' id='word_1_181' title='bbox 588 2929 686 2991; x_wconf 90' lang='lat' dir='ltr'><strong>vel</strong></span> <span class='ocrx_word' id='word_1_182' title='bbox 707 2932 1010 3007; x_wconf 78' lang='lat' dir='ltr'><strong>praecepta</strong></span> <span class='ocrx_word' id='word_1_183' title='bbox 1029 2926 1331 2988; x_wconf 80' lang='lat' dir='ltr'><strong>Ecclesiae.</strong></span> <span class='ocrx_word' id='word_1_184' title='bbox 1353 2926 1433 2987; x_wconf 88' lang='lat' dir='ltr'><strong>At</strong></span> <span class='ocrx_word' id='word_1_185' title='bbox 1449 2944 1596 2987; x_wconf 90' lang='lat' dir='ltr'><strong>vero</strong></span> <span class='ocrx_word' id='word_1_186' title='bbox 1613 2927 1779 2988; x_wconf 90' lang='lat' dir='ltr'><strong>intra</strong></span> <span class='ocrx_word' id='word_1_187' title='bbox 1801 2928 2000 3006; x_wconf 89' lang='lat' dir='ltr'><strong>ipsam</strong></span> 
     </span>
     <span class='ocr_line' id='line_1_28' title="bbox 437 3020 2001 3100; baseline -0.002 -17"><span class='ocrx_word' id='word_1_188' title='bbox 437 3021 794 3096; x_wconf 82' lang='lat' dir='ltr'><strong>Ecclesiam,</strong></span> <span class='ocrx_word' id='word_1_189' title='bbox 824 3038 902 3081; x_wconf 85' lang='lat' dir='ltr'><strong>ex</strong></span> <span class='ocrx_word' id='word_1_190' title='bbox 929 3025 1102 3100; x_wconf 89' lang='lat' dir='ltr'><strong>parte</strong></span> <span class='ocrx_word' id='word_1_191' title='bbox 1137 3037 1546 3099; x_wconf 84' lang='lat' dir='ltr'><strong>personarum</strong></span> <span class='ocrx_word' id='word_1_192' title='bbox 1582 3020 1683 3081; x_wconf 87' lang='lat' dir='ltr'><strong>vel</strong></span> <span class='ocrx_word' id='word_1_193' title='bbox 1723 3036 2001 3081; x_wconf 90' lang='lat' dir='ltr'><strong>commu-</strong></span> 
     </span>
     <span class='ocr_line' id='line_1_29' title="bbox 435 3113 2002 3194; baseline -0.001 -17"><span class='ocrx_word' id='word_1_194' title='bbox 435 3116 703 3177; x_wconf 86' lang='lat' dir='ltr'><strong>nitatum</strong></span> <span class='ocrx_word' id='word_1_195' title='bbox 737 3113 1227 3194; x_wconf 83' lang='lat' dir='ltr'><strong>particularium,</strong></span> <span class='ocrx_word' id='word_1_196' title='bbox 1264 3114 1563 3193; x_wconf 82' lang='lat' dir='ltr'><strong>distingui</strong></span> <span class='ocrx_word' id='word_1_197' title='bbox 1601 3120 1857 3193; x_wconf 89' lang='lat' dir='ltr'><strong>possunt</strong></span> <span class='ocrx_word' id='word_1_198' title='bbox 1893 3131 2002 3175; x_wconf 83' lang='lat' dir='ltr'><strong>va-</strong></span> 
     </span>
     <span class='ocr_line' id='line_1_30' title="bbox 434 3206 2004 3287; baseline -0.002 -17"><span class='ocrx_word' id='word_1_199' title='bbox 434 3209 544 3270; x_wconf 74' lang='lat' dir='ltr'><strong>riae</strong></span> <span class='ocrx_word' id='word_1_200' title='bbox 571 3208 738 3287; x_wconf 88' lang='lat' dir='ltr'><strong>leges</strong></span> <span class='ocrx_word' id='word_1_201' title='bbox 767 3226 875 3269; x_wconf 88' lang='lat' dir='ltr'><strong>seu</strong></span> <span class='ocrx_word' id='word_1_202' title='bbox 893 3208 1063 3287; x_wconf 84' lang='lat' dir='ltr'><strong>jura,</strong></span> <span class='ocrx_word' id='word_1_203' title='bbox 1088 3214 1151 3270; x_wconf 81' lang='lat' dir='ltr'><strong>et</strong></span> <span class='ocrx_word' id='word_1_204' title='bbox 1177 3207 1264 3269; x_wconf 81' lang='lat' dir='ltr'><strong>sic</strong></span> <span class='ocrx_word' id='word_1_205' title='bbox 1282 3213 1484 3287; x_wconf 89' lang='lat' dir='ltr'><strong>potest</strong></span> <span class='ocrx_word' id='word_1_206' title='bbox 1510 3207 1855 3286; x_wconf 80' lang='lat' dir='ltr'><strong>specialiter</strong></span> <span class='ocrx_word' id='word_1_207' title='bbox 1880 3206 2004 3267; x_wconf 88' lang='lat' dir='ltr'><strong>dici</strong></span> 
     </span>
     <span class='ocr_line' id='line_1_31' title="bbox 433 3298 2001 3382; baseline -0.003 -20"><span class='ocrx_word' id='word_1_208' title='bbox 433 3303 536 3382; x_wconf 86' lang='lat' dir='ltr'><strong>jus</strong></span> <span class='ocrx_word' id='word_1_209' title='bbox 557 3300 932 3363; x_wconf 80' lang='lat' dir='ltr'><strong>sacerdotale</strong></span> <span class='ocrx_word' id='word_1_210' title='bbox 963 3300 1065 3363; x_wconf 85' lang='lat' dir='ltr'><strong>vel</strong></span> <span class='ocrx_word' id='word_1_211' title='bbox 1091 3300 1398 3375; x_wconf 87' lang='lat' dir='ltr'><strong>clericale,</strong></span> <span class='ocrx_word' id='word_1_212' title='bbox 1436 3299 1603 3379; x_wconf 88' lang='lat' dir='ltr'><strong>quod</strong></span> <span class='ocrx_word' id='word_1_213' title='bbox 1626 3318 1755 3361; x_wconf 90' lang='lat' dir='ltr'><strong>non</strong></span> <span class='ocrx_word' id='word_1_214' title='bbox 1798 3298 2001 3359; x_wconf 90' lang='lat' dir='ltr'><strong>solum</strong></span> 
     </span>
     <span class='ocr_line' id='line_1_32' title="bbox 434 3393 1998 3473; baseline -0.003 -17"><span class='ocrx_word' id='word_1_215' title='bbox 434 3395 807 3456; x_wconf 86' lang='lat' dir='ltr'><strong>canonicum</strong></span> <span class='ocrx_word' id='word_1_216' title='bbox 823 3400 938 3469; x_wconf 90' lang='lat' dir='ltr'><strong>est,</strong></span> <span class='ocrx_word' id='word_1_217' title='bbox 967 3393 1072 3455; x_wconf 88' lang='lat' dir='ltr'><strong>sed</strong></span> <span class='ocrx_word' id='word_1_218' title='bbox 1100 3393 1443 3473; x_wconf 86' lang='lat' dir='ltr'><strong>specialiter</strong></span> <span class='ocrx_word' id='word_1_219' title='bbox 1465 3410 1578 3472; x_wconf 88' lang='lat' dir='ltr'><strong>pro</strong></span> <span class='ocrx_word' id='word_1_220' title='bbox 1610 3397 1772 3453; x_wconf 89' lang='lat' dir='ltr'><strong>statu</strong></span> <span class='ocrx_word' id='word_1_221' title='bbox 1799 3409 1998 3452; x_wconf 88' lang='lat' dir='ltr'><strong>sacer-</strong></span> 
     </span>
     <span class='ocr_line' id='line_1_33' title="bbox 433 3484 2002 3563; baseline -0.001 -16"><span class='ocrx_word' id='word_1_222' title='bbox 433 3486 626 3548; x_wconf 89' lang='lat' dir='ltr'><strong>dotali</strong></span> <span class='ocrx_word' id='word_1_223' title='bbox 655 3487 756 3548; x_wconf 91' lang='lat' dir='ltr'><strong>vel</strong></span> <span class='ocrx_word' id='word_1_224' title='bbox 778 3485 1050 3548; x_wconf 86' lang='lat' dir='ltr'><strong>clericali</strong></span> <span class='ocrx_word' id='word_1_225' title='bbox 1066 3485 1301 3547; x_wconf 80' lang='lat' dir='ltr'><strong>fertur:</strong></span> <span class='ocrx_word' id='word_1_226' title='bbox 1337 3486 1421 3546; x_wconf 87' lang='lat' dir='ltr'><strong>sic</strong></span> <span class='ocrx_word' id='word_1_227' title='bbox 1445 3486 1636 3546; x_wconf 89' lang='lat' dir='ltr'><strong>etiam</strong></span> <span class='ocrx_word' id='word_1_228' title='bbox 1653 3484 1775 3545; x_wconf 90' lang='lat' dir='ltr'><strong>dici</strong></span> <span class='ocrx_word' id='word_1_229' title='bbox 1799 3488 2002 3563; x_wconf 80' lang='lat' dir='ltr'><strong>potest</strong></span> 
     </span>
     <span class='ocr_line' id='line_1_34' title="bbox 430 3576 1999 3659; baseline -0.002 -19"><span class='ocrx_word' id='word_1_230' title='bbox 430 3580 533 3659; x_wconf 80' lang='lat' dir='ltr'><strong>jus</strong></span> <span class='ocrx_word' id='word_1_231' title='bbox 576 3578 944 3641; x_wconf 79' lang='lat' dir='ltr'><strong>monachale</strong></span> <span class='ocrx_word' id='word_1_232' title='bbox 987 3596 1096 3639; x_wconf 90' lang='lat' dir='ltr'><strong>seu</strong></span> <span class='ocrx_word' id='word_1_233' title='bbox 1139 3577 1448 3655; x_wconf 84' lang='lat' dir='ltr'><strong>regulare,</strong></span> <span class='ocrx_word' id='word_1_234' title='bbox 1484 3577 1806 3656; x_wconf 82' lang='lat' dir='ltr'><strong>proprium</strong></span> <span class='ocrx_word' id='word_1_235' title='bbox 1853 3576 1999 3638; x_wconf 91' lang='lat' dir='ltr'><strong>reli-</strong></span> 
     </span>
     <span class='ocr_line' id='line_1_35' title="bbox 434 3669 2000 3751; baseline -0.003 -18"><span class='ocrx_word' id='word_1_236' title='bbox 434 3672 644 3751; x_wconf 91' lang='lat' dir='ltr'><strong>giosis.</strong></span> <span class='ocrx_word' id='word_1_237' title='bbox 711 3672 865 3732; x_wconf 85' lang='grc'><strong>113111</strong></span> <span class='ocrx_word' id='word_1_238' title='bbox 917 3669 1036 3730; x_wconf 85' lang='grc'><strong>1100</strong></span> <span class='ocrx_word' id='word_1_239' title='bbox 1089 3670 1274 3731; x_wconf 86' lang='grc' dir='ltr'><strong>1110ᾱο</strong></span> <span class='ocrx_word' id='word_1_240' title='bbox 1336 3669 1805 3747; x_wconf 87' lang='lat' dir='ltr'><strong>distinguuntur</strong></span> <span class='ocrx_word' id='word_1_241' title='bbox 1851 3669 2000 3747; x_wconf 65' lang='lat' dir='ltr'><strong>,iura</strong></span> 
     </span>
     <span class='ocr_line' id='line_1_36' title="bbox 435 3761 2000 3844; baseline -0.003 -19"><span class='ocrx_word' id='word_1_242' title='bbox 435 3764 760 3844; x_wconf 78' lang='lat' dir='ltr'><strong>synodalia</strong></span> <span class='ocrx_word' id='word_1_243' title='bbox 786 3761 1128 3824; x_wconf 87' lang='lat' dir='ltr'><strong>secundum</strong></span> <span class='ocrx_word' id='word_1_244' title='bbox 1165 3763 1368 3824; x_wconf 88' lang='lat' dir='ltr'><strong>varios</strong></span> <span class='ocrx_word' id='word_1_245' title='bbox 1413 3762 1818 3842; x_wconf 85' lang='lat' dir='ltr'><strong>episcopatus,</strong></span> <span class='ocrx_word' id='word_1_246' title='bbox 1847 3761 2000 3822; x_wconf 82' lang='lat' dir='ltr'><strong>dioe-</strong></span> 
     </span>
     <span class='ocr_line' id='line_1_37' title="bbox 435 3856 2002 3937; baseline -0.003 -16"><span class='ocrx_word' id='word_1_247' title='bbox 435 3876 619 3933; x_wconf 84' lang='lat' dir='ltr'><strong>ceses,</strong></span> <span class='ocrx_word' id='word_1_248' title='bbox 654 3856 756 3919; x_wconf 92' lang='lat' dir='ltr'><strong>vel</strong></span> <span class='ocrx_word' id='word_1_249' title='bbox 781 3856 1149 3936; x_wconf 85' lang='lat' dir='ltr'><strong>provincias,</strong></span> <span class='ocrx_word' id='word_1_250' title='bbox 1178 3873 1217 3917; x_wconf 91' lang='lat' dir='ltr'><strong>a</strong></span> <span class='ocrx_word' id='word_1_251' title='bbox 1246 3856 1469 3937; x_wconf 68' lang='lat' dir='ltr'><strong>qrfibus</strong></span> <span class='ocrx_word' id='word_1_252' title='bbox 1496 3856 1686 3918; x_wconf 90' lang='lat' dir='ltr'><strong>etiam</strong></span> <span class='ocrx_word' id='word_1_253' title='bbox 1704 3873 1866 3935; x_wconf 81' lang='lat' dir='ltr'><strong>saepe</strong></span> <span class='ocrx_word' id='word_1_254' title='bbox 1893 3856 2002 3916; x_wconf 88' lang='lat' dir='ltr'><strong>de-</strong></span> 
     </span>
     <span class='ocr_line' id='line_1_38' title="bbox 435 3949 2000 4030; baseline -0.001 -17"><span class='ocrx_word' id='word_1_255' title='bbox 435 3952 864 4027; x_wconf 72' lang='lat' dir='ltr'><strong>nominantur,</strong></span> <span class='ocrx_word' id='word_1_256' title='bbox 910 3955 973 4011; x_wconf 82' lang='grc'><strong>31</strong></span> <span class='ocrx_word' id='word_1_257' title='bbox 1001 3950 1300 4030; x_wconf 82' lang='lat' dir='ltr'><strong>appellari</strong></span> <span class='ocrx_word' id='word_1_258' title='bbox 1338 3949 1528 4013; x_wconf 88' lang='lat' dir='ltr'><strong>etiam</strong></span> <span class='ocrx_word' id='word_1_259' title='bbox 1567 3955 1828 4030; x_wconf 87' lang='lat' dir='ltr'><strong>possunt</strong></span> <span class='ocrx_word' id='word_1_260' title='bbox 1851 3951 2000 4030; x_wconf 86' lang='lat' dir='ltr'><strong>jura</strong></span> 
     </span>
     <span class='ocr_line' id='line_1_39' title="bbox 433 4045 1173 4125; baseline 0.001 -19"><span class='ocrx_word' id='word_1_261' title='bbox 433 4045 834 4125; x_wconf 77' lang='lat' dir='ltr'><strong>municipalia</strong></span> <span class='ocrx_word' id='word_1_262' title='bbox 859 4045 1173 4107; x_wconf 83' lang='lat' dir='ltr'><strong>canonica.</strong></span> 
     </span>
    </p>

    <p class='ocr_par' dir='ltr' id='par_1_3' title="bbox 425 4138 1999 5620">
     <span class='ocr_line' id='line_1_40' title="bbox 514 4138 1999 4217; baseline 0 -17"><span class='ocrx_word' id='word_1_263' title='bbox 514 4143 575 4200; x_wconf 88' lang='lat'><strong>7.</strong></span> <span class='ocrx_word' id='word_1_264' title='bbox 623 4138 786 4212; x_wconf 74' lang='lat' dir='ltr'><strong>Quid</strong></span> <span class='ocrx_word' id='word_1_265' title='bbox 808 4140 1054 4202; x_wconf 67' lang='lat' dir='ltr'><strong>interut</strong></span> <span class='ocrx_word' id='word_1_266' title='bbox 1075 4139 1234 4201; x_wconf 72' lang='lat' dir='ltr'><strong>inter</strong></span> <span class='ocrx_word' id='word_1_267' title='bbox 1260 4138 1446 4217; x_wconf 68' lang='lat' dir='ltr'><strong>leym</strong></span> <span class='ocrx_word' id='word_1_268' title='bbox 1484 4143 1540 4201; x_wconf 79' lang='lat' dir='ltr'><strong>et</strong></span> <span class='ocrx_word' id='word_1_269' title='bbox 1569 4142 1890 4201; x_wconf 67' lang='lat' dir='ltr'><strong>statutum.</strong></span> <span class='ocrx_word' id='word_1_270' title='bbox 1912 4169 1999 4186; x_wconf 91' lang='lat'><em>-</em></span> 
     </span>
     <span class='ocr_line' id='line_1_41' title="bbox 433 4230 1998 4310; baseline -0.001 -17"><span class='ocrx_word' id='word_1_271' title='bbox 433 4232 594 4293; x_wconf 89' lang='lat' dir='ltr'><strong>Hinc</strong></span> <span class='ocrx_word' id='word_1_272' title='bbox 618 4230 806 4292; x_wconf 87' lang='lat' dir='ltr'><strong>etiam</strong></span> <span class='ocrx_word' id='word_1_273' title='bbox 835 4230 1216 4309; x_wconf 80' lang='lat' dir='ltr'><strong>distinguere</strong></span> <span class='ocrx_word' id='word_1_274' title='bbox 1246 4230 1440 4310; x_wconf 87' lang='lat' dir='ltr'><strong>aliqui</strong></span> <span class='ocrx_word' id='word_1_275' title='bbox 1475 4230 1674 4292; x_wconf 85' lang='lat' dir='ltr'><strong>solent</strong></span> <span class='ocrx_word' id='word_1_276' title='bbox 1716 4231 1880 4293; x_wconf 88' lang='lat' dir='ltr'><strong>inter</strong></span> <span class='ocrx_word' id='word_1_277' title='bbox 1908 4230 1998 4293; x_wconf 89' lang='lat' dir='ltr'><strong>le-</strong></span> 
     </span>
     <span class='ocr_line' id='line_1_42' title="bbox 432 4324 1997 4405; baseline -0.001 -17"><span class='ocrx_word' id='word_1_278' title='bbox 432 4344 577 4405; x_wconf 91' lang='lat' dir='ltr'><strong>gem</strong></span> <span class='ocrx_word' id='word_1_279' title='bbox 616 4332 678 4387; x_wconf 88' lang='lat' dir='ltr'><strong>et</strong></span> <span class='ocrx_word' id='word_1_280' title='bbox 725 4330 1049 4400; x_wconf 86' lang='lat' dir='ltr'><strong>statutum,</strong></span> <span class='ocrx_word' id='word_1_281' title='bbox 1085 4326 1233 4404; x_wconf 86' lang='lat' dir='ltr'><strong>quia</strong></span> <span class='ocrx_word' id='word_1_282' title='bbox 1258 4324 1363 4387; x_wconf 80' lang='lat' dir='ltr'><strong>lex</strong></span> <span class='ocrx_word' id='word_1_283' title='bbox 1387 4325 1611 4386; x_wconf 89' lang='lat' dir='ltr'><strong>dicitur</strong></span> <span class='ocrx_word' id='word_1_284' title='bbox 1636 4324 1883 4404; x_wconf 87' lang='lat' dir='ltr'><strong>proprie</strong></span> <span class='ocrx_word' id='word_1_285' title='bbox 1917 4326 1997 4387; x_wconf 89' lang='lat' dir='ltr'><strong>de</strong></span> 
     </span>
     <span class='ocr_line' id='line_1_43' title="bbox 429 4419 1997 4500; baseline 0.001 -20"><span class='ocrx_word' id='word_1_286' title='bbox 429 4420 567 4499; x_wconf 91' lang='grc'><strong>1333</strong></span> <span class='ocrx_word' id='word_1_287' title='bbox 589 4419 937 4500; x_wconf 84' lang='lat' dir='ltr'><strong>pertinente</strong></span> <span class='ocrx_word' id='word_1_288' title='bbox 955 4419 1036 4481; x_wconf 89' lang='lat' dir='ltr'><strong>ad</strong></span> <span class='ocrx_word' id='word_1_289' title='bbox 1055 4425 1254 4481; x_wconf 83' lang='lat' dir='ltr'><strong>totam</strong></span> <span class='ocrx_word' id='word_1_290' title='bbox 1270 4419 1784 4482; x_wconf 86' lang='lat' dir='ltr'><strong>communitatem</strong></span> <span class='ocrx_word' id='word_1_291' title='bbox 1809 4420 1997 4482; x_wconf 89' lang='lat' dir='ltr'><strong>alicui</strong></span> 
     </span>
     <span class='ocr_line' id='line_1_44' title="bbox 429 4512 1995 4592; baseline -0.001 -18"><span class='ocrx_word' id='word_1_292' title='bbox 429 4513 565 4592; x_wconf 86' lang='lat' dir='ltr'><strong>regi</strong></span> <span class='ocrx_word' id='word_1_293' title='bbox 604 4512 704 4573; x_wconf 87' lang='lat' dir='ltr'><strong>vel</strong></span> <span class='ocrx_word' id='word_1_294' title='bbox 744 4530 1037 4592; x_wconf 85' lang='lat' dir='ltr'><strong>supremo</strong></span> <span class='ocrx_word' id='word_1_295' title='bbox 1076 4513 1347 4592; x_wconf 80' lang='lat' dir='ltr'><strong>principi</strong></span> <span class='ocrx_word' id='word_1_296' title='bbox 1386 4512 1756 4591; x_wconf 86' lang='lat' dir='ltr'><strong>subjectam,</strong></span> <span class='ocrx_word' id='word_1_297' title='bbox 1801 4518 1995 4573; x_wconf 84' lang='lat' dir='ltr'><strong>statu-</strong></span> 
     </span>
     <span class='ocr_line' id='line_1_45' title="bbox 429 4604 1986 4685; baseline 0.001 -18"><span class='ocrx_word' id='word_1_298' title='bbox 429 4612 565 4667; x_wconf 89' lang='lat' dir='ltr'><strong>tum</strong></span> <span class='ocrx_word' id='word_1_299' title='bbox 604 4624 752 4667; x_wconf 86' lang='lat' dir='ltr'><strong>vero</strong></span> <span class='ocrx_word' id='word_1_300' title='bbox 783 4606 1009 4667; x_wconf 86' lang='lat' dir='ltr'><strong>dicitur</strong></span> <span class='ocrx_word' id='word_1_301' title='bbox 1054 4606 1300 4685; x_wconf 82' lang='lat' dir='ltr'><strong>proprie</strong></span> <span class='ocrx_word' id='word_1_302' title='bbox 1331 4604 1409 4667; x_wconf 91' lang='lat' dir='ltr'><strong>de</strong></span> <span class='ocrx_word' id='word_1_303' title='bbox 1439 4605 1576 4684; x_wconf 87' lang='lat' dir='ltr'><strong>lege</strong></span> <span class='ocrx_word' id='word_1_304' title='bbox 1602 4605 1986 4684; x_wconf 83' lang='lat' dir='ltr'><strong>municipali.</strong></span> 
     </span>
     <span class='ocr_line' id='line_1_46' title="bbox 429 4698 1990 4779; baseline -0.001 -18"><span class='ocrx_word' id='word_1_305' title='bbox 429 4700 528 4761; x_wconf 90' lang='lat' dir='ltr'><strong>Sic</strong></span> <span class='ocrx_word' id='word_1_306' title='bbox 578 4700 749 4761; x_wconf 92' lang='lat' dir='ltr'><strong>enim</strong></span> <span class='ocrx_word' id='word_1_307' title='bbox 787 4698 957 4779; x_wconf 76' lang='lat' dir='ltr'><strong>leges</strong></span> <span class='ocrx_word' id='word_1_308' title='bbox 1002 4698 1508 4774; x_wconf 88' lang='lat' dir='ltr'><strong>universitatum,</strong></span> <span class='ocrx_word' id='word_1_309' title='bbox 1561 4698 1990 4777; x_wconf 89' lang='lat' dir='ltr'><strong>collegiorum,</strong></span> 
     </span>
     <span class='ocr_line' id='line_1_47' title="bbox 428 4791 1996 4872; baseline 0.001 -19"><span class='ocrx_word' id='word_1_310' title='bbox 428 4792 831 4872; x_wconf 84' lang='lat' dir='ltr'><strong>religionum,</strong></span> <span class='ocrx_word' id='word_1_311' title='bbox 859 4800 1004 4868; x_wconf 66' lang='lat' dir='ltr'><strong>etc„</strong></span> <span class='ocrx_word' id='word_1_312' title='bbox 1025 4796 1254 4853; x_wconf 90' lang='lat' dir='ltr'><strong>statuta</strong></span> <span class='ocrx_word' id='word_1_313' title='bbox 1289 4791 1412 4853; x_wconf 88' lang='lat' dir='ltr'><strong>dici</strong></span> <span class='ocrx_word' id='word_1_314' title='bbox 1450 4791 1668 4853; x_wconf 89' lang='lat' dir='ltr'><strong>solent.</strong></span> <span class='ocrx_word' id='word_1_315' title='bbox 1712 4792 1832 4854; x_wconf 89' lang='lat' dir='ltr'><strong>Sed</strong></span> <span class='ocrx_word' id='word_1_316' title='bbox 1877 4792 1996 4854; x_wconf 87' lang='lat' dir='ltr'><strong>hoc</strong></span> 
     </span>
     <span class='ocr_line' id='line_1_48' title="bbox 431 4883 1996 4964; baseline 0 -17"><span class='ocrx_word' id='word_1_317' title='bbox 431 4886 634 4947; x_wconf 90' lang='lat' dir='ltr'><strong>solum</strong></span> <span class='ocrx_word' id='word_1_318' title='bbox 668 4885 749 4947; x_wconf 89' lang='lat' dir='ltr'><strong>ad</strong></span> <span class='ocrx_word' id='word_1_319' title='bbox 789 4883 1304 4963; x_wconf 86' lang='lat' dir='ltr'><strong>significationem</strong></span> <span class='ocrx_word' id='word_1_320' title='bbox 1334 4884 1779 4947; x_wconf 84' lang='lat' dir='ltr'><strong>vocabulorum</strong></span> <span class='ocrx_word' id='word_1_321' title='bbox 1824 4903 1996 4964; x_wconf 89' lang='lat' dir='ltr'><strong>spec-</strong></span> 
     </span>
     <span class='ocr_line' id='line_1_49' title="bbox 426 4978 1988 5055; baseline 0 -15"><span class='ocrx_word' id='word_1_322' title='bbox 426 4984 544 5055; x_wconf 87' lang='lat' dir='ltr'><strong>tat,</strong></span> <span class='ocrx_word' id='word_1_323' title='bbox 572 4985 637 5041; x_wconf 90' lang='lat' dir='ltr'><strong>et</strong></span> <span class='ocrx_word' id='word_1_324' title='bbox 667 4978 807 5040; x_wconf 88' lang='lat' dir='ltr'><strong>ideo</strong></span> <span class='ocrx_word' id='word_1_325' title='bbox 851 4978 1202 5039; x_wconf 88' lang='lat' dir='ltr'><strong>communis</strong></span> <span class='ocrx_word' id='word_1_326' title='bbox 1245 4996 1391 5040; x_wconf 85' lang='lat' dir='ltr'><strong>usus</strong></span> <span class='ocrx_word' id='word_1_327' title='bbox 1418 4978 1832 5040; x_wconf 87' lang='lat' dir='ltr'><strong>observandus</strong></span> <span class='ocrx_word' id='word_1_328' title='bbox 1871 4985 1988 5041; x_wconf 88' lang='lat' dir='ltr'><strong>est.</strong></span> 
     </span>
     <span class='ocr_line' id='line_1_50' title="bbox 429 5071 1995 5152; baseline 0 -18"><span class='ocrx_word' id='word_1_329' title='bbox 429 5074 585 5134; x_wconf 91' lang='lat' dir='ltr'><strong>Nam</strong></span> <span class='ocrx_word' id='word_1_330' title='bbox 613 5072 747 5134; x_wconf 90' lang='lat' dir='ltr'><strong>sine</strong></span> <span class='ocrx_word' id='word_1_331' title='bbox 767 5071 961 5133; x_wconf 87' lang='lat' dir='ltr'><strong>dubio</strong></span> <span class='ocrx_word' id='word_1_332' title='bbox 984 5076 1216 5133; x_wconf 86' lang='lat' dir='ltr'><strong>statuta</strong></span> <span class='ocrx_word' id='word_1_333' title='bbox 1235 5072 1639 5152; x_wconf 75' lang='lat' dir='ltr'><strong>municipalia</strong></span> <span class='ocrx_word' id='word_1_334' title='bbox 1660 5078 1808 5133; x_wconf 89' lang='lat' dir='ltr'><strong>sunt</strong></span> <span class='ocrx_word' id='word_1_335' title='bbox 1831 5090 1995 5134; x_wconf 75' lang='lat' dir='ltr'><strong>veras</strong></span> 
     </span>
     <span class='ocr_line' id='line_1_51' title="bbox 427 5163 1991 5245; baseline 0.001 -20"><span class='ocrx_word' id='word_1_336' title='bbox 427 5163 595 5243; x_wconf 86' lang='lat' dir='ltr'><strong>leges</strong></span> <span class='ocrx_word' id='word_1_337' title='bbox 610 5181 630 5241; x_wconf 84' lang='lat'>3</span> <span class='ocrx_word' id='word_1_338' title='bbox 653 5165 776 5227; x_wconf 88' lang='lat' dir='ltr'><strong>illis</strong></span> <span class='ocrx_word' id='word_1_339' title='bbox 802 5165 972 5227; x_wconf 91' lang='lat' dir='ltr'><strong>enim</strong></span> <span class='ocrx_word' id='word_1_340' title='bbox 995 5182 1139 5226; x_wconf 88' lang='lat' dir='ltr'><strong>cum</strong></span> <span class='ocrx_word' id='word_1_341' title='bbox 1165 5167 1561 5245; x_wconf 85' lang='lat' dir='ltr'><strong>proportione</strong></span> <span class='ocrx_word' id='word_1_342' title='bbox 1588 5166 1991 5242; x_wconf 89' lang='lat' dir='ltr'><strong>conveniunt,</strong></span> 
     </span>
     <span class='ocr_line' id='line_1_52' title="bbox 427 5258 1994 5339; baseline 0.001 -20"><span class='ocrx_word' id='word_1_343' title='bbox 427 5276 567 5339; x_wconf 81' lang='lat' dir='ltr'><strong>quae</strong></span> <span class='ocrx_word' id='word_1_344' title='bbox 586 5258 885 5320; x_wconf 87' lang='lat' dir='ltr'><strong>hactenus</strong></span> <span class='ocrx_word' id='word_1_345' title='bbox 907 5259 983 5321; x_wconf 92' lang='lat' dir='ltr'><strong>de</strong></span> <span class='ocrx_word' id='word_1_346' title='bbox 1010 5260 1148 5338; x_wconf 89' lang='grc'><strong>1333</strong></span> <span class='ocrx_word' id='word_1_347' title='bbox 1169 5259 1237 5320; x_wconf 85' lang='grc'><strong>111</strong></span> <span class='ocrx_word' id='word_1_348' title='bbox 1264 5260 1606 5337; x_wconf 83' lang='lat' dir='ltr'><strong>communi,</strong></span> <span class='ocrx_word' id='word_1_349' title='bbox 1625 5260 1726 5322; x_wconf 87' lang='lat' dir='ltr'><strong>vel</strong></span> <span class='ocrx_word' id='word_1_350' title='bbox 1749 5260 1826 5321; x_wconf 93' lang='lat' dir='ltr'><strong>de</strong></span> <span class='ocrx_word' id='word_1_351' title='bbox 1853 5260 1994 5339; x_wconf 90' lang='lat' dir='ltr'><strong>lege</strong></span> 
     </span>
     <span class='ocr_line' id='line_1_53' title="bbox 425 5350 1988 5433; baseline 0.002 -21"><span class='ocrx_word' id='word_1_352' title='bbox 425 5350 702 5412; x_wconf 87' lang='lat' dir='ltr'><strong>humana</strong></span> <span class='ocrx_word' id='word_1_353' title='bbox 730 5351 894 5414; x_wconf 80' lang='lat' dir='ltr'><strong>dicta</strong></span> <span class='ocrx_word' id='word_1_354' title='bbox 918 5357 1087 5428; x_wconf 90' lang='lat' dir='ltr'><strong>sunt,</strong></span> <span class='ocrx_word' id='word_1_355' title='bbox 1121 5358 1185 5414; x_wconf 88' lang='lat' dir='ltr'><strong>et</strong></span> <span class='ocrx_word' id='word_1_356' title='bbox 1223 5352 1313 5414; x_wconf 87' lang='lat' dir='ltr'><strong>ita</strong></span> <span class='ocrx_word' id='word_1_357' title='bbox 1350 5372 1510 5433; x_wconf 81' lang='lat' dir='ltr'><strong>saepe</strong></span> <span class='ocrx_word' id='word_1_358' title='bbox 1559 5352 1952 5433; x_wconf 82' lang='lat' dir='ltr'><strong>appellantur</strong></span> <span class='ocrx_word' id='word_1_359' title='bbox 1966 5368 1988 5430; x_wconf 84' lang='lat'><em>3</em></span> 
     </span>
     <span class='ocr_line' id='line_1_54' title="bbox 426 5444 1999 5525; baseline 0.002 -19"><span class='ocrx_word' id='word_1_360' title='bbox 426 5451 489 5506; x_wconf 90' lang='lat' dir='ltr'><strong>et</strong></span> <span class='ocrx_word' id='word_1_361' title='bbox 523 5463 559 5506; x_wconf 92' lang='lat' dir='ltr'><strong>e</strong></span> <span class='ocrx_word' id='word_1_362' title='bbox 587 5462 883 5507; x_wconf 88' lang='lat' dir='ltr'><strong>converso</strong></span> <span class='ocrx_word' id='word_1_363' title='bbox 925 5444 1093 5525; x_wconf 88' lang='lat' dir='ltr'><strong>leges</strong></span> <span class='ocrx_word' id='word_1_364' title='bbox 1128 5463 1488 5509; x_wconf 88' lang='lat' dir='ltr'><strong>communes</strong></span> <span class='ocrx_word' id='word_1_365' title='bbox 1518 5453 1582 5509; x_wconf 85' lang='lat' dir='ltr'><strong>et</strong></span> <span class='ocrx_word' id='word_1_366' title='bbox 1617 5446 1999 5509; x_wconf 85' lang='lat' dir='ltr'><strong>universales</strong></span> 
     </span>
     <span class='ocr_line' id='line_1_55' title="bbox 425 5538 1996 5620; baseline 0.001 -20"><span class='ocrx_word' id='word_1_367' title='bbox 425 5538 635 5601; x_wconf 80' lang='lat' dir='ltr'><strong>vocari</strong></span> <span class='ocrx_word' id='word_1_368' title='bbox 660 5547 924 5619; x_wconf 85' lang='lat' dir='ltr'><strong>possunt</strong></span> <span class='ocrx_word' id='word_1_369' title='bbox 957 5543 1214 5615; x_wconf 84' lang='lat' dir='ltr'><strong>statuta,</strong></span> <span class='ocrx_word' id='word_1_370' title='bbox 1258 5544 1326 5603; x_wconf 85' lang='lat' dir='ltr'><strong>et</strong></span> <span class='ocrx_word' id='word_1_371' title='bbox 1367 5539 1726 5620; x_wconf 75' lang='lat' dir='ltr'><strong>frequenter</strong></span> <span class='ocrx_word' id='word_1_372' title='bbox 1758 5540 1851 5603; x_wconf 83' lang='lat' dir='ltr'><strong>ita</strong></span> <span class='ocrx_word' id='word_1_373' title='bbox 1886 5557 1996 5602; x_wconf 85' lang='lat' dir='ltr'><strong>vo-</strong></span> 
     </span>
    </p>
   </div>
   <div class='ocr_carea' id='block_1_2' title="bbox 1342 405 2861 466">
    <p class='ocr_par' dir='ltr' id='par_1_4' title="bbox 1342 405 2861 466">
     <span class='ocr_line' id='line_1_56' title="bbox 1342 405 2861 466; baseline -0.001 -1"><span class='ocrx_word' id='word_1_374' title='bbox 1342 413 1458 466; x_wconf 72' lang='lat' dir='ltr'><strong>un.</strong></span> <span class='ocrx_word' id='word_1_375' title='bbox 1495 412 1556 464; x_wconf 78' lang='lat' dir='ltr'><strong>V.</strong></span> <span class='ocrx_word' id='word_1_376' title='bbox 1590 405 2062 465; x_wconf 53' lang='lat' dir='ltr'><strong>»fumun</strong></span> <span class='ocrx_word' id='word_1_377' title='bbox 2090 408 2304 464; x_wconf 71' lang='lat' dir='ltr'><strong>malm</strong></span> <span class='ocrx_word' id='word_1_378' title='bbox 2333 409 2743 464; x_wconf 60' lang='lat' dir='ltr'><strong>mansu.</strong></span> <span class='ocrx_word' id='word_1_379' title='bbox 2858 415 2861 418; x_wconf 71' lang='grc'>“</span> 
     </span>
    </p>
   </div>
   <div class='ocr_carea' id='block_1_3' title="bbox 2071 508 3661 5608">
    <p class='ocr_par' dir='ltr' id='par_1_5' title="bbox 2077 508 3661 2455">
     <span class='ocr_line' id='line_1_57' title="bbox 2086 508 3659 590; baseline 0 -19"><span class='ocrx_word' id='word_1_380' title='bbox 2086 516 2333 587; x_wconf 87' lang='lat' dir='ltr'><strong>cantur,</strong></span> <span class='ocrx_word' id='word_1_381' title='bbox 2364 512 2510 590; x_wconf 87' lang='lat' dir='ltr'><strong>quia</strong></span> <span class='ocrx_word' id='word_1_382' title='bbox 2534 510 2630 571; x_wconf 89' lang='lat' dir='ltr'><strong>vis</strong></span> <span class='ocrx_word' id='word_1_383' title='bbox 2649 509 2819 571; x_wconf 88' lang='lat' dir='ltr'><strong>vocis</strong></span> <span class='ocrx_word' id='word_1_384' title='bbox 2844 526 2972 570; x_wconf 89' lang='lat' dir='ltr'><strong>non</strong></span> <span class='ocrx_word' id='word_1_385' title='bbox 3003 509 3211 571; x_wconf 86' lang='lat' dir='ltr'><strong>minus</strong></span> <span class='ocrx_word' id='word_1_386' title='bbox 3233 510 3302 571; x_wconf 89' lang='lat' dir='ltr'><strong>iu</strong></span> <span class='ocrx_word' id='word_1_387' title='bbox 3330 508 3471 571; x_wconf 87' lang='lat' dir='ltr'><strong>illas</strong></span> <span class='ocrx_word' id='word_1_388' title='bbox 3503 527 3659 571; x_wconf 90' lang='lat' dir='ltr'><strong>con-</strong></span> 
     </span>
     <span class='ocr_line' id='line_1_58' title="bbox 2085 603 3661 685; baseline -0.001 -19"><span class='ocrx_word' id='word_1_389' title='bbox 2085 605 2282 680; x_wconf 88' lang='lat' dir='ltr'><strong>venit,</strong></span> <span class='ocrx_word' id='word_1_390' title='bbox 2298 611 2370 666; x_wconf 91' lang='lat' dir='ltr'><strong>ut</strong></span> <span class='ocrx_word' id='word_1_391' title='bbox 2387 624 2496 685; x_wconf 90' lang='lat' dir='ltr'><strong>per</strong></span> <span class='ocrx_word' id='word_1_392' title='bbox 2522 623 2587 665; x_wconf 90' lang='lat' dir='ltr'><strong>se</strong></span> <span class='ocrx_word' id='word_1_393' title='bbox 2610 610 2870 681; x_wconf 82' lang='lat' dir='ltr'><strong>constat3</strong></span> <span class='ocrx_word' id='word_1_394' title='bbox 2890 603 3093 665; x_wconf 90' lang='lat' dir='ltr'><strong>solum</strong></span> <span class='ocrx_word' id='word_1_395' title='bbox 3110 621 3258 681; x_wconf 88' lang='lat' dir='ltr'><strong>ergo</strong></span> <span class='ocrx_word' id='word_1_396' title='bbox 3283 623 3395 683; x_wconf 91' lang='lat' dir='ltr'><strong>per</strong></span> <span class='ocrx_word' id='word_1_397' title='bbox 3428 622 3661 683; x_wconf 88' lang='lat' dir='ltr'><strong>quam·</strong></span> 
     </span>
     <span class='ocr_line' id='line_1_59' title="bbox 2085 696 3660 759; baseline 0 -1"><span class='ocrx_word' id='word_1_398' title='bbox 2085 698 2228 758; x_wconf 89' lang='lat' dir='ltr'><strong>dam</strong></span> <span class='ocrx_word' id='word_1_399' title='bbox 2257 697 2892 759; x_wconf 86' lang='lat' dir='ltr'><strong>accommodationem</strong></span> <span class='ocrx_word' id='word_1_400' title='bbox 2941 696 3143 758; x_wconf 87' lang='lat' dir='ltr'><strong>solent</strong></span> <span class='ocrx_word' id='word_1_401' title='bbox 3194 696 3303 757; x_wconf 90' lang='lat' dir='ltr'><strong>illa</strong></span> <span class='ocrx_word' id='word_1_402' title='bbox 3349 697 3660 758; x_wconf 85' lang='lat' dir='ltr'><strong>vocabula</strong></span> 
     </span>
     <span class='ocr_line' id='line_1_60' title="bbox 2084 789 3650 870; baseline -0.001 -19"><span class='ocrx_word' id='word_1_403' title='bbox 2084 790 2173 852; x_wconf 91' lang='lat' dir='ltr'><strong>ita</strong></span> <span class='ocrx_word' id='word_1_404' title='bbox 2198 791 2520 870; x_wconf 87' lang='lat' dir='ltr'><strong>distingui,</strong></span> <span class='ocrx_word' id='word_1_405' title='bbox 2548 791 2889 870; x_wconf 72' lang='lat' dir='ltr'><strong>praesertim</strong></span> <span class='ocrx_word' id='word_1_406' title='bbox 2923 790 2992 850; x_wconf 90' lang='lat' dir='ltr'><strong>in</strong></span> <span class='ocrx_word' id='word_1_407' title='bbox 3018 789 3299 850; x_wconf 89' lang='lat' dir='ltr'><strong>doctrina</strong></span> <span class='ocrx_word' id='word_1_408' title='bbox 3324 790 3650 865; x_wconf 88' lang='lat' dir='ltr'><strong>tradenda,</strong></span> 
     </span>
     <span class='ocr_line' id='line_1_61' title="bbox 2085 882 3661 962; baseline 0 -18"><span class='ocrx_word' id='word_1_409' title='bbox 2085 890 2156 945; x_wconf 92' lang='lat' dir='ltr'><strong>ut</strong></span> <span class='ocrx_word' id='word_1_410' title='bbox 2176 884 2517 947; x_wconf 87' lang='lat' dir='ltr'><strong>habeamus</strong></span> <span class='ocrx_word' id='word_1_411' title='bbox 2543 882 2844 945; x_wconf 86' lang='lat' dir='ltr'><strong>vocabula</strong></span> <span class='ocrx_word' id='word_1_412' title='bbox 2860 882 3087 962; x_wconf 90' lang='lat' dir='ltr'><strong>quibus</strong></span> <span class='ocrx_word' id='word_1_413' title='bbox 3116 882 3402 958; x_wconf 86' lang='lat' dir='ltr'><strong>breviter,</strong></span> <span class='ocrx_word' id='word_1_414' title='bbox 3432 889 3496 944; x_wconf 89' lang='lat' dir='ltr'><strong>et</strong></span> <span class='ocrx_word' id='word_1_415' title='bbox 3526 884 3661 944; x_wconf 88' lang='lat' dir='ltr'><strong>dis-</strong></span> 
     </span>
     <span class='ocr_line' id='line_1_62' title="bbox 2085 973 3658 1058; baseline -0.001 -19"><span class='ocrx_word' id='word_1_416' title='bbox 2085 977 2278 1039; x_wconf 88' lang='lat' dir='ltr'><strong>tincte</strong></span> <span class='ocrx_word' id='word_1_417' title='bbox 2318 977 2492 1058; x_wconf 90' lang='lat' dir='ltr'><strong>loqui</strong></span> <span class='ocrx_word' id='word_1_418' title='bbox 2543 976 2871 1056; x_wconf 83' lang='lat' dir='ltr'><strong>possimus.</strong></span> <span class='ocrx_word' id='word_1_419' title='bbox 2910 975 3006 1036; x_wconf 88' lang='lat' dir='ltr'><strong>Ad</strong></span> <span class='ocrx_word' id='word_1_420' title='bbox 3051 973 3348 1037; x_wconf 90' lang='lat' dir='ltr'><strong>eumdem</strong></span> <span class='ocrx_word' id='word_1_421' title='bbox 3392 976 3658 1038; x_wconf 86' lang='lat' dir='ltr'><strong>modum</strong></span> 
     </span>
     <span class='ocr_line' id='line_1_63' title="bbox 2085 1068 3657 1132; baseline -0.002 0"><span class='ocrx_word' id='word_1_422' title='bbox 2085 1070 2464 1132; x_wconf 89' lang='lat' dir='ltr'><strong>censendum</strong></span> <span class='ocrx_word' id='word_1_423' title='bbox 2491 1075 2585 1131; x_wconf 91' lang='lat' dir='ltr'><strong>est</strong></span> <span class='ocrx_word' id='word_1_424' title='bbox 2611 1069 2690 1130; x_wconf 89' lang='lat' dir='ltr'><strong>de</strong></span> <span class='ocrx_word' id='word_1_425' title='bbox 2735 1068 2990 1129; x_wconf 89' lang='lat' dir='ltr'><strong>nomine</strong></span> <span class='ocrx_word' id='word_1_426' title='bbox 3016 1068 3492 1129; x_wconf 83' lang='lat' dir='ltr'><strong>constitutionis.</strong></span> <span class='ocrx_word' id='word_1_427' title='bbox 3522 1068 3657 1129; x_wconf 88' lang='lat' dir='ltr'><strong>Ali-</strong></span> 
     </span>
     <span class='ocr_line' id='line_1_64' title="bbox 2083 1160 3656 1243; baseline -0.002 -19"><span class='ocrx_word' id='word_1_428' title='bbox 2083 1162 2193 1242; x_wconf 88' lang='lat' dir='ltr'><strong>qui</strong></span> <span class='ocrx_word' id='word_1_429' title='bbox 2214 1163 2383 1224; x_wconf 90' lang='lat' dir='ltr'><strong>enim</strong></span> <span class='ocrx_word' id='word_1_430' title='bbox 2410 1167 2637 1243; x_wconf 87' lang='lat' dir='ltr'><strong>putant</strong></span> <span class='ocrx_word' id='word_1_431' title='bbox 2660 1161 2865 1240; x_wconf 90' lang='grc'><strong>1333111</strong></span> <span class='ocrx_word' id='word_1_432' title='bbox 2886 1160 3245 1240; x_wconf 87' lang='lat' dir='ltr'><strong>simpliciter</strong></span> <span class='ocrx_word' id='word_1_433' title='bbox 3266 1160 3389 1221; x_wconf 91' lang='lat' dir='ltr'><strong>dici</strong></span> <span class='ocrx_word' id='word_1_434' title='bbox 3408 1160 3487 1221; x_wconf 91' lang='grc'><strong>(13</strong></span> <span class='ocrx_word' id='word_1_435' title='bbox 3511 1160 3656 1239; x_wconf 87' lang='grc'><strong>1333</strong></span> 
     </span>
     <span class='ocr_line' id='line_1_65' title="bbox 2083 1253 3654 1331; baseline 0 -16"><span class='ocrx_word' id='word_1_436' title='bbox 2083 1255 2275 1331; x_wconf 89' lang='lat' dir='ltr'><strong>civili,</strong></span> <span class='ocrx_word' id='word_1_437' title='bbox 2305 1273 2433 1317; x_wconf 90' lang='lat' dir='ltr'><strong>non</strong></span> <span class='ocrx_word' id='word_1_438' title='bbox 2456 1256 2532 1318; x_wconf 91' lang='lat' dir='ltr'><strong>de</strong></span> <span class='ocrx_word' id='word_1_439' title='bbox 2555 1254 2876 1330; x_wconf 89' lang='lat' dir='ltr'><strong>canonica,</strong></span> <span class='ocrx_word' id='word_1_440' title='bbox 2902 1253 3413 1315; x_wconf 88' lang='lat' dir='ltr'><strong>constitutionem</strong></span> <span class='ocrx_word' id='word_1_441' title='bbox 3440 1271 3587 1314; x_wconf 83' lang='lat' dir='ltr'><strong>vero</strong></span> <span class='ocrx_word' id='word_1_442' title='bbox 3615 1271 3654 1315; x_wconf 90' lang='lat' dir='ltr'><strong>e</strong></span> 
     </span>
     <span class='ocr_line' id='line_1_66' title="bbox 2083 1345 3653 1410; baseline -0.002 0"><span class='ocrx_word' id='word_1_443' title='bbox 2083 1348 2394 1410; x_wconf 90' lang='lat' dir='ltr'><strong>contrario</strong></span> <span class='ocrx_word' id='word_1_444' title='bbox 2433 1370 2449 1408; x_wconf 73' lang='lat' dir='ltr'><strong>t</strong></span> <span class='ocrx_word' id='word_1_445' title='bbox 2498 1349 2606 1410; x_wconf 90' lang='lat' dir='ltr'><strong>sed</strong></span> <span class='ocrx_word' id='word_1_446' title='bbox 2646 1347 2765 1409; x_wconf 91' lang='lat' dir='ltr'><strong>hoc</strong></span> <span class='ocrx_word' id='word_1_447' title='bbox 2813 1347 3003 1409; x_wconf 87' lang='lat' dir='ltr'><strong>etiam</strong></span> <span class='ocrx_word' id='word_1_448' title='bbox 3029 1365 3157 1407; x_wconf 91' lang='lat' dir='ltr'><strong>non</strong></span> <span class='ocrx_word' id='word_1_449' title='bbox 3200 1345 3390 1406; x_wconf 89' lang='lat' dir='ltr'><strong>habet</strong></span> <span class='ocrx_word' id='word_1_450' title='bbox 3430 1345 3653 1407; x_wconf 81' lang='lat' dir='ltr'><strong>funda-</strong></span> 
     </span>
     <span class='ocr_line' id='line_1_67' title="bbox 2083 1439 3652 1519; baseline -0.001 -17"><span class='ocrx_word' id='word_1_451' title='bbox 2083 1447 2368 1503; x_wconf 85' lang='lat' dir='ltr'><strong>mentum</strong></span> <span class='ocrx_word' id='word_1_452' title='bbox 2393 1443 2461 1502; x_wconf 92' lang='lat' dir='ltr'><strong>in</strong></span> <span class='ocrx_word' id='word_1_453' title='bbox 2487 1460 2578 1517; x_wconf 89' lang='lat' dir='ltr'><strong>re,</strong></span> <span class='ocrx_word' id='word_1_454' title='bbox 2599 1459 2749 1503; x_wconf 88' lang='lat' dir='ltr'><strong>nam</strong></span> <span class='ocrx_word' id='word_1_455' title='bbox 2775 1440 2944 1519; x_wconf 88' lang='lat' dir='ltr'><strong>leges</strong></span> <span class='ocrx_word' id='word_1_456' title='bbox 2970 1440 3162 1501; x_wconf 88' lang='lat' dir='ltr'><strong>etiam</strong></span> <span class='ocrx_word' id='word_1_457' title='bbox 3188 1439 3400 1501; x_wconf 83' lang='lat' dir='ltr'><strong>civiles</strong></span> <span class='ocrx_word' id='word_1_458' title='bbox 3426 1441 3652 1500; x_wconf 84' lang='lat' dir='ltr'><strong>consti·</strong></span> 
     </span>
     <span class='ocr_line' id='line_1_68' title="bbox 2082 1532 3656 1615; baseline -0.001 -19"><span class='ocrx_word' id='word_1_459' title='bbox 2082 1535 2353 1597; x_wconf 89' lang='lat' dir='ltr'><strong>tutiones</strong></span> <span class='ocrx_word' id='word_1_460' title='bbox 2400 1535 2752 1615; x_wconf 90' lang='lat' dir='ltr'><strong>principum</strong></span> <span class='ocrx_word' id='word_1_461' title='bbox 2797 1534 3212 1615; x_wconf 85' lang='lat' dir='ltr'><strong>appellantur,</strong></span> <span class='ocrx_word' id='word_1_462' title='bbox 3258 1532 3521 1611; x_wconf 86' lang='lat' dir='ltr'><strong>Digestis</strong></span> <span class='ocrx_word' id='word_1_463' title='bbox 3574 1533 3656 1595; x_wconf 89' lang='grc'><strong>(13</strong></span> 
     </span>
     <span class='ocr_line' id='line_1_69' title="bbox 2083 1626 3649 1707; baseline -0.001 -19"><span class='ocrx_word' id='word_1_464' title='bbox 2083 1628 2504 1689; x_wconf 89' lang='lat' dir='ltr'><strong>constitution.</strong></span> <span class='ocrx_word' id='word_1_465' title='bbox 2562 1628 2915 1707; x_wconf 88' lang='lat' dir='ltr'><strong>principum</strong></span> <span class='ocrx_word' id='word_1_466' title='bbox 2945 1642 2966 1703; x_wconf 91' lang='lat'>;</span> <span class='ocrx_word' id='word_1_467' title='bbox 3024 1626 3289 1687; x_wconf 87' lang='lat' dir='ltr'><strong>Isidorus</strong></span> <span class='ocrx_word' id='word_1_468' title='bbox 3339 1627 3408 1686; x_wconf 92' lang='lat' dir='ltr'><strong>in</strong></span> <span class='ocrx_word' id='word_1_469' title='bbox 3458 1626 3649 1706; x_wconf 88' lang='lat' dir='ltr'><strong>capit.</strong></span> 
     </span>
     <span class='ocr_line' id='line_1_70' title="bbox 2088 1719 3653 1797; baseline -0.001 -13"><span class='ocrx_word' id='word_1_470' title='bbox 2088 1719 2475 1797; x_wconf 73' lang='lat' dir='ltr'><strong>constitutio,</strong></span> <span class='ocrx_word' id='word_1_471' title='bbox 2501 1720 2773 1782; x_wconf 88' lang='lat' dir='ltr'><strong>distinct.</strong></span> <span class='ocrx_word' id='word_1_472' title='bbox 2802 1723 2865 1795; x_wconf 77' lang='lat'><strong>2,</strong></span> <span class='ocrx_word' id='word_1_473' title='bbox 2886 1721 2975 1781; x_wconf 87' lang='lat' dir='ltr'><strong>ait</strong></span> <span class='ocrx_word' id='word_1_474' title='bbox 2994 1720 3501 1781; x_wconf 89' lang='lat' dir='ltr'><strong>constitutionem</strong></span> <span class='ocrx_word' id='word_1_475' title='bbox 3520 1738 3653 1782; x_wconf 75' lang='grc'><strong>3553</strong></span> 
     </span>
     <span class='ocr_line' id='line_1_71' title="bbox 2083 1813 3655 1893; baseline -0.001 -17"><span class='ocrx_word' id='word_1_476' title='bbox 2083 1813 2353 1876; x_wconf 91' lang='lat' dir='ltr'><strong>edictum</strong></span> <span class='ocrx_word' id='word_1_477' title='bbox 2382 1813 2548 1893; x_wconf 88' lang='lat' dir='ltr'><strong>quod</strong></span> <span class='ocrx_word' id='word_1_478' title='bbox 2576 1832 2689 1876; x_wconf 82' lang='lat' dir='ltr'><strong>rex</strong></span> <span class='ocrx_word' id='word_1_479' title='bbox 2712 1813 2815 1875; x_wconf 92' lang='lat' dir='ltr'><strong>vel</strong></span> <span class='ocrx_word' id='word_1_480' title='bbox 2832 1814 3171 1892; x_wconf 88' lang='lat' dir='ltr'><strong>imperator</strong></span> <span class='ocrx_word' id='word_1_481' title='bbox 3197 1814 3558 1890; x_wconf 81' lang='lat' dir='ltr'><strong>constituit3</strong></span> <span class='ocrx_word' id='word_1_482' title='bbox 3589 1818 3655 1875; x_wconf 89' lang='lat' dir='ltr'><strong>et</strong></span> 
     </span>
     <span class='ocr_line' id='line_1_72' title="bbox 2083 1906 3651 1985; baseline -0.001 -17"><span class='ocrx_word' id='word_1_483' title='bbox 2083 1926 2119 1969; x_wconf 90' lang='grc'><strong>3</strong></span> <span class='ocrx_word' id='word_1_484' title='bbox 2146 1924 2442 1969; x_wconf 90' lang='lat' dir='ltr'><strong>converso</strong></span> <span class='ocrx_word' id='word_1_485' title='bbox 2470 1907 2936 1969; x_wconf 58' lang='lat' dir='ltr'><strong>constitutiones</strong></span> <span class='ocrx_word' id='word_1_486' title='bbox 2976 1907 3292 1968; x_wconf 73' lang='lat' dir='ltr'><strong>canonicae</strong></span> <span class='ocrx_word' id='word_1_487' title='bbox 3312 1923 3460 1968; x_wconf 86' lang='lat' dir='ltr'><strong>vere</strong></span> <span class='ocrx_word' id='word_1_488' title='bbox 3483 1906 3651 1985; x_wconf 90' lang='lat' dir='ltr'><strong>leges</strong></span> 
     </span>
     <span class='ocr_line' id='line_1_73' title="bbox 2082 2000 3652 2081; baseline 0 -19"><span class='ocrx_word' id='word_1_489' title='bbox 2082 2008 2252 2077; x_wconf 90' lang='lat' dir='ltr'><strong>sunt,</strong></span> <span class='ocrx_word' id='word_1_490' title='bbox 2285 2007 2349 2063; x_wconf 88' lang='lat' dir='ltr'><strong>et</strong></span> <span class='ocrx_word' id='word_1_491' title='bbox 2369 2001 2460 2061; x_wconf 88' lang='lat' dir='ltr'><strong>ita</strong></span> <span class='ocrx_word' id='word_1_492' title='bbox 2477 2001 2667 2062; x_wconf 87' lang='lat' dir='ltr'><strong>etiam</strong></span> <span class='ocrx_word' id='word_1_493' title='bbox 2694 2001 2925 2081; x_wconf 87' lang='lat' dir='ltr'><strong>passim</strong></span> <span class='ocrx_word' id='word_1_494' title='bbox 2953 2000 3379 2062; x_wconf 86' lang='lat' dir='ltr'><strong>nominantur.</strong></span> <span class='ocrx_word' id='word_1_495' title='bbox 3412 2002 3652 2062; x_wconf 89' lang='lat' dir='ltr'><strong>Tamen</strong></span> 
     </span>
     <span class='ocr_line' id='line_1_74' title="bbox 2084 2092 3651 2174; baseline 0 -20"><span class='ocrx_word' id='word_1_496' title='bbox 2084 2111 2196 2174; x_wconf 90' lang='lat' dir='ltr'><strong>per</strong></span> <span class='ocrx_word' id='word_1_497' title='bbox 2244 2093 2875 2155; x_wconf 84' lang='lat' dir='ltr'><strong>accommodationem</strong></span> <span class='ocrx_word' id='word_1_498' title='bbox 2925 2092 3032 2154; x_wconf 93' lang='lat' dir='ltr'><strong>ille</strong></span> <span class='ocrx_word' id='word_1_499' title='bbox 3077 2093 3301 2154; x_wconf 90' lang='lat' dir='ltr'><strong>modus</strong></span> <span class='ocrx_word' id='word_1_500' title='bbox 3352 2093 3651 2173; x_wconf 88' lang='lat' dir='ltr'><strong>loquendi</strong></span> 
     </span>
     <span class='ocr_line' id='line_1_75' title="bbox 2080 2186 3652 2261; baseline -0.001 -13"><span class='ocrx_word' id='word_1_501' title='bbox 2080 2187 2326 2248; x_wconf 84' lang='lat' dir='ltr'><strong>videtur</strong></span> <span class='ocrx_word' id='word_1_502' title='bbox 2356 2204 2488 2248; x_wconf 88' lang='lat' dir='ltr'><strong>esse</strong></span> <span class='ocrx_word' id='word_1_503' title='bbox 2531 2187 2678 2248; x_wconf 88' lang='lat' dir='ltr'><strong>satis</strong></span> <span class='ocrx_word' id='word_1_504' title='bbox 2719 2187 3009 2261; x_wconf 88' lang='lat' dir='ltr'><strong>usitatus,</strong></span> <span class='ocrx_word' id='word_1_505' title='bbox 3057 2192 3120 2249; x_wconf 87' lang='lat' dir='ltr'><strong>et</strong></span> <span class='ocrx_word' id='word_1_506' title='bbox 3166 2186 3502 2248; x_wconf 82' lang='lat' dir='ltr'><strong>conformis</strong></span> <span class='ocrx_word' id='word_1_507' title='bbox 3543 2205 3652 2247; x_wconf 85' lang='lat' dir='ltr'><strong>ru·</strong></span> 
     </span>
     <span class='ocr_line' id='line_1_76' title="bbox 2077 2278 3655 2356; baseline 0.001 -17"><span class='ocrx_word' id='word_1_508' title='bbox 2077 2278 2263 2340; x_wconf 75' lang='lat' dir='ltr'><strong>hricae</strong></span> <span class='ocrx_word' id='word_1_509' title='bbox 2291 2279 2368 2341; x_wconf 90' lang='lat' dir='ltr'><strong>de</strong></span> <span class='ocrx_word' id='word_1_510' title='bbox 2397 2278 2949 2341; x_wconf 89' lang='lat' dir='ltr'><strong>Constitutionibus</strong></span> <span class='ocrx_word' id='word_1_511' title='bbox 2982 2279 3049 2339; x_wconf 91' lang='lat' dir='ltr'><strong>in</strong></span> <span class='ocrx_word' id='word_1_512' title='bbox 3081 2278 3511 2356; x_wconf 86' lang='lat' dir='ltr'><strong>decretalibus,</strong></span> <span class='ocrx_word' id='word_1_513' title='bbox 3537 2278 3655 2340; x_wconf 85' lang='lat' dir='ltr'><strong>ubi</strong></span> 
     </span>
     <span class='ocr_line' id='line_1_77' title="bbox 2078 2374 2978 2455; baseline -0.001 -19"><span class='ocrx_word' id='word_1_514' title='bbox 2078 2374 2277 2436; x_wconf 86' lang='lat' dir='ltr'><strong>videri</strong></span> <span class='ocrx_word' id='word_1_515' title='bbox 2302 2380 2563 2455; x_wconf 90' lang='lat' dir='ltr'><strong>possunt</strong></span> <span class='ocrx_word' id='word_1_516' title='bbox 2587 2374 2978 2454; x_wconf 87' lang='lat' dir='ltr'><strong>interpretes.</strong></span> 
     </span>
    </p>

    <p class='ocr_par' dir='ltr' id='par_1_6' title="bbox 2073 2466 3656 4591">
     <span class='ocr_line' id='line_1_78' title="bbox 2159 2466 3656 2547; baseline -0.002 -17"><span class='ocrx_word' id='word_1_517' title='bbox 2159 2469 2218 2530; x_wconf 89' lang='lat'><strong>8.</strong></span> <span class='ocrx_word' id='word_1_518' title='bbox 2264 2468 2404 2530; x_wconf 91' lang='lat' dir='ltr'><strong>Alia</strong></span> <span class='ocrx_word' id='word_1_519' title='bbox 2432 2486 2580 2530; x_wconf 92' lang='lat' dir='ltr'><strong>vero</strong></span> <span class='ocrx_word' id='word_1_520' title='bbox 2602 2475 2749 2530; x_wconf 89' lang='lat' dir='ltr'><strong>sunt</strong></span> <span class='ocrx_word' id='word_1_521' title='bbox 2769 2469 3026 2529; x_wconf 87' lang='lat' dir='ltr'><strong>nomina</strong></span> <span class='ocrx_word' id='word_1_522' title='bbox 3051 2466 3250 2546; x_wconf 89' lang='lat' dir='ltr'><strong>magis</strong></span> <span class='ocrx_word' id='word_1_523' title='bbox 3286 2467 3538 2547; x_wconf 88' lang='lat' dir='ltr'><strong>propria</strong></span> <span class='ocrx_word' id='word_1_524' title='bbox 3562 2466 3656 2528; x_wconf 87' lang='lat' dir='ltr'><strong>le-</strong></span> 
     </span>
     <span class='ocr_line' id='line_1_79' title="bbox 2078 2561 3653 2641; baseline 0 -19"><span class='ocrx_word' id='word_1_525' title='bbox 2078 2579 2231 2641; x_wconf 90' lang='lat' dir='ltr'><strong>gum</strong></span> <span class='ocrx_word' id='word_1_526' title='bbox 2257 2561 2806 2622; x_wconf 88' lang='lat' dir='ltr'><strong>ecclesiasticarum</strong></span> <span class='ocrx_word' id='word_1_527' title='bbox 2850 2582 2865 2622; x_wconf 70' lang='grc' dir='ltr'><strong><em>ε</em></strong></span> <span class='ocrx_word' id='word_1_528' title='bbox 2909 2566 3210 2622; x_wconf 84' lang='lat' dir='ltr'><strong>vocantur</strong></span> <span class='ocrx_word' id='word_1_529' title='bbox 3247 2561 3423 2622; x_wconf 89' lang='lat' dir='ltr'><strong>enim</strong></span> <span class='ocrx_word' id='word_1_530' title='bbox 3463 2578 3653 2622; x_wconf 85' lang='lat' dir='ltr'><strong>cano—</strong></span> 
     </span>
     <span class='ocr_line' id='line_1_80' title="bbox 2078 2652 3650 2734; baseline -0.001 -18"><span class='ocrx_word' id='word_1_531' title='bbox 2078 2673 2213 2730; x_wconf 91' lang='lat' dir='ltr'><strong>nes,</strong></span> <span class='ocrx_word' id='word_1_532' title='bbox 2251 2654 2492 2716; x_wconf 86' lang='lat' dir='ltr'><strong>decreta</strong></span> <span class='ocrx_word' id='word_1_533' title='bbox 2518 2660 2794 2734; x_wconf 81' lang='lat' dir='ltr'><strong>patrum,</strong></span> <span class='ocrx_word' id='word_1_534' title='bbox 2823 2652 3177 2729; x_wconf 87' lang='lat' dir='ltr'><strong>decretalia,</strong></span> <span class='ocrx_word' id='word_1_535' title='bbox 3223 2653 3442 2733; x_wconf 90' lang='lat' dir='ltr'><strong>utique</strong></span> <span class='ocrx_word' id='word_1_536' title='bbox 3477 2653 3650 2731; x_wconf 81' lang='lat' dir='ltr'><strong>jura,</strong></span> 
     </span>
     <span class='ocr_line' id='line_1_81' title="bbox 2080 2746 3653 2826; baseline -0.001 -18"><span class='ocrx_word' id='word_1_537' title='bbox 2080 2765 2189 2808; x_wconf 89' lang='lat' dir='ltr'><strong>seu</strong></span> <span class='ocrx_word' id='word_1_538' title='bbox 2233 2747 2570 2808; x_wconf 85' lang='lat' dir='ltr'><strong>decretales</strong></span> <span class='ocrx_word' id='word_1_539' title='bbox 2612 2746 2909 2826; x_wconf 68' lang='lat' dir='ltr'><strong>epistolas,</strong></span> <span class='ocrx_word' id='word_1_540' title='bbox 2945 2751 3016 2806; x_wconf 90' lang='lat' dir='ltr'><strong>ut</strong></span> <span class='ocrx_word' id='word_1_541' title='bbox 3047 2750 3288 2807; x_wconf 88' lang='lat' dir='ltr'><strong>constat</strong></span> <span class='ocrx_word' id='word_1_542' title='bbox 3335 2764 3414 2806; x_wconf 89' lang='grc'><strong>31</strong></span> <span class='ocrx_word' id='word_1_543' title='bbox 3459 2746 3653 2806; x_wconf 88' lang='lat' dir='ltr'><strong>titulo</strong></span> 
     </span>
     <span class='ocr_line' id='line_1_82' title="bbox 2080 2838 3651 2919; baseline -0.003 -19"><span class='ocrx_word' id='word_1_544' title='bbox 2080 2838 2517 2914; x_wconf 86' lang='lat' dir='ltr'><strong>Decretalium,</strong></span> <span class='ocrx_word' id='word_1_545' title='bbox 2547 2844 2611 2900; x_wconf 88' lang='lat' dir='ltr'><strong>et</strong></span> <span class='ocrx_word' id='word_1_546' title='bbox 2637 2857 2716 2902; x_wconf 85' lang='lat' dir='ltr'><strong>ex</strong></span> <span class='ocrx_word' id='word_1_547' title='bbox 2742 2839 2940 2919; x_wconf 88' lang='lat' dir='ltr'><strong>capite</strong></span> <span class='ocrx_word' id='word_1_548' title='bbox 2972 2839 3175 2918; x_wconf 76' lang='lat' dir='ltr'><strong>primo</strong></span> <span class='ocrx_word' id='word_1_549' title='bbox 3208 2843 3270 2899; x_wconf 88' lang='lat' dir='ltr'><strong>et</strong></span> <span class='ocrx_word' id='word_1_550' title='bbox 3311 2838 3554 2916; x_wconf 87' lang='lat' dir='ltr'><strong>quinto,</strong></span> <span class='ocrx_word' id='word_1_551' title='bbox 3585 2842 3651 2897; x_wconf 91' lang='lat' dir='ltr'><strong>et</strong></span> 
     </span>
     <span class='ocr_line' id='line_1_83' title="bbox 2078 2929 3646 3012; baseline -0.003 -17"><span class='ocrx_word' id='word_1_552' title='bbox 2078 2933 2157 2995; x_wconf 85' lang='lat' dir='ltr'><strong>de</strong></span> <span class='ocrx_word' id='word_1_553' title='bbox 2191 2932 2547 3008; x_wconf 64' lang='lat' dir='ltr'><strong>Constitut„</strong></span> <span class='ocrx_word' id='word_1_554' title='bbox 2595 2937 2658 2995; x_wconf 81' lang='lat' dir='ltr'><strong>et</strong></span> <span class='ocrx_word' id='word_1_555' title='bbox 2705 2951 2783 2994; x_wconf 84' lang='lat' dir='ltr'><strong>ex</strong></span> <span class='ocrx_word' id='word_1_556' title='bbox 2831 2950 2969 3012; x_wconf 89' lang='lat' dir='ltr'><strong>cap.</strong></span> <span class='ocrx_word' id='word_1_557' title='bbox 3014 2932 3218 3012; x_wconf 86' lang='lat' dir='ltr'><strong>primo</strong></span> <span class='ocrx_word' id='word_1_558' title='bbox 3258 2937 3322 2992; x_wconf 90' lang='lat' dir='ltr'><strong>et</strong></span> <span class='ocrx_word' id='word_1_559' title='bbox 3348 2929 3646 3005; x_wconf 85' lang='lat' dir='ltr'><strong>secundo,</strong></span> 
     </span>
     <span class='ocr_line' id='line_1_84' title="bbox 2080 3023 3649 3097; baseline -0.003 -10"><span class='ocrx_word' id='word_1_560' title='bbox 2080 3025 2473 3087; x_wconf 79' lang='lat' dir='ltr'><strong>distinctione</strong></span> <span class='ocrx_word' id='word_1_561' title='bbox 2498 3026 2704 3097; x_wconf 83' lang='lat' dir='ltr'><strong>tertia,</strong></span> <span class='ocrx_word' id='word_1_562' title='bbox 2733 3024 2844 3085; x_wconf 90' lang='grc'><strong>11111</strong></span> <span class='ocrx_word' id='word_1_563' title='bbox 2861 3025 3071 3086; x_wconf 88' lang='lat' dir='ltr'><strong>Glossa</strong></span> <span class='ocrx_word' id='word_1_564' title='bbox 3102 3025 3169 3085; x_wconf 92' lang='lat' dir='ltr'><strong>in</strong></span> <span class='ocrx_word' id='word_1_565' title='bbox 3201 3041 3427 3084; x_wconf 86' lang='lat' dir='ltr'><strong>summ.</strong></span> <span class='ocrx_word' id='word_1_566' title='bbox 3459 3023 3649 3083; x_wconf 86' lang='lat' dir='ltr'><strong>ratio-</strong></span> 
     </span>
     <span class='ocr_line' id='line_1_85' title="bbox 2080 3117 3654 3196; baseline -0.003 -15"><span class='ocrx_word' id='word_1_567' title='bbox 2080 3138 2226 3181; x_wconf 90' lang='lat' dir='ltr'><strong>nem</strong></span> <span class='ocrx_word' id='word_1_568' title='bbox 2266 3119 2599 3180; x_wconf 91' lang='lat' dir='ltr'><strong>nominum</strong></span> <span class='ocrx_word' id='word_1_569' title='bbox 2619 3119 2915 3194; x_wconf 85' lang='lat' dir='ltr'><strong>declarat,</strong></span> <span class='ocrx_word' id='word_1_570' title='bbox 2940 3125 3003 3180; x_wconf 91' lang='lat' dir='ltr'><strong>et</strong></span> <span class='ocrx_word' id='word_1_571' title='bbox 3027 3117 3151 3179; x_wconf 88' lang='lat' dir='ltr'><strong>alia</strong></span> <span class='ocrx_word' id='word_1_572' title='bbox 3181 3117 3493 3196; x_wconf 81' lang='lat' dir='ltr'><strong>adjungit.</strong></span> <span class='ocrx_word' id='word_1_573' title='bbox 3528 3117 3654 3177; x_wconf 85' lang='lat' dir='ltr'><strong>Nes</strong></span> 
     </span>
     <span class='ocr_line' id='line_1_86' title="bbox 2081 3209 3646 3290; baseline -0.003 -16"><span class='ocrx_word' id='word_1_574' title='bbox 2081 3213 2281 3274; x_wconf 88' lang='lat' dir='ltr'><strong>solum</strong></span> <span class='ocrx_word' id='word_1_575' title='bbox 2307 3212 2686 3274; x_wconf 88' lang='lat' dir='ltr'><strong>advertimus</strong></span> <span class='ocrx_word' id='word_1_576' title='bbox 2708 3211 2817 3274; x_wconf 89' lang='lat' dir='ltr'><strong>illa</strong></span> <span class='ocrx_word' id='word_1_577' title='bbox 2836 3211 2958 3272; x_wconf 86' lang='lat' dir='ltr'><strong>tria</strong></span> <span class='ocrx_word' id='word_1_578' title='bbox 2974 3211 3233 3272; x_wconf 91' lang='lat' dir='ltr'><strong>nomina</strong></span> <span class='ocrx_word' id='word_1_579' title='bbox 3253 3209 3646 3290; x_wconf 86' lang='lat' dir='ltr'><strong>potissimum</strong></span> 
     </span>
     <span class='ocr_line' id='line_1_87' title="bbox 2082 3300 3643 3383; baseline -0.003 -17"><span class='ocrx_word' id='word_1_580' title='bbox 2082 3305 2205 3367; x_wconf 88' lang='lat' dir='ltr'><strong>dici</strong></span> <span class='ocrx_word' id='word_1_581' title='bbox 2235 3305 2432 3367; x_wconf 74' lang='lat' dir='ltr'><strong>solere</strong></span> <span class='ocrx_word' id='word_1_582' title='bbox 2458 3305 2536 3366; x_wconf 92' lang='lat' dir='ltr'><strong>de</strong></span> <span class='ocrx_word' id='word_1_583' title='bbox 2557 3304 2798 3383; x_wconf 87' lang='lat' dir='ltr'><strong>legibus</strong></span> <span class='ocrx_word' id='word_1_584' title='bbox 2829 3321 3217 3365; x_wconf 87' lang='lat' dir='ltr'><strong>summorum</strong></span> <span class='ocrx_word' id='word_1_585' title='bbox 3245 3300 3643 3377; x_wconf 85' lang='lat' dir='ltr'><strong>Pontificum,</strong></span> 
     </span>
     <span class='ocr_line' id='line_1_88' title="bbox 2078 3393 3645 3475; baseline -0.004 -15"><span class='ocrx_word' id='word_1_586' title='bbox 2078 3396 2180 3460; x_wconf 86' lang='lat' dir='ltr'><strong>vel</strong></span> <span class='ocrx_word' id='word_1_587' title='bbox 2214 3397 2656 3475; x_wconf 82' lang='lat' dir='ltr'><strong>conciliorum3</strong></span> <span class='ocrx_word' id='word_1_588' title='bbox 2701 3415 2850 3458; x_wconf 89' lang='lat' dir='ltr'><strong>nam</strong></span> <span class='ocrx_word' id='word_1_589' title='bbox 2888 3396 3057 3475; x_wconf 88' lang='lat' dir='ltr'><strong>leges</strong></span> <span class='ocrx_word' id='word_1_590' title='bbox 3099 3393 3471 3475; x_wconf 86' lang='lat' dir='ltr'><strong>episcopales</strong></span> <span class='ocrx_word' id='word_1_591' title='bbox 3514 3412 3645 3454; x_wconf 84' lang='lat' dir='ltr'><strong>nou</strong></span> 
     </span>
     <span class='ocr_line' id='line_1_89' title="bbox 2079 3486 3647 3569; baseline -0.002 -17"><span class='ocrx_word' id='word_1_592' title='bbox 2079 3490 2280 3554; x_wconf 89' lang='lat' dir='ltr'><strong>solent</strong></span> <span class='ocrx_word' id='word_1_593' title='bbox 2320 3508 2584 3553; x_wconf 86' lang='lat' dir='ltr'><strong>canones</strong></span> <span class='ocrx_word' id='word_1_594' title='bbox 2616 3490 2717 3552; x_wconf 89' lang='lat' dir='ltr'><strong>vel</strong></span> <span class='ocrx_word' id='word_1_595' title='bbox 2753 3490 3001 3552; x_wconf 86' lang='lat' dir='ltr'><strong>decreta</strong></span> <span class='ocrx_word' id='word_1_596' title='bbox 3040 3488 3365 3569; x_wconf 88' lang='lat' dir='ltr'><strong>appellari,</strong></span> <span class='ocrx_word' id='word_1_597' title='bbox 3405 3486 3482 3548; x_wconf 92' lang='lat' dir='ltr'><strong>de</strong></span> <span class='ocrx_word' id='word_1_598' title='bbox 3519 3506 3647 3567; x_wconf 89' lang='lat' dir='ltr'><strong>quo</strong></span> 
     </span>
     <span class='ocr_line' id='line_1_90' title="bbox 2076 3579 3649 3663; baseline -0.003 -19"><span class='ocrx_word' id='word_1_599' title='bbox 2076 3583 2278 3645; x_wconf 86' lang='lat' dir='ltr'><strong>videri</strong></span> <span class='ocrx_word' id='word_1_600' title='bbox 2306 3589 2509 3663; x_wconf 66' lang='lat' dir='ltr'><strong>potest</strong></span> <span class='ocrx_word' id='word_1_601' title='bbox 2533 3583 2783 3645; x_wconf 89' lang='lat' dir='ltr'><strong>Felinus</strong></span> <span class='ocrx_word' id='word_1_602' title='bbox 2818 3583 2886 3642; x_wconf 90' lang='lat' dir='ltr'><strong>in</strong></span> <span class='ocrx_word' id='word_1_603' title='bbox 2909 3582 3109 3662; x_wconf 88' lang='lat' dir='ltr'><strong>capite</strong></span> <span class='ocrx_word' id='word_1_604' title='bbox 3137 3580 3339 3659; x_wconf 86' lang='lat' dir='ltr'><strong>primo</strong></span> <span class='ocrx_word' id='word_1_605' title='bbox 3367 3579 3445 3640; x_wconf 91' lang='lat' dir='ltr'><strong>de</strong></span> <span class='ocrx_word' id='word_1_606' title='bbox 3481 3579 3649 3640; x_wconf 86' lang='lat' dir='ltr'><strong>Con-</strong></span> 
     </span>
     <span class='ocr_line' id='line_1_91' title="bbox 2079 3670 3649 3755; baseline -0.005 -17"><span class='ocrx_word' id='word_1_607' title='bbox 2079 3675 2522 3738; x_wconf 87' lang='lat' dir='ltr'><strong>stitutionibus.</strong></span> <span class='ocrx_word' id='word_1_608' title='bbox 2576 3675 2855 3755; x_wconf 86' lang='lat' dir='ltr'><strong>Denique</strong></span> <span class='ocrx_word' id='word_1_609' title='bbox 2897 3674 2996 3735; x_wconf 87' lang='lat' dir='ltr'><strong>his</strong></span> <span class='ocrx_word' id='word_1_610' title='bbox 3037 3672 3395 3735; x_wconf 87' lang='lat' dir='ltr'><strong>nominibus</strong></span> <span class='ocrx_word' id='word_1_611' title='bbox 3434 3670 3649 3731; x_wconf 89' lang='lat' dir='ltr'><strong>addita</strong></span> 
     </span>
     <span class='ocr_line' id='line_1_92' title="bbox 2078 3763 3648 3847; baseline -0.004 -18"><span class='ocrx_word' id='word_1_612' title='bbox 2078 3774 2224 3829; x_wconf 91' lang='lat' dir='ltr'><strong>sunt</strong></span> <span class='ocrx_word' id='word_1_613' title='bbox 2266 3767 2390 3828; x_wconf 89' lang='lat' dir='ltr'><strong>alia</strong></span> <span class='ocrx_word' id='word_1_614' title='bbox 2413 3768 2614 3847; x_wconf 87' lang='lat' dir='ltr'><strong>plura,</strong></span> <span class='ocrx_word' id='word_1_615' title='bbox 2643 3768 2868 3846; x_wconf 88' lang='lat' dir='ltr'><strong>quibus</strong></span> <span class='ocrx_word' id='word_1_616' title='bbox 2903 3767 3071 3846; x_wconf 88' lang='lat' dir='ltr'><strong>leges</strong></span> <span class='ocrx_word' id='word_1_617' title='bbox 3113 3763 3532 3827; x_wconf 67' lang='lat' dir='ltr'><strong>ecclesiasticis</strong></span> <span class='ocrx_word' id='word_1_618' title='bbox 3560 3763 3648 3823; x_wconf 86' lang='lat' dir='ltr'><strong>si-</strong></span> 
     </span>
     <span class='ocr_line' id='line_1_93' title="bbox 2078 3859 3641 3941; baseline -0.003 -21"><span class='ocrx_word' id='word_1_619' title='bbox 2078 3859 2457 3941; x_wconf 89' lang='lat' dir='ltr'><strong>gnificantur</strong></span> <span class='ocrx_word' id='word_1_620' title='bbox 2474 3905 2496 3936; x_wconf 94' lang='lat'><strong>,</strong></span> <span class='ocrx_word' id='word_1_621' title='bbox 2549 3861 2843 3922; x_wconf 86' lang='lat' dir='ltr'><strong>dicuntur</strong></span> <span class='ocrx_word' id='word_1_622' title='bbox 2898 3861 3070 3922; x_wconf 88' lang='lat' dir='ltr'><strong>enim</strong></span> <span class='ocrx_word' id='word_1_623' title='bbox 3119 3860 3641 3935; x_wconf 68' lang='lat' dir='ltr'><strong>Extravagantoe,</strong></span> 
     </span>
     <span class='ocr_line' id='line_1_94' title="bbox 2077 3952 3646 4032; baseline -0.004 -17"><span class='ocrx_word' id='word_1_624' title='bbox 2077 3953 2279 4015; x_wconf 87' lang='lat' dir='ltr'><strong>Motus</strong></span> <span class='ocrx_word' id='word_1_625' title='bbox 2301 3953 2558 4032; x_wconf 89' lang='lat' dir='ltr'><strong>proprii,</strong></span> <span class='ocrx_word' id='word_1_626' title='bbox 2582 3953 2797 4028; x_wconf 79' lang='lat' dir='ltr'><strong>Bulloe,</strong></span> <span class='ocrx_word' id='word_1_627' title='bbox 2822 3958 2940 4015; x_wconf 87' lang='lat' dir='ltr'><strong>etc.</strong></span> <span class='ocrx_word' id='word_1_628' title='bbox 2968 3954 3077 4013; x_wconf 78' lang='lat' dir='ltr'>1:1ae</span> <span class='ocrx_word' id='word_1_629' title='bbox 3111 3955 3323 4011; x_wconf 90' lang='lat' dir='ltr'><strong>autem</strong></span> <span class='ocrx_word' id='word_1_630' title='bbox 3365 3966 3544 4010; x_wconf 85' lang='lat' dir='ltr'><strong>voces</strong></span> <span class='ocrx_word' id='word_1_631' title='bbox 3578 3952 3646 4008; x_wconf 86' lang='lat' dir='ltr'><strong>et</strong></span> 
     </span>
     <span class='ocr_line' id='line_1_95' title="bbox 2075 4039 3647 4125; baseline -0.004 -20"><span class='ocrx_word' id='word_1_632' title='bbox 2075 4045 2307 4106; x_wconf 83' lang='lat' dir='ltr'><strong>similes</strong></span> <span class='ocrx_word' id='word_1_633' title='bbox 2324 4046 2470 4107; x_wconf 90' lang='lat' dir='ltr'><strong>solis</strong></span> <span class='ocrx_word' id='word_1_634' title='bbox 2494 4045 2868 4125; x_wconf 88' lang='lat' dir='ltr'><strong>quibusdam</strong></span> <span class='ocrx_word' id='word_1_635' title='bbox 2890 4044 3132 4124; x_wconf 85' lang='lat' dir='ltr'><strong>legibus</strong></span> <span class='ocrx_word' id='word_1_636' title='bbox 3160 4039 3647 4103; x_wconf 81' lang='lat' dir='ltr'><strong>Pontificialibus</strong></span> 
     </span>
     <span class='ocr_line' id='line_1_96' title="bbox 2075 4134 3647 4215; baseline -0.005 -15"><span class='ocrx_word' id='word_1_637' title='bbox 2075 4138 2334 4200; x_wconf 86' lang='lat' dir='ltr'><strong>attribui</strong></span> <span class='ocrx_word' id='word_1_638' title='bbox 2381 4139 2602 4215; x_wconf 88' lang='lat' dir='ltr'><strong>solent,</strong></span> <span class='ocrx_word' id='word_1_639' title='bbox 2649 4145 2712 4201; x_wconf 88' lang='lat' dir='ltr'><strong>et</strong></span> <span class='ocrx_word' id='word_1_640' title='bbox 2756 4139 2960 4201; x_wconf 88' lang='lat' dir='ltr'><strong>varias</strong></span> <span class='ocrx_word' id='word_1_641' title='bbox 3002 4137 3237 4199; x_wconf 86' lang='lat' dir='ltr'><strong>habent</strong></span> <span class='ocrx_word' id='word_1_642' title='bbox 3274 4134 3544 4213; x_wconf 87' lang='lat' dir='ltr'><strong>origines</strong></span> <span class='ocrx_word' id='word_1_643' title='bbox 3580 4138 3647 4193; x_wconf 86' lang='lat' dir='ltr'><strong>et</strong></span> 
     </span>
     <span class='ocr_line' id='line_1_97' title="bbox 2079 4226 3644 4317; baseline -0.006 -24"><span class='ocrx_word' id='word_1_644' title='bbox 2079 4231 2509 4317; x_wconf 80' lang='lat' dir='ltr'><strong>etymologias,</strong></span> <span class='ocrx_word' id='word_1_645' title='bbox 2552 4250 2690 4311; x_wconf 80' lang='lat' dir='ltr'><strong>quae</strong></span> <span class='ocrx_word' id='word_1_646' title='bbox 2718 4250 2890 4293; x_wconf 89' lang='lat' dir='ltr'><strong>nunc</strong></span> <span class='ocrx_word' id='word_1_647' title='bbox 2920 4230 3100 4292; x_wconf 90' lang='lat' dir='ltr'><strong>nobis</strong></span> <span class='ocrx_word' id='word_1_648' title='bbox 3125 4226 3486 4290; x_wconf 73' lang='lat' dir='ltr'><strong>necessariae</strong></span> <span class='ocrx_word' id='word_1_649' title='bbox 3514 4242 3644 4285; x_wconf 90' lang='lat' dir='ltr'><strong>non</strong></span> 
     </span>
     <span class='ocr_line' id='line_1_98' title="bbox 2079 4318 3645 4405; baseline -0.004 -20"><span class='ocrx_word' id='word_1_650' title='bbox 2079 4330 2244 4386; x_wconf 89' lang='lat' dir='ltr'><strong>sunt.</strong></span> <span class='ocrx_word' id='word_1_651' title='bbox 2268 4325 2423 4386; x_wconf 89' lang='lat' dir='ltr'><strong>Nam</strong></span> <span class='ocrx_word' id='word_1_652' title='bbox 2442 4326 2535 4385; x_wconf 88' lang='lat' dir='ltr'><strong>vis</strong></span> <span class='ocrx_word' id='word_1_653' title='bbox 2561 4325 2771 4404; x_wconf 92' lang='lat' dir='ltr'><strong>legum</strong></span> <span class='ocrx_word' id='word_1_654' title='bbox 2801 4343 2939 4405; x_wconf 81' lang='lat' dir='ltr'><strong>quae</strong></span> <span class='ocrx_word' id='word_1_655' title='bbox 2965 4341 3077 4404; x_wconf 89' lang='lat' dir='ltr'><strong>per</strong></span> <span class='ocrx_word' id='word_1_656' title='bbox 3102 4323 3216 4384; x_wconf 88' lang='lat' dir='ltr'><strong>has</strong></span> <span class='ocrx_word' id='word_1_657' title='bbox 3238 4338 3422 4382; x_wconf 89' lang='lat' dir='ltr'><strong>voces</strong></span> <span class='ocrx_word' id='word_1_658' title='bbox 3448 4318 3645 4397; x_wconf 89' lang='lat' dir='ltr'><strong>signi-</strong></span> 
     </span>
     <span class='ocr_line' id='line_1_99' title="bbox 2076 4413 3647 4494; baseline -0.003 -16"><span class='ocrx_word' id='word_1_659' title='bbox 2076 4417 2361 4493; x_wconf 88' lang='lat' dir='ltr'><strong>ficantur,</strong></span> <span class='ocrx_word' id='word_1_660' title='bbox 2396 4417 2612 4480; x_wconf 90' lang='lat' dir='ltr'><strong>eadem</strong></span> <span class='ocrx_word' id='word_1_661' title='bbox 2660 4436 2790 4481; x_wconf 87' lang='lat' dir='ltr'><strong>esse</strong></span> <span class='ocrx_word' id='word_1_662' title='bbox 2824 4418 3092 4491; x_wconf 89' lang='lat' dir='ltr'><strong>videtur,</strong></span> <span class='ocrx_word' id='word_1_663' title='bbox 3123 4421 3187 4477; x_wconf 91' lang='lat' dir='ltr'><strong>et</strong></span> <span class='ocrx_word' id='word_1_664' title='bbox 3222 4413 3388 4494; x_wconf 90' lang='lat' dir='ltr'><strong>quod</strong></span> <span class='ocrx_word' id='word_1_665' title='bbox 3429 4429 3647 4474; x_wconf 82' lang='lat' dir='ltr'><strong>occur·</strong></span> 
     </span>
     <span class='ocr_line' id='line_1_100' title="bbox 2073 4505 3555 4591; baseline -0.005 -19"><span class='ocrx_word' id='word_1_666' title='bbox 2073 4511 2228 4572; x_wconf 87' lang='lat' dir='ltr'><strong>rerit</strong></span> <span class='ocrx_word' id='word_1_667' title='bbox 2257 4511 2579 4591; x_wconf 91' lang='lat' dir='ltr'><strong>proprium</strong></span> <span class='ocrx_word' id='word_1_668' title='bbox 2610 4511 2679 4571; x_wconf 91' lang='lat' dir='ltr'><strong>in</strong></span> <span class='ocrx_word' id='word_1_669' title='bbox 2710 4510 3109 4591; x_wconf 86' lang='lat' dir='ltr'><strong>sequentibus</strong></span> <span class='ocrx_word' id='word_1_670' title='bbox 3136 4505 3555 4570; x_wconf 86' lang='lat' dir='ltr'><strong>adnotabitur.</strong></span> 
     </span>
    </p>

    <p class='ocr_par' dir='ltr' id='par_1_7' title="bbox 2071 4597 3651 5608">
     <span class='ocr_line' id='line_1_101' title="bbox 2157 4597 3647 4683; baseline -0.005 -17"><span class='ocrx_word' id='word_1_671' title='bbox 2157 4606 2220 4667; x_wconf 86' lang='lat'><strong>9.</strong></span> <span class='ocrx_word' id='word_1_672' title='bbox 2266 4604 2521 4680; x_wconf 84' lang='lat' dir='ltr'><strong>Quarto,</strong></span> <span class='ocrx_word' id='word_1_673' title='bbox 2553 4605 2756 4666; x_wconf 89' lang='lat' dir='ltr'><strong>solent</strong></span> <span class='ocrx_word' id='word_1_674' title='bbox 2798 4604 3099 4683; x_wconf 85' lang='lat' dir='ltr'><strong>distingui</strong></span> <span class='ocrx_word' id='word_1_675' title='bbox 3138 4603 3307 4682; x_wconf 89' lang='lat' dir='ltr'><strong>leges</strong></span> <span class='ocrx_word' id='word_1_676' title='bbox 3342 4619 3420 4662; x_wconf 90' lang='grc'><strong>31</strong></span> <span class='ocrx_word' id='word_1_677' title='bbox 3454 4597 3647 4661; x_wconf 90' lang='lat' dir='ltr'><strong>rebus</strong></span> 
     </span>
     <span class='ocr_line' id='line_1_102' title="bbox 2074 4690 3648 4779; baseline -0.004 -20"><span class='ocrx_word' id='word_1_678' title='bbox 2074 4716 2186 4760; x_wconf 90' lang='lat' dir='ltr'><strong>seu</strong></span> <span class='ocrx_word' id='word_1_679' title='bbox 2211 4698 2474 4759; x_wconf 84' lang='lat' dir='ltr'><strong>materia</strong></span> <span class='ocrx_word' id='word_1_680' title='bbox 2495 4716 2686 4777; x_wconf 89' lang='lat' dir='ltr'><strong>quam</strong></span> <span class='ocrx_word' id='word_1_681' title='bbox 2716 4698 3104 4779; x_wconf 63' lang='lat' dir='ltr'><strong>praecipiunt,</strong></span> <span class='ocrx_word' id='word_1_682' title='bbox 3134 4705 3348 4775; x_wconf 87' lang='lat' dir='ltr'><strong>estque</strong></span> <span class='ocrx_word' id='word_1_683' title='bbox 3378 4693 3511 4754; x_wconf 78' lang='lat' dir='ltr'><strong>haec</strong></span> <span class='ocrx_word' id='word_1_684' title='bbox 3536 4690 3648 4752; x_wconf 82' lang='lat' dir='ltr'><strong>de-</strong></span> 
     </span>
     <span class='ocr_line' id='line_1_103' title="bbox 2073 4788 3647 4871; baseline -0.003 -18"><span class='ocrx_word' id='word_1_685' title='bbox 2073 4792 2417 4854; x_wconf 87' lang='lat' dir='ltr'><strong>nominatio</strong></span> <span class='ocrx_word' id='word_1_686' title='bbox 2441 4791 2617 4854; x_wconf 90' lang='lat' dir='ltr'><strong>valde</strong></span> <span class='ocrx_word' id='word_1_687' title='bbox 2639 4793 2870 4855; x_wconf 85' lang='lat' dir='ltr'><strong>usitata</strong></span> <span class='ocrx_word' id='word_1_688' title='bbox 2894 4793 2963 4853; x_wconf 91' lang='lat' dir='ltr'><strong>in</strong></span> <span class='ocrx_word' id='word_1_689' title='bbox 2982 4793 3125 4871; x_wconf 81' lang='lat' dir='ltr'><strong>jure</strong></span> <span class='ocrx_word' id='word_1_690' title='bbox 3148 4790 3340 4865; x_wconf 87' lang='lat' dir='ltr'><strong>civili,</strong></span> <span class='ocrx_word' id='word_1_691' title='bbox 3360 4794 3429 4850; x_wconf 92' lang='lat' dir='ltr'><strong>et</strong></span> <span class='ocrx_word' id='word_1_692' title='bbox 3448 4788 3647 4849; x_wconf 85' lang='lat' dir='ltr'><strong>inter-</strong></span> 
     </span>
     <span class='ocr_line' id='line_1_104' title="bbox 2073 4879 3645 4966; baseline -0.004 -20"><span class='ocrx_word' id='word_1_693' title='bbox 2073 4886 2226 4947; x_wconf 90' lang='lat' dir='ltr'><strong>dum</strong></span> <span class='ocrx_word' id='word_1_694' title='bbox 2276 4885 2349 4948; x_wconf 86' lang='lat' dir='ltr'><strong>fit</strong></span> <span class='ocrx_word' id='word_1_695' title='bbox 2407 4886 2771 4966; x_wconf 86' lang='lat' dir='ltr'><strong>interposito</strong></span> <span class='ocrx_word' id='word_1_696' title='bbox 2815 4887 3072 4948; x_wconf 91' lang='lat' dir='ltr'><strong>nomine</strong></span> <span class='ocrx_word' id='word_1_697' title='bbox 3110 4884 3402 4959; x_wconf 85' lang='lat' dir='ltr'><strong>auctoris,</strong></span> <span class='ocrx_word' id='word_1_698' title='bbox 3445 4887 3521 4942; x_wconf 89' lang='lat' dir='ltr'><strong>ut</strong></span> <span class='ocrx_word' id='word_1_699' title='bbox 3560 4879 3645 4941; x_wconf 90' lang='lat' dir='ltr'><strong>ad</strong></span> 
     </span>
     <span class='ocr_line' id='line_1_105' title="bbox 2071 4975 3647 5061; baseline -0.006 -18"><span class='ocrx_word' id='word_1_700' title='bbox 2071 4982 2276 5061; x_wconf 91' lang='lat' dir='ltr'><strong>legem</strong></span> <span class='ocrx_word' id='word_1_701' title='bbox 2314 4980 2546 5043; x_wconf 89' lang='lat' dir='ltr'><strong>Juliam</strong></span> <span class='ocrx_word' id='word_1_702' title='bbox 2575 4981 2652 5042; x_wconf 93' lang='lat' dir='ltr'><strong>de</strong></span> <span class='ocrx_word' id='word_1_703' title='bbox 2698 4980 3038 5055; x_wconf 84' lang='lat' dir='ltr'><strong>adulteriis,</strong></span> <span class='ocrx_word' id='word_1_704' title='bbox 3074 4978 3153 5041; x_wconf 87' lang='lat' dir='ltr'><strong>ad</strong></span> <span class='ocrx_word' id='word_1_705' title='bbox 3187 4977 3391 5056; x_wconf 88' lang='lat' dir='ltr'><strong>legem</strong></span> <span class='ocrx_word' id='word_1_706' title='bbox 3419 4975 3647 5036; x_wconf 81' lang='lat' dir='ltr'><strong>Come·-</strong></span> 
     </span>
     <span class='ocr_line' id='line_1_106' title="bbox 2073 5066 3647 5153; baseline -0.007 -17"><span class='ocrx_word' id='word_1_707' title='bbox 2073 5074 2227 5136; x_wconf 91' lang='lat' dir='ltr'><strong>liam</strong></span> <span class='ocrx_word' id='word_1_708' title='bbox 2255 5074 2333 5135; x_wconf 91' lang='grc'><strong>(13</strong></span> <span class='ocrx_word' id='word_1_709' title='bbox 2364 5073 2621 5149; x_wconf 88' lang='lat' dir='ltr'><strong>sicariis,</strong></span> <span class='ocrx_word' id='word_1_710' title='bbox 2656 5073 2738 5134; x_wconf 88' lang='lat' dir='ltr'><strong>ad</strong></span> <span class='ocrx_word' id='word_1_711' title='bbox 2781 5072 2986 5153; x_wconf 91' lang='lat' dir='ltr'><strong>legem</strong></span> <span class='ocrx_word' id='word_1_712' title='bbox 3019 5074 3054 5133; x_wconf 87' lang='lat' dir='ltr'>J</span> <span class='ocrx_word' id='word_1_713' title='bbox 3058 5072 3252 5133; x_wconf 88' lang='lat' dir='ltr'><strong>uliam</strong></span> <span class='ocrx_word' id='word_1_714' title='bbox 3281 5071 3360 5132; x_wconf 89' lang='lat' dir='ltr'><strong>de</strong></span> <span class='ocrx_word' id='word_1_715' title='bbox 3399 5066 3647 5129; x_wconf 89' lang='lat' dir='ltr'><strong>ambitu</strong></span> 
     </span>
     <span class='ocr_line' id='line_1_107' title="bbox 2074 5161 3649 5246; baseline -0.006 -17"><span class='ocrx_word' id='word_1_716' title='bbox 2074 5166 2438 5245; x_wconf 86' lang='lat' dir='ltr'><strong>majestatis,</strong></span> <span class='ocrx_word' id='word_1_717' title='bbox 2462 5172 2581 5227; x_wconf 91' lang='lat' dir='ltr'><strong>etc.</strong></span> <span class='ocrx_word' id='word_1_718' title='bbox 2616 5167 2790 5246; x_wconf 80' lang='lat' dir='ltr'><strong>Saepe</strong></span> <span class='ocrx_word' id='word_1_719' title='bbox 2810 5185 2958 5229; x_wconf 88' lang='lat' dir='ltr'><strong>vero</strong></span> <span class='ocrx_word' id='word_1_720' title='bbox 2973 5166 3045 5227; x_wconf 88' lang='lat' dir='ltr'><strong>fit</strong></span> <span class='ocrx_word' id='word_1_721' title='bbox 3062 5163 3429 5244; x_wconf 89' lang='lat' dir='ltr'><strong>simpliciter</strong></span> <span class='ocrx_word' id='word_1_722' title='bbox 3453 5161 3649 5222; x_wconf 89' lang='lat' dir='ltr'><strong>deno-</strong></span> 
     </span>
     <span class='ocr_line' id='line_1_108' title="bbox 2073 5255 3648 5337; baseline -0.005 -15"><span class='ocrx_word' id='word_1_723' title='bbox 2073 5260 2337 5322; x_wconf 89' lang='lat' dir='ltr'><strong>minatio</strong></span> <span class='ocrx_word' id='word_1_724' title='bbox 2360 5278 2438 5321; x_wconf 83' lang='lat' dir='ltr'><strong>ex</strong></span> <span class='ocrx_word' id='word_1_725' title='bbox 2462 5260 2744 5337; x_wconf 84' lang='lat' dir='ltr'><strong>materia,</strong></span> <span class='ocrx_word' id='word_1_726' title='bbox 2756 5265 2829 5321; x_wconf 88' lang='lat' dir='ltr'><strong>ut</strong></span> <span class='ocrx_word' id='word_1_727' title='bbox 2845 5260 2946 5322; x_wconf 87' lang='grc'><strong>131</strong></span> <span class='ocrx_word' id='word_1_728' title='bbox 2970 5257 3425 5329; x_wconf 71' lang='lat' dir='ltr'><strong>Frumentaria‚</strong></span> <span class='ocrx_word' id='word_1_729' title='bbox 3446 5255 3648 5331; x_wconf 85' lang='lat' dir='ltr'><strong>Agra-</strong></span> 
     </span>
     <span class='ocr_line' id='line_1_109' title="bbox 2073 5347 3647 5431; baseline -0.006 -14"><span class='ocrx_word' id='word_1_730' title='bbox 2073 5355 2192 5431; x_wconf 88' lang='lat' dir='ltr'><strong>ria,</strong></span> <span class='ocrx_word' id='word_1_731' title='bbox 2222 5360 2286 5415; x_wconf 90' lang='lat' dir='ltr'><strong>et</strong></span> <span class='ocrx_word' id='word_1_732' title='bbox 2312 5354 2768 5428; x_wconf 86' lang='lat' dir='ltr'><strong>Commissoria,</strong></span> <span class='ocrx_word' id='word_1_733' title='bbox 2806 5360 2928 5416; x_wconf 90' lang='lat' dir='ltr'><strong>etc.</strong></span> <span class='ocrx_word' id='word_1_734' title='bbox 2962 5355 3042 5415; x_wconf 91' lang='lat' dir='ltr'><strong>Et</strong></span> <span class='ocrx_word' id='word_1_735' title='bbox 3077 5354 3205 5414; x_wconf 80' lang='lat' dir='ltr'><strong>fere</strong></span> <span class='ocrx_word' id='word_1_736' title='bbox 3231 5367 3447 5413; x_wconf 84' lang='lat' dir='ltr'><strong>omnes</strong></span> <span class='ocrx_word' id='word_1_737' title='bbox 3474 5347 3647 5408; x_wconf 82' lang='lat' dir='ltr'><strong>tituli</strong></span> 
     </span>
     <span class='ocr_line' id='line_1_110' title="bbox 2074 5441 3647 5527; baseline -0.003 -18"><span class='ocrx_word' id='word_1_738' title='bbox 2074 5448 2398 5527; x_wconf 88' lang='lat' dir='ltr'><strong>utriusque</strong></span> <span class='ocrx_word' id='word_1_739' title='bbox 2418 5449 2581 5527; x_wconf 83' lang='lat' dir='ltr'><strong>juris</strong></span> <span class='ocrx_word' id='word_1_740' title='bbox 2616 5449 2737 5511; x_wconf 89' lang='lat' dir='ltr'><strong>hoc</strong></span> <span class='ocrx_word' id='word_1_741' title='bbox 2768 5450 2954 5511; x_wconf 90' lang='lat' dir='ltr'><strong>modo</strong></span> <span class='ocrx_word' id='word_1_742' title='bbox 2989 5448 3481 5526; x_wconf 77' lang='lat' dir='ltr'><strong>distinguuntur.</strong></span> <span class='ocrx_word' id='word_1_743' title='bbox 3522 5441 3647 5504; x_wconf 86' lang='lat' dir='ltr'><strong>Sed</strong></span> 
     </span>
     <span class='ocr_line' id='line_1_111' title="bbox 2074 5536 3651 5608; baseline -0.004 -3"><span class='ocrx_word' id='word_1_744' title='bbox 2074 5542 2208 5605; x_wconf 80' lang='lat' dir='ltr'><strong>haec</strong></span> <span class='ocrx_word' id='word_1_745' title='bbox 2235 5542 2429 5605; x_wconf 81' lang='lat' dir='ltr'><strong>etiam</strong></span> <span class='ocrx_word' id='word_1_746' title='bbox 2460 5536 3651 5608; x_wconf 73' lang='lat' dir='ltr'><strong>divisiomaterialisnonestinordine</strong></span> 
     </span>
    </p>
   </div>
  </div>
 </body>
</html>
