3976 6219
475 502 817 563 necessario
848 500 1139 581 supponit
1174 506 1237 561 et
1273 499 1534 579 requirit
1559 501 1870 580 propriam
1901 499 2033 562 vim

474 594 791 670 obligandi
823 595 891 654 in
931 594 1327 668 conscientia,
1369 599 1438 652 ut
1467 593 1657 671 possit
1696 600 2033 671 transgres-

471 703 673 746 sorem
710 687 966 747 reddere
1006 693 1432 747 contumacem
1469 691 1531 746 et
1573 703 1859 764 capacem
1891 703 2035 745 cen-

469 797 628 840 surae
644 795 665 856 3
697 786 760 840 et
786 779 865 839 ob
894 780 1177 841 eamdem
1214 798 1461 840 causam
1490 798 1613 839 non
1654 778 1854 838 obstat
1879 795 2034 857 pras-

471 872 648 932 dictae
683 871 1047 933 limitationi
1077 873 1237 934 ratio
1265 872 1431 932 illius
1468 890 1604 951 cap.
1647 873 1710 947 2,
1750 871 1899 950 quia
1922 888 2035 950 per

469 963 659 1025 talem
699 965 901 1043 legem
944 964 1370 1042 designantem
1410 982 1658 1044 poenam
1687 963 2030 1039 ferendam,
2063 1042 2067 1046 ⁴

471 1056 661 1118 etiam
683 1075 797 1136 pro
824 1057 1046 1118 delicto
1070 1063 1245 1118 extra
1271 1056 1650 1118 territorium
1679 1057 2032 1132 commisso,

470 1154 534 1209 et
554 1168 664 1228 per
697 1149 1123 1212 executionem
1151 1151 1308 1229 ejus,
1338 1168 1468 1212 non
1490 1151 1716 1211 dicitur
1731 1150 1836 1228 jus
1857 1155 2033 1211 extra

468 1242 870 1303 territorium.

550 1335 611 1395 6.
656 1334 734 1394 Et
771 1333 920 1394 hinc
956 1333 1147 1395 etiam
1187 1338 1432 1396 constat
1470 1335 1631 1396 ratio
1669 1333 2034 1396 differentias

472 1427 638 1489 inter
677 1427 879 1506 legem
917 1428 1221 1490 ferentem
1248 1447 1497 1508 poenam
1537 1429 1670 1508 ipso
1694 1427 1881 1503 facto,
1924 1433 2038 1490 aut

470 1520 671 1582 solum
712 1526 1084 1583 statuentem
1125 1521 1443 1588 ferendam
1459 1566 1480 1598 ,
1527 1523 1675 1600 quia
1714 1523 1883 1601 prior
1929 1521 2033 1583 lex

470 1614 655 1675 debet
681 1614 1015 1676 extendere
1052 1632 1228 1676 suam
1270 1615 1607 1676 efficaciam
1643 1614 1848 1694 quoad
1875 1613 2034 1674 obli-

469 1707 785 1786 gationem
831 1712 895 1768 et
937 1708 1360 1770 executionem
1408 1712 1582 1768 extra
1617 1707 2026 1782 territorium,

470 1800 617 1878 quia
643 1818 755 1878 per
781 1800 1045 1879 seipsam
1071 1800 1397 1878 exequitur
1423 1816 1695 1878 poenam,
1714 1799 1879 1877 quod
1902 1818 2030 1860 non

468 1896 672 1970 potest
714 1891 896 1952 aliter
922 1892 1122 1953 facere
1162 1891 1283 1952 nisi
1309 1891 1641 1970 obligando
1669 1891 2032 1971 delinquen-

466 1989 595 2045 tem
622 1988 695 2045 ut
724 1984 791 2043 in
832 2004 896 2046 se
937 2002 1186 2065 poenam
1227 1991 1586 2065 exequatur,
1626 1985 1790 2064 quod
1828 1984 2030 2046 facere

467 2094 599 2137 non
620 2082 841 2156 potest,
876 2084 949 2138 ut
978 2078 1309 2157 probatum.
1333 2082 1423 2137 est
1438 2094 1459 2154 3
1484 2078 1653 2156 quia,
1687 2079 1740 2137 si
1767 2095 1893 2137 non
1923 2095 2031 2157 po-

465 2174 585 2230 test
619 2169 893 2250 obligare
933 2171 1011 2232 ad
1049 2176 1283 2246 actum,
1325 2171 1425 2231 vel
1462 2169 1789 2250 prohibere
1825 2169 2027 2244 illum,

466 2263 666 2324 multo
696 2264 905 2325 minus
934 2266 1163 2344 poterit
1190 2263 1468 2342 obligare
1499 2263 1579 2323 ad
1606 2264 2032 2324 executionem

464 2373 686 2434 poenae.
737 2357 816 2418 At
856 2375 1006 2419 vero
1050 2357 1153 2419 lex
1184 2375 1322 2437 quae
1354 2356 1622 2436 imponit
1666 2374 1914 2434 poenam
1942 2355 2032 2417 fe-

464 2451 723 2511 rendam
748 2470 858 2529 per
877 2451 1179 2529 judicem,
1220 2468 1331 2529 per
1362 2468 1427 2511 se
1456 2450 1655 2526 magis
1677 2449 1911 2526 obligat
1929 2450 2034 2526 ju·-

465 2543 667 2605 dicem
687 2550 758 2604 ut
772 2544 1115 2605 secundum
1135 2545 1332 2622 ipsam
1351 2542 1608 2621 judicet,
1620 2560 1806 2621 quam
1825 2556 2027 2602 reum:

460 2635 658 2713 judex
696 2642 903 2696 autem
938 2637 1104 2695 intra
1137 2635 1520 2695 territorium
1549 2633 1779 2694 existit.
1811 2633 1983 2693 Dices
2009 2648 2025 2692 ε

468 2728 658 2787 etiam
708 2727 999 2787 subditus
1036 2727 1348 2805 obligatur
1402 2727 1469 2786 in
1525 2726 1899 2786 conscientia
1948 2725 2030 2785 ad

465 2820 891 2879 sustinendam
917 2820 1105 2880 talem
1133 2836 1402 2898 poenam.
1437 2818 1795 2897 Respondeo
1821 2815 2032 2878 subdi-

462 2915 604 2971 tum
650 2911 1115 2992 delinquentem
1152 2911 1401 2991 proprie
1448 2928 1576 2971 non
1615 2910 1878 2988 obligari
1926 2928 2032 2988 per

466 3003 639 3065 illam
657 3004 882 3083 legem,
910 3005 1030 3065 nisi
1056 3011 1192 3085 post
1214 3005 1609 3079 sententiam,
1630 3005 1879 3084 quando
1906 3004 2030 3081 jam

464 3098 531 3159 in
567 3099 874 3161 territorio
898 3119 1039 3167 ,esse
1083 3099 1489 3180 supponitur:
1535 3100 1701 3160 undc
1731 3103 1896 3160 recte
1923 3097 2031 3159 ad-

465 3200 642 3254 notat
683 3195 1153 3256 Panormitanus
1187 3194 1598 3255 necessarium
1641 3211 1769 3254 esse
1810 3197 1882 3252 ut
1925 3191 2031 3251 de-

462 3288 689 3350 lictum
729 3288 909 3361 illud,
939 3288 1101 3368 quod
1136 3306 1240 3368 per
1284 3287 1471 3348 talem
1515 3285 1717 3365 legem
1745 3285 2026 3364 punitur,

464 3402 590 3443 non
620 3383 697 3442 sit
715 3388 960 3442 tantum
985 3381 1244 3455 malum,
1272 3380 1419 3459 quia
1449 3378 1557 3439 illa
1589 3379 1725 3457 lege
1754 3378 2028 3456 prohibi·-

462 3481 624 3548 tum,
674 3473 781 3533 sed
822 3482 895 3533 ut
924 3478 1307 3554 supponatur
1352 3489 1462 3550 per
1507 3488 1572 3532 se
1611 3471 1873 3546 malum,
1918 3475 2028 3531 aut

463 3566 621 3627 alias
648 3565 1025 3626 sufficienter
1050 3562 1621 3644 prohibitum,quia
1643 3561 1744 3622 lex
1771 3561 1880 3623 illa
1899 3581 2028 3623 non

462 3663 706 3739 poterat
717 3656 1049 3735 probibere
1065 3655 1223 3716 illud
1243 3672 1396 3734 opus
1417 3660 1596 3715 extra
1616 3654 2022 3730 territorium,

462 3758 536 3812 ut
561 3749 1052 3831 probatumest3
1090 3754 1733 3828 ergoneopotestpro
1763 3748 2026 3829 illopoe·

463 3862 613 3907 nam
667 3844 1015 3923 designare,
1065 3844 1189 3904 nisi
1236 3842 1391 3904 alias
1436 3860 1590 3922 opus
1642 3849 2028 3923 supponatur

462 3937 724 4014 malum,
755 3936 854 3998 vel
890 3936 1268 3997 mfficienter
1293 3935 1697 4016 prohibitum.

543 4035 603 4093 7.
641 4031 1041 4109 &spondam-
1066 4030 1441 4109 armamentis
1467 4029 2027 4092 adversantibus.—

461 4126 556 4188 Ad
566 4124 872 4187 rationem
885 4122 1210 4183 dubitandi
1224 4123 1292 4182 in
1304 4122 1610 4202 principio
1622 4121 1884 4201 positam
1901 4138 2029 4183 res-

460 4219 771 4301 pondetur
795 4234 872 4277 ex
893 4216 1094 4291 dictis,
1110 4215 1429 4277 subditum
1452 4223 1626 4278 extra
1644 4214 2029 4278 territorium

463 4316 853 4388 existentem,
877 4310 1022 4370 licet
1057 4328 1184 4370 non
1212 4309 1459 4370 amittat
1481 4308 1920 4387 subjectionem
1961 4308 2030 4368 in

462 4408 707 4481 habitu,
738 4412 809 4466 ut
850 4406 941 4464 sic
956 4403 1186 4478 dicam,
1217 4421 1325 4463 seu
1358 4401 1712 4476 radicalem,
1741 4401 2031 4461 amittere

460 4508 672 4562 tamen
712 4496 1041 4570 actualem,
1073 4514 1181 4556 seu
1218 4495 1354 4573 ejus
1384 4512 1569 4555 usum
1599 4495 1665 4553 in
1692 4494 1909 4554 ordine
1950 4493 2032 4553 ad

462 4593 632 4671 leges
660 4590 977 4662 territorii,
1005 4589 1155 4667 quia
1189 4588 1585 4648 constituitur
1616 4592 1790 4648 extra
1816 4586 2031 4647 termi-

466 4702 580 4745 nos
611 4701 846 4745 earum.
881 4683 949 4742 In
974 4680 1439 4742 confirmatione
1464 4685 1672 4740 autem
1695 4678 1899 4759 prima
1922 4696 2028 4758 pe-

461 4778 614 4839 titur
654 4774 985 4836 difficultas
1019 4774 1103 4833 de
1133 4772 1546 4851 intelligentia
1586 4773 1754 4834 illius
1794 4790 1929 4852 cap.
1967 4770 2025 4833 A

460 4872 654 4943 nobis,
667 4886 806 4947 quoe
823 4867 902 4927 ad
920 4872 1216 4945 punctum
1243 4883 1504 4945 sequens
1522 4866 1721 4944 magis
1732 4865 2026 4944 pertinet,

464 4969 527 5024 et
570 4962 711 5023 ideo
750 4957 1022 5021 breviter
1050 4958 1190 5019 dico
1229 4957 1317 5018 ibi
1359 4976 1485 5021 non
1514 4976 1646 5019 esse
1681 4973 2029 5018 sermonem

466 5055 542 5115 de
571 5060 800 5116 statuto
823 5052 924 5113 vel
950 5052 1111 5131 lege,
1143 5051 1249 5112 sed
1279 5052 1356 5113 de
1392 5053 1697 5113 sententia
1724 5049 2026 5128 generali,

465 5166 572 5208 seu
600 5153 921 5228 prate-epto·
936 5144 1243 5227 personali
1269 5163 1343 5206 ac
1362 5144 1689 5225 temporali
1715 5160 1731 5204 ε
1757 5161 1895 5222 quae
1918 5160 2032 5202 au-

471 5247 595 5301 tem
627 5240 983 5301 differentia
1016 5239 1162 5300 hinc
1187 5244 1476 5301 nascatur
1502 5244 1564 5299 et
1591 5255 1729 5317 quae
1758 5236 1839 5297 sit
1871 5236 2032 5297 ratio

470 5334 627 5414 ejus,
659 5332 863 5392 dicam
890 5333 1121 5394 statim.

552 5428 612 5488 8.
658 5428 916 5503 Propter
948 5424 1280 5484 secundam
1319 5423 1881 5495 confirmationem,
1924 5420 2034 5483 ad-

1476 399 1592 451 Lm.
1630 399 1714 452 m.
1749 398 1830 451 mi:
1861 397 2023 452 LEGE
2054 397 2314 450 mma
2344 398 2426 451 m·
2457 398 2662 451 cmm.

2112 500 2349 579 positas,
2387 508 2459 562 ut
2488 500 2698 561 videre
2742 497 2890 559 licet
2936 497 3005 558 in
3046 495 3312 576 Sylvest.
3354 514 3575 576 supra,
3631 503 3704 558 et

2112 595 2350 673 Angelo
2392 594 2559 656 verb.
2614 593 3192 666 Excommunicatio,
3237 594 3295 667 1,
3334 610 3401 651 n.
3438 594 3544 666 10,
3581 593 3699 670 qui

2112 689 2190 749 ad
2235 688 2351 749 hoc
2397 687 2774 768 principium
2815 685 2952 745 illas
2994 684 3335 758 reducunt,
3383 691 3457 746 ut
3505 691 3700 746 extra

2110 782 2491 842 territorium
2529 798 2657 841 non
2694 779 2923 857 ligetur
2957 779 3120 856 quis,
3161 777 3410 856 quando
3438 785 3504 839 et
3544 797 3698 857 per-

2112 892 2266 935 sona
2305 891 2591 953 operans,
2624 878 2688 933 et
2713 888 2812 933 res
2853 869 3015 932 circa
3048 887 3240 950 quam
3275 876 3597 950 operatur,
3629 879 3697 932 et

2112 967 2276 1028 actio
2295 967 2429 1045 ipsa
2454 964 2711 1026 omnino
2736 968 2880 1024 sunt
2904 968 3080 1023 extra
3105 962 3525 1023 territorium:
3562 982 3689 1024 un-

2113 1060 2213 1134 de,
2240 1060 2291 1120 si
2317 1075 2579 1139 persona
2600 1057 2682 1119 sit
2705 1062 2903 1131 extra,
2933 1073 3032 1116 res
3057 1061 3267 1116 autem
3299 1057 3462 1116 circa
3488 1075 3688 1136 quam

2111 1156 2400 1231 peccatur
2435 1151 2513 1211 sit
2552 1150 2742 1226 intra,
2786 1148 3014 1228 poterit
3043 1147 3339 1226 obligatio
3381 1149 3540 1228 legis
3570 1150 3688 1210 ha-

2111 1242 2258 1305 bere
2285 1243 2512 1304 locum.
2541 1242 2842 1303 Covarrus
2873 1246 3085 1301 autem
3112 1240 3249 1300 aliix²
3278 1241 3486 1301 verbis
3511 1241 3688 1302 limi-

2111 1337 2411 1398 tationem
2427 1334 2694 1415 explicat
2726 1334 2871 1395 licet
2887 1332 3146 1395 fortasse
3168 1334 3237 1394 in
3254 1334 3421 1395 idem
3440 1334 3685 1409 redeat,

2113 1428 2345 1490 scilicet
2378 1429 2582 1507 legem
2607 1445 2736 1488 non
2763 1425 3041 1505 obligare
3067 1431 3244 1488 extra
3269 1427 3685 1502 territorium,

2111 1522 2233 1582 nisi
2274 1522 2535 1582 materia
2575 1521 2708 1599 ejus
2751 1520 3042 1598 respiciat
3085 1519 3324 1580 bonum
3362 1520 3692 1599 ipsiusmet

2111 1614 2429 1688 territorii,
2452 1613 2706 1687 scilicet,
2724 1616 2798 1673 ut
2822 1612 3053 1685 vimtur
3080 1612 3340 1690 injuria,
3363 1618 3473 1672 aut
3495 1631 3691 1673 nocu-

2112 1715 2392 1766 mentum
2420 1707 2579 1783 ejuS,
2601 1706 2701 1766 vel
2726 1704 2960 1783 aliquid
2984 1704 3186 1766 simile
3200 1726 3219 1779 3
3243 1723 3434 1784 quam
3456 1705 3687 1767 doctri-

2110 1816 2260 1859 nam
2300 1816 2511 1859 veram
2540 1815 2783 1873 censeo,
2825 1803 2888 1858 et
2920 1816 3063 1859 eam
3089 1797 3281 1858 latius
3314 1798 3588 1878 explicui
3615 1799 3682 1858 in

2112 1892 2280 1953 dicto
2302 1892 2438 1952 loco
2465 1892 2542 1952 de
2570 1892 2853 1966 Censur.,
2884 1896 2946 1952 et
2985 1909 3062 1952 ex
3093 1889 3184 1950 ibi
3212 1891 3390 1951 dictis
3426 1891 3675 1967 colligo,

2111 2003 2224 2064 per
2268 2002 2407 2045 eam
2448 1984 2516 2043 in
2561 1984 2766 2063 rigore
2797 2001 2926 2044 non
2958 1983 3218 2043 limitari
3252 1984 3663 2058 assertionem,

2112 2077 2260 2156 quia
2292 2075 2519 2137 delicta
2546 2077 2854 2136 contraria
2880 2075 2989 2136 tali
3014 2075 3166 2154 legi,
3185 2094 3306 2136 non
3333 2082 3514 2150 extra,
3546 2074 3656 2134 sed

2111 2169 2278 2229 intra
2307 2168 2690 2229 territorium
2732 2166 2868 2228 fleri
2897 2168 3203 2229 censenda
3225 2174 3392 2229 sunt:
3423 2184 3573 2227 nam
3601 2166 3662 2225 si

2112 2257 2487 2342 praeceptum
2503 2308 2520 2335 ,
2579 2261 2752 2322 verbi
2812 2263 3049 2339 gratia,
3103 2262 3178 2322 sit
3228 2263 3678 2322 affirmativum

2114 2355 2418 2417 mandans
2435 2355 2668 2433 aliquid
2689 2354 2822 2416 fieri
2846 2356 2913 2414 in
2930 2355 3508 2429 territorio,omissio
3533 2353 3686 2430 ejus

2112 2448 2200 2508 ibi
2227 2453 2513 2509 censetur
2543 2448 2965 2509 consummari
2996 2447 3106 2507 ubi
3130 2453 3294 2506 actus
3329 2451 3686 2524 praeceptus

2111 2541 2246 2602 fieri
2291 2541 2625 2615 debuisset,
2668 2541 2816 2619 quia
2863 2541 2953 2600 ibi
3003 2539 3253 2600 videtur
3292 2540 3431 2617 quis
3478 2536 3684 2598 delin-

2110 2653 2297 2714 quere
2325 2635 2433 2695 ubi
2475 2652 2604 2695 non
2638 2635 2787 2696 facit
2812 2635 2978 2714 quod
3019 2633 3225 2707 debet,
3266 2633 3425 2692 sicut
3454 2650 3489 2692 e
3531 2649 3680 2691 con-

2107 2729 2300 2788 trario
2340 2728 2428 2788 ibi
2463 2734 2697 2807 peccat,
2747 2728 2855 2788 ubi
2897 2727 3047 2789 facit
3088 2726 3255 2807 quod
3296 2744 3426 2785 non
3466 2724 3674 2800 debet,

2102 2823 2285 2900 juxta
2310 2822 2513 2900 legem
2541 2821 2660 2895 Qui
2702 2839 2818 2882 non
2850 2821 3030 2898 facit,
3057 2819 3126 2881 fl.
3159 2819 3238 2880 de
3280 2818 3499 2896 Regul.
3543 2819 3669 2896 jur.

2109 2914 2174 2974 Si
2219 2920 2427 2975 autem
2469 2919 2845 2994 praeceptum
2880 2912 2959 2973 sit
2984 2913 3370 2990 negativum,
3415 2915 3478 2971 et
3511 2928 3671 2970 com-

2111 3006 2323 3067 missio
2346 3013 2560 3068 contra
2575 3007 2731 3067 illud
2746 3007 2924 3068 cedat
2943 3007 3011 3067 in
3032 3006 3332 3084 injuriam
3354 3005 3671 3078 territorii,

2110 3099 2198 3161 ibi
2239 3099 2422 3181 plane
2467 3107 2933 3162 consummatur
2976 3098 3299 3175 delictum,
3343 3105 3416 3160 ut
3450 3099 3502 3159 si
3539 3097 3678 3177 quis

2111 3212 2366 3273 corpore
2391 3195 2656 3256 existens
2678 3200 2853 3255 extra
2873 3194 3216 3255 terminum
3240 3193 3561 3267 territorii,
3579 3190 3679 3251 vel

2110 3290 2290 3365 regni
2331 3288 2552 3349 emissa
2595 3287 2820 3365 sagitta
2865 3287 3099 3348 occidat
3143 3287 3466 3347 hominem
3510 3285 3680 3344 intra

2107 3380 2486 3441 territorium
2507 3380 2897 3455 existentem,
2910 3379 3094 3459 plane
3116 3386 3405 3441 censetur
3424 3395 3674 3458 peccare

2106 3472 2175 3532 in
2199 3472 2532 3547 territorio,
2579 3472 2842 3551 ideoque
2872 3477 3089 3533 contra
3113 3471 3316 3551 legem
3344 3477 3579 3550 ageret,
3609 3475 3673 3530 et

2107 3565 2193 3625 sic
2218 3582 2566 3640 censuram,
2592 3565 2734 3625 siin
2762 3582 2836 3626 eo
2854 3565 2982 3626 lata
3003 3570 3181 3639 esset,
3206 3565 3578 3638 incurreret,
3599 3567 3673 3623 ut

2106 3658 2175 3718 in
2202 3659 2389 3719 citato
2417 3658 2553 3719 loco
2579 3657 2733 3718 dixi.
2772 3658 2865 3719 Ita
2890 3675 3039 3736 ergo
3073 3658 3380 3735 contingit
3414 3658 3481 3717 in
3521 3674 3670 3717 casu

2106 3748 2272 3809 illius
2299 3748 2808 3826 confirmationis,
2830 3751 2930 3812 cui
2958 3769 3071 3831 per
3095 3750 3212 3811 hoc
3237 3755 3332 3811 est
3362 3748 3673 3810 sufficien-

2105 3847 2201 3902 ter
2225 3860 2608 3920 responsum.

2186 3935 2248 3995 9.
2294 3935 2466 3997 Idem
2501 3952 2634 3998 oum
2672 3936 3054 4015 proportione
3080 3934 3387 3998 dicendum
3416 3938 3486 3998 de
3522 3936 3673 3998 loeis

2105 4027 2415 4106 exemptis,
2462 4029 2695 4107 quando
2738 4029 2900 4090 alias
2925 4029 3097 4091 intra
3121 4030 3498 4092 terrum-ium
3535 4048 3673 4091 oon—

2107 4120 2490 4181 tinentur.—
2507 4119 2824 4182 Dubitabit
2843 4138 2992 4182 vero
3018 4121 3239 4200 aliquis
3263 4139 3345 4181 an
3385 4122 3552 4182 idem
3576 4121 3673 4182 di-

2108 4212 2372 4273 cendum
2392 4213 2473 4273 sit
2498 4213 2573 4274 de
2604 4212 2754 4274 locis
2776 4213 3098 4293 exemptis,
3122 4213 3373 4292 quando
3395 4213 3547 4274 alias
3573 4214 3672 4273 in-

2108 4312 2206 4379 ter
2240 4307 2622 4372 territorium
2647 4307 3066 4367 continentur.
3095 4306 3213 4368 Sed
3241 4306 3361 4367 hoc
3378 4306 3666 4380 dubium,

2108 4405 2174 4461 et
2189 4399 2575 4479 frequentius
2587 4399 2792 4461 locum
2813 4399 3082 4461 habetin
3103 4399 3342 4479 legibus
3362 4401 3675 4460 canonicis

2111 4510 2299 4572 quam
2328 4493 2397 4553 in
2430 4492 2735 4568 civilibus,
2776 4499 2838 4554 et
2864 4493 3018 4554 illud
3045 4492 3420 4554 sufficienter
3449 4499 3675 4554 tracta-

2110 4586 2173 4646 vi
2200 4586 2269 4646 in
2295 4586 2457 4646 dicto
2487 4585 2622 4646 loco
2654 4585 2731 4647 de
2759 4585 3044 4648 Censuris
3058 4630 3079 4662 ,
3114 4592 3176 4646 et
3216 4584 3358 4647 ideo
3398 4585 3674 4646 breviter

2109 4678 2248 4738 dico
2276 4678 2440 4739 idem
2470 4695 2615 4739 eum
2647 4679 3046 4758 proportione
3075 4678 3408 4739 dicendum
3435 4696 3566 4739 esse
3594 4679 3670 4739 de

2109 4770 2467 4849 hujusmodi
2493 4770 2651 4844 loco,
2682 4788 2819 4849 quae
2852 4776 2944 4830 est
2973 4772 3324 4831 communis
3350 4770 3668 4844 resolutio,

2110 4869 2182 4923 ut
2207 4862 2297 4923 ibi
2333 4863 2500 4940 dixi3
2532 4880 2720 4942 quam
2765 4868 2983 4925 tenent
3031 4864 3220 4924 etiam
3261 4864 3558 4925 Paludan.
3605 4864 3668 4939 4,

2111 4955 2377 5019 distinct.
2406 4957 2502 5031 18,
2530 4961 2745 5035 quaest.
2769 4957 2830 5030 Ξ,
2854 4956 2919 5016 in
2935 4958 2974 5017 2
2992 4961 3167 5036 parte
3190 4955 3380 5031 illius,
3405 4955 3580 5016 artic.
3605 4957 3666 5029 23

2111 5055 2173 5110 et
2188 5048 2276 5108 ibi
2298 5048 2545 5110 Gabriel
2572 5054 2786 5128 quaest.
2814 5050 2876 5123 2,
2900 5050 3074 5110 artic.
3094 5050 3157 5123 2,
3175 5048 3444 5110 conclus.
3460 5049 3500 5109 6
3511 5064 3531 5125 3
3546 5048 3674 5109 An·

2109 5141 2391 5216 tonin.,3
2409 5147 2595 5220 part.,
2624 5142 2787 5203 titul.
2805 5143 2908 5217 24,
2931 5160 3065 5222 cap.
3090 5143 3192 5215 75,
3214 5140 3309 5221 §2
3329 5142 3669 5216 etSumm.3

2112 5235 2342 5310 Rosel.,
2368 5234 2540 5295 verb.
2572 5236 3097 5298 excommunicatio
3150 5237 3212 5309 7,
3251 5234 3287 5314 ἓ
3314 5238 3391 5310 33
3423 5233 3670 5307 Armil„

2112 5344 2286 5388 num.
2325 5328 2438 5400 303
2484 5327 2826 5388 Canonistae
2853 5329 2917 5387 in
2947 5346 3083 5407 cap.
3119 5326 3271 5389 Cwm
3307 5327 3673 5405 Episcopus,

2115 5420 2192 5480 de
2220 5419 2392 5480 Offic.
2425 5419 2628 5480 ordin.
2658 5421 2726 5479 in
2760 5421 2840 5494 6,
2871 5426 2934 5480 et
2967 5420 3034 5480 in
3073 5419 3375 5482 Clement.
3415 5419 3678 5482 Archio-

477 5520 634 5580 dtunt
667 5519 946 5580 doctum
993 5515 1394 5578 limitationes
1434 5516 1673 5595 aliquas
1713 5513 2036 5576 assertioni
2113 5512 2378 5592 piscop0‚
2399 5510 2477 5574 de
2499 5511 2733 5588 Privil„
2768 5518 2831 5574 et
2853 5530 2930 5574 ex
2956 5512 3080 5573 illis
3093 5512 3343 5591 juribus
3366 5512 3484 5573 hoc
3511 5529 3681 5573 com-
