3976 6219
563 368 802 548 {git-‘unu
833 467 942 532 sed
977 465 1186 549 potius
1209 464 1440 546 ubique
1465 466 1820 545 significant
1843 466 1976 527 haec
1998 482 2129 527 esse

565 570 740 627 extra
776 562 981 625 forum
1019 578 1224 635 suum,
1257 576 1401 620 cum
1435 564 1648 621 tamen
1679 559 1830 621 alias
1847 558 2131 638 jurisdic-

443 720 456 734 ,
562 657 798 718 tionem
825 671 1002 715 suam
1031 657 1229 714 totam
1257 670 1416 731 saepe
1457 652 1764 731 explicent
1809 657 1872 713 et
1909 656 2129 713 tuean-

561 754 687 811 tur.
737 749 844 809 Est
882 745 1071 807 etiam
1114 762 1416 824 magnum
1463 749 1928 823 argumentum,
1963 743 2131 823 quod

563 840 864 903 hactenus
889 856 1018 901 non
1037 838 1394 899 invenimus
1418 836 1622 915 legem
1657 837 1868 898 datam
1909 834 1990 897 ab
2020 837 2132 897 Ec-

567 934 749 995 clesia
769 934 846 994 de
867 932 966 993 his
985 931 1221 993 actibus
1246 947 1418 992 mere
1441 930 1702 992 internis
1722 953 1741 1006 3
1769 930 1936 1010 quod
1959 929 2132 991 enim

562 1044 889 1106 nunquam
928 1025 1162 1087 factum
1211 1030 1326 1099 est,
1383 1024 1632 1102 signum
1681 1028 1776 1085 est
1819 1023 1956 1084 fieri
2002 1040 2132 1083 non

561 1136 759 1199 posse.
793 1118 1179 1179 Antecedens
1209 1135 1338 1177 non
1363 1120 1564 1196 potest
1587 1114 1840 1196 probari
1873 1114 2125 1191 directe,

563 1210 872 1273 constabit
917 1216 1131 1271 tamen
1161 1209 1558 1283 sufficienter,
1586 1206 2016 1287 respondendo
2050 1206 2129 1268 ad

563 1304 811 1365 decreta
837 1322 975 1383 quse
1001 1303 1249 1366 Medina
1274 1301 1548 1377 adducit,
1581 1306 1646 1362 et
1669 1300 1912 1381 reliqua
1945 1317 2131 1379 argu·

561 1401 776 1458 menta
796 1395 1110 1458 solvendo.

644 1491 705 1550 8.
752 1490 1031 1551 Potestas
1057 1485 1403 1567 legi-'latina
1441 1503 1552 1565 per
1576 1502 1640 1549 se
1658 1486 1859 1564 primo
1887 1485 2131 1547 ordina·

565 1586 670 1645 tm·
691 1581 774 1644 ad
795 1585 1103 1643 externum
1123 1578 1416 1641 Ecclesiae
1439 1578 1728 1656 πρίω,
1745 1580 1918 1639 actm
1931 1582 2129 1639 autem

562 1674 839 1735 intes-ms
863 1688 1020 1735 more
1041 1689 1162 1733 non
1175 1670 1437 1750 pertinet
1457 1672 1540 1731 ad
1563 1670 1690 1731 Ιιοο.
1716 1703 1797 1715 -
1825 1668 2131 1729 Praeterea

563 1764 712 1825 addi
733 1768 934 1844 potest
951 1762 1376 1840 congruentia,
1407 1761 1553 1839 quia
1586 1765 1852 1840 potestas
1885 1760 2129 1838 legisla-

562 1856 695 1917 fiva
721 1873 832 1935 per
869 1873 934 1916 se
968 1856 1172 1934 primo
1202 1853 1526 1913 ordinatur
1573 1852 1652 1914 ad
1694 1858 2023 1913 externum
2065 1858 2129 1913 et

563 1965 894 2009 commune
937 1946 1222 2007 Ecclesiae
1265 1945 1570 2024 regimen,
1599 1949 1671 2005 ut
1699 1944 1768 2005 in
1809 1962 1883 2006 ea
1915 1944 2129 2006 omnia

565 2040 1007 2102 convenienter
1020 2046 1082 2100 et
1099 2038 1380 2099 ordinate
1396 2035 1574 2111 fiant3
1598 2054 1746 2114 ergo
1774 2054 1886 2116 per
1907 2054 1972 2098 se
1992 2054 2129 2098 ver-

563 2135 686 2197 sari
713 2133 929 2194 debuit
953 2134 1156 2195 solum
1183 2132 1348 2193 circa
1370 2131 1703 2192 exteriores
1725 2136 1898 2191 actus
1929 2152 1946 2204 ;
1977 2149 2125 2191 nam

565 2227 832 2289 Ecclesia
882 2244 1102 2305 corpus
1139 2230 1230 2286 est
1276 2223 1542 2300 visibile,
1585 2229 1648 2285 et
1681 2224 1821 2285 ideo
1865 2226 2149 2309 materia⁴

522 2384 534 2391 ,
563 2319 1025 2381 accommodata
1069 2316 1151 2380 ad
1201 2318 1336 2396 ejus
1373 2334 1768 2377 communem
1811 2321 1874 2377 et
1925 2322 2127 2377 exter-

560 2428 712 2472 nam
743 2410 1279 2488 gubernationem,
1303 2408 1487 2470 debet
1511 2409 1700 2470 etiam
1723 2427 1852 2470 esse
1869 2408 2127 2470 sensibi-

561 2502 660 2577 lis,
691 2513 754 2563 et
774 2507 1065 2577 externa3
1095 2502 1206 2563 illa
1232 2519 1380 2580 ergo
1397 2505 1642 2562 tantum
1665 2506 1758 2563 est
1782 2503 2127 2582 proportio-

563 2600 712 2656 nata
727 2595 1017 2675 potestati
1036 2593 1418 2673 legislativae.
1444 2594 1521 2653 Et
1543 2592 1962 2670 confirmatur,
1980 2595 2129 2673 quia

565 2688 767 2767 gratia
788 2685 1292 2747 accommodatur
1311 2691 1583 2760 naturae3
1617 2684 1887 2764 postulat
1913 2692 2127 2747 autem

563 2783 795 2840 natura
820 2777 1095 2839 bominis
1114 2777 1269 2838 utin
1297 2776 1512 2837 ordine
1539 2776 1620 2837 ad
1648 2777 1933 2856 regimen
1958 2794 2129 2839 com-

564 2868 888 2931 munitatis
925 2866 1238 2944 humanae,
1267 2866 1336 2927 in
1389 2866 1532 2929 solis
1567 2868 1804 2929 actibus
1852 2874 2130 2931 servetur

563 2959 1060 3036 communicatio,
1091 2964 1155 3021 et
1179 2958 1388 3023 debita
1429 2961 1768 3040 proportio,
1797 2966 1929 3023 tam
1969 2960 2130 3023 infe-

561 3053 799 3116 riorum
817 3053 898 3115 ad
923 3051 1287 3133 superiores,
1317 3070 1509 3133 quam
1534 3070 1569 3115 e
1595 3071 1910 3130 converso,
1939 3059 2131 3134 atque

563 3147 840 3227 ipsorum
866 3145 1291 3208 membrorum
1317 3146 1484 3208 inter
1506 3163 1573 3208 se
1599 3167 1616 3222 3
1664 3153 1729 3208 et
1767 3147 1907 3208 ideo
1933 3148 2025 3208 ait
2052 3146 2125 3208 D.

565 3239 835 3301 Thomas
856 3241 917 3301 Ξ.
949 3241 1012 3315 2,
1037 3258 1098 3319 q.
1133 3240 1274 3311 104,
1321 3243 1440 3300 art.
1477 3240 1538 3315 δ,
1574 3238 1992 3302 obedientiam
2012 3239 2130 3300 hu·

562 3349 819 3394 manam
839 3331 922 3392 ad
948 3331 1256 3407 homines,
1283 3330 1483 3392 solum
1505 3349 1634 3393 esse
1659 3331 1842 3392 inbis
1867 3349 2131 3412 quaeper

565 3441 787 3503 corpus
807 3423 992 3498 fiunt,
1021 3429 1084 3484 et
1103 3441 1232 3485 non
1251 3422 1321 3484 in
1333 3421 1646 3499 omnibus,
1671 3422 1973 3484 sedinhis
1992 3441 2131 3504 quae

563 3515 882 3595 pertinent
911 3513 994 3575 ad
1025 3513 1492 3594 dispositionem
1518 3523 1795 3591 actuum,
1829 3520 1892 3576 et
1916 3533 2129 3578 rerum

563 3605 1026 3681 humanarum,
1079 3623 1152 3667 ac
1201 3605 1625 3667 sensibilium:
1671 3624 1822 3668 nam
1865 3625 1942 3668 ea
1990 3625 2130 3686 quse

565 3696 882 3759 sensibilia
917 3713 1047 3756 non
1087 3702 1234 3758 sunt
1277 3715 1406 3758 non
1461 3703 1790 3760 censentur
1828 3698 2125 3776 humana,

565 3788 784 3849 saltem
831 3787 902 3848 in
951 3787 1168 3849 ordine
1217 3788 1297 3849 ad
1345 3791 1852 3853 communitatem
1907 3791 2130 3853 huma-

563 3898 734 3944 nm.
767 3881 930 3960 Ergo
951 3879 1225 3942 Christus
1243 3881 1540 3944 Dominus
1565 3881 1684 3944 hoc
1702 3883 1888 3946 modo
1914 3890 2131 3947 contu-

565 3974 641 4036 lit
691 3972 976 4036 Eeclesiae
1032 3978 1399 4053 potestatem
1448 3974 1646 4051 illam,
1693 3994 1834 4056 quoe
1891 3977 1974 4039 ad
2012 3977 2132 4040 hoc

565 4066 852 4128 Ecclesioe
872 4065 1156 4144 regimen
1185 4065 1552 4144 pertinebat.
1579 4069 1735 4129 Nam
1773 4075 1948 4130 actus
1972 4070 2131 4132 inte-

564 4160 758 4222 riores
767 4157 1016 4238 proprie
1027 4175 1157 4219 non
1169 4157 1484 4236 pertinent
1499 4159 1580 4220 ad
1593 4163 2127 4238 communitatem,

566 4251 676 4313 sed
705 4251 786 4312 ad
815 4250 1123 4330 privatam
1157 4251 1640 4331 uniuscujusque
1681 4253 1946 4316 salutem
1964 4299 1987 4331 ,
2032 4255 2132 4316 vel

565 4342 1053 4427 damnationem,
1073 4341 1300 4420 quibus
1313 4342 1688 4406 sufficienter
1705 4346 2023 4424 provisum
2042 4355 2133 4408 est

566 4451 678 4514 per
717 4435 989 4514 priorem
1031 4438 1397 4514 potestatem
1437 4436 1517 4496 ad
1559 4437 1876 4498 internum
1923 4438 2133 4500 forum

566 4527 1018 4606 pertinentem:
1049 4525 1184 4586 haec
1205 4543 1354 4604 ergo
1371 4531 1465 4587 est
1483 4529 1734 4608 propria
1757 4530 1918 4590 ratio
1943 4529 2133 4610 hujus

566 4618 998 4694 institutioniS,
1028 4622 1091 4679 et
1115 4617 1414 4678 veritatis.

651 4715 714 4774 9.
757 4714 836 4774 Ει
859 4713 1043 4791 juxta
1091 4710 1266 4771 illam
1295 4711 1658 4791 explicanda
1707 4718 1802 4775 est
1848 4714 2009 4776 ratio
2053 4715 2125 4775 D.

565 4806 844 4880 Thomae‚
873 4809 936 4866 et
967 4804 1336 4866 eommunis.
1368 4806 1504 4866 Non
1517 4806 1688 4868 enim
1715 4825 1790 4870 eo
1812 4807 2037 4883 tendit,
2060 4812 2133 4868 ut

566 4895 956 4980 persuadeat,
969 4895 1140 4958 aliud
1148 4895 1336 4959 fixisse
1355 4899 1611 4960 omnino
1619 4899 2131 4980 impossibile,sed

569 4992 766 5055 solum
803 4995 878 5051 ut
915 4989 1183 5051 declaret
1207 4989 1377 5051 hunc
1403 5008 1532 5054 esse
1563 4992 1849 5054 ordinem
1869 5009 2130 5052 consen-

506 5155 510 5163 ·
565 5089 822 5146 taneum
843 5086 1084 5144 naturae
1106 5080 1396 5144 hominis.
1415 5083 1548 5157 Quo
1569 5101 1755 5146 sensu
1775 5101 1995 5146 verum
2012 5089 2128 5160 est,

483 5237 488 5242 .
563 5177 743 5257 juxta
781 5175 876 5237 rei
909 5179 1200 5242 natm-am
1233 5178 1297 5235 et
1331 5175 1710 5238 ordinariam
1743 5176 1948 5256 legem
1965 5219 1988 5251 ,
2036 5193 2132 5236 so-

565 5267 704 5332 lum
729 5267 906 5328 illum
952 5272 1161 5337 actum
1187 5283 1360 5344 posse
1387 5268 1662 5332 humana
1688 5269 1824 5350 lege
1855 5268 2130 5349 proecipi,

569 5360 678 5440 qui
704 5363 904 5439 potest
944 5375 1054 5446 per
1078 5356 1362 5420 homines
1385 5361 1678 5438 judicari,
1718 5363 1806 5422 ita
1832 5366 1906 5422 ut
1929 5377 2133 5422 sermo

545 5487 552 5494 -
569 5451 649 5513 sit
670 5451 747 5514 de
760 5448 997 5531 judicio
1013 5467 1124 5528 per
1140 5452 1510 5515 sententiam
1528 5453 1802 5516 hominis
1817 5453 2133 5535 proferen-

1559 368 1677 423 Lm.
1711 368 1798 421 tv,
1835 366 1918 421 DE
1949 364 2113 420 LEGE
2146 364 2433 419 Posva
2462 360 2791 417 canonica.

2204 464 2307 527 do.
2340 467 2469 527 [mo
2494 464 2709 527 eadem
2736 460 2983 524 ratione
3026 474 3267 523 verum
3292 467 3409 538 est,
3436 462 3583 527 nibil
3602 485 3732 547 posse
3853 486 3854 509 ι

2205 576 2318 639 per
2364 558 2566 637 legem
2614 558 2813 636 ipsam
2860 554 3179 633 judicari,
3234 554 3361 614 nisi
3404 558 3557 635 quod
3594 560 3655 622 de
3686 584 3732 627 se
3853 546 3854 587 ἶ

2205 651 2395 713 etiam
2412 654 2613 731 potest
2626 648 2891 728 judicari
2915 664 3045 727 per
3066 645 3426 708 hominem.
3466 650 3605 711 Nam
3640 655 3735 733 ipsa
3853 678 3854 699 ι

2204 744 2511 807 sententia
2526 741 2799 804 hominis
2810 740 3057 801 dicitur
3078 757 3222 801 esse
3234 739 3515 819 quaedam
3529 741 3617 805 lex
3634 764 3735 825 par-

2201 836 2503 912 ticularis,
2532 839 2596 898 et
2621 853 2658 898 e
2688 832 3009 895 contrario
3036 831 3152 894 lex
3184 831 3513 911 imponens
3542 854 3737 914 poenam
3853 834 3854 865 ³

2203 930 2337 1010 ipso
2393 930 2537 1008 jure
2590 933 2683 991 est
2726 927 3020 1007 quaedam
3076 926 3403 989 sententia
3456 932 3735 1005 generalis:

2202 1025 2370 1087 unde
2400 1024 2471 1085 in
2490 1038 2779 1103 supremo
2806 1019 3121 1083 Pontifice
3146 1026 3303 1083 sunt
3322 1026 3493 1083 actus
3518 1024 3738 1100 ejusdem
3853 1004 3854 1067 3

2203 1117 2543 1197 potestatis.
2596 1113 2772 1189 Quod
2810 1118 3037 1175 autem
3100 1112 3437 1174 interdum
3486 1116 3738 1195 contingat
3853 1112 3854 1123 ’

2206 1209 2441 1289 aliquid
2462 1209 2629 1287 quod
2655 1205 3030 1288 prohibetur
3072 1210 3145 1266 et
3187 1204 3455 1285 punitur
3470 1223 3570 1285 per
3588 1207 3737 1286 legem

2202 1302 2567 1377 humanam,
2618 1318 2749 1361 non
2790 1316 2965 1380 posse
3010 1298 3245 1378 puniri
3280 1316 3397 1377 per
3432 1300 3745 1363 sententiam·

2202 1394 2497 1469 hominis,
2524 1393 3015 1455 accidentes-ium
3066 1398 3171 1453 est
3208 1408 3293 1452 ex
3340 1392 3635 1454 occasione
3656 1394 3733 1453 ali-

2202 1504 2329 1567 qua
2348 1486 2713 1561 exn-inseca,
2740 1486 2891 1565 quia
2922 1484 3259 1546 nimirum
3296 1482 3583 1545 deficiunt
3602 1491 3735 1547 testes

2201 1597 2311 1641 seu
2342 1578 2755 1659 probationes,
2798 1594 2929 1639 non
2952 1594 3120 1638 vero
3150 1594 3237 1639 ex
3270 1580 3495 1637 natura
3525 1576 3645 1637 talis
3663 1596 3732 1637 ac-

2200 1678 2323 1749 tus,
2353 1671 2461 1751 qui
2484 1689 2704 1734 revera
2722 1676 2927 1751 posset
2942 1676 3121 1731 esset
3142 1669 3421 1729 materia
3443 1668 3731 1746 hujusmodi

2194 1764 2442 1843 judicii,
2468 1770 2539 1825 ut
2560 1781 2747 1844 supra
2771 1763 2815 1825 1.
2840 1764 2902 1839 3,
2928 1781 2984 1824 c.
3014 1764 3085 1838 5,
3132 1760 3473 1823 declaravi.
3502 1761 3730 1823 Similiter

2200 1856 2309 1917 illa
2348 1856 2706 1937 propositio,
2748 1855 2914 1935 quod
2944 1860 3233 1934 potestas
3258 1854 3597 1931 legislativa
3618 1872 3731 1913 sem·

2202 1966 2314 2029 per
2360 1950 2548 2011 habet
2580 1954 2948 2029 potestatem
2978 1947 3345 2009 coactivam
3378 1947 3723 2025 conjunctam,

2200 2058 2351 2103 vera
2376 2050 2489 2119 est,
2519 2047 2582 2103 et
2608 2040 2924 2103 moraliter
2946 2039 3337 2114 necessaria,
3351 2044 3425 2099 ut
3438 2038 3727 2099 inductione
3853 2042 3854 2047 ’

2202 2141 2438 2197 constat
2468 2136 2537 2195 in
2562 2151 2955 2213 quacumque
2990 2132 3129 2195 alia
3156 2131 3355 2192 simili
3390 2136 3665 2210 potestate,
3682 2136 3725 2190 et

2200 2228 2347 2305 quia
2367 2233 2632 2306 utraque
2648 2226 2919 2305 pertinet
2942 2226 3021 2285 ad
3046 2224 3405 2304 perfectam
3416 2222 3727 2300 jurisdictio-

2201 2337 2370 2382 nem.
2404 2323 2525 2381 Nec
2554 2320 2782 2381 sufficit
2816 2337 2929 2399 per
2960 2336 3027 2380 se
3074 2316 3401 2397 loquendo
3436 2333 3591 2393 posse
3612 2313 3722 2374 ohli-

2202 2430 2350 2490 gare
2396 2414 2467 2473 in
2520 2412 2925 2487 conscientia,
2978 2410 3110 2471 nisi
3176 2408 3547 2470 interveniat
3584 2407 3725 2466 etiam

2200 2511 2471 2585 potestas
2488 2506 2750 2583 cogendi
2766 2505 2847 2565 ad
2866 2504 3033 2565 hanc
3046 2501 3503 2581 obligationem
3522 2499 3723 2577 implen-

2202 2597 2371 2673 dam,
2402 2616 2511 2658 seu
2540 2596 2727 2676 (quod
2750 2595 2921 2657 idem
2946 2598 3065 2673 est)
3098 2595 3187 2657 ad
3220 2592 3555 2674 puniendos
3572 2596 3723 2649 trans-

2204 2704 2513 2766 gressores
2558 2688 2747 2766 hujus
2798 2686 3229 2765 obligationis.
3290 2682 3565 2759 Quamvis
3612 2698 3720 2758 ergo

2202 2780 2576 2859 speculative
2606 2798 2741 2841 rem
2776 2778 3259 2853 considerando,
3310 2777 3392 2837 sit
3420 2792 3537 2835 una
3566 2778 3719 2851 potes·
3849 2814 3851 2821 .

2202 2876 2297 2932 tas
2326 2870 2684 2953 separabilis
2718 2872 2800 2933 ab
2838 2872 2983 2947 alia,
3022 2889 3165 2933 non
3202 2876 3419 2931 tamen
3442 2864 3715 2935 moraliter,

2202 2971 2267 3025 et
2286 2966 2469 3043 juxta
2506 2965 2977 3027 convenientem
3018 2963 3499 3035 institutionem,
3540 2963 3594 3019 et
3614 2956 3715 3015 ideo

2202 3055 2475 3120 Christus
2500 3058 2797 3120 Dominus
2822 3075 2951 3120 non
2972 3057 3153 3120 dedit
3189 3058 3545 3137 potestatem
3562 3045 3715 3109 homi-

2202 3149 2389 3212 nibus
2414 3151 2496 3211 ad
2528 3150 2815 3213 ferendas
2850 3150 3019 3230 leges
3052 3150 3139 3212 de
3178 3149 3305 3210 illis
3352 3144 3601 3216 actibus,
3630 3155 3713 3218 pro

2202 3242 2430 3321 quibus
2472 3260 2601 3304 non
2648 3248 2936 3323 poterant
2976 3247 3465 3321 umugressorae
3505 3230 3709 3314 panus,

2204 3350 2333 3394 non
2358 3333 2561 3396 solum
2588 3351 2669 3396 ex
2688 3333 3014 3407 accidenti,
3034 3334 3149 3396 sed
3178 3351 3293 3414 per
3312 3348 3399 3406 se,
3418 3333 3557 3390 etex
3570 3326 3710 3384 natu·

2202 3424 2321 3487 rali
2346 3425 2698 3487 conditione
2722 3425 2947 3488 talium
2964 3431 3253 3488 actuum.

2285 3519 2383 3579 10.
2428 3519 2547 3580 Fit
2570 3519 2729 3580 satis
2766 3519 2991 3597 pn‘moe
3016 3512 3475 3582 rationi—lh
3494 3507 3579 3570 his
3598 3502 3707 3566 faci-

2202 3607 2281 3670 lis
2316 3610 2509 3672 etiam
2547 3615 2642 3672 est
2684 3611 3001 3690 responsio
3028 3611 3113 3672 ad
3157 3608 3423 3691 primam
3462 3598 3708 3663 rationem

2204 3700 2274 3763 in
2298 3702 2605 3782 principio
2638 3702 2936 3782 positam3
2962 3703 3365 3765 concedimus
3388 3695 3539 3758 enim
3553 3687 3706 3751 Chris·

2204 3801 2343 3856 tum
2366 3795 2445 3857 de
2460 3795 2741 3858 absoluta
2756 3797 3035 3876 potentia
3064 3814 3187 3858 sua
3215 3791 3472 3875 potuisse
3486 3786 3609 3848 dare
3622 3781 3705 3840 Ec·

2204 3887 2407 3948 clesiae
2445 3887 2609 3949 hane
2639 3893 3037 3969 potestatem3
3094 3901 3395 3967 negamus
3418 3883 3597 3942 autem
3621 3872 3700 3930 de·

2204 3981 2403 4042 disse:
2438 3985 2504 4044 et
2536 3982 2616 4043 ad
2642 3982 2833 4044 verba
2854 3983 3257 4063 quodcumque
3283 3971 3566 4058 tigranem,
3588 3971 3699 4035 ²1⁰0

2201 4073 2643 4154 respondemus
2668 4073 3175 4135 distributionem
3215 4072 3385 4133 illam
3416 4061 3695 4161 intelligen-

2202 4165 2349 4226 dam
2370 4183 2500 4226 esse
2527 4166 2603 4228 de
2630 4167 2922 4227 omnibus
2947 4166 3265 4246 requisitis
3290 4161 3368 4223 ad
3398 4163 3692 4220 convemen·

2200 4261 2331 4318 tem
2352 4257 2635 4320 Ecclesiae
2660 4258 3201 4336 gubernationem.
3237 4257 3382 4330 Quae
3402 4252 3573 4312 autem
3587 4239 3689 4299 11aess

2202 4349 2349 4423 sint,
2378 4349 2664 4428 quamvis
2714 4368 2793 4412 ex
2819 4350 3105 4412 discursu
3136 4346 3392 4412 rationis
3416 4351 3607 4415 magna
3636 4344 3693 4388 0³

2202 4445 2379 4520 parte
2401 4441 2594 4519 possit
2614 4441 2903 4520 intelligi,
2944 4441 3257 4522 praecipue
3288 4429 3609 4500 sumendum
3619 4423 3693 4525 ‚est

2204 4549 2279 4594 ex
2306 4532 2663 4610 traditione,
2700 4539 2765 4596 et
2790 4534 3111 4596 communi
3150 4530 3427 4595 doctrina
3451 4519 3689 4584 Ecclefflae·

2200 4623 2294 4684 Ex
2327 4629 2591 4703 utroque
2636 4631 2849 4687 autem
2898 4625 3097 4706 capite
3140 4619 3523 4698 intelligimus
3560 4608 3687 4668 illum

2200 4721 2566 4795 potestatem
2606 4716 2871 4796 ligandi,
2916 4723 3225 4798 quatenus
3266 4705 3571 4792 legislativa
3601 4698 3688 4795 est,

2198 4807 2270 4869 in
2284 4808 2547 4869 materia
2559 4814 2805 4870 tantum
2826 4815 3108 4886 externa,
3126 4815 3191 4870 et
3206 4798 3467 4870 sensibili
3484 4802 3683 4857 versan-

2201 4898 2349 4960 Dico
2375 4905 2673 4978 proeterea
2702 4901 3157 4981 (respondendo
3190 4899 3271 4962 ad
3310 4895 3541 4958 alteram
3575 4893 3683 4960 ΡΝ·

2200 4989 2518 5053 bationem
2536 4997 2849 5071 sumptam
2880 5011 2961 5056 ex
2986 4992 3134 5070 fine)
3163 4989 3507 5072 potestatem
3535 4968 3684 5035 0021&

2202 5083 2507 5144 siasticam
2556 5083 2625 5144 in
2674 5088 2807 5144 tota
2863 5101 2979 5146 sua
3034 5083 3354 5146 latitudine
3397 5070 3679 5160 εῦΒὶΡῗῧω]

2200 5173 2509 5254 duplieem
2533 5192 2683 5250 esse,
2707 5175 2959 5251 scilicet,
2990 5174 3115 5237 fori
3134 5170 3359 5240 interni
3390 5171 3447 5228 et
3471 5163 3679 5224 exterm-

2202 5266 2365 5340 Quas
2393 5267 2483 5327 ita
2511 5266 2793 5328 distinxit
2820 5285 2893 5329 ao
2922 5267 3255 5331 declaravit
3279 5267 3345 5328 D.
3370 5259 3611 5322 Thomas,
3629 5242 3675 5346 .⁴’

2200 5359 2343 5419 dist.
2372 5361 2471 5434 18,
2516 5377 2579 5438 q.
2614 5362 2675 5436 2,
2721 5366 2835 5423 art.
2871 5364 2931 5437 ι,
2963 5361 3321 5441 quaesuunc.
3366 5358 3421 5428 ι,
3458 5339 3595 5444 quqd
3628 5349 3677 5394 m

2200 5449 2337 5512 foro
2358 5452 2747 5514 conscientiae
2776 5471 2959 5516 eausa
2994 5454 3203 5534 agitur
3232 5455 3383 5514 inter
3423 5438 3674 5502 hommem
