3976 6219
800 435 934 488 cAP.
969 435 1056 489 IX.
1090 434 1304 490 mmm
1332 435 1646 490 pomus
1674 432 2150 489 EchsssmsncA
2180 430 2278 485 sn·
2309 430 2416 483 rrA
2447 428 2774 492 SUPERIOR,
2808 426 2944 481 ETG.

268 535 594 611 successio,
616 533 694 597 de
713 552 838 614 quo
862 534 1012 596 alibi
1026 534 1234 597 latius.
1262 537 1420 599 Hinc
1441 555 1589 599 vero
1612 536 1834 617 colligo

268 626 732 691 extendendum
760 644 891 690 esse
916 627 1179 690 verbum
1200 628 1354 690 illud
1374 647 1492 692 mm
1512 635 1729 709 potest,
1756 630 1836 691 ad

268 726 467 782 totam
517 720 1016 799 jurisdictionem
1063 720 1538 784 ecclesiasticam
1590 723 1836 784 ordina-

269 813 448 888 riam.
482 814 638 875 Nam
665 814 770 876 ille
800 815 908 894 qui
932 815 1193 895 incapax
1215 821 1306 877 oet
1328 816 1646 893 potestatis
1671 816 1837 877 ordi-

272 907 392 984 nis,
425 907 617 968 etiam
640 913 733 968 est
764 907 1023 986 incapax
1047 907 1376 969 ordinariae
1391 907 1837 986 jurisdictionis

271 998 715 1076 ecclesiasticae,
735 999 883 1079 quia
899 1017 977 1061 ex
996 999 1211 1061 divina
1226 1000 1611 1062 institutione
1631 1001 1835 1062 Eccle-

274 1091 366 1153 sia
400 1092 469 1152 in
510 1091 935 1172 spiritualibus
962 1092 1145 1155 dehet
1188 1112 1301 1173 per
1334 1093 1698 1170 sacerdotes,
1727 1099 1837 1155 aut

274 1184 523 1246 clericos
549 1185 862 1247 ordinario
882 1186 1025 1266 jure
1044 1186 1399 1266 gubernari.
1423 1188 1501 1248 Et
1521 1187 1837 1249 nihilomi-

274 1296 391 1339 nus
418 1278 650 1354 addidi,
680 1279 900 1341 saltem
936 1278 1248 1341 ordinario
1270 1280 1435 1358 jure,
1465 1287 1717 1362 propter
1735 1282 1837 1360 ju-

275 1371 703 1433 risdictionem
722 1372 1218 1449 ecclesiasticam,
1232 1379 1536 1453 quatenus
1550 1393 1662 1455 per
1679 1377 1837 1436 Pon-

276 1461 505 1524 tificem
527 1463 799 1543 delegari
825 1470 1046 1544 potest,
1068 1465 1145 1526 de
1168 1482 1293 1545 qua
1313 1472 1407 1528 est
1424 1467 1838 1528 controversia

278 1572 359 1615 an
382 1555 604 1635 aliquis
630 1562 802 1618 actus
830 1558 1018 1637 hujus
1039 1559 1355 1638 potestatis
1377 1560 1681 1621 committi
1702 1578 1839 1640 pos-

278 1647 358 1707 sit
401 1647 670 1710 feminae.
719 1650 789 1710 In
833 1668 957 1729 qua
1003 1657 1243 1712 certum
1279 1656 1393 1727 est,
1442 1670 1573 1713 non
1614 1651 1838 1714 debere

280 1741 605 1818 committi,
628 1747 692 1803 et
716 1744 914 1821 magis
941 1749 1256 1824 receptum
1278 1750 1369 1805 est
1386 1763 1513 1807 uon
1539 1764 1735 1826 posse,
1765 1751 1839 1806 ut

279 1834 346 1894 in
370 1834 627 1895 materia
651 1834 729 1896 de
759 1835 1063 1912 CensuriS,
1084 1836 1243 1916 disp.
1275 1838 1338 1913 2,
1368 1843 1515 1900 sect.
1541 1839 1602 1914 3,
1626 1856 1665 1898 a
1683 1857 1748 1899 n.
1772 1840 1834 1914 5,

279 1927 558 1988 tractavi.
583 1928 660 1987 Et
678 1928 881 2007 quoad
898 1934 1263 2008 praesentem
1280 1936 1641 2009 potestatem
1659 1930 1842 2009 legis-

278 2016 556 2093 lativam,
585 2037 908 2099 nunquam
931 2021 1134 2082 visum
1157 2029 1250 2084 est
1272 2022 1341 2085 in
1358 2022 1650 2099 Ecclesia,
1675 2022 1840 2102 quod

281 2108 532 2187 signum
565 2117 658 2172 est
677 2109 814 2173 fieri
841 2131 969 2173 non
1000 2130 1199 2193 posse.

355 2201 416 2262 8.
460 2203 628 2265 Mero
653 2204 850 2267 laicus
867 2206 1134 2284 possitne
1165 2207 1311 2287 eliqi
1330 2208 1534 2287 Papa,
1555 2213 1610 2271 et
1628 2208 1843 2271 electu

277 2295 375 2356 nti
401 2295 1298 2374 suajmisdiotione.—Ultimo
1327 2305 1421 2362 est
1446 2300 1514 2361 in
1537 2298 1654 2361 hac
1667 2306 1842 2379 parte

283 2385 654 2464 differentia,
676 2389 841 2467 quod
873 2396 1142 2469 potestas
1174 2392 1373 2453 civilis
1396 2411 1526 2454 esse
1557 2398 1758 2473 potest
1773 2395 1840 2454 in

281 2497 452 2541 mere
480 2479 685 2559 laicis3
726 2482 857 2544 haec
888 2489 1097 2544 autem
1133 2502 1263 2544 non
1310 2486 1432 2546 nisi
1472 2486 1540 2546 in
1577 2486 1837 2562 clericis,

284 2589 423 2650 quae
444 2572 660 2634 eodem
690 2575 876 2636 modo
898 2575 1264 2654 explicanda
1292 2582 1406 2653 est,
1441 2577 1599 2638 sicut
1614 2595 1840 2656 praece-

283 2665 470 2743 dens;
512 2684 869 2746 quanquam
908 2668 984 2729 de
1024 2668 1344 2748 pontificia
1383 2675 1680 2749 potestate
1714 2689 1841 2732 non

284 2758 364 2819 sit
385 2759 474 2820 ita
494 2765 756 2836 certum,
786 2779 956 2822 mere
980 2761 1211 2822 laicum
1230 2781 1360 2824 esse
1387 2764 1643 2825 omnino
1669 2763 1840 2826 inca-

283 2871 501 2933 pacem
528 2854 686 2931 ejus,
724 2855 778 2914 si
811 2855 1045 2934 alioqui
1072 2856 1190 2917 rite
1218 2856 1507 2936 eligatur,
1536 2862 1610 2918 ut
1635 2859 1845 2919 statim

285 2944 630 3006 ordinetur.
680 2946 787 3006 Est
834 2952 1045 3008 autem
1090 2953 1330 3009 certum
1371 2966 1690 3027 nunquam
1716 2966 1847 3010 esse

285 3036 522 3097 factum
552 3038 619 3096 in
646 3037 935 3115 Ecclesia,
976 3057 1090 3100 nec
1133 3038 1269 3100 fieri
1322 3039 1571 3118 debere,
1599 3046 1850 3121 propter

288 3128 629 3190 novitatem
684 3134 748 3190 et
769 3130 1137 3210 periculum.
1181 3132 1258 3191 Et
1286 3131 1571 3193 similiter
1604 3137 1695 3193 est
1722 3151 1849 3194 cer-

287 3225 424 3281 tum
453 3239 579 3282 non
620 3220 845 3283 debere
877 3222 963 3283 sic
993 3222 1259 3284 electum
1283 3224 1375 3283 uti
1400 3224 1849 3302 jurisdictionis

288 3319 609 3391 potestate,
661 3314 782 3374 nisi
829 3314 909 3374 sit
953 3314 1271 3376 ordinatus
1291 3359 1312 3390 ,
1362 3318 1647 3394 quamvis
1703 3322 1847 3378 ante

286 3404 669 3485 pontificiam
696 3407 1220 3468 consecrationem
1246 3408 1439 3487 possit
1465 3408 1574 3471 illa
1601 3410 1696 3470 uti
1726 3415 1848 3471 sta-

287 3497 404 3557 tim
424 3504 609 3578 atque
642 3497 873 3559 electus
897 3504 1014 3576 est,
1040 3503 1105 3559 et
1123 3498 1193 3560 in
1219 3499 1362 3560 sede
1393 3500 1740 3562 collocatus.
1763 3502 1847 3563 De

290 3590 572 3651 inferiori
616 3595 826 3652 autem
853 3596 1153 3669 potestate
1182 3590 1568 3653 ordinarium
1606 3593 1710 3672 jus
1735 3594 1849 3653 Ec-

290 3681 490 3743 clesiae
526 3689 640 3759 est,
681 3689 753 3745 ut
790 3683 960 3744 laicis
992 3701 1121 3745 non
1148 3685 1594 3761 committatur,
1625 3690 1689 3747 et
1710 3685 1848 3746 ideo

292 3774 458 3836 infra
492 3794 809 3838 summum
844 3776 1196 3854 Pontificem
1223 3778 1431 3838 nullus
1453 3783 1653 3858 potest
1676 3777 1847 3839 illam

293 3868 680 3932 committere
703 3869 859 3930 laico
878 3887 894 3932 ε
913 3871 1104 3947 unde,
1132 3871 1279 3933 licet
1296 3871 1629 3951 aliquando
1646 3871 1850 3932 visum

294 3960 374 4020 sit
408 3960 637 4022 laicum
670 3961 840 4041 eligi,
908 3969 1018 4024 aut
1052 3962 1352 4043 postulari
1405 3963 1484 4024 ad
1540 3964 1851 4043 episcopa·

292 4057 451 4129 tum,
486 4059 559 4114 ut
583 4054 1001 4132 Ambrosium,
1039 4062 1186 4133 etc„
1221 4073 1351 4117 non
1399 4060 1611 4117 tamen
1650 4056 1853 4117 visum

293 4153 386 4207 est
414 4146 508 4206 illi
533 4146 669 4208 dari
709 4149 1031 4227 potestatis
1076 4165 1289 4224 usum,
1343 4148 1539 4210 donec
1582 4148 1855 4228 aliquam

293 4239 747 4301 ordinationem
778 4242 1021 4322 accipit.
1051 4241 1317 4323 Ideoque
1342 4259 1624 4302 summus
1650 4241 1858 4303 Ponti-

294 4334 425 4410 fex,
453 4334 766 4394 ordinario
789 4336 930 4415 jure
965 4335 1217 4411 utendo,
1264 4335 1438 4398 illam
1473 4353 1599 4397 non
1623 4336 1859 4417 praebet

296 4426 422 4486 nisi
455 4425 698 4487 homini
725 4428 1056 4489 constituto
1092 4428 1160 4489 in
1196 4428 1404 4509 aliquo
1440 4429 1639 4509 gradu
1671 4428 1857 4490 cleri-

298 4518 440 4596 cali,
469 4518 688 4580 saltem
712 4520 933 4600 primae
956 4527 1249 4594 tonsurae,
1272 4523 1559 4601 quamvis
1581 4520 1658 4583 de
1680 4521 1859 4582 abso-

298 4610 433 4673 luta
447 4613 726 4693 potentia
750 4614 941 4694 possit
970 4614 1226 4676 fortasse
1253 4615 1422 4676 aliud
1448 4615 1671 4677 facere.
1706 4614 1860 4675 Aliae

298 4705 567 4785 denique
607 4706 988 4769 excellentiae
1019 4713 1273 4787 possunt
1302 4708 1502 4784 facile,
1541 4726 1621 4770 ex
1646 4725 1862 4788 supra·

300 4796 500 4872 dictis,
530 4798 597 4858 in
640 4798 757 4860 hac
783 4797 1194 4862 ecclesiastica
1243 4805 1545 4880 potestate
1589 4799 1863 4861 conside-

299 4889 453 4965 rari,
499 4890 747 4968 scilicet,
793 4892 958 4972 quod
994 4892 1074 4953 sit
1114 4892 1311 4954 multo
1345 4892 1774 4967 universalior,
1804 4896 1867 4953 et

302 4982 374 5042 in
405 4998 515 5042 suo
543 4983 742 5061 gradu
759 5001 1047 5065 supremo
1071 4985 1151 5046 sit
1176 4985 1361 5046 unica
1390 5002 1504 5065 pro
1530 4989 1660 5046 toto
1685 4982 1863 5060 orbe,

304 5080 369 5136 et
403 5075 567 5156 quod
617 5076 698 5136 sit
732 5078 1003 5140 maxime
1046 5079 1413 5154 necessaria,
1454 5084 1518 5140 et
1558 5077 1725 5156 quod
1755 5094 1864 5137 suo

305 5167 492 5229 modo
522 5168 603 5229 sit
642 5169 922 5231 Ecclesiae
946 5171 1446 5247 fundamentum,
1498 5175 1571 5230 ut
1614 5169 1767 5231 dixit
1790 5169 1859 5229 D.

305 5259 573 5321 Thomas
588 5260 658 5321 in
672 5263 734 5337 2,
750 5262 889 5324 dist.
918 5264 1021 5340 44,
1041 5263 1110 5323 in
1127 5263 1348 5324 ultimo
1375 5259 1565 5322 dubio
1586 5259 1864 5338 litterali3

308 5369 381 5412 ac
429 5350 696 5431 denique
745 5354 910 5433 quod
946 5354 1277 5416 nobiliores
1320 5352 1544 5414 habeat
1575 5351 1824 5413 effectus
1840 5396 1863 5428 ,

309 5442 477 5522 quod
502 5446 865 5527 explicando
884 5446 1052 5528 leges
1078 5448 1211 5527 ejus
1239 5445 1438 5524 magis
1461 5444 1783 5507 constabit.

994 5582 1205 5607 *OQ—-

3354 417 3474 480 ³65

2503 632 2752 694 CAPUT
2793 631 2896 692 IX.

1913 836 2116 883 uuum
2156 833 2442 881 romans
2473 830 2920 879 mausum
2947 829 3037 876 sn·
3064 827 3167 876 ῙΤΔ
3195 829 3475 876 summos

2033 928 2240 987 cwm,
2268 927 2345 973 11⁹1·
2374 926 2553 974 mm
2589 925 2699 971 sm
2728 923 3062 970 summunt
3086 922 3348 970 mnu.

1999 1106 2057 1165 4.
2104 1102 2396 1176 Quamvis
2443 1099 2746 1180 superiori
2793 1099 2991 1178 capite
3042 1103 3354 1159 ostensum
3399 1098 3481 1161 sit

1913 1196 2377 1259 ecclesiasticam
2403 1198 2770 1273 potestatem
2813 1208 2942 1252 esse
2980 1189 3477 1253 excellentiorem

1914 1291 1983 1351 in
2006 1287 2401 1370 perfectione,
2447 1303 2575 1345 non
2614 1283 2760 1344 inde
2790 1283 2999 1343 statim
3050 1281 3319 1343 infertur
3352 1300 3483 1344 esse

1917 1381 2294 1462 superiorem
2313 1379 2381 1439 in
2403 1376 2906 1438 subordinatione
2930 1379 2992 1435 et
3016 1375 3265 1454 propria
3285 1375 3481 1452 juris-

1916 1474 2223 1549 dictione3
2261 1488 2410 1531 nam
2440 1474 2640 1548 potest
2666 1466 2923 1528 facultas
2955 1484 3081 1526 una
3105 1484 3234 1527 esse
3273 1467 3483 1527 minus

1916 1565 2189 1647 perfecta
2223 1580 2413 1641 quam
2447 1561 2593 1635 alia,
2629 1565 2692 1622 et
2740 1577 2868 1620 non
2897 1555 2991 1620 illi
3035 1557 3333 1636 subjecta,
3382 1558 3482 1620 vel

1918 1656 2342 1721 subordinata.
2359 1654 2559 1733 Atque
2582 1652 2734 1713 hinc
2758 1652 2921 1713 sumi
2948 1656 3148 1731 potest
3181 1651 3340 1712 ratio
3366 1651 3481 1711 du-

1917 1748 2182 1824 bitandi,
2218 1747 2370 1829 quia
2414 1743 2839 1807 subordinatio
2870 1742 3005 1805 haee
3030 1761 3158 1804 non
3205 1744 3484 1823 sequitur

1918 1844 2247 1906 intrinsece
2274 1858 2353 1904 ex
2381 1839 2606 1919 majori
2632 1837 3042 1919 perfectione:
3063 1855 3264 1917 neque
3292 1836 3481 1898 etiam

1920 1936 2160 1999 ostendi
2184 1939 2385 2015 potest
2415 1951 2489 1995 ex
2520 1930 2768 2012 speciali
2791 1929 3015 1992 Christi
3048 1929 3475 1991 concessione:

1921 2049 2070 2110 ergo
2096 2046 2224 2089 non
2252 2027 2455 2088 datur.
2480 2025 2679 2103 Major
2727 2027 2898 2102 patet
2923 2040 3001 2084 ex
3020 2022 3263 2083 ratione
3289 2020 3477 2098 facta,

1920 2128 1983 2183 et
2002 2119 2211 2202 juvari
2244 2122 2447 2198 potest
2472 2115 2759 2196 exemplo
2802 2114 2958 2194 legis
2983 2115 3231 2190 veteris,
3259 2115 3326 2174 in
3357 2132 3484 2193 qua

1920 2215 2109 2276 etiam
2132 2212 2252 2273 fuit
2274 2216 2542 2291 potestas
2560 2207 2954 2270 sacerdotalis
2975 2211 3039 2268 et
3064 2207 3258 2285 regia,
3290 2211 3353 2267 et
3381 2207 3482 2268 ni-

1918 2304 2259 2367 hilominus
2300 2301 2526 2380 regalis
2553 2319 2682 2361 non
2719 2304 2854 2361 erat
2902 2298 3178 2377 subjecta
3207 2299 3485 2359 sacerdo-

1920 2397 2065 2474 tali;
2096 2397 2225 2456 imo
2245 2394 2449 2474 potius
2474 2393 2720 2454 videtur
2744 2408 2919 2472 posse
2954 2391 3336 2452 contrarium
3383 2410 3484 2452 su-

1919 2491 2010 2551 mi
2038 2507 2114 2551 ex
2139 2491 2176 2549 3
2199 2487 2443 2566 Regum
2469 2488 2531 2561 2,
2553 2484 2662 2546 ubi
2678 2484 2970 2546 Salomon
2998 2484 3279 2563 deposuit
3297 2483 3483 2546 Abia-

1919 2584 2064 2644 thar
2102 2600 2142 2642 a
2181 2577 2542 2654 sacerdotio,
2573 2584 2635 2639 et
2673 2577 2808 2638 loco
2836 2576 3002 2637 illius
3026 2576 3232 2655 posuit
3258 2576 3483 2653 Sadoc3

1922 2693 2070 2753 ergo
2097 2679 2230 2735 erat
2255 2677 2408 2732 tunc
2430 2668 2821 2731 sacerdotalis
2842 2673 3106 2747 potestas
3124 2668 3241 2728 sub
3262 2668 3482 2746 regali,

1921 2767 2126 2848 potius
2153 2781 2342 2844 quam
2367 2781 2404 2824 e
2435 2761 2766 2823 contrario.
2803 2760 3007 2822 Minor
3030 2765 3239 2821 autem
3272 2760 3489 2838 proba-

1922 2864 2048 2935 tur,
2080 2857 2228 2938 quia
2262 2855 2332 2917 in
2382 2856 2552 2916 Novo
2599 2855 2994 2915 Testamento
3042 2869 3169 2913 non
3221 2851 3488 2930 legimus

1925 2949 2264 3011 instituisse
2286 2946 2598 3008 Christum
2645 2944 3060 3007 sacerdotium
3100 2944 3488 3006 concedendo

1928 3042 2023 3102 illi
2060 3041 2225 3102 hanc
2271 3039 2769 3120 superioritatem
2791 3081 2814 3114 ,
2865 3037 3014 3117 quia
3062 3037 3280 3098 Petrus
3292 3083 3312 3114 ,
3362 3055 3491 3098 non

1928 3134 2211 3196 obstante
2239 3147 2353 3193 sua
2374 3137 2694 3210 potestate,
2718 3130 2997 3210 praecipit
3024 3130 3312 3191 omnibus
3338 3129 3490 3191 fide-

1926 3226 2093 3287 libus
2131 3225 2439 3303 subjectos
2486 3240 2614 3284 esse
2661 3220 3046 3302 principibus
3091 3227 3153 3283 et
3199 3221 3484 3300 regibus,

1928 3320 1960 3377 1
2009 3318 2138 3378 Pet.
2189 3318 2266 3393 23
2302 3320 2365 3376 et
2399 3314 2646 3389 Paulus,
2685 3314 2863 3375 Rom.
2895 3314 2993 3388 43,
3023 3313 3189 3376 idem
3216 3331 3488 3394 pronun-

1927 3410 2042 3470 tiat
2067 3410 2144 3470 de
2175 3407 2348 3469 omni
2395 3407 2629 3468 anima.
2657 3407 2864 3485 Neque
2895 3406 3086 3467 etiam
3113 3407 3180 3467 id
3228 3406 3490 3467 babetur

1928 3520 2005 3564 ex
2032 3501 2389 3577 traditione,
2430 3518 2579 3562 nam
2625 3500 2830 3580 potius
2860 3517 2938 3561 ex
2974 3500 3247 3562 historiis
3282 3500 3489 3578 colligi

1926 3600 2128 3675 potest
2154 3596 2558 3674 imperatores
2578 3593 2889 3672 judicium
2917 3593 3232 3655 interdum
3276 3593 3489 3655 tulisse

1929 3686 2008 3747 de
2034 3685 2454 3761 Pontificibus,
2481 3702 2706 3765 eosque
2725 3683 3096 3765 deposuisse.

2010 3781 2073 3840 2.
2121 3778 2436 3843 Conclusio
2463 3779 2853 3856 affirmativa
2878 3780 2944 3841 ob
2965 3780 3258 3843 unitatem
3282 3781 3491 3845 Eccle-

1929 3873 2041 3935 σία·
2066 3871 2325 3936 Christi.
2349 3903 2433 3918 —
2452 3871 2866 3932 Nihilominus
2889 3871 3219 3935 dicendum
3252 3881 3346 3936 est
3389 3893 3492 3955 po-

1927 3969 2217 4027 testatem
2244 3964 2726 4027 ecclesiasticam
2768 3981 2898 4024 non
2941 3964 3142 4027 solum
3172 3984 3302 4028 esse
3332 3969 3399 4028 in
3426 3986 3492 4030 se

1932 4057 2325 4132 nobiliorem,
2374 4056 2481 4118 sed
2526 4055 2717 4116 etiam
2743 4056 3146 4136 superiorem,
3179 4065 3242 4120 et
3265 4058 3493 4123 habere

1934 4150 2054 4211 sibi
2075 4149 2540 4211 subordinatam
2565 4152 2628 4208 et
2652 4146 2994 4226 subjectam
3016 4155 3379 4227 potestatem
3408 4153 3494 4213 ci-

1935 4241 2145 4303 vilem.
2181 4242 2342 4303 Sunt
2366 4239 2537 4301 enim
2558 4238 2692 4300 haec
2718 4238 2866 4313 duo,
2894 4245 2966 4301 ut
2992 4240 3147 4319 dixi,
3165 4242 3344 4305 valde
3372 4244 3494 4305 dis-

1936 4335 2153 4411 tincta,
2183 4333 2351 4414 quod
2383 4334 2574 4394 etiam
2605 4333 2677 4393 D.
2706 4332 2976 4394 Thomas
3022 4333 3092 4395 in
3136 4336 3175 4395 Ξ
3196 4380 3216 4411 ,
3247 4336 3316 4396 in
3344 4336 3492 4414 fine,

1937 4429 2083 4490 dist.
2131 4430 2234 4504 44,
2278 4426 2636 4489 declaravit.
2677 4427 2785 4487 Est
2823 4443 2973 4505 ergo
3006 4426 3318 4490 conclusio
3363 4429 3498 4492 haec

1937 4526 2107 4583 certa
2132 4525 2197 4582 et
2219 4519 2568 4581 communis
2590 4517 2755 4597 apud
2773 4518 3135 4595 catholicos,
3164 4520 3241 4583 de
3262 4540 3387 4601 qua
3406 4524 3500 4583 vi-

1940 4614 2075 4676 deri
2108 4617 2309 4693 potest
2335 4612 2406 4673 D.
2431 4611 2699 4672 Thomas
2724 4611 2849 4689 ibi3
2881 4617 2945 4673 et
2970 4613 3230 4690 Bonam,
3277 4620 3431 4677 tom.
3458 4617 3498 4675 2

1942 4707 2200 4786 Opusc.,
2244 4706 2315 4765 in
2367 4705 2484 4781 383
2524 4709 2589 4764 et
2626 4703 2849 4766 Eccles.
2908 4704 3266 4782 Hieran-ch„
3316 4726 3381 4786 p.
3420 4709 3496 4783 2,

1943 4798 1981 4879 g
2013 4803 2072 4875 1,
2107 4798 2175 4858 in
2209 4796 2349 4874 fin.;
2380 4796 2656 4872 Henric.,
2682 4796 2954 4876 quodlib.
2980 4798 3043 4874 6,
3077 4816 3140 4878 q.
3171 4799 3285 4876 233
3310 4799 3498 4875 vict„

1942 4891 2151 4952 relect.
2174 4890 2307 4951 2de
2327 4891 2551 4951 Potest.
2575 4889 2878 4965 Ecclesiae,
2896 4896 2961 4952 et
2984 4890 3190 4953 relect.
3211 4891 3288 4952 de
3313 4891 3498 4967 ludis,

1942 5003 2008 5064 p.
2043 4988 2103 5061 1,
2128 5002 2195 5045 n.
2227 4985 2329 5059 29,
2356 4982 2466 5044 ubi
2492 4982 2644 5044 dicit
2667 4982 2788 5044 hoe
2825 5000 2956 5046 esse
2995 5001 3214 5046 verum
3249 5002 3378 5046 non
3405 5002 3503 5045 so-

1943 5077 2079 5139 lum
2106 5078 2184 5140 de
2221 5081 2521 5156 potestate
2546 5075 2687 5151 hac,
2716 5080 2900 5155 prout
2927 5082 3020 5137 est
3063 5077 3131 5137 in
3180 5078 3366 5156 Papa,
3395 5077 3502 5139 sed

1944 5171 2135 5231 etiam
2181 5175 2367 5249 prout
2411 5173 2503 5230 est
2545 5168 2615 5228 in
2655 5167 2933 5246 quolibet
2962 5167 3281 5249 Episcopo.
3330 5170 3503 5243 Quod

1942 5262 2083 5341 jure
2100 5261 2414 5322 ordinario
2432 5265 2494 5321 et
2511 5258 2935 5334 ecclesiastico,
2959 5278 3031 5321 ac
3048 5261 3296 5323 seclusis
3314 5263 3503 5342 privi-

1946 5353 2127 5432 legiis
2146 5359 2254 5414 aut
2268 5351 2758 5431 exemptionibus
2776 5369 2996 5413 verum
3017 5358 3143 5431 est3
3160 5354 3227 5414 in
3245 5373 3505 5435 sequen-

1945 5445 2114 5506 tibus
2163 5462 2310 5506 vero
2362 5443 2627 5523 amplius
2654 5450 3015 5523 exponetur.
3055 5445 3266 5507 videri
3315 5447 3503 5508 etiam

1947 5543 2205 5619 possunt
2234 5536 2454 5601 Driedo
2476 5535 2555 5599 de
2579 5534 2885 5600 Libertate
2917 5536 3263 5601 Christiana
3300 5537 3411 5601 lib.
3436 5539 3499 5616 Ξ,
