3976 6219
821 446 954 498 CAP.
990 446 1119 497 xxl.
1156 445 1369 498 UTRUM
1400 446 1523 498 LEx
1556 442 1777 498 clvlms
1810 439 2024 493 Possm·
2057 441 2353 499 snssm‘ros
2387 440 2711 503 OBLIGARE,
2746 441 2880 492 E‘rc.

3331 438 3452 498 259

247 549 593 629 perioribus
613 548 817 627 tetigi,
838 547 938 608 lex
959 548 1234 609 humana
1248 567 1309 608 se
1328 547 1517 608 habet
1539 552 1610 606 ut
1628 562 1811 606 causa
1887 559 2016 603 non
2043 542 2144 615 sit,
2175 541 2391 603 saltem
2422 560 2530 621 per
2560 542 2900 603 discursum
2929 547 2991 602 et
3017 540 3449 603 deductionem

249 642 535 722 proxima
568 647 631 703 et
655 641 948 715 secunda,
973 657 1111 720 111131
1140 641 1358 701 nititur
1382 641 1448 700 in
1475 639 1611 717 lege
1638 643 1812 699 10101-

249 753 331 795 na
359 741 659 814 tanquam
687 735 756 795 in
780 753 965 796 causa
991 736 1193 815 prima
1238 757 1253 796 t
1303 735 1555 796 effectus
1576 736 1809 804 autem,

251 828 355 908 qui
397 830 675 907 proxime
723 834 815 890 est
864 846 902 888 a
939 847 1124 889 causa
1172 829 1478 903 secunda,
1522 826 1611 886 ita
1662 830 1733 885 ut
1776 840 1816 884 a

249 922 454 1000 prima
513 939 644 983 non
696 920 894 997 fieret,
946 921 1069 982 nisi
1109 939 1222 1001 per
1265 920 1438 981 illam
1453 965 1473 995 ,
1528 916 1816 979 secundae

251 1013 612 1093 simpliciter
659 1014 975 1090 tribuitur,
1018 1020 1082 1076 et
1127 1014 1267 1075 ideo
1312 1012 1607 1091 obligatio
1633 1010 1766 1083 haee
1789 1052 1810 1084 ,

253 1106 494 1167 etiamsi
517 1106 598 1168 sit
621 1108 689 1169 in
708 1108 1105 1184 conscientia,
1127 1106 1488 1187 simpliciter
1506 1110 1599 1167 est
1619 1122 1657 1165 a
1678 1103 1816 1181 lege

251 1198 550 1261 humana.

332 1293 394 1354 8.
439 1293 749 1358 Proediota
781 1300 1045 1373 potestas
1078 1299 1165 1357 cst
1204 1293 1543 1357 necessaria
1573 1291 1655 1353 ad
1680 1308 1819 1353 coa-

252 1385 574 1449 venientem
614 1388 1097 1466 qubernationem
1133 1387 1479 1466 reipublicae
1518 1386 1817 1448 humum.

257 1480 546 1540 -Tertia
570 1480 728 1541 ratio
750 1480 852 1556 sit,
879 1481 1027 1560 quia
1051 1481 1182 1542 haec
1209 1485 1476 1560 potestas
1498 1483 1588 1539 est
1616 1493 1822 1538 neces?

259 1570 422 1632 saria
451 1570 529 1632 ad
560 1573 1028 1638 convenientem
1064 1572 1577 1651 gubernationem
1606 1569 1821 1649 reipu-

258 1660 431 1725 blicae
453 1661 744 1727 humanae
768 1682 879 1727 :ex
910 1664 1033 1728 fine
1051 1672 1262 1727 autem
1286 1669 1449 1727 recte
1473 1661 1825 1740 colligimus

261 1756 598 1821 efficaciam
623 1775 839 1834 causae,
864 1760 1202 1839 praesertim
1225 1759 1292 1819 in
1314 1756 1672 1818 moralibus.
1700 1755 1825 1816 An-

262 1850 549 1911 tecedens
581 1856 770 1930 patet,
812 1851 960 1930 quia
996 1852 1186 1915 etiam
1228 1852 1296 1912 in
1327 1848 1720 1912 inferioribus
1763 1851 1826 1908 et

260 1942 636 2023 imperfectis
668 1944 1220 2006 communitatibus
1248 1949 1340 2005 est
1371 1941 1708 2003 necessaria
1734 1939 1826 2000 vis

260 2035 659 2113 praecipiendi
670 2079 691 2110 ,
740 2035 1073 2115 obligando
1128 2037 1195 2097 in
1245 2034 1656 2099 conscientia:
1710 2033 1828 2094 hac

259 2125 427 2188 enim
451 2128 693 2189 ratione
716 2134 890 2208 pater
915 2134 1113 2210 potest
1134 2129 1411 2208 obligare
1430 2128 1652 2203 filium,
1674 2127 1829 2189 adeo

258 2223 328 2281 ut
371 2220 549 2283 Deut.
592 2221 664 2282 ‘21
723 2220 946 2301 dignus
994 2227 1193 2284 morte
1230 2221 1617 2300 judicaretur
1664 2220 1829 2281 filius

260 2330 386 2374 non
406 2312 697 2375 obediens
714 2320 1016 2394 praecepto
1042 2315 1254 2395 patris.
1277 2317 1355 2375 Et
1372 2314 1658 2375 similiter
1674 2331 1832 2375 uxor

261 2406 332 2466 in
372 2406 745 2470 conscientia
789 2411 1038 2468 tenetur
1070 2406 1320 2468 obedire
1364 2407 1611 2483 marito,
1653 2407 1829 2485 juxta

264 2500 416 2563 illud
447 2501 622 2563 Pauli
651 2501 732 2562 ad
759 2500 886 2562 Col.
920 2503 998 2562 3:
1042 2501 1336 2565 Mulieres
1361 2500 1615 2563 subdita
1653 2505 1832 2562 estote

265 2596 447 2671 viris,
472 2596 629 2658 sicut
653 2600 877 2674 oportet
902 2594 971 2656 in
996 2595 1254 2657 Domino
1270 2618 1298 2664 ,·
1318 2598 1382 2655 et
1408 2592 1484 2653 ad
1513 2593 1734 2672 Ephes.
1765 2594 1827 2666 5,

263 2686 541 2749 absolute
593 2688 744 2749 dicit
762 2705 791 2750 x:
838 2688 1130 2751 Mulieres
1178 2688 1337 2749 viris
1388 2687 1525 2749 sais
1576 2686 1832 2749 subditoe

264 2781 412 2858 sint,
442 2782 599 2845 siout
639 2783 896 2844 Domino
910 2805 938 2852 ,·
962 2788 1025 2843 et
1055 2780 1258 2842 reddit
1283 2779 1628 2841 rationem:
1667 2778 1829 2854 Quo-

263 2876 433 2937 niam
467 2876 570 2937 vir
595 2880 775 2954 caput
804 2879 889 2937 est
915 2874 1213 2937 mulieris.
1243 2872 1437 2934 Multo
1462 2878 1673 2937 autem
1700 2890 1832 2934 ma-

265 2968 361 3047 gis
403 2986 517 3029 rex
558 2973 651 3028 001
690 2973 873 3047 caput
916 2964 1265 3046 reipublicae
1312 2964 1690 3045 temporalis.
1740 2965 1834 3026 Si·-

267 3060 502 3124 militer
551 3060 743 3122 etiam
794 3077 1006 3122 servus
1054 3064 1303 3120 tenetur
1351 3058 1418 3119 in
1463 3057 1836 3120 conscientia

266 3172 487 3235 parere
526 3154 802 3229 domino,
855 3158 927 3214 ut
969 3152 1154 3232 plane
1202 3152 1381 3214 docet
1427 3151 1652 3212 Paulus
1683 3150 1835 3212 locis

268 3247 499 3321 citatis,
530 3251 593 3309 et
620 3246 887 3308 sumitur
926 3263 1004 3307 ex
1038 3248 1069 3306 1
1110 3245 1273 3307 Petri
1304 3247 1364 3322 2,
1397 3262 1475 3308 a
1512 3263 1646 3327 cap.
1685 3247 1715 3306 1
1757 3243 1835 3308 de

264 3340 567 3421 Conjugio
593 3358 909 3401 servorum
929 3354 949 3416 3
972 3338 1123 3401 etde
1150 3339 1438 3406 omnibus
1457 3340 1732 3416 famulis,
1764 3339 1833 3400 in

267 3453 343 3497 eo
367 3434 533 3514 quod
561 3452 639 3495 ex
670 3433 871 3498 officio
918 3433 1120 3494 facem
1165 3438 1479 3509 tenentur,
1529 3432 1695 3494 idem
1740 3437 1833 3494 001

269 3528 691 3603 manifestum,
729 3533 793 3589 et
816 3526 1083 3594 habetur
1106 3526 1175 3586 in
1211 3544 1348 3606 cap.
1386 3524 1468 3589 Si
1505 3525 1827 3602 Dominus,

271 3624 343 3684 11
353 3627 606 3702 ,.111111101
626 3624 687 3697 33
707 3620 848 3683 etin
864 3619 1268 3699 religionibus
1294 3619 1426 3679 sine
1448 3617 1658 3699 aliqua
1677 3619 1832 3681 obli-

270 3715 518 3794 gatione
544 3714 900 3794 hujusmodi
934 3731 1061 3775 non
1101 3717 1305 3793 posset
1339 3712 1668 3774 consistere
1692 3730 1829 3792 per-

267 3806 430 3869 fecta
455 3807 863 3888 gubernatio.
890 3824 1039 3886 ergo
1067 3807 1316 3885 signum
1346 3811 1440 3867 eet
1468 3806 1665 3867 multo
1699 3824 1832 3868 ma-

270 3901 366 3981 310
390 3919 519 3964 esse
545 3901 953 3965 necessariam
979 3900 1046 3961 in
1069 3899 1514 3966 communitate
1533 3898 1826 3979 perfecta,

270 3994 461 4056 etiam
492 3994 572 4056 ad
597 3995 729 4074 ejus
757 3993 1162 4073 temporalem
1188 3991 1734 4071 gubernationem3
1766 3996 1830 4053 et

270 4088 431 4150 ratio
456 4105 496 4149 a
522 4087 715 4167 priori
740 4093 854 4162 ea,
893 4085 1041 4166 quia
1077 4083 1443 4164 gubernatio
1474 4083 1607 4144 01110
1633 4088 1829 4163 potes·

272 4187 399 4243 tate
425 4180 685 4261 cogendi
717 4180 1002 4241 inefficax
1035 4184 1148 4254 est,
1179 4183 1242 4238 et
1277 4176 1456 4237 facile
1492 4176 1832 4239 contemni

270 4280 413 4337 1111.
437 4275 671 4336 coactio
695 4278 906 4335 autem
932 4271 1066 4333 sine
1088 4273 1390 4350 potestate
1415 4268 1779 4348 obligandi
1762 4288 1831 4332 ln

271 4368 669 4444 conscientia,
688 4367 789 4429 vel
808 4372 898 4428 est
914 4364 1230 4427 moraliter
1248 4361 1666 4443 impossibilia,
1682 4363 1832 4442 quia

272 4463 508 4527 coactio
537 4462 701 4541 justa
732 4459 1021 4565 supponit
1047 4458 1313 4538 culpam,
1343 4457 1508 4537 quod
1537 4462 1628 4518 est
1652 4457 1832 4519 valde

271 4556 623 4640 probabile,
670 4561 746 4617 ut
786 4553 986 4634 magis
1027 4549 1440 4613 declarabitur
1479 4550 1548 4611 in
1593 4568 1721 4630 seq.
1771 4557 1835 4614 et

269 4648 597 4713 1130133110
634 4647 713 4709 110
751 4645 889 4726 1030
915 4644 1144 4726 poenali
1155 4660 1176 4721 3
1202 4643 1304 4705 vel
1341 4648 1503 4705 certe
1535 4648 1628 4704 est
1658 4642 1836 4704 valde

270 4741 652 4806 insufficiens
656 4784 677 4816 ,
695 4740 843 4820 quia
867 4759 979 4821 per
998 4756 1136 4800 eam
1157 4756 1284 4799 non
1309 4741 1513 4816 posset
1530 4736 1598 4796 in
1624 4735 1835 4797 multis

272 4837 519 4899 casibus
543 4833 903 4896 necessariis
926 4831 1299 4896 sufficienter
1317 4828 1670 4910 1011131111οω
1694 4829 1837 4891 eub-

268 4946 509 4993 venire.

353 5025 417 5085 9.
466 5020 753 5088 Quouis
787 5019 984 5100 opinio
1012 5017 1290 5100 quomodo
1320 5035 1462 5084 sane
1486 5018 1834 5098 expuatur,

275 5133 506 5197 quaque
530 5132 783 5178 cemma
808 5115 996 5193 εὔροια
1019 5112 1330 5176 sia-*Ex
1359 5111 1458 5172 his
1482 5110 1662 5173 facile
1694 5131 1840 5174 con-

276 5214 398 5270 stat
424 5207 577 5289 quid
605 5208 682 5269 de
705 5205 995 5288 opinione
1020 5204 1307 5270 Get-sonis
1338 5204 1711 5266 censendum
1736 5206 1837 5267 011.

277 5302 523 5362 Etenim
564 5302 618 5362 01
667 5301 770 5362 1110
817 5299 1142 5376 intellexit,
1190 5304 1263 5359 ut
1306 5299 1485 5374 Soto,
1528 5299 1737 5360 Castro
1782 5306 1845 5363 et

279 5395 465 5455 multi
511 5395 619 5455 alii
662 5413 739 5456 ex
785 5413 858 5456 eo
908 5396 1055 5455 satis
1098 5399 1467 5474 apparenter
1512 5393 1843 5472 colligunt,

279 5487 442 5548 nihil
482 5506 658 5567 posse
690 5487 941 5568 praecipi
981 5506 1091 5567 per
1116 5486 1318 5565 legem
1365 5485 1705 5548 humanam
1740 5506 1847 5549 0011

280 5579 528 5645 civilem
553 5581 719 5664 quod
740 5599 854 5663 per
878 5580 1083 5662 legem
1102 5578 1451 5648 naturalem
1475 5586 1849 5663 proeceptum

1893 634 2302 699 necessariam
2344 653 2421 697 ex
2459 634 2778 713 principiis
2810 633 3217 709 naturalibuS,
3250 636 3336 695 sic
3363 654 3459 696 as·-

1896 728 2081 788 sertio
2109 728 2243 805 ejus
2269 744 2529 788 erronea
2557 739 2670 801 est,
2697 733 2758 787 et
2782 725 2960 787 bonis
2982 726 3260 787 moribus
3281 727 3460 790 valde

1896 820 2228 896 contraria,
2255 825 2327 880 ut
2356 824 2597 880 constat
2622 837 2699 880 ex
2725 819 3092 880 testimoniis
3118 825 3180 881 et
3203 819 3460 881 rationi-

1895 913 2013 974 bus
2056 911 2358 989 adductiS,
2402 918 2465 974 01
2494 929 2573 973 ex
2613 912 2929 972 communi
2960 930 3143 974 sensu
3182 911 3459 975 fidelium

1897 1007 1964 1067 in
2010 1006 2211 1086 praxi,
2253 1012 2317 1067 et
2356 1025 2472 1066 usu
2515 1005 2736 1066 talium
2774 1003 3011 1082 legum,
3060 1011 3122 1066 et
3153 1008 3352 1084 magis
3385 1025 3462 1069 ex

1897 1098 2181 1177 sequenti
2208 1098 2405 1178 capite
2432 1097 2755 1158 constabit.
2783 1097 2847 1157 Si
2870 1116 3016 1158 vero
3044 1099 3247 1160 solum
3282 1100 3464 1161 intel-

1902 1194 2056 1257 lexit
2076 1197 2242 1273 leges
2267 1195 2573 1257 humanas
2594 1212 2722 1256 non
2750 1195 3023 1273 obligare
3058 1198 3126 1256 in
3153 1199 3465 1259 conscien-

1903 1290 2015 1365 tia,
2045 1288 2170 1349 nisi
2195 1290 2263 1348 in
2300 1288 2528 1349 virtute
2559 1289 2784 1349 horum
2810 1289 3254 1368 principiorum
3285 1298 3466 1352 natu-

1899 1382 2151 1458 ralium,
2199 1382 2590 1445 Obedimdmn
2635 1387 2723 1444 est
2761 1382 3142 1460 mancipibus
3185 1385 3469 1447 humanis

1902 1478 1968 1539 in
2011 1476 2203 1539 licitis
2230 1479 2286 1538 et
2310 1473 2592 1548 honestis,
2628 1474 2810 1552 juxta
2836 1473 3015 1549 illud,
3049 1474 3290 1539 obedite
3307 1495 3469 1556 prce-

1895 1570 2119 1649 positis
2153 1568 2393 1642 vestris,
2423 1567 2589 1646 quod
2625 1572 3004 1646 praeceptum
3039 1569 3325 1630 naturale
3351 1577 3467 1645 est,

1901 1666 1964 1722 et
1991 1679 2119 1721 non
2158 1665 2405 1721 tantum
2432 1660 2791 1739 positivum,
2832 1665 2895 1721 et
2916 1660 3057 1721 ideo
3084 1661 3234 1723 dicit
3266 1662 3472 1741 legem

1902 1755 2246 1816 humanam
2274 1772 2399 1814 non
2423 1752 2696 1832 obligare
2723 1759 2795 1813 ut
2815 1753 3092 1815 humana
3125 1762 3236 1831 001,
3267 1756 3373 1817 0011
3403 1762 3472 1817 ut

1907 1849 2177 1928 pertinet
2205 1848 2284 1908 ad
2308 1847 2641 1926 quemdam
2665 1847 2926 1925 gradum
2948 1848 3102 1927 legis
3128 1848 3378 1925 divinae,
3401 1855 3473 1909 ut

1907 1948 2120 2023 aperte
2147 1942 2294 2004 dicit
2319 1942 2485 2004 dicta
2510 1941 2654 2003 lect.
2677 1944 2741 2016 4,
2770 1942 2954 2003 corol.
2986 1945 3049 2018 4,
3069 1943 3472 2023 supponendo

1907 2055 1981 2099 ea
2014 2055 2153 2116 111131
2179 2037 2458 2099 dixerat
2441 2055 2509 2103 m
2536 2036 2677 2098 lect.
2708 2039 2770 2113 2,
2801 2037 2986 2098 corol.
3016 2040 3079 2114 7,
3107 2040 3193 2100 010
3221 2040 3474 2119 fortasse

1906 2131 1985 2192 de
2037 2132 2290 2191 nomine
2336 2130 2627 2209 disputat.
2675 2129 3121 2193 Verumtamen
3166 2150 3295 2192 non
3342 2133 3475 2193 sine

1909 2223 2198 2284 scandalo
2243 2222 2500 2283 discedit
2533 2240 2572 2282 a
2607 2222 2922 2282 communi
2958 2222 3142 2283 modo
3180 2223 3476 2302 loquendi

1908 2314 2362 2393 theologorum,
2391 2321 2454 2376 et
2473 2314 2921 2376 introducendo
2944 2316 3200 2376 modum
3221 2316 3480 2396 loquenu

1907 2406 1975 2467 di
2008 2406 2399 2485 ambiguum,
2427 2407 2536 2485 qui
2559 2412 2759 2486 potest
2784 2426 3031 2468 sensum
3058 2425 3387 2472 erroneum
3414 2418 3478 2475 et

1909 2498 2091 2560 bonis
2119 2500 2397 2560 moribus
2424 2500 2805 2561 contrarium
2830 2501 3149 2578 inducere,
3175 2508 3238 2563 et
3262 2512 3479 2583 1111010-

1908 2610 2017 2653 103
2039 2610 2282 2672 semper
2297 2593 2532 2653 indicat
2551 2592 2998 2671 obligationem
3021 2595 3239 2657 talium
3266 2598 3476 2678 legum

1909 2703 2038 2745 non
2067 2685 2319 2747 fundari
2344 2686 2706 2747 immediate
2741 2688 2809 2747 in
2836 2692 3135 2766 potestate
3169 2688 3477 2769 legislato-

1914 2795 2082 2854 rum,
2128 2778 2234 2839 sed
2277 2779 2347 2840 in
2395 2779 2763 2840 deductione
2807 2780 3018 2861 aliqua
3055 2799 3133 2843 ex
3172 2784 3478 2864 principio

1913 2870 2121 2950 aliquo
2135 2871 2445 2947 evidente,
2466 2872 2567 2933 vel
2587 2872 2881 2947 revelato,
2904 2876 3322 2938 subsumendo
3335 2896 3476 2952 pro-

1914 2963 2289 3042 positionem
2328 2963 2604 3040 dubiam,
2651 2965 2752 3045 pie
2793 2971 3005 3029 tamen
3051 2970 3371 3047 creditam,
3415 2982 3479 3033 01

1912 3056 1992 3117 311
2038 3074 2286 3118 morum
2325 3056 2797 3119 aedificationem
2837 3061 3277 3140 pertinentem,
3307 3070 3370 3126 et
3408 3065 3476 3126 in

1912 3149 2029 3211 hac
2047 3150 2414 3215 deductione
2427 3150 2649 3214 fundat
2659 3153 2994 3233 practicam
3007 3155 3475 3236 obligationem,

1912 3251 1984 3306 ut
2015 3251 2185 3325 patet
2225 3265 2304 3308 ex
2344 3247 2508 3308 dicta
2553 3245 2694 3308 lect.
2729 3249 2791 3323 2,
2836 3247 3117 3309 corollar.
3159 3251 3219 3325 7,
3257 3250 3476 3329 juncto

1909 3340 2231 3402 corollario
2270 3345 2442 3401 sexto
2478 3340 2759 3402 lectionis
2799 3347 3058 3421 quartae.
3099 3343 3228 3403 Hoc
3267 3350 3477 3406 autem

1909 3434 1977 3494 in
2022 3434 2229 3513 rigore
2273 3432 2501 3494 falsum
2546 3439 2656 3508 001,
2698 3435 2847 3514 quia
2888 3435 3010 3495 nisi
3052 3435 3153 3496 lex
3197 3435 3476 3500 humana

1910 3527 2097 3588 addat
2132 3526 2598 3607 obligationem,
2627 3526 2735 3588 illa
2762 3527 3184 3607 probabilitas,
3223 3530 3474 3611 1011110-

1907 3627 2026 3697 tas,
2053 3639 2191 3700 quae
2218 3628 2473 3702 apparet
2503 3623 2571 3683 in
2593 3620 2706 3682 tali
2731 3623 2994 3684 materia
3016 3641 3143 3684 non
3172 3624 3474 3687 sufficeret

1909 3713 1990 3775 ad
2017 3714 2484 3794 obligationem,
2514 3721 2606 3792 ut,
2639 3715 2708 3776 in
2753 3717 3037 3798 exemplo
3081 3718 3158 3781 de
3190 3719 3473 3781 observa-

1907 3806 2077 3869 tione
2103 3805 2624 3887 Quadragcsimoe,
2659 3827 2784 3888 quo
2810 3811 3030 3884 utitur,
3073 3812 3316 3873 etiamsi
3350 3814 3471 3875 tale

1906 3900 2217 3980 jejunium
2248 3919 2359 3981 per
2399 3918 2463 3962 00
2491 3905 2833 3980 spectatum
2860 3902 3134 3980 conferat
3164 3904 3244 3965 ad
3279 3907 3473 3984 111013-

1908 3999 2061 4071 1013,
2087 4013 2214 4056 non
2239 3995 2385 4055 satis
2409 4000 2569 4056 esset
2608 3994 2689 4054 ad
2720 3995 3185 4073 obligationem,
3215 3998 3336 4059 nisi
3363 4017 3475 4079 po—

1908 4093 2097 4149 testas
2127 4087 2538 4148 ecclesiastica
2573 4085 2749 4147 illam
2779 4088 3148 4166 imponeret,
3184 4090 3472 4173 idemque
3539 4081 3550 4088 ’

1912 4198 2058 4242 cum
2101 4179 2497 4261 proportione
2543 4183 2632 4240 est
2679 4178 2748 4239 in
2798 4180 2971 4239 omni
3016 4182 3277 4243 materia
3317 4183 3474 4262 legis

1910 4274 2226 4350 humanae,
2255 4273 2446 4335 etiam
2475 4271 2693 4334 civilis.
2719 4273 2952 4352 ltaque,
2975 4272 3120 4335 licet
3150 4293 3367 4337 verum
3391 4279 3474 4342 sit

1911 4367 2352 4448 obligationem
2403 4365 2558 4445 10310
2617 4365 2908 4426 humane.
2960 4365 3210 4428 fundari
3263 4369 3474 4452 aliquo

1910 4460 2097 4521 modo
2128 4462 2195 4520 in
2218 4459 2540 4541 principiis
2565 4457 2720 4539 legis
2749 4464 3012 4535 naturae,
3041 4464 3106 4521 et
3131 4478 3475 4542 supponere

1912 4555 2184 4633 aliquam
2215 4552 2564 4614 naturalem
2592 4551 3000 4627 honestatem,
3038 4552 3140 4615 vel
3165 4555 3475 4618 0311101030

1910 4645 2387 4708 fundamentum
2417 4652 2483 4707 et
2517 4646 2868 4722 materiam,
2910 4645 3314 4708 nihilominus
3343 4648 3477 4728 ipsa

1913 4738 2013 4801 lex
2042 4741 2319 4802 humana
2351 4740 2708 4802 immediate
2744 4739 2916 4801 addit
2941 4739 3382 4820 obligationem
3409 4742 3478 4803 in

1917 4834 2294 4896 conscientia
2332 4853 2458 4895 non
2487 4838 2840 4895 contentam
2875 4834 2942 4894 in
2969 4835 3289 4915 principiis
3324 4835 3478 4916 legis

1918 4935 2182 5007 naturae,
2199 4929 2321 4990 3101
2334 4929 2538 4991 medio
2555 4930 2817 5009 imperio
2835 4930 3152 5009 potestatis
3165 4930 3479 4993 humanae.

2008 5024 2107 5085 10.
2151 5023 2394 5103 Duplex
2448 5023 2714 5086 deductio
2766 5039 2840 5085 cx
2887 5022 3012 5103 lege
3051 5024 3348 5086 nawa-ali.
3399 5053 3483 5072 —

1925 5116 2203 5178 Tandem
2230 5116 2495 5194 intelligi
2526 5121 2726 5194 potest
2761 5133 2835 5175 ex
2872 5114 3049 5176 dictis
3078 5116 3388 5195 quomodo
3414 5119 3482 5181 in

1926 5210 2101 5271 omni
2142 5209 2279 5288 lege
2312 5208 2590 5269 humana
2630 5207 2831 5289 quoad
2874 5206 3316 5285 obligationem
3348 5212 3403 5292 ej
3411 5229 3484 5273 us

1925 5302 2134 5363 locum
2178 5301 2404 5363 habeat
2430 5302 2597 5380 quod
2642 5302 2714 5360 D.
2757 5299 3025 5360 Thomas
3065 5301 3241 5363 docet
3278 5323 3340 5384 q.
3377 5308 3480 5381 95,

1924 5402 2044 5456 art.
2075 5398 2115 5455 2
2147 5400 2209 5456 et
2250 5397 2290 5455 4
2310 5440 2331 5471 ,
2377 5412 2626 5455 omnem
2668 5393 2870 5471 legem
2906 5392 3244 5456 humanam
3275 5414 3313 5455 a
3347 5397 3485 5475 lege

1926 5488 2200 5550 naturali
2227 5487 2514 5550 derivari.
2552 5485 2787 5567 Duplex
2817 5488 2986 5548 enim
3015 5507 3142 5550 esse
3165 5496 3363 5569 pot-est
3389 5489 3486 5551 lex

1925 5581 2205 5646 humana
2253 5582 2443 5644 ctiam
2497 5580 2690 5643 civilis
2728 5602 2747 5657 3
2799 5600 2927 5642 una
2979 5586 3070 5642 011
3115 5581 3486 5644 declarativa
