3976 6219
522 387 643 448 510
1424 390 1538 442 Lm.
1573 390 1633 441 v,
1669 389 1751 441 ns
1783 385 2139 440 numum
2169 372 2380 441 11101111
2411 387 2819 442 nommant.

524 490 795 573 pensatis
822 488 1029 568 colligi
1051 488 1279 568 poterit
1301 507 1385 550 an
1412 489 1512 550 lex
1528 489 1607 551 sit
1625 507 1778 569 pure
1807 487 2082 563 irritans,

523 585 624 646 vel
643 584 830 645 etiam
861 581 1217 662 prohibens.

605 679 701 738 13.
746 676 871 738 Lem
898 693 1014 737 non
1040 675 1305 737 irritans
1349 680 1548 738 adum
1590 673 1722 752 ipso
1763 675 1955 751 sacto,
1985 673 2091 735 sed

516 768 897 849 praecipiam,
926 784 1044 828 non
1078 767 1328 845 obliyat‚
1360 767 1488 829 nisi
1516 766 1677 842 sorte
1700 766 2085 845 judicem.—

520 864 668 924 Dico
718 866 938 940 quarto
970 882 985 920 :
1026 860 1275 940 quando
1308 860 1411 922 lex
1460 877 1587 920 non
1633 859 1835 920 irritat
1878 864 2087 919 actum

519 956 653 1036 ipso
678 954 862 1028 facto,
888 953 993 1014 sed
1020 952 1300 1033 proecipit
1326 952 1736 1014 irritationem
1760 952 1915 1030 ejus,
1934 956 2088 1012 tunc

521 1048 597 1109 ad
629 1046 1044 1108 irritationem
1094 1064 1222 1106 000
1254 1044 1510 1124 obligat,
1540 1045 1663 1106 nisi
1705 1044 1962 1104 fortasse
1985 1044 2086 1121 ju-

520 1141 741 1203 dicem.
786 1139 1211 1219 Explicuimus
1253 1137 1698 1217 obligationem
1729 1136 1951 1197 harum
1988 1135 2085 1197 18-

519 1252 672 1313 31110
710 1233 913 1313 quoad
940 1233 1265 1294 vitandum
1312 1237 1552 1309 actum3
1583 1238 1857 1311 superest
1894 1229 2085 1309 expli-

520 1327 719 1388 canda
747 1325 1043 1405 obligatio
1078 1342 1218 1403 quae
1260 1324 1605 1403 specialiter
1636 1341 1713 1384 ex
1738 1321 2086 1382 irritatione

519 1419 670 1480 oriri
724 1424 958 1497 potest;
989 1422 1053 1478 et
1104 1416 1401 1496 quoniam
1453 1416 1556 1477 lex
1597 1416 1847 1476 irritans
1886 1418 2089 1494 potest

519 1528 649 1572 esse
687 1511 937 1591 duplex,
971 1509 1224 1585 seilicet,
1251 1510 1350 1570 vel
1388 1509 1747 1588 praecipiens
1790 1506 2087 1567 irritatio·

519 1621 689 1679 nem,
721 1603 820 1664 vel
841 1604 1097 1678 faciem,
1129 1602 1269 1663 ideo
1297 1602 1373 1663 de
1396 1600 1587 1681 priori
1612 1601 1775 1661 hanc
1798 1599 2087 1679 ponimus

519 1695 943 1771 assertionem,
976 1697 1051 1756 de
1078 1695 1401 1775 posteriori
1417 1713 1565 1756 vero
1591 1694 1869 1755 dicemus
1899 1692 1967 1752 in
1993 1709 2088 1751 58-

520 1788 759 1867 quenti.
788 1786 1101 1848 Conclusio
1130 1805 1280 1865 ergo
1309 1792 1403 1848 est
1427 1786 1615 1862 clara,
1644 1785 1792 1864 quia
1817 1783 2085 1845 irritatio

519 1886 691 1941 actus
735 1886 827 1942 est
875 1879 1124 1940 effectus
1151 1880 1412 1959 publicas
1444 1878 1793 1958 potestatis;
1832 1894 1981 1954 ergo
2031 1876 2085 1936 si

518 1992 646 2035 non
672 1973 744 2033 fit
759 1991 871 2052 per
898 1972 1125 2051 legem,
1145 1973 1331 2033 debet
1357 1972 1493 2033 fieri
1519 1990 1630 2051 per
1650 1970 1957 2049 judicem3
1987 1987 2087 2032 er-

518 2084 622 2145 go,
654 2072 992 2145 antequam
1035 2065 1146 2125 fiat
1162 2110 1181 2139 ‚
1216 2084 1346 2125 non
1395 2070 1598 2146 potest
1639 2063 2084 2142 obligationem

519 2160 832 2234 inducere,
872 2159 1020 2237 quia
1053 2176 1183 2218 000
1211 2164 1319 2219 oet.
1353 2159 1508 2218 Item
1543 2157 1684 2218 talis
1727 2156 1828 2217 lex
1869 2155 1966 2217 vel
1992 2161 2086 2216 est

517 2252 905 2332 praeceptiva,
925 2250 1025 2312 vel
1038 2250 1345 2330 punitiva,
1375 2250 1442 2310 in
1463 2250 1576 2310 tali
1603 2249 1946 2309 irritatione
1964 2248 2084 2309 im-

516 2344 806 2424 ponenda
849 2361 866 2405 2
895 2344 947 2404 si
994 2362 1141 2422 ergo
1165 2340 1588 2404 ‘consideretur
1637 2346 1707 2401 ut
1759 2341 2079 2421 punitiva,

518 2455 647 2497 non
678 2435 912 2514 obligat
938 2442 1084 2496 ante
1118 2436 1513 2510 sententiam,
1561 2433 1708 2513 quia
1751 2452 1880 2494 000
1907 2435 2085 2513 ponit

515 2547 767 2610 poenam
794 2529 927 2608 ipso
955 2529 1142 2604 facto,
1168 2528 1315 2607 quia
1343 2527 1541 2588 solum
1563 2525 1746 2605 jubet
1768 2532 1975 2586 actum
1999 2527 2084 2587 ir-

515 2624 737 2699 ritari,
721 2646 735 2659 ·
788 2623 953 2684 unde
983 2641 1110 2683 non
1139 2622 1372 2700 obligat
1413 2626 1618 2700 partes
1655 2638 1767 2681 seu
1812 2620 2084 2699 privatas

517 2733 806 2794 personas
856 2714 929 2774 ad
977 2713 1363 2774 efficiendam
1404 2713 1836 2789 irritationem,
1866 2732 1975 2775 seu
2001 2714 2083 2775 ad

516 2807 977 2866 dissolvendum
1027 2811 1448 2881 contractum,
1500 2804 1598 2865 vel
1656 2804 1806 2883 quid
1854 2806 2078 2882 simile,

515 2904 660 2959 ante
679 2898 1049 2958 sententiam
1078 2898 1645 2959 condemnatoriam
1667 2898 1912 2976 judiciS,
1935 2898 2086 2977 quia

515 2991 714 3051 solum
740 2990 818 3050 ad
842 2990 1204 3069 patiendum
1229 2989 1484 3068 obligat,
1507 2990 1691 3068 juxta
1714 3008 1900 3069 supra
1916 2990 2085 3051 dicta

517 3082 593 3144 de
617 3082 754 3162 lege
783 3082 1031 3164 poenali.
1068 3083 1133 3144 Si
1158 3088 1368 3144 autem
1391 3083 1531 3144 talis
1548 3081 1652 3145 lex
1674 3088 1984 3163 spectetur
2014 3088 2085 3144 ut

514 3179 901 3257 praeceptiva,
940 3177 1137 3255 judici
1176 3176 1454 3256 praecipit
1485 3194 1595 3255 per
1632 3194 1696 3237 58
1730 3175 2080 3255 loquend03

514 3286 661 3348 ergo
707 3268 860 3330 alios
909 3288 1037 3329 non
1082 3268 1337 3347 obligat.
1390 3270 1465 3328 Et
1501 3268 1649 3328 hinc
1703 3268 2084 3347 relinquitur

513 3362 771 3441 probata
793 3362 1013 3423 ultima
1041 3381 1204 3441 pars,
1230 3360 1483 3436 scilicet,
1515 3361 1680 3441 quod
1714 3361 1946 3439 obliget
1969 3361 2082 3439 ju-

513 3454 739 3529 dicem,
775 3455 925 3536 quia
956 3455 1035 3514 ad
1063 3454 1242 3514 illum
1279 3453 1557 3533 loquitur
1582 3454 1693 3532 qui
1718 3459 1968 3514 tenetur
1988 3472 2083 3514 58-

513 3548 788 3607 cundum
810 3546 976 3625 leges
1000 3546 1303 3625 judicare,
1327 3547 1485 3606 sicut
1512 3564 1699 3626 supra
1719 3545 1959 3606 dictum
1990 3552 2082 3607 est

513 3640 589 3710 de
625 3638 763 3718 1838
794 3639 1047 3718 poenali,
1078 3645 1140 3699 et
1159 3640 1343 3718 juxta
1370 3638 1457 3698 ibi
1488 3638 1653 3698 dicta
1673 3637 1804 3699 115ὶο
1822 3638 2079 3698 assertio

512 3750 655 3792 cum
703 3731 1098 3811 proportione
1141 3729 1504 3809 explicanda
1557 3734 1673 3806 est,
1730 3747 1930 3810 neque
1957 3729 2083 3792 alia

512 3823 842 3884 difficultas
868 3823 1031 3882 circa
1047 3821 1222 3883 illam
1244 3823 1534 3883 occurrit.

594 3917 692 3977 14.
738 3916 847 3977 Em
869 3915 995 3994 leye
1023 3915 1335 3990 irritante,
1372 3916 1428 3976 ci
1451 3932 1631 3977 ¹mmm
1662 3915 1874 3977 habeat
1902 3916 2082 3995 effec-

511 4015 663 4086 tum,
689 4009 961 4087 sequitur
983 4007 1269 4086 obliyatio
1290 4009 1371 4069 ad
1391 4009 1592 4070 omnia
1609 4026 1741 4088 que
1764 4007 2084 4069 intrinsece

511 4119 583 4164 ea>
608 4101 956 4164 irritatione
985 4106 1318 4163 nascuntur
1339 4145 1360 4175 ‚
1406 4119 1573 4165 secus
1604 4102 1661 4164 si
1696 4103 1946 4182 effectus
1963 4102 2080 4161 im-

505 4192 1086 4272 pediendum—Dico
1112 4192 1360 4272 quinto:
1395 4193 1626 4271 exlege
1643 4193 1927 4254 irritante
1946 4193 2080 4272 ipso

510 4286 694 4361 facto,
727 4285 780 4345 si
814 4302 997 4345 suum
1024 4291 1435 4363 consequatur
1457 4285 1767 4360 effectum,
1798 4285 2080 4364 sequitur

511 4377 806 4457 obligatio
837 4377 905 4437 in
945 4377 1318 4438 conscientia
1353 4376 1435 4438 ad
1457 4379 1669 4438 omnia
1691 4395 1829 4457 quae
1855 4377 2081 4439 intrin-

511 4488 645 4531 5800
675 4487 754 4530 ex
780 4469 1124 4529 irritatione
1169 4474 1547 4531 nascuntur:
1579 4488 1750 4530 secus
1776 4486 1923 4529 vero
1962 4469 2082 4531 erit

510 4563 564 4623 si
598 4561 851 4623 effectus
883 4561 1281 4641 impediatur.
1321 4563 1625 4642 Supponit
1663 4562 1794 4623 haec
1821 4562 2079 4624 assertio

507 4654 670 4715 hanc
703 4654 908 4732 legem
941 4671 1068 4714 non
1112 4653 1386 4731 obligare
1429 4654 1508 4714 ad
1540 4654 1950 4715 irritationem
1985 4655 2081 4735 ip—

511 4766 644 4809 sam
689 4746 1056 4821 faciendam,
1107 4746 1254 4824 quia
1303 4745 1474 4806 illam
1517 4764 1644 4807 non
1686 4747 1836 4807 facit
1862 4746 2076 4823 homo,

510 4841 615 4901 sed
640 4840 775 4919 ipsa
800 4839 924 4914 lex,
956 4838 1133 4898 etita
1159 4839 1364 4917 quoad
1391 4838 1507 4899 hoc
1534 4857 1663 4900 non
1691 4839 1925 4917 obligat
1949 4840 2077 4918 lex,

509 4934 616 4995 sed
666 4937 975 5012 operatur.
1013 4928 1226 4991 Solum
1258 4948 1408 5010 ergo
1434 4937 1636 5012 potest
1678 4932 1955 5009 obligare
2001 4933 2080 4993 ad

511 5024 960 5099 sustinendam,
992 5040 1101 5083 5811
1131 5024 1479 5085 executioni
1493 5024 1915 5085 mandandam
1941 5025 2080 5087 irri-

508 5119 808 5180 tationem
850 5133 888 5175 a
924 5114 1059 5194 lege
1093 5115 1344 5177 factam.
1387 5119 1463 5177 Et
1489 5117 1606 5178 hoc
1634 5123 1725 5177 est
1770 5117 1936 5195 quod
1968 5135 2081 5197 per

507 5210 672 5270 hanc
702 5208 1162 5270 conclusionem
1183 5209 1546 5284 intenditur,
1575 5228 1715 5289 quae
1750 5210 1905 5271 duas
1931 5229 2075 5271 con-

506 5303 667 5364 tinet
691 5307 917 5382 partes,
949 5307 1010 5361 ct
1032 5307 1292 5382 utraque
1320 5308 1410 5363 851
1450 5302 1594 5363 55115
1624 5303 1812 5378 clara,
1843 5308 1905 5363 et
1932 5304 2075 5364 uni-

507 5394 760 5456 versalis
806 5394 882 5454 ad
935 5412 1151 5455 omnes
1199 5394 1365 5474 leges
1410 5394 1724 5456 irritantes
1749 5440 1770 5470 ,
1817 5396 1946 5457 sive
2006 5397 2075 5456 in

510 5488 748 5565 odium,
769 5487 898 5549 sive
915 5485 988 5547 in
1012 5486 1312 5564 favorem,
1334 5487 1464 5550 sive
1490 5487 1557 5548 in
1579 5488 1918 5568 publicum,
1945 5488 2076 5551 sive

2161 488 2230 548 in
2275 488 2584 568 privatum
2627 488 2803 550 fiant.
2848 488 3024 550 Prior
3058 507 3205 570 ergo
3239 509 3381 571 pars
3406 490 3788 573 probatur,

2163 581 2309 660 quia
2352 582 2405 642 si
2446 582 2547 643 lex
2591 582 2698 643 illa
2746 583 3144 663 consequitur
3192 585 3479 647 effectum
3528 606 3787 662 suum,

2162 680 2335 736 actus
2381 682 2475 736 est
2522 676 2765 751 nullus;
2813 694 2963 755 ergo
3018 677 3262 738 nuUum
3315 680 3565 740 confert
3605 680 3781 757 jus;

2163 783 2310 844 ergo
2350 767 2403 828 si
2452 774 2623 829 actus
2662 768 2767 830 1118
2801 769 2880 829 511
2926 771 3222 849 acceptio,
3271 772 3369 832 vel
3411 772 3783 851 acquisitio
3902 754 3903 831 ἓ

2161 858 2422 939 alicujus
2445 862 2563 938 rei,
2594 879 2671 922 ex
2696 861 2807 922 tali
2834 861 2974 940 1838
2996 863 3276 942 sequitur
3288 864 3602 943 obligatio
3628 883 3781 925 non

2161 953 2400 1029 utendi,
2445 971 2562 1014 nec
2605 954 2855 1016 fruendi
2894 954 3002 1016 illa
3038 973 3105 1016 re
3130 960 3430 1035 tanquam
3457 958 3777 1037 propria,

2162 1062 2278 1106 nec
2309 1047 2732 1107 contrectandi
2761 1065 2899 1108 eam
2927 1046 3035 1109 illo
3067 1047 3252 1108 modo
3273 1067 3397 1128 quo
3422 1067 3563 1110 rem
3599 1049 3776 1110 alie-

2163 1154 2310 1198 nam
2337 1144 2719 1200 contrectare
2747 1157 2875 1200 non
2901 1139 3066 1201 licet.
3112 1142 3193 1201 Ut
3224 1141 3277 1201 si
3299 1142 3439 1202 talis
3465 1148 3659 1202 actus
3678 1142 3772 1202 sit

2163 1230 2655 1307 matrimonium,
2691 1250 2821 1293 non
2851 1232 2995 1293 licet
3018 1232 3096 1293 ad
3124 1234 3456 1313 conjugem
3489 1235 3769 1295 accede-

2163 1340 2253 1397 re,
2298 1340 2498 1402 neque
2526 1324 2649 1384 alia
2669 1325 2814 1402 jura
2846 1325 3130 1403 conjugis
3163 1332 3271 1386 aut
3303 1327 3518 1387 mariti
3552 1346 3769 1387 usur-

2162 1432 2327 1493 pare.
2370 1415 2436 1475 Si
2462 1416 2542 1476 sit
2568 1416 2861 1496 profoesio
2887 1417 3198 1495 religiosa,
3241 1437 3368 1479 non
3392 1419 3540 1480 licet
3562 1425 3767 1479 aetus

2159 1507 2440 1588 proprios
2484 1509 2915 1587 religiosorum
2949 1510 3215 1587 efficere,
3252 1518 3313 1573 et
3351 1512 3438 1572 sic
3483 1512 3562 1573 de
3608 1511 3765 1572 aliis

2163 1619 2300 1679 quac
2328 1600 2577 1662 fundari
2600 1608 2888 1682 poterant
2914 1605 2980 1664 in
3004 1609 3178 1664 actus
3203 1603 3558 1680 validitate3
3592 1622 3762 1664 nam

2162 1694 2403 1754 sublato
2436 1694 2842 1757 fundamento
2871 1702 3066 1757 ruunt
3091 1697 3303 1758 omnia
3343 1715 3484 1776 quae
3517 1715 3605 1757 cx
3640 1697 3759 1757 illo

2162 1786 2310 1847 oriri
2352 1793 2460 1847 aut
2509 1788 2574 1847 in
2621 1788 2729 1849 illo
2780 1789 3027 1849 fundari
3080 1795 3387 1869 poterant.
3431 1791 3511 1849 Et
3535 1795 3759 1869 potest

2161 1880 2279 1940 hoc
2305 1880 2659 1941 confirmari
2687 1899 2765 1943 ex
2794 1882 2999 1942 verbis
3026 1881 3285 1943 Concilii
3306 1883 3596 1944 Lateran.
3628 1881 3753 1941 suh

2163 1974 2365 2034 Leone
2394 1974 2470 2050 X,
2506 1992 2650 2035 5855.
2674 1976 2737 2050 9,
2767 1974 2876 2035 ubi
2905 1972 3286 2035 beneficiatis
3319 1992 3444 2034 non
3464 1975 3753 2035 recitan-

2162 2066 2326 2126 tibus
2380 2067 2722 2145 imponitur
2752 2085 2937 2146 poena
2973 2068 3224 2128 irritans
3263 2067 3751 2146 acquisitionem

2162 2158 2479 2219 fructuum
2521 2159 2827 2235 beneficii,
2867 2160 2967 2220 his
3001 2159 3244 2221 verbis:
3293 2160 3749 2236 Beneficiorum

2161 2269 2409 2313 mrum
2438 2254 2699 2328 fruetus
2738 2270 2854 2330 pro
2881 2257 3024 2314 rata
3048 2253 3397 2315 omissionis
3433 2269 3575 2314 snos·
3620 2270 3749 2313 nou

2162 2344 2440 2420 saciant:
2465 2344 2631 2405 unde
2656 2344 2979 2422 subjungit
3006 2360 3021 2403 :
3058 2343 3188 2407 Sed
3219 2362 3311 2405 eos
3330 2349 3621 2421 tanquam
3643 2344 3746 2403 in·-

2150 2436 2631 2514 justeperoeptos
2650 2454 2895 2515 croyare
2917 2440 3250 2509 teneantur,
3271 2443 3386 2496 etc.
3410 2435 3573 2512 Ergo
3591 2453 3743 2512 pro-

2165 2527 2524 2609 portionalis
2546 2528 2841 2607 obligatio
2879 2529 3152 2608 sequitur
3175 2546 3251 2598 ex
3279 2527 3452 2588 omni
3472 2526 3612 2605 lege
3648 2527 3741 2586 ir-

2161 2622 2389 2683 ritante
2432 2626 2496 2683 et
2522 2628 2934 2701 consequente
2969 2620 3253 2681 effectum
3278 2666 3301 2695 ,
3337 2636 3741 2698 quocumque

2163 2715 2342 2775 titulo
2383 2714 2481 2775 vel
2513 2715 2753 2776 ratione
2790 2715 3052 2775 irritatio
3077 2713 3203 2787 fiat,
3234 2713 3381 2792 quia
3424 2712 3742 2789 obligatio

2162 2826 2289 2867 non
2316 2807 2595 2886 sequitur
2623 2825 2701 2867 ex
2726 2807 2908 2868 titulo
2948 2806 3332 2880 irritationis,
3373 2804 3482 2864 sed
3523 2821 3603 2864 ex
3644 2804 3742 2864 ef-

2160 2899 2324 2960 fectu
2369 2899 2525 2977 ipso,
2576 2904 2639 2958 et
2677 2897 2932 2959 effectus
2969 2898 3138 2959 idem
3171 2903 3285 2972 est,
3338 2914 3735 2975 quocumque

2161 2991 2342 3052 titulo
2370 2990 2497 3052 fiat.

2242 3086 2341 3145 15.
2388 3081 2674 3145 Diluitur
2707 3082 3058 3162 objecti0.—
3079 3081 3258 3143 Dices
3282 3100 3361 3142 ex
3384 3080 3498 3141 illis
3515 3079 3727 3142 verbis

2160 3178 2408 3257 probari
2448 3176 2703 3256 quidem
2728 3177 3171 3254 obligationem
3196 3174 3537 3236 naturalem
3562 3192 3635 3234 ex
3656 3175 3728 3234 vi

2153 3271 2431 3349 justitiae,
2467 3288 2593 3329 non
2628 3277 2836 3330 tamen
2882 3268 3131 3348 probari
3164 3267 3439 3346 aliquam
3488 3266 3730 3344 obliga-

2159 3364 2395 3424 tionem
2422 3363 2612 3441 ipsius
2660 3362 2815 3440 legis
2857 3362 3180 3422 1111150115.
3226 3360 3583 3440 Respondco
3608 3361 3729 3420 im-

2161 3455 2380 3535 primis
2401 3455 2542 3516 ideo
2572 3455 2639 3514 in
2666 3454 3003 3515 assertione
3036 3471 3163 3514 non
3194 3471 3325 3514 8558
3363 3452 3617 3528 dictum,
3637 3452 3729 3513 18-

2160 3565 2301 3626 gem
2354 3547 2679 3651 positivam
2717 3545 2994 3623 obligare
3045 3545 3125 3606 ad
3164 3545 3304 3621 1100,
3359 3544 3465 3606 58(1
3512 3562 3589 3604 ex
3621 3543 3730 3605 illa

2161 3657 2306 3700 cum
2342 3639 2566 3700 effectu
2611 3640 2743 3717 ejus
2784 3639 2960 3717 sequi
3012 3637 3205 3700 talem
3257 3637 3726 3716 obligationem,

2159 3731 2326 3810 quod
2347 3732 2465 3793 erit
2486 3750 2728 3807 verum,
2759 3731 2886 3792 sive
2904 3730 3035 3792 haec
3052 3730 3350 3809 obligatio
3373 3748 3512 3809 quae
3529 3730 3729 3808 sequi-

2158 3830 2262 3885 tur
2283 3824 2583 3885 naturalis
2611 3824 2713 3900 sit,
2741 3824 3053 3903 supposito
3094 3823 3315 3884 effectu
3345 3822 3621 3901 positivae
3639 3822 3727 3883 18-

2158 3917 2276 3995 315,
2313 3917 2443 3977 sive
2471 3917 2551 3976 sit
2582 3917 2771 3977 etiam
2812 3915 3159 3995 specialiter
3202 3915 3455 3975 inducta
3483 3932 3596 3993 per
3633 3916 3727 3992 ip-

2158 4027 2292 4070 sam
2321 4009 2546 4088 legem.
2588 4009 2765 4069 Addo
2814 4026 2962 4069 vero
3003 4007 3567 4086 probabilissimum
3592 4022 3725 4065 esse

2157 4101 2347 4162 etiam
2367 4103 2564 4181 ipsam
2587 4100 2815 4178 legem,
2837 4100 3185 4161 irritantem
3198 4099 3427 4173 actum,
3453 4098 3726 4175 obligare

2156 4193 2235 4253 ad
2260 4212 2388 4253 non
2416 4194 2720 4254 utendum
2738 4192 2847 4253 illo
2869 4197 3015 4254 actu
3032 4199 3106 4252 ut
3123 4192 3349 4265 valido,
3384 4209 3457 4250 ac
3470 4190 3724 4251 subinde

2157 4304 2269 4365 per
2296 4287 2676 4348 contrarium
2703 4303 2884 4347 usum
2920 4304 3048 4346 non
3076 4284 3278 4346 solum
3314 4283 3558 4363 peccari
3584 4300 3723 4341 con-

2157 4384 2257 4439 tra
2282 4377 2487 4457 legem
2514 4378 2887 4452 naturalem,
2932 4377 3037 4439 sed
3075 4377 3265 4438 etiam
3294 4380 3509 4435 contra
3531 4375 3724 4451 ipsam

2160 4471 2363 4551 legem
2384 4472 2757 4546 irritantem,
2783 4470 2933 4550 quia
2954 4470 3218 4532 intentio
3240 4467 3543 4528 irritantis
3558 4465 3723 4544 prin-

2157 4563 2368 4643 cipalis
2410 4569 2526 4639 est,
2572 4581 2655 4624 08
2694 4562 2835 4624 15115
2882 4568 3056 4626 actus
3096 4560 3431 4621 utilitatem
3476 4557 3719 4633 habeat,

2154 4674 2264 4717 seu
2290 4656 2592 4718 moralem
2614 4673 2820 4732 usum,
2854 4660 2918 4716 et
2944 4654 3086 4716 ideo
3112 4652 3415 4713 irritando
3443 4649 3724 4730 prohibet

2154 4767 2340 4809 usum
2354 4749 2520 4809 illius
2542 4754 2712 4810 actus
2738 4753 2810 4809 ut
2834 4745 3046 4809 validi.
3078 4746 3158 4805 Et
3187 4745 3246 4804 id
3255 4762 3327 4805 80
3355 4744 3543 4805 etiam
3571 4741 3723 4801 solet

2152 4841 2295 4901 talis
2336 4860 2484 4902 115115
2523 4840 2771 4922 speciali
2812 4857 2996 4919 poena
3037 4837 3294 4918 puniri:
3350 4854 3479 4898 non
3525 4835 3721 4896 solum

2155 4938 2392 4995 attenta
2426 4934 2668 4995 malitia
2699 4938 2915 4992 contra
2954 4930 3156 5009 legem
3195 4928 3570 5001 naturalem,
3617 4925 3722 4986 sed

2154 5026 2342 5088 etiam
2370 5033 2644 5106 spectata
2670 5023 3094 5086 inobedientia
3115 5027 3331 5083 contra
3347 5021 3550 5099 legem
3568 5017 3722 5098 posi-

2151 5119 2347 5180 tivam
2372 5120 2744 5194 irritantem,
2770 5122 3024 5199 propter
3058 5132 3248 5195 quam
3288 5113 3486 5175 solent
3512 5130 3723 5172 censu-

2152 5229 2239 5272 rae
2285 5212 2522 5292 imponi
2563 5230 2673 5291 per
2714 5209 3149 5272 ecclesiasticas
3193 5207 3361 5285 leges
3386 5251 3407 5281 ,
3455 5222 3595 5266 cum
3643 5203 3721 5264 ad

2152 5303 2342 5364 talem
2390 5322 2642 5384 poenam
2694 5305 3045 5385 requiratur
3117 5298 3539 5360 inobedientia
3563 5342 3584 5372 ,
3662 5300 3722 5357 et

2153 5398 2537 5459 contumacia
2571 5403 2784 5458 contra
2813 5393 3224 5457 ecclesiastica
3251 5396 3577 5472 praecepta.

2238 5493 2337 5552 16.
2384 5491 2688 5555 Posterior
2707 5507 2855 5551 vero
2877 5505 3021 5569 pars
3039 5484 3395 5548 assertionis
3419 5500 3498 5543 ex
3515 5487 3718 5542 tenore
