3976 6219
882 388 1015 440 CAP.
1051 388 1112 441 V.
1148 388 1234 441 AN
1263 388 1576 441 POTESTAS
1608 387 1874 442 FERENm
1906 388 2101 443 LEGES
2134 388 2372 442 CIVILES
2404 389 2467 444 IN
2500 390 2742 444 CHRISTI
2775 390 2910 444 ETC.

300 486 457 549 tium
480 486 865 548 dominantur
892 504 1091 548 eorum
1111 510 1138 557 ,·
1158 505 1259 550 vos
1287 493 1480 549 autem
1502 505 1619 548 non
1640 486 1752 550 sio.
1783 487 1861 546 Et

298 579 455 641 illud
482 578 698 640 Matth.
730 597 861 657 cap.
896 578 1010 639 ult.
1059 600 1073 638 ε
1121 580 1519 658 Baptizantes
1548 598 1662 654 303,
1707 584 1857 653 616.,

302 672 565 734 docentes
608 688 847 733 servare
898 672 1098 733 omnia
1152 689 1523 751 quaecumque
1578 670 1862 732 mandavi

300 764 506 837 vobi-su
531 782 659 824 non
703 781 852 841 ergo
894 764 1188 825 mandata
1222 764 1570 825 hominum.
1610 764 1760 823 Item
1788 761 1862 822 il-

301 855 407 916 lud
449 859 479 916 1
516 856 793 917 Corinth.
834 860 868 916 7
922 877 936 916 :
987 857 1196 919 Pretio
1233 858 1416 936 empti
1462 858 1638 932 esti-9,
1680 855 1865 917 nolite

302 949 444 1027 fieri
467 951 625 1011 servi
659 949 983 1011 bominum.

382 1042 444 1100 4.
491 1041 604 1101 Hic
632 1042 821 1101 etiam
844 1040 1068 1102 adduci
1094 1047 1349 1121 possunt
1380 1042 1487 1103 illa
1509 1041 1862 1104 testimonia

303 1132 527 1211 quibus
552 1133 824 1194 haeretici
851 1139 1112 1194 utuntur
1133 1134 1210 1194 ad
1239 1134 1627 1213 probandum
1648 1152 1864 1195 omnes

306 1224 519 1287 fideles
547 1244 675 1288 esse
699 1226 926 1288 liberos
954 1245 991 1287 a
1020 1226 1157 1305 1636
1186 1243 1202 1286 :
1228 1245 1376 1288 nam
1405 1246 1548 1288 cum
1574 1228 1635 1290 id
1659 1227 1866 1287 dicant

306 1316 494 1378 etiam
539 1318 615 1379 de
659 1319 796 1397 lege
844 1318 1133 1394 naturali,
1181 1319 1378 1380 multo
1417 1319 1616 1397 magis
1658 1319 1864 1379 dicent

304 1408 472 1470 idem
512 1411 586 1471 de
615 1411 750 1488 lege
783 1411 949 1471 civili
982 1427 998 1470 z
1043 1411 1210 1472 unde
1252 1413 1439 1472 etiam
1486 1429 1862 1490 consequens

309 1507 402 1561 est
437 1508 510 1561 ut
548 1503 624 1563 de
659 1503 947 1563 omnibus
987 1503 1271 1565 fidelibus
1318 1505 1485 1564 idem
1525 1504 1727 1564 dicere
1760 1503 1865 1564 de-

310 1593 498 1654 beant
508 1611 528 1672 3
556 1601 690 1655 tum
719 1598 861 1675 quia
889 1597 1003 1675 ipsi
1027 1596 1238 1658 dicunt
1260 1616 1474 1659 omnes
1503 1597 1712 1657 fideles
1735 1615 1863 1657 esse

305 1685 528 1764 justos,
556 1688 607 1747 si
646 1695 854 1749 tamen
879 1708 951 1751 ea
979 1688 1097 1750 fide
1129 1708 1317 1768 quam
1350 1690 1466 1769 ipsi
1496 1689 1764 1768 fingunt,
1798 1687 1863 1748 id

313 1785 427 1850 est,
451 1788 615 1842 certa
635 1781 857 1844 fiducia
876 1782 950 1844 de
969 1802 1079 1845 sua
1091 1785 1115 1862 j
1128 1786 1355 1860 ustitia,
1377 1785 1522 1863 quia
1540 1790 1685 1844 tunc
1704 1781 1863 1843 nihil

312 1873 399 1933 eis
443 1874 823 1953 imputatur,
864 1876 1108 1937 etiamsi
1150 1884 1363 1938 contra
1411 1893 1863 1956 quamcumque

313 1963 514 2041 legem
538 1967 656 2042 sit3
700 1973 832 2027 tum
873 1968 1059 2029 etiam
1097 1970 1242 2048 quia
1268 1970 1386 2049 ipsi
1422 1970 1634 2030 dicunt
1667 1969 1866 2029 Chris-

309 2060 443 2114 tum
468 2055 757 2120 liberasse
775 2078 987 2121 omnes
1008 2080 1045 2121 a
1057 2062 1212 2140 jugo
1231 2064 1668 2141 cujuscumque
1685 2061 1862 2139 legis;

307 2164 454 2224 ergo
479 2167 661 2209 nemo
687 2157 885 2229 potest
912 2171 1015 2214 eos
1038 2153 1361 2232 subjicere,
1390 2156 1517 2216 sive
1534 2155 1689 2233 justi
1717 2154 1862 2229 sint,

310 2239 443 2299 sive
472 2259 599 2301 non
630 2243 775 2303 sint.

387 2334 447 2393 ὃ.
492 2336 935 2414 Mayistratum
961 2338 1191 2401 civile—m
1220 2340 1287 2415 in
1319 2341 1443 2419 leae
1467 2340 1691 2435 qrqtioe
1715 2358 1865 2419 per-

309 2429 1127 2492 mundata—Nihilominus
1161 2432 1490 2494 dicendum
1515 2438 1606 2494 est
1633 2433 1862 2512 primo:

311 2521 701 2599 Magistratus
720 2524 913 2585 civilis
935 2526 1123 2586 etiam
1144 2526 1210 2585 in
1231 2525 1367 2604 lege
1389 2526 1602 2604 gratiae
1625 2531 1687 2587 et
1708 2527 1870 2586 inter

312 2615 686 2678 Christianos
713 2620 1069 2698 permansit,
1095 2639 1393 2701 suamque
1419 2622 1551 2692 vim
1579 2627 1642 2682 et
1671 2626 1870 2700 potes·

311 2713 503 2769 tatem
540 2710 763 2772 retinet
791 2731 931 2772 cum
961 2714 1379 2775 moderatione
1410 2714 1521 2773 tali
1547 2714 1736 2774 statui
1773 2732 1869 2774 ac-

314 2803 722 2864 commodata.
745 2806 916 2866 Hanc
933 2806 1218 2867 ultimam
1242 2812 1482 2886 partem
1500 2807 1871 2867 remittimus

313 2893 380 2953 in
407 2893 635 2956 librum
672 2904 1055 2976 sequentem,
1086 2899 1196 2959 ubi
1228 2899 1304 2960 de
1330 2899 1638 2979 spirituali
1664 2904 1868 2979 potes-

312 2992 439 3047 tate
471 2988 817 3067 legislativa
844 2990 1178 3052 dicendum
1221 2998 1351 3053 est:
1397 3009 1543 3052 nam
1582 2991 1714 3051 11666
1740 3009 1871 3052 1110-

315 3079 550 3142 deratio
576 3088 707 3142 tota
732 3083 1009 3144 consistit
1034 3083 1103 3145 in
1130 3084 1631 3146 subordinatione
1651 3084 1875 3163 magis-

312 3178 509 3235 tratus
552 3175 747 3236 civilis
791 3177 870 3236 ad
906 3176 1419 3252 Ecclesiasticum,
1456 3183 1518 3238 et
1560 3178 1700 3239 ideo
1743 3177 1876 3238 sine

313 3264 498 3345 hujus
525 3268 875 3346 cognitione
904 3269 1196 3348 explicari
1223 3288 1350 3330 non
1385 3276 1583 3349 potest
1592 3286 1612 3347 3
1653 3270 1877 3330 omissa

315 3377 462 3437 ergo
503 3359 619 3421 hac
665 3368 838 3440 parte
882 3362 1188 3422 conclusio
1229 3362 1430 3442 posita
1474 3369 1565 3423 est
1611 3364 1686 3424 de
1727 3363 1870 3422 fide.

317 3451 613 3513 Probatur
638 3455 838 3533 primo
870 3473 948 3516 ex
977 3455 1074 3515 his
1108 3474 1244 3535 quae
1276 3455 1748 3530 insinuavimu5‚
1779 3472 1876 3516 re-

315 3543 567 3605 ferendo
594 3547 924 3627 antiquum
943 3566 1213 3610 errorem
1232 3549 1266 3608 J
1271 3549 1404 3608 udae
1423 3547 1657 3609 Galilaei
1680 3569 1695 3606 :
1725 3564 1873 3607 nam

317 3637 422 3699 ille
462 3638 688 3701 virtute
729 3641 1056 3702 damnatus
1095 3643 1215 3702 fuit
1250 3660 1289 3702 a
1316 3642 1552 3703 Christo
1587 3642 1868 3717 Domin0,

317 3733 565 3811 quando
610 3733 718 3794 illa
762 3737 1071 3796 occasione
1115 3738 1217 3812 (ut
1262 3753 1446 3814 supra
1485 3735 1867 3814 dicebamus)

315 3824 730 3904 interrogatus
772 3846 853 3887 an
899 3828 1108 3888 liceret
1147 3829 1291 3889 dare
1336 3829 1553 3890 Caesari
1595 3846 1871 3904 censum,

316 3920 642 3998 respondet
668 3922 844 3982 Lucae
885 3923 964 3982 ΞΟ
993 3927 1054 3983 61
1091 3921 1307 3983 Μ61111.
1341 3924 1379 3982 9.
1404 3939 1420 3982 ε
1450 3923 1698 3985 Reddite
1735 3939 1872 4001 erqo

316 4032 448 4094 quoe
487 4023 626 4078 sunt
680 4016 945 4080 Coesaris
985 4016 1242 4092 Coesari,
1292 4023 1347 4079 et
1392 4034 1525 4096 quoe
1572 4025 1711 4081 sunt
1759 4018 1875 4078 Dei

316 4108 463 4170 De0.
512 4110 601 4168 Ex
641 4128 764 4188 quo
804 4108 937 4169 loco
980 4108 1294 4186 colligitur
1335 4114 1707 4187 praeceptum
1751 4108 1875 4169 sol-

319 4202 503 4261 vendi
548 4202 782 4263 tributa
827 4200 1231 4281 principibus,
1267 4201 1491 4262 Justin.
1525 4199 1779 4279 Apolog.
1835 4203 1874 4261 2

316 4313 428 4375 pro
484 4294 843 4356 Christianis
863 4341 883 4371 ,
938 4294 1392 4373 aliquantulum
1443 4312 1481 4354 a
1530 4294 1829 4373 principio
1852 4314 1869 4369 3

319 4388 483 4466 quod
510 4388 698 4448 etiam
734 4387 1123 4447 confirmavit
1161 4387 1432 4447 Christus
1470 4385 1744 4447 Matthaei
1774 4389 1870 4462 17,

319 4499 459 4542 611111
498 4481 681 4559 jussit
724 4479 1098 4540 tributorum
1132 4479 1511 4540 exactoribus
1555 4497 1667 4558 pro
1708 4497 1771 4540 se
1814 4485 1875 4540 et

320 4575 497 4634 Petro
548 4572 722 4634 reddi
775 4573 1079 4633 tributum
1113 4588 1130 4633 ε
1180 4573 1654 4651 expenduntque
1708 4573 1868 4633 Iren.

318 4665 426 4725 1111.
462 4668 521 4740 5,
553 4684 683 4745 6611.
715 4667 817 4740 24,
848 4670 910 4726 61
936 4665 1149 4726 Ambr.
1179 4665 1337 4725 libro
1364 4668 1403 4724 4
1432 4665 1498 4724 in
1532 4666 1675 4724 Luc.
1687 4710 1707 4740 ,
1735 4684 1867 4745 cap.

316 4759 687 4839 penultimo,
718 4759 987 4819 dicentes
1022 4758 1108 4818 ibi
1154 4776 1284 4818 esse
1315 4756 1528 4817 datum
1556 4757 1873 4835 spirituale

318 4853 779 4927 documentum,
804 4870 924 4931 quo
943 4851 1261 4912 christiani
1276 4850 1398 4912 viri
1416 4849 1873 4911 sublimioribus

315 4945 719 5025 potestatibus
745 4946 1043 5006 docentur
1070 4944 1290 5006 debere
1327 4961 1456 5004 esse
1483 4942 1777 5020 subjecti:
1815 4950 1876 5004 et

315 5037 579 5098 habetur
618 5039 683 5098 in
714 5056 849 5117 cap.
880 5039 1199 5116 Magnum,
1235 5040 1303 5097 11
1339 5056 1399 5116 q.
1435 5040 1463 5096 1
1486 5051 1507 5113 3
1540 5036 1666 5096 imo
1693 5035 1876 5097 multi

318 5139 588 5208 censent,
635 5150 776 5193 cum
820 5132 1094 5192 Christus
1145 5132 1300 5192 dixit
1339 5131 1517 5191 Joan.
1566 5131 1683 5191 10:
1724 5131 1876 5204 Quot

317 5232 454 5288 ante
484 5243 574 5288 me
615 5230 919 5299 venerunt,
958 5226 1132 5299 sures
1171 5229 1311 5286 sunt
1342 5230 1396 5285 et
1434 5224 1715 5295 latrones,
1745 5241 1873 5283 non

308 5319 515 5392 30111111
555 5323 802 5397 propter
831 5318 1116 5397 antiquos
1150 5315 1732 5395 pseudoprophetas,
1766 5314 1873 5375 sed

317 5417 567 5491 propter
605 5429 706 5471 eos
746 5411 855 5489 qui
890 5410 1169 5489 proxime
1210 5415 1662 5488 praecesserant,
1708 5408 1872 5469 inter

316 5521 470 5585 quos
512 5503 618 5564 ille
661 5502 853 5566 Judas
892 5503 1118 5579 fuerat,
1161 5501 1226 5564 id
1265 5501 1526 5565 dixisse:
1560 5507 1632 5564 ut
1675 5501 1873 5563 videri

1938 492 2140 566 potest
2157 488 2224 547 in
2246 487 2550 567 chrysost.
2559 532 2580 563 ,
2593 487 2930 566 Theophyl.
2952 492 3015 548 et
3034 488 3328 566 Euthym.
3346 507 3499 568 quos

1939 587 2286 660 sequuntur
2310 581 2587 642 Toletan.
2619 586 2682 641 et
2719 580 2984 642 Maldon.
3012 582 3268 643 ,Ioannis
3311 586 3411 659 10,
3439 589 3503 644 61

1940 674 2145 734 Lorin.
2174 674 2379 734 Actor.
2408 677 2468 748 5,
2494 674 2604 753 qui
2632 674 2781 733 alios
2803 673 3096 734 referunt.
3122 676 3327 736 Posset
3351 693 3500 737 vero

1942 764 2081 844 quis
2100 766 2301 827 dicere
2324 766 2463 827 illos
2491 785 2564 827 eo
2591 771 2869 845 tempore
2897 784 3152 841 errasse,
3177 768 3324 846 quia
3345 786 3500 828 non-

1942 858 2092 918 dum
2122 877 2304 918 verus
2335 859 2607 920 Christus
2643 867 2919 930 venerat,
2951 877 3065 919 nec
3096 878 3268 920 suam
3299 859 3503 921 Eccle-

1940 951 2097 1012 siam
2124 951 2496 1028 instituerat,
2525 952 2700 1012 etita
2727 951 2951 1012 Christi
2977 952 3166 1013 verba
3194 953 3394 1014 solum
3421 955 3501 1015 ad

1941 1044 2097 1104 illud
2121 1051 2366 1124 tempus
2393 1044 2630 1106 referri.

2025 1139 2085 1197 6.
2132 1138 2328 1216 Igitur
2355 1139 2449 1199 'ad
2496 1138 2612 1198 hoc
2657 1136 3157 1217 praeveniendum
3186 1144 3249 1199 et
3287 1158 3504 1202 caven-

1946 1228 2121 1306 dum,
2146 1230 2419 1309 Apostoli
2447 1248 2523 1291 ex
2550 1229 2823 1308 professo
2846 1247 3119 1290 errorem
3143 1230 3318 1291 illum
3341 1233 3505 1293 resu-

1944 1327 2157 1382 tarunt
2186 1329 2482 1402 tanquam
2528 1322 2706 1383 valde
2745 1322 3160 1401 perniciosum
3198 1324 3500 1401 Ecclesiae,

1944 1414 2209 1494 fideique
2242 1416 2694 1495 propagationi.
2739 1417 3037 1494 Expressa
3077 1416 3223 1477 satis
3251 1422 3343 1478 est
3368 1436 3505 1478 sen·

1943 1508 2138 1568 tentia
2161 1508 2332 1568 Pauli
2357 1508 2436 1569 ad
2480 1509 2657 1569 Rom.
2701 1510 2776 1569 13
2810 1530 2823 1567 :
2861 1507 3069 1570 Omnis
3092 1510 3296 1570 anima
3311 1515 3507 1587 potes-

1944 1602 2171 1663 tatibus
2193 1602 2643 1663 sublimioribus
2665 1602 2904 1663 subdita
2922 1602 3026 1662 sit.
3051 1601 3197 1673 Quae
3219 1602 3407 1663 verba
3429 1602 3506 1663 de

1941 1699 2240 1773 potestate
2264 1698 2327 1754 et
2345 1695 2710 1772 magistratu
2729 1693 2896 1753 civili
2923 1692 3234 1772 Chrysost.
3261 1699 3324 1754 et
3341 1712 3506 1755 com-

1943 1789 2215 1847 muniter
2239 1788 2607 1866 expositores
2635 1786 3014 1863 intelligunt,
3048 1791 3109 1846 et
3136 1787 3501 1847 Nazianzen.

1944 1884 2099 1940 orat.
2139 1882 2213 1939 17
2246 1881 2324 1940 ad
2353 1880 2653 1959 Populum
2692 1880 2914 1939 timore
2946 1878 3205 1957 percul.,
3237 1885 3299 1941 et
3343 1881 3502 1944 Iren.

1945 1991 2153 2051 supra,
2188 1979 2250 2033 et
2276 1974 2507 2052 optime
2533 1973 2793 2051 August.
2824 1971 3017 2052 Epist.
3040 1974 3119 2032 54
3145 1973 3221 2032 ad
3244 1972 3504 2048 Maced.,

1946 2071 2008 2126 et
2036 2066 2218 2126 Basil.
2250 2067 2316 2126 in
2344 2067 2595 2126 Constit.
2628 2063 2871 2139 moral.,
2901 2083 3034 2143 cap.
3086 2067 3186 2125 23.
3228 2066 3343 2138 Qui
3379 2085 3508 2126 non

1946 2158 2279 2219 excludunt
2324 2158 2788 2220 ecclesiasticam
2832 2162 3217 2236 potestatem,
3256 2159 3361 2219 sed
3401 2176 3502 2237 po-

1945 2251 2070 2311 tius
2092 2251 2275 2311 Basil.
2307 2252 2452 2311 inde
2481 2251 2667 2311 sumit
2706 2269 2746 2310 a
2784 2249 3026 2309 fortiori
3069 2256 3508 2327 argumentum

1947 2343 2016 2403 in
2051 2344 2327 2405 favorem
2375 2344 2564 2418 illius,
2619 2343 2695 2403 de
2732 2361 2855 2421 quo
2899 2348 3107 2421 postea
3137 2342 3505 2403 videbimus.

1950 2437 2156 2510 Qualis
2195 2438 2272 2497 sit
2299 2442 2508 2497 autem
2535 2436 2642 2496 illa
2676 2435 2939 2513 obiectio
2966 2435 3238 2497 declarat
3256 2436 3511 2514 Aposto-

1948 2528 2046 2589 lus
2079 2529 2322 2590 dicens:
2354 2530 2496 2590 Ideo
2523 2530 2865 2590 necessitate
2886 2529 3114 2590 subditi
3137 2533 3336 2603 estote,
3361 2547 3512 2607 qua-

1949 2621 2000 2681 si
2036 2621 2265 2681 diceret
2288 2639 2415 2680 non
2462 2637 2590 2681 esse
2624 2618 2992 2679 urbanitatis
3041 2619 3507 2697 subiectionem,

1951 2713 2052 2776 vel
2073 2714 2485 2786 arbitrariam,
2516 2711 2624 2771 sed
2655 2711 3061 2772 necessariam
3089 2717 3152 2772 et
3174 2729 3250 2771 ex
3270 2711 3513 2790 obliga-

1951 2806 2123 2867 tione
2146 2827 2160 2866 :
2197 2811 2259 2866 et
2277 2805 2582 2882 originem
2601 2822 2673 2864 ac
2695 2804 3054 2882 primariam
3081 2804 3349 2865 radicem
3369 2804 3515 2864 assi·

1950 2905 2123 2978 gnat,
2172 2917 2316 2959 cum
2356 2904 2549 2959 totam
2585 2898 2747 2958 hanc
2795 2902 3157 2976 potestatem
3198 2897 3279 2957 ad
3318 2897 3512 2957 Deum

1951 2991 2163 3066 refert,
2200 2998 2273 3051 ut
2311 2992 2378 3051 in
2418 3009 2490 3051 eo
2515 2991 2713 3068 capite
2740 2989 3018 3067 sequenti
3048 2989 3230 3048 latius
3248 3007 3515 3067 expone-

1952 3102 2113 3145 111113.
2160 3083 2436 3145 Similem
2472 3082 2842 3144 sententiam
2888 3079 3077 3141 habet
3101 3080 3272 3142 Paul.
3305 3082 3382 3142 ad
3413 3082 3514 3142 Ti—

1953 3183 2086 3238 tum
2117 3179 2153 3236 3
2185 3176 2432 3236 dicens:
2464 3174 2729 3236 Admone
2753 3174 2891 3234 illos
2933 3173 3311 3252 principibus
3332 3179 3386 3235 et
3407 3191 3514 3253 po-

1955 3270 2272 3331 testatibus
2307 3268 2575 3331 subditos
2597 3284 2736 3328 esso.
2771 3267 2845 3325 Et
2874 3269 2904 3325 1
2946 3266 3075 3324 Ρ61.
3115 3268 3191 3325 2:
3238 3263 3517 3343 Subjecti

1954 3367 2132 3423 estote
2173 3362 2332 3422 omni
2381 3361 2657 3422 bumanoe
2700 3362 2990 3421 creaturae
3019 3360 3270 3435 propter
3295 3357 3511 3434 Deum,

1953 3453 2019 3513 id
2063 3459 2175 3529 est,
2216 3452 2390 3513 omni
2423 3450 2665 3512 homini
2706 3450 2816 3529 qui
2858 3450 3057 3510 vicem
3094 3448 3202 3509 Dei
3242 3450 3402 3526 gerit
3448 3451 3515 3511 in

1954 3546 2157 3621 terris,
2191 3550 2253 3606 et
2282 3546 2358 3606 ad
2390 3562 2578 3624 quem
2604 3543 2871 3605 refertur
2896 3540 3196 3621 subjectio
3222 3540 3313 3601 illi
3343 3542 3517 3603 exhi-

1953 3638 2107 3715 bita,
2137 3645 2199 3700 et
2218 3637 2464 3700 subdit:
2490 3637 2640 3703 Sive
2665 3636 2800 3716 roei
2819 3640 3105 3716 tanquam
3125 3635 3511 3714 praecellenti,

1955 3738 2070 3794 etc.

2035 3830 2093 3888 7.
2139 3827 2322 3891 Ratio
2343 3821 2942 3890 commonia—N
2939 3827 3036 3884 ota
3068 3822 3276 3886 inusta
3292 3823 3513 3903 primi-

1955 3922 2095 3983 tivoe
2116 3919 2431 3994 Ecclesioe,
2465 3936 2598 3998 quoe
2617 3922 2671 3979 et
2698 3917 2864 3978 modo
2891 3916 3242 3978 abbia—Et
3262 3922 3459 3995 potest
3477 3935 3516 3977 a

1951 4012 2275 4092 posteriori
2297 4010 2651 4072 confirmari
2677 4025 2693 4069 t
2719 4027 2869 4069 nam
2882 4027 3067 4088 supra
3091 4014 3402 4070 ostensum
3423 4016 3515 4070 est

1953 4106 2387 4183 magistratum
2417 4103 2735 4183 politicum
2778 4120 2856 4163 ex
2905 4106 3129 4162 natura
3171 4102 3264 4162 rei
3295 4119 3515 4162 conve-

1954 4198 2091 4258 nire
2135 4198 2411 4258 humano
2442 4195 2655 4274 generi
2693 4199 2756 4255 et
2796 4195 3261 4269 communitati,
3297 4212 3375 4255 61(
3391 4212 3514 4273 (1110

1954 4308 2102 4352 vero
2143 4289 2446 4371 principio
2486 4288 2765 4369 sequitur
2803 4303 2979 4365 reges
3011 4286 3292 4364 gentium
3316 4287 3515 4365 prius-

1954 4403 2143 4464 quam
2170 4385 2250 4445 ad
2272 4383 2601 4445 Ecclesiam
2639 4382 2893 4443 veniant
2924 4398 3053 4441 esse
3093 4398 3270 4441 veros
3314 4397 3511 4458 reges,

1954 4478 2006 4538 si
2024 4478 2190 4558 justo
2210 4476 2390 4537 titulo
2416 4493 2611 4554 regna
2635 4474 2982 4554 possident:
3009 4472 3133 4533 dici
3154 4478 3363 4534 autem
3387 4489 3514 4532 non

1954 4575 2153 4649 potest
2198 4569 2363 4649 quod
2391 4574 2641 4650 propter
2682 4566 3144 4628 conversionem
3187 4566 3267 4625 ad
3301 4564 3510 4639 fidem,

1953 4663 2053 4727 vel
2095 4664 2370 4742 ipsorum
2421 4662 2520 4722 vel
2560 4679 2814 4722 suorum
2840 4659 3249 4732 subditorum,
3277 4674 3389 4717 sua
3418 4674 3516 4716 re-

1952 4774 2078 4836 3116
2103 4762 2165 4817 61
2190 4756 2466 4816 (1011111116
2486 4757 2776 4817 amittant
2796 4776 2813 4829 3
2841 4771 2987 4831 ergo
3015 4752 3204 4812 etiam
3222 4751 3289 4810 in
3310 4749 3515 4810 Eccle-

1953 4851 2044 4910 sia
2096 4850 2366 4910 retinent
2404 4867 2580 4909 suam
2626 4852 2988 4927 potestatem
3008 4891 3029 4921 ,
3092 4862 3279 4924 quam
3321 4841 3514 4903 veluti

1955 4943 2225 5004 naturali
2271 4943 2415 5021 jure
2450 4960 2557 5002 seu
2607 4940 2821 5002 ordine
2851 4937 3266 5019 possidebant.
3311 4934 3513 4997 Minor

1952 5042 2144 5116 patet,
2170 5042 2306 5096 tum
2325 5034 2471 5114 quia
2488 5033 2643 5093 illud
2664 5033 2877 5092 fuisset
2900 5047 3198 5107 magnum
3221 5027 3368 5088 fidei
3395 5027 3512 5087 im-

1951 5130 2421 5209 pedimentum3
2450 5126 2587 5205 quis
2615 5125 2783 5186 enim
2813 5140 2923 5183 rex
2957 5121 3143 5181 fidem
3176 5120 3512 5198 susciperet

1951 5221 2053 5282 vel
2078 5240 2116 5281 a
2137 5221 2264 5280 suis
2290 5218 2550 5279 subditis
2582 5217 2768 5295 recipi
2804 5214 3207 5294 permitteret,
3230 5213 3282 5272 si
3304 5210 3512 5272 crede·

1951 5319 2047 5374 ret
2082 5331 2154 5374 60
2182 5313 2315 5391 11130
2339 5327 2587 5371 manere
2613 5310 2921 5387 privatum
2949 5324 3060 5367 suo
3088 5305 3387 5380 dominic,
3410 5304 3511 5365 vel

1952 5405 2228 5467 subditos
2269 5402 2406 5464 fieri
2445 5419 2484 5461 a
2524 5420 2635 5461 sua
2674 5399 3024 5461 obedientia
3062 5399 3323 5460 liberos?
3350 5398 3510 5457 Tum

1951 5498 2141 5562 etiam
2163 5496 2312 5579 quia
2335 5495 2453 5558 hoc
2478 5494 2687 5557 statim
2711 5497 2966 5576 apparet
3001 5492 3327 5571 injustum,
3352 5492 3416 5551 et
3438 5504 3511 5552 re
