3976 6219
41 433 174 499 53:23„

129 500 178 517 ,κ

828 438 961 490 CAP.
997 439 1126 491 xm.
1164 437 1376 491 mauu
1408 436 1601 489 LEGES
1632 436 1752 488 PER
1783 434 1944 497 QUAS
1976 434 2252 488 TRIBUTA
2287 431 2702 499 lMPONUNTUR,
2736 434 2873 487 ETC.

41 532 196 623 *gv-5,
220 550 385 593 reus
428 532 507 592 ad
562 529 930 595 solutionem
970 533 1342 612 pecuniariae
1380 550 1610 612 poenoe,
1642 537 1807 613 post-

59 635 169 703 ατς
221 642 430 703 quam
463 627 541 687 ad
568 625 742 687 illam
771 633 861 687 est
879 627 1046 704 juste
1082 627 1543 688 condemnatus.

320 721 381 779 9.
414 720 504 778 Ex
526 718 621 778 his
645 719 901 780 ulterius
923 718 1187 780 infertur
1206 719 1376 798 leges
1400 719 1801 795 tributorum,

151 816 541 907 &spectatas
568 811 813 890 praecise
841 811 1183 873 secundum
1210 812 1274 872 id
1299 812 1464 892 quod
1490 831 1603 892 per
1646 832 1711 876 se
1743 820 1808 876 et

157 898 577 979 intrinsece
603 904 952 983 requirunt,
984 922 1114 965 esse
1141 923 1318 966 veras
1359 905 1527 985 leges
1544 907 1809 969 morales

49 1024 102 1071 21·
118 1036 181 1097 2:
171 992 593 1072 obligantes
635 995 703 1055 in
744 996 1137 1057 conscientia.
1181 997 1505 1072 Probatur,
1556 999 1703 1078 quia
1756 999 1809 1060 si

67 1128 175 1190 &Q

229 1083 345 1145 lex
373 1086 505 1147 haec
527 1086 792 1166 imperat
821 1088 1125 1150 tributum
1145 1089 1278 1151 sine
1301 1089 1645 1170 adjectione
1670 1108 1808 1170 poe-

53 1218 106 1245 ...
136 1219 162 1255 ·..
231 1195 365 1254 nai,
408 1180 675 1260 imponit
714 1183 1142 1245 necessitatem
1178 1182 1455 1244 solvendi
1483 1184 1809 1263 tributum,

135 1248 186 1291 ,λ

39 1294 62 1352 3.
85 1278 158 1349 ἦ
233 1275 309 1331 et
355 1289 481 1332 non
513 1273 781 1352 imponit
815 1277 1238 1337 necessitatem
1264 1274 1598 1356 poenalem,
1639 1278 1808 1357 quia,

54 1338 177 1383 *Q*-

38 1410 108 1459 Q
121 1426 178 1465 *Ὗ

39 1486 179 1577 aaa

234 1369 318 1424 ut
335 1365 761 1444 supponimus,
773 1367 947 1428 illam
966 1387 1095 1429 non
1109 1369 1429 1448 exprimit3
1451 1386 1601 1448 ergo
1613 1369 1812 1449 impo-

134 1460 180 1493 “·*“
236 1456 345 1516 nit
370 1457 794 1520 necessitatem
821 1460 889 1520 in
921 1460 1312 1522 conscientia.
1340 1460 1641 1522 Probatur
1665 1462 1809 1522 ulti-

240 1564 354 1608 ma
385 1553 845 1628 consequentia,
880 1552 1028 1631 quia
1054 1553 1205 1613 alias
1244 1558 1403 1614 esset
1440 1552 1540 1614 lex
1574 1554 1811 1616 inutilis

143 1650 175 1665 ·'
239 1645 312 1701 et
338 1641 672 1703 inefficax:
707 1643 881 1705 nullo
918 1646 1087 1705 enim
1111 1644 1296 1706 modo
1337 1651 1583 1724 cogeret
1608 1651 1810 1708 ιιιιιιε-

240 1749 630 1810 gressorem·
612 1780 632 1812 ,
671 1736 834 1834 quia
841 1737 892 1797 si
928 1754 1057 1799 non
1082 1737 1425 1843 obligaret
1408 1756 1476 1797 ιιι
1499 1739 1808 1801 conscien-

239 1826 358 1901 tia,
406 1844 606 1932 neque
651 1812 861 1908 postea
895 1836 1097 1937 posset
1136 1831 1276 1910 quis
1318 1836 1569 1911 propter
1607 1836 1808 1893 trans-

153 1948 166 1958 =
240 1921 625 1997 gressionem
653 1922 887 2000 puniri,
917 1923 1065 2002 quia
1088 1940 1292 2003 neque
1322 1922 1438 1983 sub
1463 1922 1576 1984 tali
1602 1923 1807 1984 condi-

113 2024 158 2051 ·>-
238 2012 415 2072 tione
441 2012 561 2073 fuit
587 2014 805 2093 posita.
838 2015 1140 2093 Secunde,
1174 2016 1319 2096 quia
1345 2015 1445 2078 lex
1476 2017 1808 2097 superioris

125 2104 150 2144 ’ἔ
239 2103 521 2165 absolute
570 2106 771 2184 posita
818 2107 1052 2187 obligat
1097 2109 1164 2168 in
1214 2109 1588 2170 conscientia
1627 2110 1809 2188 juxta

127 2200 151 2243 Ξ.
239 2196 648 2274 capacitatem
676 2200 992 2277 materiae3
1023 2200 1129 2261 sed
1169 2200 1278 2261 illa
1300 2202 1560 2263 materia
1595 2208 1688 2263 est
1713 2221 1810 2264 ca-

72 2292 142 2371 )’Ξῖ
238 2306 368 2367 pax
417 2288 813 2367 obligationis
856 2292 1180 2371 rigorosae3
1231 2311 1380 2354 nam
1420 2300 1511 2355 est
1551 2296 1810 2358 materia

67 2386 129 2439 ,¹2:-
232 2379 521 2459 justitiae,
548 2387 609 2442 et
627 2383 780 2461 justi
801 2384 1089 2463 stipendii
1112 2384 1413 2462 solvendi,
1443 2393 1513 2447 ut
1542 2388 1808 2449 declara-

37 2480 134 2535 ,ἱκῑ
240 2478 384 2533 ιιιιιι
411 2480 504 2535 est
527 2492 543 2536 z
567 2493 735 2554 ergo.
770 2476 932 2549 Quin
962 2478 1188 2557 potius,
1214 2478 1360 2540 licet
1384 2479 1526 2541 talis
1552 2482 1653 2543 lex
1680 2499 1811 2543 non

62 2576 122 2618 mn·-

41 2673 112 2729 „a

71 2752 102 2805 ssr

83 2964 110 2999 ε’

61 2602 70 2615 .
103 2562 122 2585 ’-
244 2568 597 2629 88ιιιιιι8ι8ι
624 2569 745 2629 alia
763 2569 954 2631 verba
970 2571 1338 2650 praeceptiva
1354 2580 1579 2652 praeter
1599 2579 1813 2636 taxam

246 2662 613 2739 quantitatis
662 2661 968 2724 solvendae
1022 2663 1290 2744 principi
1342 2665 1412 2726 in
1470 2666 1774 2728 tributum
1787 2712 1808 2743 ,

248 2751 557 2832 obligaret
593 2754 662 2814 in
692 2756 1089 2831 conscientia,
1109 2757 1258 2836 quia
1299 2758 1579 2820 debitum
1605 2759 1813 2822 alendi

248 2849 313 2905 et
342 2845 727 2907 sustentandi
750 2865 941 2908 onera
959 2848 1124 2925 regis
1154 2851 1436 2912 naturale
1475 2857 1568 2912 est
1593 2873 1609 2911 :
1638 2870 1809 2932 ergo,

251 2955 326 2998 eo
368 2938 498 3017 ipso
533 2938 700 3017 quod
734 2938 835 2999 lex
865 2938 1144 3000 humana
1194 2946 1368 3001 taxat
1401 2942 1814 3021 quantitatem

250 3035 315 3091 et
340 3032 619 3107 modum,
653 3030 886 3112 obligat
926 3032 994 3092 in
1043 3032 1415 3094 conscientia
1441 3034 1520 3094 ad
1564 3052 1812 3096 servan-

248 3124 395 3185 dam
432 3125 627 3200 illam,
680 3125 827 3204 quia
852 3124 1009 3185 illud
1030 3126 1242 3186 statim
1268 3131 1361 3186 est
1392 3126 1666 3188 medium
1682 3128 1814 3205 jus-

248 3217 424 3293 titiae,
450 3222 545 3291 ut,
569 3217 637 3277 in
655 3217 792 3277 aliis
812 3217 1025 3297 pretiis
1041 3236 1252 3279 rerum
1279 3237 1418 3298 quai
1438 3217 1577 3298 lege
1593 3225 1813 3281 taxan-

250 3314 376 3385 tur,
398 3309 551 3370 etin
574 3309 829 3371 decimis
851 3309 1290 3387 ecclesiasticis,
1317 3313 1521 3390 quoad
1562 3318 1814 3392 quotam

247 3406 524 3463 taxatam
538 3420 650 3482 per
669 3402 1030 3476 Ecclesiam,
1051 3408 1147 3464 est
1162 3403 1558 3465 manifestum
1576 3405 1807 3467 videre.

331 3496 429 3556 10.
451 3492 799 3575 Adjmiom
815 3513 999 3575 pm
1022 3513 1141 3557 non
1173 3496 1356 3558 datm
1371 3497 1631 3560 vassallo
1649 3498 1810 3578 optio

247 3593 319 3651 ut
337 3588 630 3650 tribucum
646 3588 738 3652 vel
750 3604 990 3668 poeaam
1008 3588 1225 3663 solvat,
1237 3589 1376 3652 licat
1391 3608 1508 3652 non
1523 3596 1811 3670 repugnet

252 3681 392 3743 dari
440 3681 623 3761 leym
676 3681 765 3744 sic
814 3681 1105 3761 liquatam
1139 3682 1247 3744 sub
1286 3682 1699 3763 disjunctione.
1727 3717 1811 3731 —

249 3774 390 3836 Jam
418 3791 565 3853 ergo
600 3774 900 3855 probatur
953 3774 1224 3835 secunda
1268 3793 1411 3855 pars
1455 3776 1808 3838 assertionis

251 3884 328 3927 ex
373 3867 551 3928 dictis
591 3868 667 3928 de
711 3867 852 3946 lege
887 3865 1120 3947 poenali
1155 3866 1224 3927 in
1272 3868 1588 3929 communi
1605 3883 1627 3945 3
1657 3886 1807 3929 nam

147 4011 162 4020 .
249 3960 510 4039 adjectio
535 3978 732 4040 poenae
765 3977 893 4021 non
927 3959 1091 4020 tollit
1127 3959 1570 4038 obligationem
1618 3978 1806 4040 quam

249 4053 468 4115 eadem
498 4053 600 4115 lex
631 4052 883 4134 praecise
917 4053 1046 4113 lata
1072 4052 1206 4113 sine
1233 4070 1419 4133 poena
1437 4053 1803 4131 induceret3

248 4147 354 4209 sed
377 4153 692 4209 ostensum
718 4151 809 4207 est
834 4144 1037 4223 legem
1065 4144 1463 4221 tributorum,
1504 4151 1573 4206 ut
1605 4161 1808 4207 mora-

242 4239 321 4301 lis
345 4244 457 4315 est,
486 4238 735 4319 praecise
775 4237 968 4297 latam
996 4236 1266 4316 obligare
1290 4239 1357 4298 in
1385 4238 1758 4299 conscientia
1787 4254 1804 4298 ε

246 4349 416 4411 erg0‚
448 4331 594 4391 licet
621 4329 713 4389 illi
740 4329 1001 4390 addatur
1027 4346 1233 4408 poena,
1274 4329 1573 4409 obligabit
1607 4347 1718 4410 per
1742 4348 1807 4391 se

245 4425 325 4486 ad
351 4423 656 4486 tributum
682 4421 1156 4503 persolvendum
1199 4421 1300 4484 vel
1352 4422 1805 4483 restituendum

248 4519 414 4594 (cum
445 4522 658 4578 contra
690 4515 999 4595 justitiam
1035 4531 1160 4575 non
1196 4515 1276 4575 sit
1317 4514 1636 4594 solutum),
1672 4513 1808 4577 abs·

244 4628 364 4688 que
397 4609 523 4671 ulla
539 4608 1053 4671 condemnatione
1085 4606 1184 4670 vel
1209 4609 1536 4686 sententia,
1561 4608 1805 4671 etiamsi

244 4707 391 4764 tunc
415 4721 602 4765 nemo
639 4702 871 4780 obliget
896 4700 977 4762 ad
1011 4718 1210 4780 poenac
1249 4701 1618 4764 solutionem
1657 4719 1803 4765 ante

245 4797 639 4872 sententiam,
651 4797 835 4875 juxta
849 4794 1203 4875 generalem
1228 4796 1575 4857 doctrinam
1593 4796 1804 4857 datam

246 4887 322 4949 de
352 4889 488 4970 lege
514 4891 764 4971 poenali.
804 4891 952 4965 Quae
981 4906 1110 4950 non
1136 4889 1343 4951 minus
1377 4889 1566 4952 habet
1595 4890 1803 4951 locum

245 4981 311 5042 in
333 4982 573 5062 legibus
598 4982 973 5045 tributorum
996 5001 1184 5063 quam
1216 4984 1284 5045 in
1304 4983 1467 5061 aliis,
1494 4982 1805 5063 supposita

245 5075 506 5153 paritate
535 5075 604 5136 in
631 5075 832 5137 verbis
853 5075 1008 5156 legis
1034 5092 1051 5137 ε
1094 5076 1269 5137 nulla
1294 5076 1465 5138 enim
1496 5076 1654 5137 ratio
1681 5075 1802 5136 dis·

246 5166 520 5229 criminis
572 5167 910 5247 excogitari
953 5173 1174 5248 potest.
1225 5168 1695 5249 Declaraturque
1735 5169 1804 5228 in

242 5257 411 5320 hunc
431 5259 704 5336 modum,
726 5261 874 5339 quia
888 5260 1077 5323 intali
1097 5260 1235 5341 lege
1260 5261 1478 5338 mixta,
1500 5280 1610 5324 seu
1629 5261 1802 5340 quasi

244 5353 580 5432 composita
608 5371 684 5414 ex
701 5352 936 5414 tributo
959 5359 1021 5416 et
1037 5372 1242 5433 poena,
1265 5355 1344 5417 ad
1365 5355 1636 5417 diversos
1649 5353 1803 5414 fines

243 5444 609 5506 ordinanttr
632 5446 944 5525 impositio
966 5446 1184 5508 tributi
1210 5453 1274 5509 et
1299 5447 1562 5526 adjectio
1581 5463 1798 5527 poenae:

242 5537 547 5601 tributum
575 5538 746 5602 enim
789 5544 881 5602 est
913 5539 994 5603 ad
1022 5541 1533 5605 sustentationem
1576 5536 1807 5612 princi-

3340 432 3459 491 477

1884 532 2003 612 piS‚
2032 550 2139 594 seu
2166 532 2246 593 ad
2271 531 2770 595 satisfaciendum
2792 528 3067 592 naturali
3084 529 3456 610 obligationi

1885 623 2076 685 dandi
2105 623 2481 704 stipendium
2505 625 2743 703 justum
2765 623 3075 684 laboranti
3090 623 3156 683 in
3181 638 3456 685 nostram

1884 715 2220 778 utilitatem
2243 732 2265 794 3
2313 735 2500 796 poena
2543 734 2690 778 vero
2739 721 2833 778 est
2872 716 2952 776 ad
2993 716 3342 795 cogendum
3389 723 3460 778 ut

1886 809 2059 887 prior
2092 808 2387 888 obligatio
2433 807 2765 889 impleatur
2813 808 2913 869 vel
2938 809 3326 888 puniendum
3354 811 3460 872 de-

1888 900 2109 962 lictum
2159 901 2213 962 si
2256 902 2614 964 omittatur:
2660 920 2833 980 erg0‚
2871 901 3013 963 licet
3042 901 3347 965 tributum
3381 904 3462 965 sit

1883 993 2122 1074 justum
2173 999 2237 1055 et
2270 994 2664 1074 adaequatum
2718 993 2831 1055 fini
2877 1012 3021 1070 suo,
3061 999 3125 1056 et
3165 994 3460 1074 obligatio

1890 1085 2025 1164 ejus
2050 1086 2295 1165 integra
2311 1092 2584 1161 maneat,
2608 1087 2776 1165 juste
2795 1085 3047 1147 additur
3063 1087 3461 1148 comminatio

1893 1197 2115 1259 poenae,
2166 1185 2230 1241 et
2264 1180 2545 1242 executio
2582 1181 2636 1258 ej
2644 1198 2736 1255 us,
2776 1179 2830 1240 si
2877 1179 3061 1259 culpa
3095 1180 3457 1256 intercedat,

1893 1273 2061 1334 ultra
2104 1274 2413 1354 integram
2459 1274 2678 1335 tributi
2735 1273 3146 1335 exactionem.
3194 1274 3368 1335 Sicut
3393 1275 3461 1334 in

1890 1365 2091 1446 poenis
2118 1366 2694 1427 conventionalibus
2720 1384 2858 1445 quai
2885 1365 3033 1428 addi
3076 1366 3272 1428 solent
3300 1367 3463 1428 inter

1891 1458 2344 1534 contrahentes,
2370 1459 2538 1537 juste
2566 1459 2730 1538 exigi
2757 1464 2957 1538 potest
2981 1477 3167 1539 poena
3192 1477 3232 1520 a
3268 1458 3461 1520 viola·

1888 1555 2020 1611 tore
2047 1555 2415 1627 contractus,
2446 1552 2636 1612 etiam
2655 1551 2821 1613 ultra
2857 1552 3151 1615 interesse
3198 1558 3262 1613 et
3286 1552 3459 1613 satis-

1888 1642 2223 1704 factionem
2253 1642 2468 1709 damni
2512 1643 2690 1720 illati,
2724 1650 2796 1706 ut
2831 1663 3017 1725 supra
3067 1644 3301 1706 dictum
3343 1649 3455 1705 est.

1887 1736 2059 1797 Idem
2103 1753 2250 1815 ergo
2303 1742 2395 1798 est
2440 1737 2506 1797 in
2544 1738 2831 1817 praesenti
2854 1753 2876 1815 3
2925 1737 3251 1799 intercedit
3290 1736 3459 1798 enim

1887 1828 2082 1890 veluti
2126 1833 2477 1890 contractus
2519 1829 2685 1891 inter
2710 1830 3051 1910 principem
3074 1836 3138 1891 et
3157 1829 3456 1904 subditos,

1888 1927 1960 1984 ut
1988 1921 2093 1983 ille
2121 1921 2448 2001 gubernet,
2482 1922 2550 1983 hi
2578 1940 2726 1984 vero
2757 1923 2962 2002 ipsum
3006 1922 3179 1983 alant
3208 1940 3320 2002 per
3349 1923 3462 1983 tri·

1888 2012 2183 2076 butorum
2208 2014 2614 2092 solutionem3
2654 2021 2717 2076 et
2748 2014 2827 2075 ad
2858 2013 3230 2075 soliditatem
3270 2013 3459 2092 hujus

1888 2112 2242 2169 contractus
2264 2125 2448 2186 poena
2480 2112 2678 2187 potoet
2708 2106 2987 2186 adjungi,
3031 2124 3172 2185 quac
3193 2123 3321 2166 non
3343 2105 3460 2165 mi-

1887 2205 2047 2261 nuat
2071 2199 2201 2261 vim
2227 2205 2336 2261 aut
2358 2199 2797 2279 obligationem
2826 2204 3202 2274 contractus,
3227 2198 3334 2259 sed
3346 2216 3461 2258 no-

1886 2310 2034 2354 vam
2065 2292 2444 2355 coactionem
2466 2293 2788 2373 adjungat.
2820 2292 2997 2353 Unde
3037 2291 3228 2352 etiam
3261 2295 3462 2370 potest

1888 2384 1979 2446 ita
2018 2385 2343 2462 declarari,
2368 2385 2515 2465 quia
2553 2390 2802 2465 propter
2832 2383 3239 2463 adjectionem
3260 2400 3460 2463 poenae

1888 2495 2017 2538 non
2054 2478 2405 2540 conceditur
2437 2478 2708 2553 libertas,
2742 2495 2850 2538 seu
2877 2477 3045 2556 optio
3081 2476 3361 2551 vassallo,
3391 2481 3461 2536 ut

1888 2570 1990 2631 vel
2015 2571 2322 2632 tributum
2365 2570 2581 2646 solvat,
2608 2570 2708 2631 vel
2728 2587 2979 2649 poenam
3001 2569 3308 2648 patienter
3332 2586 3462 2629 sus-

1889 2661 2110 2738 tineat,
2154 2661 2209 2723 si
2260 2661 2353 2723 illi
2402 2663 2793 2741 imponatur:
2855 2662 2945 2722 sic
2992 2661 3162 2721 enim
3200 2660 3462 2740 adjectio

1892 2772 2094 2834 poenae
2112 2772 2238 2816 non
2258 2760 2512 2834 augeret
2540 2753 2876 2815 efficaciam
2899 2750 3078 2830 legis,
3100 2753 3207 2813 sed
3223 2753 3464 2814 minue-

1892 2854 2012 2923 ret,
2033 2848 2199 2927 quod
2224 2846 2409 2927 plane
2452 2852 2544 2908 est
2567 2852 2784 2908 contra
2805 2844 3217 2907 intentionem
3243 2845 3464 2906 talium

1891 2939 2354 3019 legislatorum:
2388 2956 2559 3019 erg0‚
2596 2938 2880 3005 addendo
2898 2955 3171 3017 Ρωιιαιιι,
3201 2956 3331 2999 ιιοιι
3351 2939 3464 2999 tol·

1891 3031 2032 3093 lunt
2056 3038 2457 3113 praeceptum,
2482 3031 2591 3093 sed
2617 3030 2988 3093 confirmant
3026 3036 3088 3091 et
3129 3038 3357 3109 urgent
3384 3031 3461 3091 il-

1892 3125 2037 3187 lud:
2070 3143 2217 3204 ergo
2245 3141 2486 3204 semper
2513 3123 2615 3185 lex
2653 3142 2765 3204 per
2802 3141 2866 3184 se
2904 3123 3160 3202 obligat,
3196 3125 3338 3186 licet
3367 3124 3460 3185 illi

1893 3218 2159 3280 addatur
2186 3236 2390 3298 poena.
2414 3218 2491 3278 Et
2527 3235 2743 3278 revera
2757 3216 2873 3277 hoc
2895 3220 2990 3277 est
3020 3217 3289 3278 maxime
3315 3236 3460 3279 con-

1892 3317 2259 3373 sentaneum
2293 3309 2407 3371 fini
2448 3310 2589 3371 talis
2625 3308 2803 3388 legia,
2850 3315 2934 3384 et,
2984 3314 3056 3391 ut
3101 3310 3190 3371 sic
3231 3311 3455 3388 dicam,

1891 3404 2067 3483 quasi
2103 3402 2502 3465 connaturale
2552 3402 2666 3476 illi,
2702 3407 2773 3463 ut
2798 3402 2867 3463 in
2902 3408 3132 3483 puncto
3179 3404 3460 3485 sequenti

1888 3498 2090 3575 magis
2115 3496 2459 3577 explicabo,

1971 3593 2070 3651 ¹¹.
2103 3590 2390 3670 Superest
2415 3606 2564 3668 ergo
2593 3588 2959 3668 explicanda
2985 3590 3168 3653 tertia
3196 3609 3339 3672 pars
3366 3611 3462 3654 as·

1889 3682 2198 3758 senionis,
2227 3682 2547 3757 nimirum,
2579 3681 2832 3761 quando
2857 3699 2933 3743 ex
2959 3682 3163 3744 verbis
3186 3689 3248 3746 et
3260 3684 3460 3747 forma

1886 3774 2042 3855 legis
2096 3774 2441 3837 constiterit
2491 3778 2764 3836 mentem
2792 3772 3158 3853 legislatoris
3180 3794 3307 3839 esse
3330 3795 3458 3840 non

1888 3867 2165 3929 absolute
2216 3867 2524 3947 imperare
2565 3865 2896 3943 tributum,
2944 3867 3050 3929 sed
3096 3868 3297 3931 solum
3344 3869 3458 3932 sub

1887 3959 2264 4036 conditione,
2280 3958 2405 4019 nisi
2417 3958 2554 4037 quis
2567 3956 2745 4017 malit
2760 3957 2898 4018 fieri
2916 3976 3113 4037 poenae
3130 3961 3456 4040 obnoxius,

1892 4070 2004 4114 seu
2033 4052 2221 4131 <quod
2247 4050 2502 4130 perinde
2547 4054 2656 4126 est)
2711 4048 2826 4110 sub
2873 4049 3309 4130 disjunctione,
3358 4055 3457 4116 vel

1890 4143 2168 4207 solvendi
2195 4143 2522 4216 tributum,
2555 4141 2655 4203 vel
2682 4159 2932 4221 poenam
2953 4143 3032 4204 ob
3051 4162 3179 4205 non
3205 4145 3456 4208 solutio·

1888 4256 2037 4299 nem
2038 4283 2059 4314 ,
2082 4237 2136 4297 si
2149 4236 2226 4297 de
2238 4235 2347 4296 illa
2365 4234 2598 4296 feratur
2611 4234 2940 4313 judicium,
2956 4237 3282 4300 sustinere:
3307 4246 3457 4302 tune

1886 4328 2057 4408 leges
2083 4345 2212 4389 non
2237 4326 2513 4405 obligare
2535 4326 2603 4387 in
2642 4327 3016 4389 conscientia
3047 4328 3454 4394 determinate

1887 4422 1968 4483 ad
2000 4421 2370 4483 solutionem
2411 4419 2650 4496 tributi,
2681 4420 2785 4482 sed
2818 4420 3021 4481 solum
3061 4441 3173 4503 per
3198 4425 3455 4487 modum

1883 4532 2108 4596 poenae,
2149 4531 2257 4575 seu
2294 4512 2476 4574 simul
2528 4529 2671 4573 cum
2700 4511 2831 4588 illa,
2855 4515 3103 4593 quando
3145 4517 3446 4597 exigatur.

1885 4609 1958 4670 In
1986 4626 2111 4688 qua
2143 4612 2320 4687 parte
2346 4605 2484 4667 duae
2508 4605 2948 4667 includuntur:
3002 4626 3129 4669 una
3163 4615 3255 4671 est
3280 4629 3453 4690 posse

1884 4701 2191 4763 tributum
2216 4701 2302 4762 sic
2327 4705 2574 4761 tantum
2598 4699 2858 4779 imponi,
2889 4705 2952 4761 et
2981 4701 3098 4763 hoc
3124 4707 3217 4763 est
3246 4720 3358 4782 per
3387 4723 3452 4765 se

1884 4802 2141 4871 notum3
2186 4812 2334 4855 nam
2355 4792 2582 4871 pendet
2609 4810 2687 4853 ex
2708 4792 3026 4855 voluntate
3043 4794 3362 4874 principis,
3389 4800 3452 4858 et

1882 4906 2014 4950 non
2043 4887 2317 4949 continet
2340 4885 2712 4964 injustitiam
2741 4903 2858 4948 nec
2880 4886 3178 4964 rigorem,
3213 4888 3320 4949 sed
3342 4907 3451 4968 po-

1881 4981 2009 5042 tius
2054 4980 2414 5057 lenitatem3
2464 4995 2614 5039 nam
2658 4978 2727 5038 in
2767 4995 2842 5039 eo
2873 4978 3118 5041 videtur
3165 4981 3449 5062 princeps

1883 5073 2088 5153 potius
2114 5091 2192 5134 ex
2214 5077 2388 5152 parte
2412 5070 2629 5132 cedere
2646 5071 2776 5149 juri
2798 5088 2910 5132 suo
2935 5090 3122 5151 quam
3150 5073 3218 5133 in
3241 5072 3449 5156 aliquo

1884 5165 2199 5227 excedere.
2227 5163 2315 5225 Ac
2343 5163 2610 5242 denique
2641 5180 2770 5223 non
2797 5164 2997 5242 magis
3016 5172 3323 5245 repugnat
3348 5167 3451 5229 hic

1883 5258 2104 5318 modus
2115 5256 2272 5335 legis
2290 5256 2356 5316 in
2374 5255 2491 5316 hac
2511 5255 2772 5317 materia
2787 5274 2975 5335 quam
2993 5256 3060 5317 in
3080 5257 3215 5320 aliis
3234 5275 3255 5338 3
3275 5260 3450 5321 nulla

1884 5349 2055 5412 enim
2084 5348 2241 5409 ratio
2261 5347 2632 5408 discriminis
2657 5348 2868 5410 afferri
2887 5355 3111 5428 potest,
3131 5356 3202 5412 ut
3223 5353 3448 5414 dealiis

1884 5441 2304 5522 argumentati
2334 5457 2570 5501 sumus.
2614 5439 2822 5502 Altera
2864 5458 3007 5521 pars
3056 5448 3181 5519 est,
3237 5444 3401 5523 quod
3419 5488 3442 5522 ,

1884 5535 2086 5614 posita
2101 5534 2214 5598 tali
2239 5533 2399 5612 lege.
2430 5533 2539 5597 illa
2567 5552 2705 5596 non·
2715 5534 2951 5615 obligat
2978 5534 3046 5598 in
3076 5536 3447 5602 conscientia
