3976 6219
519 408 640 470 364

516 515 796 596 ipsorum
823 528 1137 574 canonum
1158 508 1527 590 regulariter
1552 511 1832 570 constare
1858 508 2079 585 potest.

516 610 741 686 Estque
781 605 1089 685 optimum
1130 604 1488 683 exemplum
1526 601 1596 663 in
1638 618 1774 679 cap.
1809 598 2084 673 Qualiter

517 700 849 781 ecquando,
869 701 910 759 Ξ
933 698 1010 759 de
1034 698 1276 772 Aecus„
1295 695 1405 756 ubi
1427 693 1748 756 tractando
1770 692 1849 753 de
1866 689 2082 771 ordine

516 792 584 853 in
607 790 853 872 judiciis
879 790 979 852 331
1003 787 1577 851 denuntiationibus
1617 783 1951 858 servando,
1990 783 2084 862 ip-

517 902 656 945 sum
672 882 960 962 colligere
988 881 1209 942 nititur
1228 880 1511 942 Pontifex
1530 897 1608 941 ex
1620 875 2085 939 auctoritatibus

517 977 674 1038 Novi
693 981 755 1037 et
771 974 1008 1036 Veteris
1025 973 1404 1036 Testamenti
1427 990 1444 1035 2
1464 973 1574 1035 Εω
1592 971 1831 1052 quibus,
1853 967 2078 1047 inquit,

511 1074 718 1150 postea
733 1073 1147 1147 processerim
1182 1066 1479 1130 canoniooe
1505 1063 1857 1127 sendimus.
1896 1058 2078 1120 Ratio

516 1179 663 1222 vero
690 1166 803 1235 331,
830 1160 998 1239 quia,
1023 1177 1166 1220 cum
1198 1158 1332 1220 haec
1353 1162 1620 1237 potestas
1642 1156 1723 1216 sit
1747 1151 2079 1234 superioris

517 1253 776 1328 ordinis,
803 1250 1232 1332 complectitur
1249 1251 1440 1312 etiam
1460 1246 1756 1310 inferiora
1776 1250 2083 1326 quatenus

519 1345 728 1425 aliquo
755 1345 938 1406 modo
977 1343 1397 1424 superioribus
1432 1341 1810 1416 deserviunt,
1849 1337 1949 1399 vel
1975 1355 2087 1418 per

521 1441 776 1502 modum
804 1439 1087 1518 subiecti,
1113 1439 1213 1500 vel
1234 1456 1348 1519 per
1375 1436 1634 1498 modum
1661 1431 2082 1507 instrumenti,

521 1539 631 1594 aut
642 1532 767 1594 alio
787 1531 1000 1607 simili,
1017 1532 1185 1593 etita
1218 1533 1419 1611 301331
1444 1529 1632 1590 etiam
1650 1527 1728 1589 de
1753 1525 1959 1601 131133,
1977 1541 2088 1585 333

522 1625 799 1687 1113131113
835 1625 1145 1686 inferioris
1171 1623 1407 1685 ordinis
1435 1622 1603 1702 leges
1631 1621 1817 1693 ferre,
1841 1634 2087 1696 semper

521 1724 733 1780 tamen
767 1717 882 1778 sub
906 1718 1144 1778 ratione
1175 1715 1477 1796 superiori
1506 1719 1569 1776 et
1602 1709 2079 1792 supernaturali.

604 1812 663 1871 5.
715 1810 928 1872 Tertia
954 1809 1299 1871 excellentia
1331 1825 1402 1871 σω
1429 1807 1665 1887 oriqim
1690 1809 1745 1867 ot
1774 1820 1957 1866 causa
1987 1805 2084 1880 os-

522 1903 781 1982 ficiente-
824 1935 907 1948 —
944 1901 1154 1963 Tertia
1171 1900 1532 1963 excellentia
1548 1897 1735 1977 hujus
1768 1896 2086 1976 potestatis

523 1996 827 2103 333133311
872 2000 1072 2075 301331
1111 2013 1188 2056 ex
1220 1999 1393 2086 parte
1421 2010 1623 2054 causae
1658 1991 1981 2052 efficientis
2024 1995 2087 2050 et

522 2089 824 2167 originis:
867 2106 1018 2149 nam
1065 2087 1196 2148 haec
1240 2081 1506 2166 potestas
1537 2090 1632 2146 est
1661 2085 1837 2164 quasi
1873 2102 1986 2163 per
2018 2100 2084 2143 se

521 2181 746 2257 infusa,
768 2180 934 2243 unde
953 2200 991 2242 a
1010 2180 1138 2241 solo
1160 2181 1308 2256 Deo,
1330 2184 1402 2239 ut
1420 2184 1636 2240 auctor
1660 2182 1751 2239 331
1773 2182 1836 2238 31
1862 2174 2087 2254 guber-

521 2279 702 2336 nator
715 2272 1221 2379 supernaturalis„
1239 2279 1540 2352 tanquam
1562 2289 1601 2332 a
1617 2270 1820 2351 primo
1838 2274 1902 2330 31
1916 2268 2087 2349 31111-

521 2364 704 2445 cipali
752 2365 1059 2446 principio
1113 2383 1366 2426 manare
1424 2369 1625 2443 potest
1669 2362 2076 2424 immediate:

521 2464 787 2538 potestas
821 2464 1032 2520 autem
1066 2457 1263 2519 civilis
1288 2456 1473 2518 datur
1501 2474 1541 2517 a
1574 2457 1698 2517 Deo
1725 2461 1796 2516 31
1833 2460 2082 2516 3331013

520 2556 785 2627 naturae,
816 2556 880 2612 et
925 2569 1051 2612 non
1087 2550 1334 2630 proprie
1366 2568 1479 2630 per
1503 2566 1567 2610 se
1595 2548 1932 2623 confertur,
1976 2547 2084 2609 sed

522 2662 632 2724 per
653 2644 909 2705 modum
939 2643 1332 2724 proprietatis
1361 2642 1674 2703 manantis
1699 2640 1779 2702 ab
1802 2641 1936 2720 ipsa
1963 2659 2084 2701 na-

522 2742 685 2811 tura,
726 2736 913 2797 modo
948 2736 1248 2815 explicato
1278 2737 1346 2797 in
1377 2735 1486 2796 lib.
1525 2737 1602 2812 33
1653 2733 1818 2795 unde
1846 2739 2087 2795 constat

523 2829 713 2890 etiam
735 2847 813 2889 ex
845 2828 964 2888 hoc
995 2828 1193 2908 capite
1220 2829 1404 2907 longe
1430 2826 1926 2889 excellentiorem
1951 2845 2085 2888 3333

522 2922 686 2983 hanc
711 2926 1098 3001 potestatem.
1122 2921 1295 2995 Quod
1317 2921 1584 3001 amplius
1601 2921 1690 2982 ita
1704 2920 2050 2982 declaratur
2060 2936 2081 2997 ;

523 3034 671 3076 nam
698 3015 833 3076 haec
852 3020 1119 3095 potestas
1146 3015 1483 3077 secundum
1505 3033 1681 3076 suam
1698 3013 2085 3093 adaequatam

522 3112 833 3171 rationem
877 3116 940 3171 et
985 3107 1411 3171 excellentiam
1455 3128 1494 3170 a
1538 3107 1777 3170 Christo
1822 3108 2086 3169 Domino

527 3202 748 3264 collata
779 3209 893 3272 331,
922 3208 986 3265 31
1015 3203 1084 3263 111
1102 3202 1208 3263 1110
1224 3202 1345 3263 fuit
1371 3201 1566 3265 veluti
1591 3202 1930 3282 proprietas
1955 3219 2087 3263 ma-

525 3314 685 3357 nans
733 3315 809 3358 ex
843 3297 1072 3358 unione
1123 3295 1508 3377 hypostatica
1553 3295 1963 3357 humanitatis
2006 3294 2086 3356 ad

526 3390 826 3467 Verbum,
874 3397 947 3451 ut
974 3391 1042 3451 in
1072 3393 1102 3451 1
1134 3395 1286 3450 tom.
1322 3391 1359 3449 3
1391 3388 1607 3468 partis,
1630 3388 1790 3467 disp.
1825 3390 1927 3463 47,
1959 3387 2084 3449 late

527 3481 969 3563 explicuimus:
1007 3480 1176 3543 unde
1216 3486 1453 3542 constat
1484 3487 1660 3542 tanto
1695 3479 2088 3542 excellentio-

527 3592 662 3636 rem
688 3592 817 3636 esse
850 3574 1014 3635 hanc
1058 3579 1427 3654 potestatem
1454 3573 1522 3634 in
1549 3590 1660 3634 suo
1690 3572 1861 3634 fonte
1887 3577 2088 3651 potes-

527 3672 654 3728 tate
693 3664 885 3742 civili,
927 3670 1160 3744 quanto
1209 3664 1362 3725 unio
1406 3664 1793 3746 hypostatica
1839 3670 2090 3743 superat

531 3756 1044 3819 communitatem
1073 3757 1438 3819 humanam.
1470 3757 1524 3818 A
1560 3757 1801 3819 Christo
1828 3774 1997 3833 vero,
2028 3762 2091 3819 et

530 3870 642 3931 per
688 3848 999 3912 Christum
1057 3850 1333 3912 derivata
1385 3856 1479 3913 est
1523 3850 1657 3913 haec
1696 3855 1964 3931 potestas
2010 3850 2090 3911 ad

530 3943 848 4005 vicarium
874 3961 985 4024 per
1010 3943 1351 4006 maximam
1391 3943 1727 4024 quamdam
1761 3942 2093 4024 participa-

530 4038 766 4099 tionem
801 4036 970 4099 illius
1008 4037 1325 4118 potestatis
1363 4037 1765 4113 excellentiae,
1797 4053 1936 4116 quoe
1970 4035 2092 4096 fuit

531 4131 599 4192 in
645 4130 906 4207 Christo,
950 4135 1014 4192 et
1042 4130 1130 4191 sic
1168 4129 1388 4192 11311311
1428 4130 1908 4192 fundamentum
1957 4147 2086 4190 non

532 4223 735 4285 solum
757 4224 824 4283 in
856 4224 988 4304 ipsa
1017 4224 1463 4299 incarnatione,
1496 4224 1603 4285 sed
1629 4223 1821 4286 etiam
1851 4223 1920 4284 in
1959 4240 2093 4284 me-

531 4318 666 4380 ritis
694 4316 918 4379 Christi
939 4316 1209 4393 Domini,
1240 4322 1303 4378 31
1324 4317 1392 4378 13
1413 4317 1716 4397 33333133
1739 4317 1899 4396 ejus,
1922 4314 2091 4396 quod

533 4430 660 4472 non
682 4416 883 4491 potest
897 4410 1024 4472 dici
1041 4410 1118 4472 de
1145 4415 1445 4491 potestate
1471 4410 1639 4472 civili
1665 4409 2007 4471 secundum
2026 4427 2092 4471 se

532 4509 837 4585 spectata;
864 4522 1013 4584 ergo
1030 4522 1108 4566 ex
1128 4504 1225 4565 his
1247 4502 1535 4565 omnibus
1557 4502 1882 4565 manifeste
1901 4520 2093 4584 appa-

532 4603 630 4661 ret
654 4615 933 4660 excessus
959 4597 1377 4660 ecclesiasticae
1405 4596 1742 4677 potestatis.

614 4691 675 4753 6.
723 4691 960 4766 Quarta
993 4690 1338 4755 moelkntia
1370 4707 1441 4753 σω
1461 4695 1639 4770 parto
1659 4688 1933 4769 subjecti,
1961 4707 2094 4753 oum

528 4784 959 4865 principaliter
984 4785 1070 4847 sit
1094 4785 1162 4846 in
1178 4782 1422 4847 Christo
1447 4782 1727 4858 Domino,
1759 4783 1962 4846 civilis
1978 4801 2097 4846 au-

534 4886 651 4944 tem
668 4884 938 4959 potestas
949 4879 1017 4940 in
1034 4878 1450 4941 communitate
1469 4878 2094 4961 humana;—Quarto,

534 4971 836 5035 declarari
858 4975 1060 5052 potest
1084 4969 1453 5032 excellentia
1477 4969 1609 5032 haec
1633 4988 1712 5032 ex
1738 4976 1915 5051 parte
1949 4971 2093 5032 sub-

531 5065 702 5148 jecti,
731 5064 880 5145 quia
906 5068 1172 5145 potestas
1198 5062 1606 5125 ecclesiastica
1627 5061 1895 5124 multum
1918 5081 2097 5125 exce-

535 5158 631 5219 dit
673 5157 920 5220 civilem
964 5157 1032 5218 in
1065 5155 1385 5237 primario,
1427 5163 1491 5218 et
1518 5155 1712 5218 veluti
1739 5155 2099 5219 immediate

536 5250 830 5329 subjecto.
854 5252 1008 5312 Nam
1038 5256 1304 5331 potestas
1325 5248 1522 5311 civilis
1544 5249 1899 5312 immediate
1918 5256 2010 5312 est
2032 5251 2100 5312 in

537 5343 985 5406 communitate
1030 5344 1340 5420 humana;
1396 5343 1529 5405 11333
1575 5349 1786 5406 331313
1831 5350 2100 5424 30133133

535 5436 765 5499 residet
787 5436 1208 5518 principaliter
1234 5438 1302 5499 in
1330 5437 1567 5498 Christo
1592 5437 1879 5498 homine:
1931 5435 2099 5497 unde

537 5534 611 5597 fit
646 5535 741 5614 111,
781 5530 985 5612 quoad
1010 5530 1357 5613 subjectum
1382 5530 1760 5610 proximum,
1797 5529 1907 5593 illa
1931 5529 2100 5611 prior

1516 402 1633 456 LIB.
1672 400 1755 454 IV.
1790 400 1872 453 DE
1902 399 2065 453 LEGE
2094 395 2383 451 Posmva
2414 395 2741 451 mmmm.

2163 502 2245 564 sit
2268 502 2338 563 in
2365 518 2439 563 eo
2462 499 2719 562 homine
2752 499 2856 562 331
2890 497 3305 562 communitas
3347 497 3525 561 illam
3556 517 3743 561 com·

2165 595 2357 669 misit,
2395 593 2495 654 vel
2529 594 2597 654 in
2633 592 3083 654 successoribus
3108 593 3277 671 ejus;
3311 593 3445 654 haee
3475 610 3640 653 vero
3668 592 3745 653 sit

2163 688 2233 749 in
2259 705 2333 747 eo
2356 687 2458 747 cui
2481 685 2755 747 Christus
2780 685 2952 747 illam
2993 686 3322 761 commisit,
3353 686 3457 747 vel
3498 703 3748 745 333333-

2165 778 2407 841 soribus
2434 779 2595 858 ejus,
2624 783 2736 839 aut
2758 778 3073 840 mediante
3100 779 3235 858 ipso
3266 779 3334 839 in
3360 777 3527 839 aliis,
3571 779 3748 838 Inter

2163 871 2277 933 has
2308 877 2520 933 autem
2559 889 2852 951 personas
2881 877 3027 933 sunt
3051 878 3177 932 tres
3211 870 3589 933 differentiae
3633 888 3750 931 no-

2167 963 2394 1026 1331133.
2420 963 2649 1040 Ρ111113,
2670 964 2839 1043 quod
2865 969 3134 1044 potestas
3150 964 3349 1026 civilis
3372 968 3587 1044 potest
3611 982 3749 1024 esse

2166 1059 2234 1119 in
2263 1056 2540 1137 quolibet
2562 1057 2841 1133 homine,
2871 1056 3062 1119 etiam
3082 1075 3212 1119 non
3237 1056 3583 1137 baptimto,
3609 1055 3750 1116 haec

2164 1168 2311 1212 3310
2338 1149 2746 1212 3331331331133
2771 1168 2899 1211 303
2939 1151 3060 1211 3131
3088 1151 3156 1211 13
3181 1150 3453 1212 habente
3484 1149 3750 1210 3113133-

2168 1248 2365 1305 terem
2413 1242 2733 1322 Baptismi.
2791 1243 2946 1315 Quia
3002 1243 3350 1322 Baptismus
3399 1249 3499 1304 331
3543 1243 3749 1321 janua

2164 1320 2471 1411 Ecclesiae,
2510 1340 2573 1396 et
2613 1335 2780 1410 ideo,
2813 1335 2974 1397 313111
3008 1340 3153 1398 ante
3173 1335 3606 1396 characterem
3632 1336 3748 1395 Ba·

2163 1430 2375 1510 3113131
2407 1428 2615 1490 nullus
2653 1429 2885 1491 directe
2929 1429 3252 1508 subjicitur
3288 1430 3609 1505 Ecclesiae,
3660 1429 3747 1489 ita

2165 1523 2356 1585 etiam
2401 1523 2535 1584 3133
2586 1522 2695 1583 1110
2739 1521 3092 1584 charactere
3137 1522 3350 1583 nullus
3397 1528 3497 1584 est
3545 1541 3744 1601 capax

2168 1615 2592 1677 ecclesiasticae
2620 1615 2961 1694 potestatis,
2987 1615 3153 1677 unde
3202 1633 3318 1676 nec
3361 1621 3743 1695 potestatem

2168 1708 2404 1771 ordinis
2429 1707 2655 1769 habere
2684 1713 2902 1787 potest.
2935 1708 3108 1769 Dices
3136 1708 3286 1769 hinc
3312 1727 3496 1788 posse
3518 1709 3743 1770 inferri

2165 1801 2274 1862 illa
2321 1801 2731 1877 incommoda,
2778 1820 2917 1882 quoe
2962 1819 3151 1881 supra
3194 1801 3631 1863 inferebamus
3665 1803 3742 1864 de

2163 1894 2452 1956 haeretico
2497 1893 2776 1971 mentali,
2824 1894 2971 1973 quia
2998 1894 3075 1969 si,
3116 1893 3346 1955 amissa
3372 1893 3521 1970 fide,
3552 1895 3741 1955 amit·

2164 1992 2322 2049 teret
2342 1992 2730 2067 potestatem,
2770 1986 2949 2048 valde
2987 1987 3225 2048 incerta
3256 1993 3415 2048 esset
3452 1987 3581 2048 haec
3619 2006 3740 2067 po-

2165 2081 2502 2158 testas3ita
2534 2080 2704 2141 enim
2735 2081 2803 2141 in
2834 2080 3607 2160 praesentiincertumest,
3653 2100 3740 2142 an

2167 2173 2392 2252 aliquis
2443 2173 2669 2235 habeat
2715 2174 3134 2235 characterem
3189 2173 3490 2253 Baptismi
3504 2218 3528 2248 ,
3589 2173 3744 2252 quia

2169 2267 2381 2329 multis
2410 2267 2611 2327 modis
2639 2268 2998 2346 contingere
3035 2273 3235 2347 potest
3259 2268 3740 2328 Sacramentum

2165 2378 2293 2422 non
2327 2379 2458 2422 3333
2485 2360 2796 2436 validum3
2827 2379 2977 2440 ergo
3000 2379 3078 2422 ex
3094 2361 3455 2422 necessitate
3481 2360 3739 2421 charac-

2164 2454 2313 2517 teris
2334 2454 2551 2515 eadem
2572 2454 2945 2514 incertitudo
2971 2454 3272 2533 sequitur.
3303 2453 3740 2533 Respondetur

2164 2553 2377 2608 tamen
2409 2564 2537 2607 non
2568 2564 2701 2608 esse
2727 2546 2951 2622 simile,
2982 2547 3131 2627 quia
3163 2546 3469 2608 certitudo
3491 2546 3740 2625 Baptis-

2166 2639 2286 2714 mi,
2313 2639 2595 2718 quamvis
2617 2657 2745 2701 non
2766 2641 2845 2701 sit
2870 2641 3128 2701 omnino
3152 2639 3526 2714 infallibilis,
3547 2639 3735 2701 habet

2165 2733 2570 2794 nihilominus
2598 2751 2738 2794 eam
2764 2733 3062 2795 moralem
3095 2732 3562 2809 certitudinem,
3595 2729 3734 2812 (fuse

2164 2828 2231 2888 in
2268 2828 2453 2890 rebus
2478 2828 2772 2889 humanis
2809 2827 3024 2889 baberi
3050 2833 3274 2908 potest,
3314 2833 3378 2888 et
3411 2827 3732 2889 character

2166 2920 2353 2982 semel
2381 2921 2711 3001 impressus
2737 2939 3059 3000 nunquam
3091 2920 3360 3001 amplius
3400 2920 3596 2982 deleri
3622 2939 3729 3001 po-

2165 3019 2323 3091 test3
2349 3012 2733 3075 fidesautem
2761 3013 2943 3075 facile
2969 3013 3173 3075 amitti
3202 3019 3425 3093 potest.

2248 3109 2310 3169 7.
2354 3106 2493 3170 Alia
2524 3107 2874 3170 differentia
2900 3114 3013 3184 est,
3043 3107 3211 3189 quod
3238 3114 3510 3188 potestas
3533 3107 3731 3169 civilis

2164 3200 2234 3262 in
2284 3200 2435 3261 viris
2473 3207 2536 3262 et
2575 3201 2824 3262 feminis
2867 3220 2996 3263 esse
3041 3208 3242 3282 potest
3250 3218 3271 3279 ;
3325 3202 3733 3264 ecclesiastica

2166 3311 2315 3355 3310
2341 3293 2408 3353 13
2435 3293 2682 3355 feminis
2708 3312 2840 3356 3333
2884 3313 3011 3356 303
3042 3300 3264 3375 301331,
3297 3295 3516 3356 saltem
3568 3295 3737 3355 ordi-

2167 3386 2344 3447 nario
2366 3386 2529 3465 jure.
2563 3388 2903 3467 Loquimur
2926 3387 3004 3449 de
3031 3394 3326 3469 potestate
3349 3387 3739 3466 jurisdictio-

2168 3480 2288 3555 nis,
2311 3479 2391 3539 ad
2417 3497 2605 3558 quam
2633 3479 2936 3558 legislatio
2963 3486 3224 3561 spectat3
3248 3497 3385 3540 nam
3405 3479 3483 3540 de
3520 3486 3739 3559 30133-

2168 3577 2295 3633 1313
2322 3572 2578 3649 ordinis,
2611 3578 2849 3635 certum
2876 3579 2968 3635 est
2994 3574 3258 3635 feminas
3281 3572 3442 3633 illius
3468 3574 3744 3652 incapa-

2169 3683 2270 3727 ces
2293 3683 2446 3741 esse,
2490 3671 2560 3726 ut
2604 3666 2672 3726 13
2708 3667 2970 3727 materia
2994 3667 3072 3728 de
3104 3667 3329 3729 Ordine
3354 3683 3430 3726 ex
3457 3665 3744 3745 professo

2170 3759 2616 3819 ostendendum
2657 3765 2747 3821 331
2773 3766 2989 3821 303113
3032 3766 3359 3821 novatores
3395 3760 3743 3821 excitantes

2171 3851 2491 3929 antiquam
2532 3851 2817 3913 haeresim
2862 3852 3379 3932 Papuzianorum,
3422 3870 3617 3933 quam
3641 3870 3743 3913 re-

2171 3943 2396 4005 fellunt
2436 3945 2691 4024 August.
2729 3946 2805 4007 de
2840 3947 3066 4008 Hoeres.
3105 3947 3173 4006 in
3199 3948 3299 4020 27,
3334 3951 3398 4006 31
3424 3945 3733 4026 Ε3131133.

2172 4038 2240 4098 13
2267 4041 2378 4116 493
2410 4057 2487 4100 ex
2514 4038 2754 4101 Paulol
2787 4039 2866 4100 ad
2901 4040 3176 4103 Corinth.
3212 4043 3311 4116 14,
3349 4043 3475 4101 311
3518 4040 3600 4100 311
3635 4041 3740 4100 Ti-

2172 4132 2367 4194 moth.
2404 4135 2464 4207 1,
2502 4132 2612 4192 3111
2647 4132 2912 4195 feminas
2940 4149 3054 4195 333
3076 4133 3298 4195 docere
3331 4151 3448 4195 nee
3469 4132 3644 4212 loqui
3672 4133 3739 4193 in

2174 4223 2445 4286 Ecelesia
2466 4225 2787 4304 permittit.
2818 4226 2956 4286 Dixi
2978 4232 3186 4288 autem
3209 4244 3327 4288 non
3347 4231 3569 4306 potest,
3594 4226 3743 4304 quia

2176 4318 2309 4381 haec
2354 4323 2642 4397 potestas,
2689 4324 2992 4398 quatenus
3035 4319 3392 4380 immediate
3426 4336 3467 4379 a
3496 4318 3740 4380 Christo

2177 4412 2384 4487 datur,
2416 4410 2480 4471 id
2507 4416 2624 4486 est,
2652 4429 2897 4474 summa
2923 4417 2986 4473 et
3010 4411 3352 4491 pontificia,
3381 4429 3511 4473 303
3537 4417 3743 4492 potest

2176 4522 2308 4566 esse
2340 4503 2408 4564 in
2439 4503 2694 4580 femina,
2731 4504 2879 4584 quia
2916 4503 3026 4566 illa
3051 4522 3181 4566 non
3221 4510 3314 4566 est
3348 4521 3546 4583 capax
3578 4504 3745 4566 ordi-

2177 4598 2300 4674 nis,
2322 4597 2422 4658 331
2451 4598 2922 4660 consecrationis
2952 4598 3333 4679 episcopalis,
3360 4604 3423 4659 et
3448 4597 3596 4659 ideo
3629 4616 3746 4660 nec

2176 4689 2569 4772 pontificatus
2588 4697 2790 4772 potest
2812 4709 2945 4753 esse
2968 4708 3184 4772 capax.
3216 4692 3391 4765 Quod
3418 4697 3635 4753 autem
3667 4692 3748 4754 de

2176 4784 2357 4845 Joan.
2397 4784 2532 4844 VIII
2575 4784 2830 4864 quidam
2862 4783 3201 4861 finxerunt,
3243 4784 3598 4846 fabulosum
3625 4792 3743 4861 est,

2176 4881 2249 4937 31
2283 4895 2362 4938 ex
2393 4876 2712 4956 Onuphrio
2737 4876 3003 4939 ostendit
3029 4877 3386 4940 Bellarmin.
3426 4877 3543 4939 lib.
3591 4880 3631 4939 3
3666 4878 3746 4940 de

2178 4970 2441 5032 Roman.
2461 4968 2770 5047 Pontific.,
2797 4988 2933 5050 cap.
2957 4970 3070 5031 ult.
3078 5014 3099 5045 ,
3126 4975 3189 5031 31
3216 4970 3458 5050 3031033
3483 4970 3743 5045 Β3103.,

2177 5071 2226 5126 1.
2260 5066 2360 5140 10,
2390 5081 2557 5125 anno
2583 5063 2807 5126 Christi
2835 5067 2977 5142 855,
3017 5084 3083 5127 3.
3111 5067 3192 5128 56
3218 5071 3282 5127 31
3312 5065 3745 5144 sequentibus,

2178 5157 2288 5218 nbi
2342 5157 2493 5219 alios
2535 5156 2741 5219 refert.
2795 5159 2873 5220 Et
2915 5158 2983 5219 in
3027 5177 3094 5219 n.
3134 5159 3237 5234 63,
3281 5162 3446 5219 13313
3474 5156 3753 5219 advertit

2180 5251 2369 5331 quod,
2400 5249 2546 5311 licet
2564 5250 2795 5312 factum
2829 5249 2985 5312 illud
3006 5249 3363 5312 fabulosum
3392 5251 3483 5312 ita
3506 5256 3583 5311 ut
3604 5269 3753 5313 nar-

2181 5348 2356 5403 ratur
2380 5343 2721 5419 accidisset,
2754 5343 2864 5404 illa
2884 5343 3120 5406 femina
3143 5361 3273 5405 non
3289 5342 3507 5405 1313331
3538 5344 3754 5405 Ρο311-

2180 5435 2306 5513 fex,
2353 5437 2460 5498 sed
2498 5442 2768 5499 vacasset
2806 5438 2979 5500 sedes
3022 5456 3137 5518 pro
3184 5437 3294 5499 illo
3337 5443 3645 5518 tempore,
3688 5443 3752 5499 et

2181 5540 2393 5611 postea
2409 5535 2479 5597 in
2496 5536 2793 5599 electione
2817 5535 3130 5598 Benedicti
3146 5533 3363 5598 fuisset
3383 5534 3757 5598 continuata
