3976 6219
846 410 981 464 cAP.
1016 412 1215 465 xxxn.
1252 411 1546 475 Quouono
1577 413 1703 465 LEX
1735 411 1898 464 DANS
1927 412 2183 465 mum
2216 412 2402 466 AGTUI
2434 409 2513 462 ET
2546 404 2809 469 ADDENS,
2841 401 2978 455 ETC.

306 508 692 571 cumstantiae
717 511 1066 590 spectandae
1093 520 1260 576 sunt.
1296 517 1371 576 Et
1397 512 1705 593 imprimis
1739 518 1871 573 tota

304 590 493 665 s'eries
511 603 841 664 verborum
864 606 1311 669 consideranda
1329 613 1442 682 est,
1473 612 1536 668 et
1561 606 1870 685 praecipue

307 715 390 757 an
415 695 676 758 verbum
696 714 813 758 non
834 714 1006 776 posse
1031 699 1210 761 cadat
1237 717 1422 780 super
1447 699 1734 761 effectum
1759 716 1869 760 seu

305 789 747 867 obligationem
767 807 906 869 quse
925 790 1321 855 induceretur
1338 792 1392 854 si
1410 798 1581 854 aetus
1597 791 1861 869 valeret:

305 900 453 942 nam
479 886 630 942 tunc
659 883 912 963 signum
939 889 1031 944 est
1069 884 1283 947 formae
1305 883 1721 947 substantialis
1731 900 1753 962 3
1795 889 1868 946 ut

305 991 451 1034 cum
483 973 713 1035 dicitur
737 975 868 1038 siue
904 978 1273 1056 expressione
1313 995 1508 1041 causoe
1545 996 1664 1039 non
1695 995 1869 1056 posse

304 1068 590 1131 constitui
617 1067 1061 1147 obliaationom,
1080 1068 1125 1132 l.
1147 1073 1201 1134 J
1199 1071 1337 1133 uris
1348 1072 1638 1151 ymtiwm,
1664 1070 1701 1150 ἐ
1720 1071 1798 1139 N
1794 1088 1868 1133 on

300 1177 493 1239 posse,
524 1158 591 1220 fl.
636 1159 713 1221 de
759 1161 977 1224 Paetis.
1022 1163 1255 1224 Deinde
1285 1163 1735 1243 inspiciendum
1774 1168 1868 1225 est

304 1270 386 1313 an
412 1253 593 1331 juxta
621 1253 894 1314 materiae
918 1255 1279 1335 qualitatem
1297 1261 1360 1317 et
1384 1273 1565 1317 usum
1584 1275 1696 1336 per
1717 1255 1868 1318 talia

304 1345 493 1406 verba
538 1344 731 1406 soleat
769 1346 999 1408 auferri
1033 1349 1485 1410 administratio
1511 1349 1861 1426 bonorum,

306 1437 407 1498 vel
450 1437 538 1498 ita
570 1437 836 1500 limitari·
867 1446 937 1501 ut
982 1441 1114 1502 sine
1146 1442 1399 1504 alterius
1431 1459 1731 1503 consensu
1766 1443 1866 1504 vel

305 1530 438 1591 sine
453 1530 743 1592 facultate
758 1533 986 1611 judicis
1004 1533 1140 1596 fieri
1161 1554 1289 1596 non
1306 1536 1515 1615 possit.
1537 1536 1694 1596 Nam
1716 1540 1865 1597 tune

305 1624 494 1685 etiam
520 1631 802 1686 censetur
842 1626 945 1687 lex
983 1628 1374 1706 praescribere
1400 1627 1863 1690 substantialem

304 1714 570 1777 formam
584 1761 605 1791 ,
656 1716 754 1778 vel
806 1718 1046 1781 auferre
1095 1721 1454 1800 simpliciter
1500 1726 1864 1800 potestatem

309 1808 629 1869 moralem.
657 1811 733 1870 Et
754 1811 843 1871 ita
863 1813 1166 1892 contingit
1186 1814 1252 1873 in
1275 1813 1517 1892 legibus
1534 1819 1864 1876 testamen-

308 1906 515 1959 torum
562 1907 624 1962 et
660 1901 1106 1966 alienationum
1148 1924 1301 1985 quas
1339 1925 1527 1986 supra
1570 1907 1866 1968 affereba-

308 2010 469 2053 mus·
502 1994 680 2069 Nam,
711 1994 855 2056 licet
898 1997 1175 2060 dominia
1223 2018 1434 2061 rerum
1475 2002 1599 2061 sint
1621 2001 1696 2061 de
1723 2001 1867 2079 jure

308 2085 591 2162 gentium
628 2088 832 2165 quoad
872 2109 1084 2152 rerum
1114 2091 1480 2153 divisionem
1511 2094 1579 2153 in
1614 2110 1863 2171 genere,

307 2176 714 2240 nihilominus
754 2181 822 2241 in
857 2184 1217 2262 particulari
1252 2186 1470 2247 modus
1509 2187 1869 2265 acquirendi

308 2269 407 2331 vel
441 2272 855 2334 transferendi
897 2277 1172 2338 dominia
1210 2278 1439 2357 pendet
1479 2279 1749 2339 multum
1790 2297 1868 2340 ex

306 2362 444 2439 jure
471 2362 779 2442 human03
809 2373 870 2427 et
905 2368 1043 2429 ideo
1070 2371 1316 2448 quando
1344 2371 1441 2431 lex
1478 2371 1639 2432 tollit
1666 2377 1867 2451 potes-

311 2460 503 2515 tatem
534 2456 826 2533 donandi,
856 2467 966 2521 aut
989 2462 1288 2539 absolute,
1318 2469 1429 2524 aut
1455 2465 1587 2525 sine
1615 2464 1868 2525 alterius

307 2546 554 2609 licentia
585 2554 648 2610 et
672 2568 994 2629 consensu,
1022 2554 1120 2615 vel
1152 2563 1340 2635 negat
1364 2556 1719 2618 facultatem
1747 2562 1867 2618 tes-

313 2641 483 2701 tandi
509 2640 608 2702 vel
639 2643 1002 2706 instituendi
1028 2646 1360 2722 haeredem,
1391 2650 1489 2710 vel
1515 2668 1549 2710 e
1578 2667 1869 2710 converso

309 2735 472 2794 tollit
499 2742 864 2815 potestatem
883 2741 1246 2802 instituendi
1273 2742 1425 2803 alios
1457 2749 1679 2822 praeter
1697 2744 1865 2819 istos,

311 2833 420 2887 aut
446 2845 525 2889 ex
548 2828 671 2889 illis
697 2831 1068 2892 meliorandi
1089 2834 1210 2893 nisi
1229 2835 1297 2894 in
1328 2835 1438 2895 tali
1467 2842 1661 2914 parte,
1695 2842 1758 2898 et
1788 2837 1863 2897 si-

312 2920 485 2980 milia
502 2968 519 2994 ,
567 2926 849 2984 censetur
890 2923 1356 2986 substantialem
1398 2926 1666 2989 formam
1716 2947 1870 3007 prae-

310 3013 572 3074 scribere
607 3020 671 3075 et
701 3016 1062 3096 simpliciter
1104 3018 1350 3081 auferre
1378 3025 1765 3099 potestatem,
1797 3039 1869 3082 ac

311 3105 571 3169 subinde
587 3108 931 3174 invalidare
948 3117 1177 3173 actum.
1199 3114 1470 3192 Denique
1494 3115 1869 3176 consuetudo

312 3204 376 3262 et
406 3202 752 3263 communis
781 3204 1116 3283 acceptatio
1136 3205 1292 3284 legis
1318 3205 1386 3266 in
1408 3205 1525 3267 hoc
1545 3207 1646 3268 vel
1665 3207 1735 3269 in
1760 3206 1870 3270 illo

312 3309 495 3352 sensu
525 3293 792 3356 multum
833 3296 902 3357 in
926 3296 1283 3375 hujusmodi
1311 3297 1501 3361 dubio
1532 3299 1737 3363 valere
1763 3318 1872 3380 po-

309 3389 449 3445 test.

824 3536 1075 3600 CAPUT
1099 3538 1359 3604 XXXII„

348 3698 614 3754 QUOMODO
652 3702 768 3749 m
819 3702 971 3749 DANS
1017 3703 1266 3750 ronan
1303 3702 1479 3751 anm
1520 3705 1599 3752 m·
1636 3706 1869 3754 Annuus

427 3794 766 3842 mausum
821 3796 1189 3843 mmmm
1241 3797 1527 3845 nmmum·
1586 3799 1869 3847 vamum(

428 3886 633 3932 AGTUS.

391 4028 421 4086 1
435 4070 449 4086 .
496 4024 731 4105 Regula
773 4030 1020 4106 recepta
1055 4032 1139 4104 et,
1174 4025 1493 4088 moraliter
1535 4026 1865 4108 loquendo,

309 4119 614 4199 generalis
637 4123 759 4179 est:
779 4119 832 4179 si
853 4119 955 4181 lex
986 4119 1090 4180 det
1111 4119 1378 4180 formam
1400 4125 1463 4180 et
1490 4120 1676 4182 addat
1703 4121 1870 4183 clau-

309 4210 533 4285 sulam,
554 4215 625 4270 ut
650 4216 821 4272 actus
839 4210 1019 4272 aliter
1038 4211 1236 4272 factus
1263 4229 1391 4272 non
1417 4212 1637 4289 valeat,
1669 4214 1769 4276 vel
1790 4214 1872 4275 sit

307 4303 542 4378 irritus,
575 4307 685 4363 aut
709 4302 971 4379 inutilis,
996 4304 1097 4366 vel
1123 4305 1274 4384 quid
1301 4305 1542 4384 simile3
1570 4312 1720 4369 tunc
1746 4307 1870 4369 for-

310 4414 416 4457 ma
454 4401 545 4456 est
583 4395 1002 4457 substantialis
1042 4403 1102 4459 et
1142 4399 1484 4459 necessaria
1511 4399 1872 4479 simpliciter

311 4491 388 4551 ad
408 4490 680 4551 valorem
701 4495 895 4551 actus.
921 4492 1063 4552 Haee
1087 4492 1305 4570 regula
1333 4493 1748 4553 communiter
1774 4510 1869 4554 re-

311 4589 487 4663 cepta
515 4590 627 4657 est,
653 4590 716 4645 et
745 4584 1012 4644 sumitur
1033 4602 1109 4645 ex
1130 4585 1323 4646 Gloss.
1345 4585 1413 4645 in
1441 4603 1575 4664 cap.
1608 4588 1669 4660 1,
1691 4585 1864 4647 verb.

310 4678 458 4757 Ipso
476 4678 642 4755 jure,
686 4681 749 4738 et
776 4676 846 4736 ιιι
877 4693 1011 4755 cap.
1045 4676 1386 4752 διαπίνω,
1433 4677 1503 4736 ιιι
1540 4676 1868 4757 principio,

311 4769 484 4830 verb.
521 4768 1012 4844 Committantwr,
1043 4770 1119 4831 de
1150 4769 1502 4849 Rescriptis,
1538 4766 1607 4829 in
1632 4770 1694 4829 6.
1726 4771 1875 4833 Tra-

312 4862 405 4923 dit
438 4861 636 4923 Felin.
677 4862 745 4921 in
776 4879 911 4942 cap.
946 4860 1096 4925 Cum
1133 4863 1370 4938 dilecta,
1400 4861 1477 4923 de
1519 4862 1869 4942 Rescriptis,

313 4973 380 5016 ιι.
424 4957 487 5030 6,
515 4953 688 5016 verb.
723 4953 1013 5029 Quintum
1038 4955 1302 5034 sigum,
1335 4953 1446 5014 ubi
1477 4953 1629 5015 alios
1655 4954 1867 5016 refert.

313 5050 391 5109 Et
419 5052 658 5109 constat
684 5063 762 5109 ex
786 5046 965 5108 dictis
986 5046 1063 5108 de
1080 5047 1308 5108 virtute
1332 5046 1488 5126 legis
1513 5047 1873 5132 simpliciter

313 5139 696 5219 prohibentis
717 5157 859 5201 cum
878 5138 1149 5201 clausula
1165 5138 1447 5200 irritante
1464 5144 1707 5216 actum;
1723 5156 1874 5201 nam

313 5232 569 5313 perinde
598 5238 696 5296 est
719 5231 1044 5312 prohibere
1076 5244 1220 5291 cum
1258 5230 1473 5291 eadem
1500 5229 1769 5292 clausula
1796 5248 1875 5292 ne

315 5325 496 5386 aliter
525 5324 652 5386 fiat.
699 5325 875 5386 Unde
919 5324 1121 5384 solum
1153 5327 1392 5402 oportet
1425 5322 1744 5385 advertere
1770 5342 1878 5386 ne-

316 5418 649 5479 cessarium
689 5435 820 5479 esse
856 5422 927 5477 ut
959 5414 1148 5478 verba
1185 5415 1546 5477 contineant
1584 5415 1879 5477 irritatio-

315 5526 464 5572 nem
484 5509 563 5575 de
589 5510 899 5592 praesenti,
924 5526 1033 5573 seu
1057 5509 1191 5591 ipso
1211 5509 1379 5591 jure,
1395 5508 1544 5591 quia
1570 5508 1722 5572 alias
1748 5525 1876 5572 non

3390 392 3500 452 551

1946 513 2344 593 explicabunt
2380 508 2804 572 necessitatem
2832 501 3192 587 simpliciter
3231 497 3310 558 ad
3337 496 3501 559 valo·

1943 623 2079 667 rem
2105 613 2301 682 actus,
2324 611 2395 667 ut
2427 602 2637 665 statim
2664 598 2863 677 magis
2902 594 3325 676 explicabitur.

2026 701 2086 760 2.
2131 699 2479 761 Adhibetur
2506 694 2677 757 enim
2710 689 3120 753 communiter
3150 683 3292 745 huic
3320 699 3503 759 regu-

1942 792 2021 854 loe
2056 792 2410 867 declaratio,
2457 787 2768 861 videlicet,
2810 789 2883 845 ut
2921 779 3213 862 procedat
3255 774 3503 868 quando

1942 885 2297 947 solemnitas
2324 880 2739 965 praescribitur
2778 882 2849 938 ut
2887 870 3271 936 observanda
3311 867 3377 926 in
3408 866 3503 945 ip-

1942 983 2141 1040 semet
2166 978 2485 1040 effectione
2514 979 2724 1050 actus;
2754 981 2902 1031 tunc
2925 966 3094 1029 enim
3133 959 3502 1024 substantia-

1939 1070 2018 1133 lis
2042 1075 2136 1132 est
2149 1086 2171 1148 3
2209 1088 2382 1132 secus
2410 1085 2560 1130 vero
2590 1065 2710 1127 erit
2742 1063 2796 1124 si
2819 1058 3175 1123 solemnitas
3202 1055 3506 1133 supponat

1941 1168 2152 1225 actum
2175 1164 2308 1243 jam
2334 1163 2592 1236 factum,
2628 1157 2778 1238 quia
2800 1161 2950 1216 tunc
2975 1153 3227 1229 signum
3254 1152 3344 1208 est
3370 1163 3501 1206 esse

1939 1262 2188 1320 tantum
2222 1255 2680 1318 accidentalem.
2703 1251 2876 1311 Hanc
2898 1242 3373 1307 declarationem
3391 1255 3501 1318 po·

1940 1351 2067 1412 suit
2097 1349 2324 1411 Bartol.
2353 1348 2420 1408 in
2454 1347 2500 1407 l.
2549 1346 2865 1417 Universa,
2904 1358 2960 1400 c.
2999 1338 3076 1399 de
3117 1332 3352 1396 Precib.
3382 1331 3502 1391 im-

1939 1444 2209 1524 peratori
2250 1439 2600 1514 offerendi5‚
2644 1443 2707 1498 et
2740 1436 2809 1496 in
2837 1433 2882 1493 l.
2915 1431 2999 1496 Si
3030 1431 3124 1493 ita
3154 1428 3314 1508 quis,
3359 1425 3498 1527 ¹35!

1943 1536 1980 1616 ἓ
2010 1537 2116 1598 Εα
2143 1538 2288 1614 leae,
2330 1553 2395 1594 ιι.
2434 1534 2494 1607 5,
2538 1530 2611 1591 ff.
2644 1531 2730 1589 De
2756 1525 3086 1587 verborum
3110 1517 3502 1595 obligationi-

1940 1628 2079 1705 buS,
2108 1628 2216 1689 ubi
2242 1628 2310 1687 in
2339 1624 2595 1687 Scholiis
2628 1619 2812 1681 multi
2837 1617 2944 1679 alii
2982 1614 3355 1676 referuntur.
3396 1610 3500 1669 Se-

1943 1722 2157 1801 quitur
2198 1719 2536 1781 Panormit.
2576 1717 2645 1776 in
2676 1705 2844 1775 dieto
2874 1730 3007 1789 cap.
3052 1707 3343 1782 Quoniam
3376 1705 3502 1806 siv?

1944 1820 2209 1895 quenter,
2256 1818 2328 1872 ut
2361 1811 2472 1872 lite
2503 1827 2632 1870 non
2660 1809 3020 1877 contestata,
3058 1820 3124 1860 n.
3167 1799 3267 1871 10,
3311 1800 3373 1856 et
3412 1793 3503 1853 ibi

1942 1908 2165 1985 Felin.,
2191 1926 2255 1968 n.
2288 1908 2350 1981 4,
2372 1904 2480 1984 qui
2497 1904 2649 1964 alios
2674 1899 2883 1961 refert.
2907 1895 3075 1958 Alios
3101 1891 3290 1953 etiam
3316 1887 3505 1948 refert

1942 1999 2234 2079 Tiraquel
2260 2017 2467 2077 supra,
2494 2015 2557 2059 n.
2576 1997 2638 2069 4,
2660 1989 3000 2073 praesertim
3028 1985 3198 2047 Bald.
3230 1984 3299 2042 in
3325 1978 3499 2084 rubr.

1943 2112 1997 2155 c.
2050 2094 2127 2154 de
2174 2091 2454 2154 Rescind.
2505 2087 2886 2150 venditione.
2940 2076 3239 2157 Exempla
3281 2074 3504 2154 prioris

1943 2186 2138 2266 partis
2177 2189 2323 2246 sunt
2362 2184 2438 2244 de
2464 2179 2852 2243 solemnitate
2885 2172 3183 2253 requisita
3218 2169 3285 2228 in
3317 2170 3504 2227 testa·

1946 2285 2159 2339 mento
2203 2276 2545 2350 efficiendo,
2589 2290 2726 2351 cap.
2776 2268 2927 2333 Cum
2960 2281 3135 2337 esses,
3185 2260 3261 2320 de
3300 2259 3508 2318 Testa-

1948 2373 2200 2446 mentis,
2234 2370 2280 2431 l.
2309 2371 2465 2432 Hoec
2502 2363 2972 2435 consultissima,
3007 2374 3139 2435 cap.
3173 2352 3289 2426 Qui
3316 2355 3508 2412 testa-

1945 2470 2162 2525 menta
2198 2463 2397 2525 facere
2444 2463 2722 2540 possunt,
2778 2455 2889 2515 ubi
2936 2455 3139 2513 certus
3181 2444 3401 2507 modus
3429 2446 3510 2529 vet

1945 2575 2243 2618 numerus
2283 2554 2539 2617 testium
2578 2552 2658 2614 ad
2685 2549 3129 2612 testamentum
3163 2536 3509 2621 postulatur

1946 2651 2212 2730 ipsomet
2236 2654 2393 2711 actu.
2421 2648 2590 2709 Idem
2617 2650 2710 2707 est
2742 2643 2819 2704 de
2845 2637 3231 2703 solemnitate
3254 2632 3333 2694 ad
3357 2630 3510 2692 elec-

1945 2744 2181 2803 tionem
2215 2741 2513 2820 requisita
2534 2739 2696 2799 dicto
2722 2754 2855 2815 cap.
2900 2733 3018 2807 Qui
3041 2733 3308 2810 proptor.
3342 2723 3508 2785 Alte-

1945 2836 2077 2896 rius
2114 2853 2261 2896 vero
2296 2834 2487 2914 partis
2516 2830 2870 2911 exemplum
2897 2831 2991 2888 est
3025 2825 3094 2885 in
3127 2822 3266 2900 lege
3301 2824 3510 2900 postu-

1946 2928 2117 2989 lante
2142 2933 2214 2987 ut
2240 2926 2490 2986 donatio
2519 2925 2681 2986 faeta
2707 2922 3079 2993 insinuetur,
3108 2914 3208 2976 vel
3234 2912 3399 2992 quod
3432 2928 3508 2971 ex

1947 3038 2017 3083 re
2044 3017 2296 3080 vendita
2330 3016 2471 3077 talis
2498 3015 2743 3094 gabella
2769 3013 3063 3084 solvatur,
3090 3008 3242 3068 alias
3274 3023 3403 3065 non
3431 3005 3511 3066 sit

1948 3112 2248 3174 venditiO.
2279 3111 2459 3172 Ratio
2488 3115 2697 3170 autem
2725 3104 2946 3187 prioris
2980 3101 3173 3184 partis
3206 3103 3320 3175 est,
3362 3098 3511 3179 quia

1947 3203 2199 3284 quando
2242 3202 2443 3265 forma
2485 3202 2554 3262 in
2594 3202 2858 3280 ipsomet
2897 3202 3035 3289 actu
3071 3192 3418 3275 postulatur
3449 3197 3512 3252 et

1949 3296 2200 3359 additur
2228 3299 2301 3355 ut
2335 3300 2507 3355 actus
2546 3293 2699 3354 alias
2738 3292 2937 3353 factus
2972 3307 3090 3351 non
3124 3286 3343 3360 valeat,
3376 3284 3512 3364 ipsa

1948 3388 2309 3450 immediate
2353 3385 2584 3448 resistit
2619 3383 2818 3446 valori
2851 3387 3041 3444 actus.
3088 3381 3163 3441 Et
3190 3377 3331 3439 ideo
3369 3376 3511 3438 talis

1949 3481 2154 3543 forma
2192 3477 2608 3541 substantialis
2648 3477 2957 3552 censetur,
2995 3478 3179 3554 prout
3215 3488 3384 3531 nunc
3420 3468 3512 3529 lo-

1950 3574 2226 3654 quimur.
2276 3571 2545 3633 Alterius
2583 3589 2729 3633 vero
2774 3567 2966 3649 partis
3003 3567 3163 3628 ratio
3207 3569 3323 3639 est,
3366 3561 3513 3642 quia

1949 3664 2200 3746 quando
2230 3664 2502 3725 conditio
2532 3669 2624 3725 est
2651 3661 2951 3743 posterior
2983 3658 3275 3740 supponit
3301 3661 3510 3717 actum

1947 3759 2182 3820 factum
2222 3758 2355 3819 sine
2380 3757 2730 3819 resistentia
2761 3747 2942 3833 legis,
2973 3759 3037 3814 et
3063 3755 3509 3830 consequenter

1949 3850 2260 3928 validum3
2301 3869 2374 3912 ac
2413 3850 2693 3930 proinde,
2722 3849 2866 3909 licet
2891 3852 3103 3927 postea
3127 3844 3411 3906 videatur
3436 3844 3510 3904 il-

1947 3941 2085 4003 lum
2130 3942 2377 4003 irritare
2416 3948 2666 4022 propter
2707 3941 3183 4019 subsequentem
3237 3937 3512 3997 omissio-

1923 4052 2120 4109 ·nem,
2151 4034 2306 4095 illud
2329 4040 2421 4095 est
2445 4052 2556 4113 per
2576 4032 2832 4094 modum
2852 4030 3172 4110 cujusdam
3190 4046 3412 4109 poenae.
3436 4030 3513 4089 Et

1946 4124 2089 4186 ideo
2117 4143 2246 4185 non
2272 4127 2483 4187 statim
2510 4126 2698 4187 habet
2732 4124 3043 4199 effectum,
3086 4123 3280 4182 donec
3306 4120 3503 4199 appli-

1948 4226 2121 4280 cetur
2145 4234 2352 4298 poena,
2382 4219 2504 4279 nisi
2530 4219 2632 4281 lex
2661 4234 2942 4297 expresse
2978 4215 3183 4277 verbis
3210 4215 3511 4293 majorem

1948 4311 2223 4390 rigorem
2257 4310 2546 4388 declaret,
2564 4312 2749 4391 ¹juxta
2787 4308 3034 4390 regulas
3070 4325 3257 4387 supra
3282 4307 3511 4387 positas

1948 4403 2027 4466 de
2054 4403 2192 4484 lege
2214 4403 2467 4483 poenali.

2032 4497 2089 4558 3.
2135 4497 2212 4556 Et
2232 4501 2557 4576 propterea
2581 4495 2712 4557 dixi
2729 4495 2892 4556 hauc
2915 4492 3390 4555 declarationem
3412 4491 3509 4552 in-

1947 4587 2350 4667 telligendam
2395 4606 2548 4665 esse,
2594 4587 2841 4667 quando
2884 4586 2986 4648 lex
3024 4585 3197 4645 addit
3235 4583 3515 4645 absolute
3636 4649 3647 4655 ,

1949 4680 2211 4743 verbum
2228 4682 2411 4743 aliter
2435 4700 2553 4743 mm
2569 4682 2788 4756 valcat,
2805 4685 2917 4741 aut
2942 4678 3112 4740 aliud
3133 4677 3357 4753 simile,
3370 4677 3516 4756 quia

1952 4772 2008 4833 si
2050 4789 2178 4832 non
2218 4772 2406 4834 addat
2438 4772 2795 4852 hujusmodi
2834 4771 3121 4847 verbum,
3169 4770 3412 4833 etiamsi
3448 4771 3517 4830 in

1953 4864 2217 4943 ipsomet
2247 4869 2390 4926 actu
2429 4864 2884 4927 solemnitatem
2920 4868 3214 4944 apponat,
3253 4881 3381 4924 non
3425 4881 3519 4925 se-

1953 4956 2167 5036 quitur
2206 4975 2333 5019 esse
2364 4958 2870 5035 substantialem3
2899 4974 3049 5018 nam
3086 4956 3274 5017 etiam
3315 4955 3519 5016 forma

1955 5049 2351 5111 accidentalis
2364 5055 2565 5130 potest
2581 5050 2896 5112 interdum
2911 5048 3145 5128 requiri
3164 5048 3232 5109 ιιι
3256 5048 3521 5127 ipsamet

1954 5140 2048 5202 rei
2074 5140 2415 5206 eflectione.
2460 5142 2830 5222 Exemplum
2858 5159 2987 5202 esse
3015 5146 3214 5220 potest
3244 5140 3321 5201 de
3341 5142 3519 5219 jura-

1954 5240 2168 5294 mento
2189 5252 2228 5294 a
2242 5235 2556 5314 judicibus
2579 5233 2925 5314 praestando
2943 5233 3012 5294 in
3035 5233 3339 5312 principio
3365 5233 3518 5309 litis,

1949 5326 2132 5404 juxta
2167 5327 2370 5405 legem
2415 5329 2563 5391 Rem
2603 5346 2720 5389 non
2761 5345 2999 5403 novam,
3030 5344 3088 5386 c.
3120 5325 3197 5386 de
3237 5325 3519 5401 Judiciis,

1955 5419 2124 5497 quod
2154 5419 2223 5481 ιιι
2256 5420 2391 5499 ipso
2426 5425 2566 5481 actu
2593 5419 2962 5501 postulatur,
3005 5424 3068 5481 et
3103 5423 3340 5500 tamen,
3378 5418 3523 5480 licet

1956 5511 2303 5592 omittatur,
2341 5517 2512 5577 actus
2539 5518 2632 5577 est
2663 5511 2927 5588 validus,
2958 5516 3032 5574 ut
3055 5509 3144 5574 ibi
3177 5509 3371 5574 Gloss.
3404 5510 3518 5572 ult.
