3976 6219
490 408 613 470 428

488 513 740 592 signum
761 517 853 573 est
878 511 1083 591 ipsum
1105 529 1232 574 666
1260 514 1460 575 166611
1487 514 1555 574 16
1576 513 1949 575 conscientia
1970 513 2051 574 ad

490 626 555 667 36
587 605 1000 684 366116611661.
1036 608 1124 666 Ε6
1166 606 1285 667 1166
1324 613 1531 668 661616
1561 626 1678 667 636
1721 607 1867 668 36113
1910 624 2054 684 616-

488 698 782 760 habiliter
811 698 1121 777 colligitur
1147 719 1273 761 non
1302 702 1518 763 cadere
1547 702 1667 762 hoc
1692 700 1806 760 sub
1832 700 2053 759 huma-

489 811 638 853 nam
666 798 1054 872 potestatem,
1084 795 1230 874 quia
1255 796 1306 855 si
1342 795 1639 856 hactenus
1666 794 1896 855 factum
1923 811 2053 853 uon

489 890 602 960 est,
645 885 887 947 etiamsi
926 887 1252 948 commissa
1290 888 1525 949 fuerint
1563 887 1788 948 delicta
1818 887 2053 965 gravis-

489 979 669 1053 sima,
700 984 1003 1058 quantum
1033 998 1160 1041 esse
1191 986 1465 1060 possunt,
1493 986 1555 1042 61
1591 981 1738 1041 36113
1765 980 2048 1059 frequen-

487 1073 599 1148 tia,
631 1073 880 1150 signum
916 1075 1149 1136 morale
1188 1082 1278 1136 est
1313 1075 1452 1138 fieri
1495 1094 1622 1135 666
1668 1093 1866 1153 66336.
1899 1076 2052 1135 11616

491 1166 639 1244 quia
673 1165 971 1227 hactenus
1009 1186 1137 1228 non
1180 1168 1302 1229 fuit
1345 1167 1754 1230 necessarium
1794 1185 1909 1228 666
1948 1185 2055 1228 66-

489 1257 742 1336 66111663
769 1259 849 1318 611
881 1277 1210 1323 6611116666
1238 1261 1497 1337 bonum,
1541 1263 1790 1340 signum
1834 1265 1946 1336 est,
1993 1265 2055 1321 61

489 1368 813 1429 nunquam
857 1351 1170 1429 futurum,
1215 1360 1278 1415 et
1325 1359 1551 1415 natura
1592 1371 1705 1413 sua
1751 1371 1878 1414 non
1922 1371 2054 1414 6336

489 1439 653 1502 tale:
696 1460 844 1520 crgo
880 1445 1071 1505 etiam
1111 1452 1203 1507 est
1242 1447 1491 1524 signum
1526 1464 1657 1507 non
1692 1463 1820 1508 esse
1859 1451 2055 1506 mate-

488 1533 648 1594 riam
694 1534 792 1597 161
836 1536 1122 1598 effectum
1175 1539 1709 1601 accommodatum
1762 1538 1888 1616 legi
1938 1538 2057 1599 hu-

491 1643 714 1687 manae.
743 1629 1176 1708 confirmatur,
1202 1649 1351 1693 nam
1368 1632 1486 1693 hac
1511 1633 1748 1693 ratione
1769 1631 2055 1709 dicimus,

491 1720 816 1782 materiam
857 1726 1171 1803 propriam
1211 1726 1606 1787 consiliorum
1647 1743 1773 1786 non
1802 1743 1929 1787 6636
1960 1744 2060 1786 66-

492 1814 946 1877 commodatam
992 1825 1294 1898 praecepto
1340 1818 1640 1894 humano,
1685 1819 1866 1898 quia,
1912 1818 2060 1879 licet

492 1910 665 1965 actus
688 1906 767 1966 sit
787 1906 1010 1986 bonus,
1033 1916 1244 1972 tamen
1266 1911 1559 1990 obligatio
1581 1930 1693 1991 per
1715 1911 2058 1972 absolutam

491 1998 693 2077 legem
735 2005 827 2061 est
873 2001 1039 2063 ultra
1069 2004 1411 2066 humanam
1454 2005 1962 2066 consuetudinem
1998 2011 2059 2066 et

493 2092 865 2156 utilitatem:
909 2114 1058 2175 ergo
1099 2098 1384 2159 similiter
1422 2116 1550 2159 non
1595 2098 1741 2159 satis
1772 2103 1863 2160 631
1891 2100 2056 2179 quod

492 2185 652 2246 actio
683 2188 943 2266 61666113
982 2209 1110 2251 666
1150 2193 1231 2252 311
1261 2191 1452 2268 16616,
1483 2192 1583 2253 vel
1623 2191 1790 2271 quod
1826 2193 1906 2252 sit
1947 2194 2059 2254 116-

484 2284 691 2370 nesta,
721 2280 773 2340 si
799 2281 1094 2362 obligatio
1122 2291 1213 2346 est
1239 2290 1413 2346 extra
1438 2285 1783 2346 humanam
1805 2304 2060 2348 consue·

484 2325 774 2433 tudinem
796 2380 859 2436 et
876 2377 1233 2440 utilitatem.
1264 2380 1341 2439 Et
1357 2378 1490 2439 haec
1511 2384 1603 2441 est
1622 2379 1781 2439 ratio
1803 2397 1842 2439 a
1866 2380 2059 2459 priori

493 2463 681 2618 Qus
707 2467 920 2546 partis,
952 2489 1091 2549 quae
1117 2472 1186 2533 in
1213 2473 1609 2552 sequentibus
1635 2472 1836 2551 magis
1863 2471 2060 2552 expli-

615 2558 762 2620 itur.

573 2652 633 2712 4.
669 2650 948 2715 Secunda
970 2656 1170 2734 opinio
1191 2658 1617 2720 universaliter
1637 2674 1865 2737 nequas
1886 2675 2060 2736 posse

431 2801 434 2804 ,
493 2745 898 2823 leqislatorem
938 2748 1207 2827 obliqare
1246 2752 1329 2813 ad
1365 2769 1608 2828 pomam
1653 2756 1790 2813 ante
1827 2756 2060 2812 senten-

495 2837 667 2900 tiam.
693 2869 774 2881 —
792 2838 1073 2899 Secunda
1103 2842 1312 2919 opinio
1337 2842 1695 2924 principalis
1741 2848 1833 2903 est
1860 2849 2061 2904 extre-

495 2947 596 2990 me
623 2930 955 3006 contraria,
987 2950 1134 2992 nam
1163 2934 1524 3015 simpliciter
1559 2940 1748 3014 negat
1773 2954 1950 3016 posse
1973 2936 2061 2997 le-

494 3023 849 3101 gislatorem
887 3023 1234 3087 humanum
1274 3028 1550 3107 obligare
1577 3029 1645 3089 in
1687 3029 2062 3090 conscientia

495 3116 772 3177 subditos
815 3118 1241 3199 delinquentes
1263 3121 1340 3183 ad
1368 3141 1616 3202 poenam
1653 3129 1795 3184 ante
1819 3129 2063 3184 senten-

490 3210 667 3270 tiam.
695 3212 812 3272 Pro
834 3230 957 3292 qua
985 3213 1203 3275 referri
1231 3221 1488 3296 possunt
1520 3218 1663 3279 Cov.
1690 3216 1756 3276 16
1785 3216 2055 3295 Ε611616.

488 3304 716 3381 quarti,
746 3323 810 3384 p.
838 3307 902 3380 2,
935 3324 1069 3386 cap.
1105 3309 1168 3383 6,
1200 3308 1236 3389 ς
1265 3310 1324 3383 8,
1359 3315 1421 3370 61
1461 3309 1568 3369 6111
1600 3308 1765 3369 infra
1796 3308 2052 3371 citandi.

487 3395 722 3479 Tamen
749 3398 960 3460 nullus
983 3406 1075 3460 631
1101 3401 1209 3480 qui
1238 3419 1366 3461 non
1392 3401 1579 3462 addat
1619 3400 1894 3481 aliquam
1942 3419 2053 3462 ex-

488 3490 861 3567 ceptionem,
887 3498 949 3552 et
987 3492 1077 3553 ita
1104 3510 1232 3553 666
1268 3492 1563 3555 videntur
1591 3493 1679 3554 ita
1706 3494 2052 3572 generatim

487 3579 683 3658 loqui,
731 3600 1089 3661 quanquam
1139 3584 1343 3663 plures
1392 3603 1609 3648 eorum
1657 3586 1949 3661 rationes,
2002 3587 2054 3647 si

488 3672 762 3734 efficaces
793 3683 1017 3751 essent,
1051 3677 1117 3737 id
1137 3677 1494 3757 probarent.
1523 3679 1727 3738 Potest
1745 3696 1892 3756 6136
1920 3678 2054 3739 11666

488 3767 796 3826 3611166116
813 3769 1080 3846 suaderi,
1100 3771 1327 3850 prim0,
1349 3771 1498 3850 quia
1515 3776 1729 3832 contra
1750 3772 2055 3851 justitiam

489 3863 580 3918 est
606 3862 677 3917 ut
704 3859 929 3939 aliquis
970 3879 1099 3923 non
1126 3873 1441 3924 accusatus
1475 3870 1537 3925 et
1564 3866 1880 3926 convictus
1912 3884 2057 3926 con-

490 3950 818 4015 demnetur
865 3956 1226 4037 priusquam
1278 3958 1568 4019 audiatur
1596 4003 1618 4035 ,
1666 3967 1729 4021 et
1764 3959 1904 4020 ideo
1941 3959 2059 4020 1106

490 4044 790 4109 116166661
817 4050 1029 4111 616616
1052 4051 1243 4130 jura;
1272 4051 1378 4111 sed
1405 4051 1456 4110 si
1492 4052 1631 4132 quis
1675 4051 2058 4131 obligaretur

488 4146 632 4200 ante
677 4143 1072 4220 sententiam,
1105 4144 1505 4207 damnaretur
1531 4163 1659 4206 non
1705 4146 1953 4206 auditus
1995 4151 2059 4205 et

487 4253 616 4295 uon
660 4238 1014 4314 convictus;
1064 4256 1213 4317 ergo
1253 4245 1408 4301 esset
1451 4244 1664 4300 contra
1704 4239 2052 4319 justitiam3

489 4346 635 4407 ergo
693 4331 934 4393 excedit
988 4349 1238 4394 omnem
1288 4338 1676 4413 potestatem.
1746 4332 2049 4409 Secund0,

487 4422 636 4499 quia
662 4440 879 4502 cogere
897 4425 977 4485 ad
995 4424 1449 4487 observantiam
1471 4426 1626 4504 16313
1662 4430 1755 4486 631
1782 4422 2054 4486 officium

480 4514 732 4594 judiciS,
763 4517 870 4595 qui
897 4517 976 4578 ab
1003 4517 1256 4579 Aristot.
1287 4523 1613 4598 propterea
1634 4523 1891 4578 vocatur
1925 4519 2054 4597 jus-

486 4611 625 4667 tum
660 4608 1043 4687 auimatum3
1082 4613 1188 4672 sed
1214 4617 1428 4671 contra
1463 4615 1754 4671 naturam
1781 4616 1872 4671 631
1897 4610 2053 4671 obli-

488 4718 635 4780 gare
663 4720 865 4779 reum,
903 4709 974 4763 ut
1000 4704 1068 4764 in
1092 4722 1157 4765 36
1184 4710 1465 4766 66616661
1493 4704 1765 4765 officium
1798 4698 2077 4782 judiciS,⁸

489 4799 551 4854 61
578 4794 696 4854 sibi
724 4795 954 4856 inferat
984 4796 1112 4856 vim
1147 4801 1209 4857 et
1237 4798 1616 4859 coactionem
1626 4813 1647 4875 3
1689 4814 1837 4875 ergo
1864 4798 2054 4858 etiam

489 4893 582 4947 est
610 4892 824 4947 contra
852 4893 1142 4949 naturam
1169 4889 1444 4969 obligare
1472 4890 1672 4967 illum,
1703 4896 1774 4951 ut
1806 4909 2058 4970 poenam

489 4978 557 5040 in
585 4997 650 5041 se
678 4987 1041 5060 exequatur,
1077 4983 1224 5063 quia
1263 5002 1374 5063 per
1395 5001 1644 5063 poenam
1674 4984 1748 5045 fit
1796 4984 2049 5046 coactio.

492 5072 667 5135 Unde
686 5080 1159 5153 argumentatur
1174 5077 1355 5137 tertio
1364 5077 1531 5152 Sot0,
1548 5094 1694 5137 nam
1710 5092 1894 5155 66666
1913 5092 2055 5135 666-

490 5164 652 5225 sistit
673 5167 739 5226 in
762 5167 1082 5247 passione3
1116 5186 1263 5247 ergo
1286 5176 1511 5230 natura
1533 5168 1825 5230 abhorret
1845 5173 1916 5227 ut
1942 5166 2057 5228 ali-

491 5258 630 5337 quis
648 5267 907 5339 cogatur
932 5281 1070 5324 eam
1094 5263 1163 5323 in
1189 5282 1254 5325 se
1282 5264 1528 5343 exequi,
1554 5264 1700 5343 quia
1725 5280 1853 5324 non
1875 5261 2059 5322 debet

492 5352 680 5412 simul
722 5370 850 5414 esse
895 5373 1107 5433 63663,
1151 5362 1212 5417 61
1244 5358 1508 5436 6611663.
1563 5358 1822 5432 Quarto,
1872 5373 2056 5434 argu-

492 5450 854 5506 mentantur
880 5447 1091 5509 multi:
1125 5448 1227 5511 lex
1247 5449 1525 5510 humana
1549 5448 1730 5510 debet
1753 5467 1884 5509 esse
1906 5447 2058 5509 tole·

492 5540 730 5621 rabilis,
753 5547 824 5603 ut
859 5560 1046 5624 supra
1071 5542 1305 5606 dictum
1331 5549 1447 5622 est,
1476 5545 1604 5606 imo
1633 5549 1695 5607 et
1732 5542 1952 5619 facilis,
1983 5545 2056 5603 ut

1387 413 1503 466 Lm.
1538 413 1599 466 V.
1636 413 1717 465 DE
1750 411 2107 464 VARIETATE
2137 411 2348 466 metm
2379 413 2788 468 nummum.

2129 514 2496 598 regulariter
2522 514 2834 576 observari
2857 511 3070 592 possit,
3090 528 3217 572 non
3241 508 3418 570 enim
3440 510 3553 567 631
3571 522 3737 584 prae-

2131 607 2488 685 cipiendum
2514 608 2750 681 multis,
2771 606 2935 685 quod
2953 605 3132 684 pauci
3154 606 3416 683 possunt
3436 598 3736 672 efficere3

2132 700 2238 760 sed
2262 701 2482 779 exequi
2508 701 2576 760 in
2604 718 2669 761 se
2692 716 2941 779 poenam
2968 703 3113 758 ante
3132 713 3389 757 omnem
3416 692 3740 754 condem·

2132 794 2474 870 nationem,
2508 799 2600 856 est
2623 812 2722 854 res
2753 791 2932 853 valde
2957 790 3251 865 difficilis,
3286 805 3487 867 quam
3510 802 3740 844 mora-

2133 887 2273 948 liter
2298 886 2609 968 loquendo
2648 885 2828 965 pauci
2854 883 3242 963 implebunt3
3274 897 3428 959 ergo
3456 896 3604 939 non
3638 885 3737 938 est

2133 981 2394 1042 materia
2420 978 2883 1041 accommodata
2904 978 2962 1037 le
3096 991 3365 1035 umanae.

2215 1076 2274 1135 5.
2320 1073 2654 1150 Refutatwr
2674 1073 2748 1133 ab
2771 1069 3029 1149 ememplo
3049 1065 3732 1131 excommunicationis.

2132 1199 2215 1212 —
2236 1167 2380 1226 Haec
2410 1164 2715 1226 sententia
2749 1181 2877 1223 6611
2904 1166 3104 1240 661631
3130 1158 3582 1221 universaliter
3618 1157 3736 1217 de-

2132 1259 2328 1335 fendi,
2361 1264 2423 1319 et
2450 1258 2539 1318 ita
2582 1276 2621 1318 a
2664 1256 2837 1317 nullo
2882 1255 3130 1315 doctore
3157 1252 3489 1327 catholico,
3530 1268 3734 1330 quem

2134 1352 2423 1428 viderim,
2454 1349 2902 1424 universaliter,
2926 1347 3029 1409 vel
3054 1347 3183 1407 3166
3212 1346 3607 1406 limitatione
3631 1363 3735 1404 63·

2134 1445 2379 1506 3611161.
2433 1443 2589 1518 Quia
2633 1440 3186 1503 excommunicatio
3238 1447 3332 1500 est
3379 1456 3609 1517 poena,
3668 1443 3737 1498 et

2136 1537 2521 1617 gravissima,
2541 1542 2613 1597 ut
2639 1536 2780 1641 jura
2806 1535 3051 1608 docent,
3095 1538 3160 1594 et
3183 1537 3399 1592 tamen
3441 1530 3735 1591 cei-timi-

2137 1648 2315 1692 mum
2345 1634 2437 1690 631
2464 1647 2624 1708 saepe
2667 1628 2906 1707 imponi
2949 1627 3083 1706 ipso
3119 1625 3306 1699 facto,
3359 1628 3425 1685 et
3469 1622 3733 1683 incurri

2140 1728 2284 1784 ante
2332 1721 2702 1783 sententiam
2745 1720 2983 1800 judicis,
3017 1724 3082 1779 et
3122 1717 3291 1778 idem
3321 1721 3419 1777 631
3446 1715 3538 1775 116
3587 1715 3733 1774 61113

2138 1816 2431 1879 censuris.
2489 1816 2583 1876 Ex
2636 1832 2758 1894 quo
2806 1812 3088 1892 exemplo
3120 1816 3385 1884 constat,
3434 1809 3731 1869 ration&

2136 1910 2329 1972 factas
2356 1928 2486 1971 non
2505 1908 2735 1970 habere
2765 1907 2919 1984 vim,
2955 1924 3105 1967 nam
3130 1905 3239 1984 qui
3276 1903 3729 1965 excommuni-

2137 2011 2313 2065 catur
2358 2004 2490 2082 ipso
2539 2002 2724 2078 facto,
2770 2000 3218 2062 condemnatur
3260 2006 3622 2075 antequam
3658 1995 3728 2056 16

2138 2098 2427 2160 exteriori
2452 2096 2682 2177 judicio
2720 2096 3035 2170 audiatur,
3087 2098 3435 2168 accusetur,
3465 2099 3539 2152 et
3567 2109 3729 2151 con·

2138 2200 2460 2267 vineatum
2494 2207 2642 2269 6136
2668 2188 2770 2252 vel
2796 2188 2904 2248 illa
2925 2205 3110 2272 poena
3134 2186 3220 2263 inj
3229 2191 3370 2246 usta
3399 2190 3523 2260 est,
3552 2183 3729 2263 quod

2140 2285 2470 2346 dicendum
2496 2301 2624 2344 non
2670 2288 2783 2357 est,
2810 2281 2912 2342 vel
2935 2281 3055 2342 hoc
3081 2297 3209 2340 666
3246 2284 3339 2339 631
3369 2278 3727 2338 intrinsece

2141 2376 2400 2453 malum,
2435 2395 2546 2437 666
2573 2379 2683 2456 per
2709 2391 2773 2436 36
2796 2374 3133 2453 injustum3
3169 2389 3317 2450 ergo
3344 2389 3429 2431 ex
3450 2369 3581 2430 hoc
3629 2388 3730 2430 ea-

2138 2471 2266 2550 pite
2299 2488 2426 2530 666
2449 2474 2613 2530 16616
2641 2467 2938 2547 probatur
2964 2484 3091 2526 esse
3126 2483 3312 2544 supra
3338 2469 3729 2543 potaetatem

2137 2563 2479 2624 humanam
2497 2561 2772 2641 obligare
2786 2560 2864 2620 ad
2882 2577 3129 2639 poenam
3149 2563 3293 2619 ante
3306 2558 3726 2618 sententiam:

2139 2657 2297 2718 ratio
2314 2661 2524 2715 autem
2547 2653 2735 2732 hujus
2753 2659 2866 2728 est,
2891 2652 3038 2732 quia
3064 2650 3402 2724 666636116,
3433 2655 3559 2710 etc.
3567 2695 3591 2725 ,
3622 2650 3725 2710 de-

2139 2749 2243 2809 bet
2266 2767 2394 2810 esse
2421 2746 2881 2809 accommodata
2910 2743 3412 2806 condemnationi
3424 2759 3445 2819 ;
3462 2744 3724 2821 quando

2141 2848 2350 2903 autem
2379 2842 2517 2922 quis
2542 2860 2655 2920 per
2669 2841 2871 2918 legem
2899 2838 3209 2919 poenalem
3238 2837 3569 2916 obligatur
3589 2838 3722 2917 ipso

2139 2935 2324 3010 facto,
2355 2953 2483 2995 non
2512 2932 2961 2994 condemnatur
2986 2932 3053 2992 in
3087 2930 3221 2991 foro
3254 2931 3586 3004 exteriori,
3618 2931 3722 2991 sed

2142 3027 2210 3088 in
2260 3027 2671 3103 conscientia3
2726 3043 2875 3104 ergo
2924 3024 2990 3084 in
3030 3022 3136 3084 illo
3169 3022 3354 3083 debet
3403 3025 3718 3100 accusari,

2142 3122 2368 3198 audiri,
2398 3127 2461 3183 et
2492 3120 2800 3182 convinci.
2832 3121 2959 3180 Hoc
2988 3124 3196 3180 autem
3225 3117 3413 3178 modo
3443 3126 3719 3195 constat,

2140 3233 2309 3290 eum,
2346 3215 2453 3294 qui
2473 3214 2589 3275 sibi
2618 3213 2889 3275 conscius
2911 3218 3004 3273 est
3024 3211 3231 3272 delicti
3258 3216 3481 3272 contra
3505 3211 3721 3291 163616

2139 3308 2472 3384 6661161331,
2503 3308 2571 3368 16
2602 3325 2712 3368 366
2766 3304 3145 3367 66636166116
3196 3305 3506 3382 66663611,
3548 3312 3619 3367 61
3668 3307 3720 3366 31

2136 3400 2414 3480 aliquam
2465 3398 2920 3461 excusationem
2948 3397 3160 3474 habet,
3191 3397 3419 3473 audiri,
3470 3404 3538 3460 et
3570 3418 3717 3459 cum

2134 3494 2517 3556 rationabilis
2544 3513 2670 3556 non
2704 3498 3020 3573 appareat,
3049 3491 3361 3569 convinci3
3390 3509 3555 3570 ergo
3588 3512 3721 3554 non

2134 3594 2225 3647 est
2245 3586 2520 3647 alienum
2545 3605 2583 3647 a
2600 3586 2861 3666 justitia,
2882 3584 3049 3665 quod
3072 3590 3223 3644 tunc
3250 3585 3437 3645 etiam
3462 3584 3537 3643 in
3571 3603 3721 3645 con-

2134 3679 2389 3740 scientia
2411 3679 2743 3757 obligetur.
2766 3680 2899 3740 Non
2928 3695 3076 3756 ergo
3095 3677 3261 3755 cogit
3278 3677 3485 3756 prima
3506 3678 3714 3737 ratio:

2135 3791 2252 3833 nec
2282 3772 2471 3833 611616
2502 3771 2790 3846 36666116,
2813 3772 2983 3852 quia,
3012 3770 3155 3832 licet
3177 3769 3370 3848 judex
3397 3788 3472 3830 eo
3504 3770 3715 3831 officio

2138 3864 2358 3925 debeat
2375 3883 2592 3944 cogere
2616 3864 2695 3926 ad
2713 3864 2881 3943 leges
2903 3865 3256 3939 servandas,
3271 3869 3486 3924 tamen
3512 3864 3711 3925 etiam

2137 3958 2451 4036 legislator
2478 3958 2607 4037 ipse
2635 3962 2836 4037 potest
2865 3956 3142 4037 aliquam
3171 3955 3553 4018 coactionem
3600 3975 3712 4035 per

2136 4068 2200 4111 se
2247 4050 2564 4126 adhibere,
2612 4050 2953 4130 praesertim
3001 4068 3113 4130 pro
3159 4049 3258 4109 his
3302 4047 3547 4109 casibus
3596 4065 3709 4127 pro

2136 4144 2362 4223 quibus
2404 4144 2628 4204 viderit
2663 4143 2935 4204 officium
2972 4143 3197 4224 judicis
3225 4160 3355 4203 non
3382 4141 3668 4203 sufficere
3680 4158 3704 4218 3

2136 4243 2197 4297 et
2223 4236 2341 4297 1166
2366 4237 2514 4297 facit
2546 4237 2813 4297 Ecclesia
2838 4236 3088 4315 quando
3118 4235 3388 4314 imponit
3412 4252 3703 4295 censuras

2134 4330 2267 4409 ipso
2299 4330 2496 4406 iact03
2540 4347 2688 4409 ergo
2739 4329 2931 4390 etiam
2975 4334 3176 4409 potest
3221 4328 3288 4389 id
3332 4328 3537 4389 facere
3567 4328 3704 4408 qui·

2133 4443 2397 4504 cumque
2425 4425 2584 4485 alius
2615 4423 2952 4503 legislator,
2978 4424 3032 4484 si
3063 4423 3314 4484 aliunde
3347 4440 3478 4483 non
3521 4441 3707 4501 repu-

2134 4523 2303 4596 gnet.
2335 4519 2426 4578 Ex
2452 4517 2636 4578 tertio
2665 4518 2854 4579 611616
2881 4518 3079 4597 666116
3109 4517 3349 4596 6366113
3376 4523 3437 4577 61
3464 4517 3707 4596 patien-

2131 4612 2211 4672 tis
2244 4628 2371 4671 non
2411 4616 2743 4690 repugnat,
2774 4615 2912 4670 tum
2940 4610 3088 4689 quia
3134 4610 3200 4670 in
3240 4608 3601 4671 viventibus
3647 4614 3708 4669 61

2132 4704 2474 4786 praesertim
2500 4704 2569 4764 in
2600 4704 2810 4765 liberis
2846 4721 2972 4764 non
3012 4710 3319 4785 repugnat
3361 4703 3534 4763 idem
3574 4721 3708 4764 oese

2133 4816 2324 4878 agens
2364 4803 2426 4859 61
2465 4798 2745 4878 6611663;
2779 4803 2917 4858 1616
2963 4799 3153 4860 611616
3185 4799 3332 4878 quia
3384 4797 3707 4858 interdum

2135 4896 2334 4973 potest
2359 4909 2546 4971 poena
2572 4892 2639 4951 in
2671 4891 2913 4953 actione
2955 4892 3305 4967 consistere,
3336 4891 3389 4951 si
3415 4890 3706 4951 volunta·

2133 4985 2229 5046 ria
2254 4990 2346 5045 est
2360 5000 2380 5061 3
2408 4989 2540 5044 tum
2559 4984 2828 5063 denique
2853 4984 3002 5063 quia
3024 5002 3184 5063 saepe
3209 4983 3310 5044 166
3333 4982 3468 5062 1636
3495 5001 3704 5045 366616

2134 5077 2312 5139 affert
2344 5077 2793 5151 executionem,
2825 5082 2889 5139 et
2930 5077 3197 5158 imponit
3231 5094 3507 5157 poenam,
3539 5076 3711 5137 unde

2135 5170 2270 5250 ipsa
2298 5175 2390 5231 est
2414 5188 2627 5249 agens,
2649 5174 2712 5230 61
2732 5169 2921 5231 116166
2948 5169 3204 5249 6611663.
3238 5169 3519 5248 Denique
3546 5168 3713 5228 diffi-

2138 5261 2334 5322 cultas
2357 5279 2485 5321 non
2508 5266 2599 5323 631
2616 5266 2809 5337 tanta,
2829 5281 2968 5342 quae
2999 5266 3245 5340 superet
3285 5260 3713 5322 conditionem

2136 5354 2478 5415 humanam
2506 5371 2522 5415 ε
2554 5372 2702 5415 6616
2725 5355 3281 5416 excommunicatio
3314 5354 3459 5414 satis
3495 5356 3713 5432 gravis

2136 5465 2321 5527 poena
2348 5453 2459 5523 est,
2491 5454 2553 5509 et
2583 5448 2664 5508 ad
2699 5449 2897 5509 multa
2930 5446 3164 5526 obligat
3207 5447 3353 5507 satis
3383 5446 3609 5523 ardua,
3642 5452 3714 5507 ut

2136 5545 2303 5618 sunt,
2331 5542 2564 5623 privari
2605 5541 2778 5604 omni
2826 5560 2943 5603 usu
2989 5558 3202 5604 rerum
3247 5558 3591 5618 sacrarum,
3646 5546 3714 5603 et
