3976 6219
536 370 657 430 418
1434 371 1554 424 LIB.
1588 370 1648 421 V.
1684 369 1765 422 DE
1797 363 2155 418 VARIETATB
2183 365 2394 420 LEGEM
2424 368 2832 422 numanum.

534 494 671 554 cap.
701 464 869 548 Quod
892 471 1149 547 dilectio,
1174 471 1252 532 de
1273 471 1577 549 Consang.
1610 476 1672 531 et
1691 468 1862 530 affin.
1871 512 1891 542 ,
1916 472 1978 527 et
2000 464 2089 526 ibi

533 571 819 630 Panorm.
828 611 850 642 ,
893 584 1065 626 num.
1096 568 1156 638 7,
1183 572 1246 626 et
1270 565 1686 624 communiter
1713 560 2085 633 Summistae,

530 662 718 724 verbo
737 660 1497 738 Privileyium;potestque
1511 657 1867 718 inductione
1885 659 2091 715 osten-

531 755 595 815 di
624 754 691 813 in
714 751 1039 833 privilegio
1041 796 1062 827 ,
1098 750 1574 830 dispensatione,
1596 749 1732 828 lege
1754 747 2009 828 poenali,
2030 754 2095 809 et

528 846 857 920 similibus,
879 862 1015 924 quae
1034 850 1315 923 respectu
1332 843 1716 905 diversorum
1729 840 2094 903 favorabilia

411 955 420 962 ‘
530 945 676 1001 sunt
693 944 755 999 et
781 938 1012 999 odiosa.
1039 936 1299 998 Ratione
1324 936 1478 997 item
1498 940 1690 1014 patet,
1716 934 1864 1014 quia
1888 934 1956 994 in
1973 933 2092 995 hoc

526 1033 702 1095 nulla
735 1031 895 1093 ratio
933 1030 1361 1110 repugnantiae
1402 1028 1641 1090 ostendi
1677 1033 1910 1107 potest;
1940 1044 2092 1088 nam

526 1126 854 1188 relationes
897 1124 1075 1203 quasi
1120 1121 1412 1202 oppositae
1458 1127 1715 1200 possunt
1748 1120 1951 1181 eidem
1996 1119 2089 1180 rei

528 1217 856 1279 convenire
897 1221 1174 1295 respectu
1204 1216 1604 1288 diversorum,
1640 1219 1710 1274 ut
1735 1212 2088 1274 similitudi-

526 1312 625 1372 nis
661 1329 732 1371 ac
768 1309 1304 1380 dissimilitudiniS‚
1347 1308 1601 1386 aequalis
1637 1313 1700 1369 et
1744 1305 2085 1385 inaequalis,

525 1404 777 1484 majoris
805 1422 876 1464 ac
909 1402 1199 1463 minoris:
1240 1401 1343 1464 sed
1373 1402 1463 1461 ita
1494 1406 1929 1480 comparantur
1955 1399 2090 1460 haec

525 1497 686 1572 duo;
718 1514 867 1558 nam
894 1496 1071 1556 favor
1097 1501 1159 1556 et
1193 1495 1405 1555 odium
1432 1494 1773 1574 respectiva
1800 1498 1968 1568 sunt,
2001 1492 2089 1553 fa-

524 1609 638 1651 vor
671 1591 841 1651 enim
871 1589 1131 1668 alicujus
1159 1594 1252 1650 est
1275 1588 1475 1664 favor,
1517 1593 1580 1648 et
1616 1587 1829 1648 odium
1869 1586 2086 1646 simili-

523 1690 659 1761 ter,
696 1701 844 1762 ergo
885 1683 1044 1743 nihil
1082 1688 1390 1761 repugnat
1421 1681 1703 1743 eamdem
1742 1681 2086 1760 dispositio—

523 1794 693 1852 nem,
724 1781 1005 1855 respectu
1033 1775 1439 1849 diversorum,
1483 1774 1596 1835 uni
1623 1792 1751 1835 esse
1783 1772 2087 1834 favorabi-

524 1869 672 1944 lem,
704 1869 884 1930 alteri
910 1868 1205 1929 odiosam.

605 1964 702 2023 10.
747 1962 941 2037 DiceS,
979 1980 1198 2023 verum
1227 1980 1352 2023 esse
1392 1961 1511 2022 hoc
1549 1978 1678 2022 non
1705 1976 2080 2039 repugnare,

525 2054 662 2116 illos
700 2061 911 2116 tamen
955 2055 1109 2115 duos
1152 2061 1463 2133 respectus
1500 2054 1590 2114 ita
1633 2071 1765 2114 esse
1809 2053 1971 2113 inter
2018 2069 2084 2113 se

523 2165 855 2224 connexOS,
894 2153 966 2207 ut
997 2166 1158 2208 unus
1196 2165 1274 2209 ex
1316 2147 1438 2209 alio
1479 2152 1791 2226 sequatur,
1825 2146 2085 2224 ideoque

520 2259 649 2303 non
692 2259 867 2321 posse
908 2241 1250 2302 secundum
1296 2258 1494 2301 unum
1532 2239 1817 2318 ampliari
1853 2239 2080 2318 legem,

520 2336 675 2414 quin
699 2335 1038 2396 seeimdum
1063 2333 1256 2395 alium
1284 2334 1472 2394 etiam
1503 2332 1853 2411 amplietur,
1880 2349 2083 2411 neque

521 2446 556 2489 e
602 2446 892 2489 converso
937 2428 1279 2489 secundum
1322 2443 1522 2487 unum
1565 2425 1879 2503 restringi,
1927 2425 2083 2504 quin

521 2521 858 2582 secundum
898 2520 1092 2581 alium
1127 2519 1579 2597 restringatur3
1621 2527 1684 2580 et
1722 2518 1948 2579 idcirco
1976 2536 2085 2579 ne·

519 2614 856 2674 cessarium
889 2631 1019 2674 esse
1060 2613 1137 2674 de
1175 2612 1285 2673 tali
1321 2612 1459 2691 lege
1483 2613 1758 2692 judicare
1786 2617 2084 2690 tanquam

519 2705 596 2766 de
623 2706 948 2767 favorabili
974 2705 1275 2778 absolute,
1300 2704 1402 2765 vel
1429 2705 1639 2765 odiosa
1665 2703 1965 2778 absolute,
1993 2703 2082 2762 ita

518 2803 590 2857 ut
616 2797 715 2859 vel
747 2798 921 2858 nulla
952 2797 1113 2859 ratio
1141 2797 1267 2857 odii
1298 2795 1601 2857 habeatur
1626 2801 1880 2875 propter
1911 2796 2083 2857 favo·

518 2908 675 2965 rem,
706 2887 805 2951 vel
834 2890 1006 2950 nulla
1037 2890 1196 2951 ratio
1230 2889 1457 2950 favoris
1483 2894 1733 2968 propter
1759 2888 2083 2949 vitandum

517 2999 629 3043 seu
667 2982 1076 3043 minuendum
1112 2982 1348 3043 odium.
1380 2981 1748 3061 Exemplum
1776 2981 2082 3061 optimum

518 3081 608 3137 est
648 3076 716 3137 in
747 3076 884 3155 lege
916 3076 1223 3137 tributum
1263 3076 1643 3156 imponente,
1691 3093 1830 3155 quae
1872 3075 2083 3136 odiosa

518 3175 610 3231 est
637 3170 695 3230 ei
726 3171 827 3230 cui
857 3170 1162 3230 tributum
1194 3170 1556 3249 imponitur,
1586 3167 1939 3230 favorabilis
1974 3187 2083 3229 au·

516 3273 644 3323 tem
665 3262 723 3323 ei
740 3281 851 3342 pro
870 3281 992 3342 quo
1010 3263 1375 3342 imponitur,
1393 3262 1491 3322 vel
1507 3262 1599 3322 rei
1619 3266 1869 3340 propter
1890 3279 2083 3340 quam

517 3355 880 3435 imponitur,
910 3374 1025 3416 nec
1061 3360 1261 3434 potest
1288 3371 1415 3415 uno
1443 3359 1722 3432 respectu
1748 3356 1990 3432 augeri,
2021 3358 2083 3415 et

516 3449 715 3508 minui
758 3447 1098 3508 secundum
1144 3448 1335 3508 alium
1350 3463 1371 3524 3
1403 3453 1463 3508 et
1498 3448 1636 3507 ideo
1667 3448 2083 3509 necessarium

518 3547 608 3601 est
635 3545 704 3600 ut
738 3540 895 3600 alter
929 3545 1235 3619 respectus
1262 3541 1491 3614 vincat,
1522 3539 1863 3601 secundum
1893 3558 2081 3619 quem

517 3633 619 3693 lex
652 3632 966 3711 judicetur
1006 3632 1365 3711 simpliciter
1395 3632 1773 3709 favorabilis,
1806 3632 1904 3694 vel
1934 3632 2080 3693 sim-

517 3725 759 3805 pliciter
789 3724 1017 3785 odiosa.

599 3821 698 3879 11.
744 3817 1105 3897 Respondeo
1154 3817 1543 3879 concedendo
1582 3817 1897 3879 interdum
1941 3818 2081 3880 illos

521 3913 674 3973 duos
696 3917 1005 3991 respectus
1031 3911 1259 3973 habere
1282 3912 1446 3974 inter
1467 3930 1533 3974 se
1550 3911 1725 3974 illam
1745 3914 2081 3975 connexio-

520 4024 687 4082 nem,
739 4011 800 4065 et
846 4011 995 4065 tunc
1035 4011 1474 4083 argumentum
1520 4011 1683 4067 recte
1728 4007 2079 4084 procedere,

519 4097 767 4179 quando
808 4098 984 4158 favor
1031 4098 1216 4158 unius
1260 4098 1476 4177 augeri
1523 4116 1651 4159 non
1700 4104 1899 4177 potest
1947 4100 2081 4161 sine

519 4192 749 4253 damno
793 4191 1065 4267 alterius,
1106 4209 1309 4270 neque
1350 4208 1385 4252 e
1422 4208 1714 4252 converso
1760 4196 1963 4269 potest
1985 4193 2083 4254 in·

518 4283 914 4345 commodum
968 4285 1154 4345 unius
1206 4285 1561 4364 temperari,
1623 4283 1776 4362 quin
1830 4283 2082 4346 alterius

517 4376 907 4438 commodum
934 4381 1143 4453 cesset,
1176 4383 1283 4437 aut
1310 4378 1648 4438 minuatur.
1678 4376 1777 4436 Sic
1811 4377 1878 4437 in
1906 4383 2083 4439 motu

519 4470 777 4551 physico
799 4488 927 4531 non
944 4476 1143 4550 potest
1161 4471 1301 4550 quis
1319 4470 1546 4532 lentius
1564 4474 1673 4529 aut
1695 4468 1965 4530 velocius
1981 4488 2083 4531 ac-

520 4566 733 4626 cedere
775 4564 854 4625 ad
884 4582 1081 4624 unum
1115 4564 1477 4640 terminum,
1507 4565 1661 4643 quin
1695 4580 1839 4624 cum
1863 4564 2081 4625 eadem

520 4658 915 4740 proportione
962 4657 1208 4718 recedat
1253 4656 1332 4717 ab
1377 4658 1679 4737 opposito,
1718 4676 1833 4719 nec
1881 4661 2082 4736 potest

521 4750 710 4811 homo
753 4750 893 4829 plus
925 4747 1152 4809 donare
1186 4766 1263 4808 ex
1307 4750 1557 4828 propria
1594 4750 1879 4829 pecunia,
1926 4749 2081 4828 quin

519 4843 850 4924 pauperior
893 4840 1025 4917 fiat,
1074 4846 1191 4903 etc.
1245 4841 1660 4904 Nihilominus
1699 4849 1911 4903 tamen
1952 4859 2081 4902 non

449 4954 456 4961 ·
516 4954 760 5016 semper
786 4940 879 4996 est
898 4934 1239 4995 neccssaria
1260 4933 1367 4994 illa
1392 4936 1694 4997 connexio
1721 4936 1883 4996 inter
1906 4934 2076 4995 favo-

517 5048 648 5091 rem
681 5034 744 5090 et
769 5028 1010 5089 odium:
1041 5045 1201 5107 saepe
1228 5028 1397 5089 enim
1434 5034 1631 5108 potest
1666 5029 1802 5090 fieri
1836 5028 1938 5090 vel
1965 5047 2078 5090 au-

518 5124 652 5201 geri
689 5122 866 5183 favor
909 5122 1022 5182 uni
1053 5122 1184 5183 sine
1213 5123 1567 5201 praejudicio
1606 5122 1895 5198 aliorum,
1938 5128 2002 5183 et
2041 5139 2076 5182 e

519 5231 814 5275 converso
853 5233 1015 5275 unus
1051 5220 1252 5293 potest
1277 5215 1521 5294 gravari
1561 5216 1660 5277 vel
1688 5215 1897 5295 puniri
1937 5232 2077 5294 pro-

515 5311 654 5387 pter
675 5324 1003 5368 commune
1020 5307 1254 5369 bonum
1272 5309 1405 5370 sine
1429 5308 1679 5388 speciali
1697 5308 1907 5369 favore
1927 5308 2078 5369 alio-

514 5416 681 5473 rum,
720 5398 828 5477 qui
853 5398 999 5459 inde
1025 5402 1301 5462 resultet.
1335 5401 1686 5481 Eademque
1720 5402 1822 5464 lex
1847 5419 1955 5463 seu
1980 5418 2075 5462 re·

515 5490 665 5570 gula
707 5490 1024 5553 interdum
1067 5494 1402 5574 ampliatur
1442 5500 1727 5576 respectu
1770 5495 1956 5557 unius
1997 5494 2077 5556 ob

2167 464 2466 544 favorem,
2493 472 2556 530 et
2582 466 2978 545 restringitur
3008 466 3076 526 in
3106 466 3315 527 odium
3354 465 3614 527 alterius
3641 483 3741 525 ra-

2169 560 2340 621 tione
2367 560 2517 621 boni
2552 560 2927 635 communis,
2969 565 3040 619 ut
3069 565 3158 620 est
3194 560 3501 638 optimum
3531 576 3740 619 exem-

2170 653 2345 733 plum
2373 654 2442 715 in
2469 654 2513 715 l.
2550 654 2668 729 Qui
2695 652 3107 733 exceptionem,
3138 652 3204 713 ff.
3232 653 3308 712 de
3334 651 3612 714 Condict.
3642 652 3740 711 in-

2172 745 2385 808 debiti.
2415 747 2571 820 Quia
2600 751 2801 827 potest
2826 745 2964 807 fieri
2990 744 3179 806 alicui
3203 743 3576 806 beneficium
3604 744 3739 804 sine

2171 839 2585 902 diminutione
2612 839 2922 901 bonorum
2949 837 3227 914 alterius,
3256 843 3319 899 et
3346 855 3381 898 e
3411 855 3735 898 converso.

2170 933 2324 994 Item
2350 933 2528 994 favor
2553 937 2753 1013 potest
2769 931 3101 993 consistere
3126 930 3195 991 in
3222 935 3525 1010 tempore,
3544 929 3648 991 vel
3668 929 3739 989 in

2170 1025 2379 1102 modo,
2405 1025 2504 1088 vel
2531 1025 2600 1087 in
2631 1026 2892 1101 honore,
2917 1030 3028 1085 aut
3048 1023 3186 1085 aliis
3212 1022 3420 1099 rebus,
3444 1041 3583 1101 quae
3606 1040 3739 1082 non

2169 1118 2618 1180 subtrahuntur
2649 1118 2793 1194 uni,
2839 1123 2911 1178 ut
2950 1116 3175 1177 dentur
3205 1116 3408 1177 alteri.
3455 1116 3737 1193 Denique

2168 1210 2287 1272 hoc
2314 1217 2516 1291 potest
2540 1211 2900 1272 inductione
2922 1209 3161 1271 ostendi
3185 1209 3255 1269 in
3281 1207 3644 1287 privilegiis,
3667 1207 3737 1266 in

2169 1303 2749 1383 dispensationibus,
2788 1304 2856 1364 in
2883 1303 3106 1384 poenis,
3141 1308 3204 1364 et
3238 1301 3378 1362 aliis
3407 1300 3735 1361 similibus.

2250 1399 2350 1460 12.
2395 1399 2695 1460 Favorem
2716 1402 2826 1460 aut
2842 1397 3045 1459 odium
3059 1394 3439 1475 proeferenda
3458 1393 3740 1472 pensatis

2168 1492 2644 1554 cirenem-stanti&
2696 1491 2996 1565 materioe,
3048 1488 3402 1552 intantionis
3411 1532 3433 1563 ,
3490 1492 3545 1549 ot
3602 1487 3739 1548 boni

2167 1584 2494 1647 oommwnis
2517 1581 3116 1646 mamma—Deinde
3139 1580 3324 1654 addo,
3352 1578 3610 1659 quando
3636 1577 3737 1639 lex

2166 1676 2421 1739 diversis
2462 1676 2840 1757 respectibus
2875 1680 2968 1736 est
3003 1672 3360 1736 favorabilis
3396 1679 3459 1733 et
3500 1672 3733 1747 odiosa,

2165 1789 2295 1833 non
2334 1789 2576 1852 semper
2617 1772 2894 1833 favorem
2935 1770 3100 1846 odio,
3131 1774 3240 1829 aut
3278 1768 3493 1828 odium
3536 1767 3734 1827 favori

2166 1882 2295 1927 esse
2346 1864 2834 1946 praeferendum,
2882 1863 2989 1925 sed
3034 1861 3373 1941 prudenter
3420 1860 3734 1940 pensanda

2164 1978 2296 2022 esse
2323 1959 2557 2035 omnia,
2593 1959 2847 2035 scilicet,
2885 1957 3299 2019 intentionem
3341 1955 3722 2035 legislatoris,

2164 2053 2471 2114 rationem
2499 2052 2649 2114 boni
2674 2051 3041 2126 communis,
3066 2056 3128 2111 et
3154 2049 3307 2110 alias
3334 2048 3732 2109 circumstan-

2165 2146 2282 2206 tias
2313 2146 2590 2207 materiae
2618 2150 2679 2207 et
2705 2144 3062 2219 verborum,
3087 2151 3159 2203 ut
3184 2142 3340 2203 illud
3376 2140 3735 2220 praeferatur

2166 2239 2333 2317 quod
2361 2238 2608 2300 videtur
2637 2256 2767 2300 esse
2803 2237 3051 2316 gravius
3079 2241 3143 2296 et
3173 2234 3486 2296 honestati
3513 2252 3587 2293 ac
3608 2234 3733 2311 jus·

2164 2333 2318 2393 titiae
2344 2331 2500 2410 legis
2526 2332 2725 2411 magis
2752 2335 3251 2393 consentaneum.
3280 2329 3426 2389 Haec
3451 2328 3730 2402 assertio,

2164 2431 2470 2505 quatenus
2502 2425 2707 2486 media
2731 2430 2823 2486 est
2846 2425 3013 2485 inter
3039 2423 3193 2484 duas
3218 2421 3561 2484 sententias
3590 2420 3736 2480 alle—

2164 2525 2360 2598 gatas,
2390 2523 2590 2598 potest
2617 2519 2938 2598 utriusque
2965 2516 3215 2578 motivis
3236 2514 3507 2591 suaderi,
3532 2521 3602 2575 et
3628 2532 3739 2593 per

2165 2629 2228 2673 se
2263 2611 2517 2690 quidem
2548 2615 2821 2692 spectata
2845 2609 3023 2672 valde
3051 2608 3381 2689 probabilis
3407 2614 3526 2668 est.
3579 2608 3739 2681 Quia

2160 2704 2337 2766 favor
2369 2706 2570 2783 magis
2593 2721 2704 2783 per
2726 2723 2791 2766 se
2818 2702 3060 2764 intendi
3087 2707 3308 2782 potest3
3332 2699 3553 2760 odium
3587 2718 3740 2761 vero

2161 2815 2270 2859 seu
2302 2815 2639 2876 gravamen
2674 2797 2957 2873 minime,
2985 2795 3094 2857 sed
3119 2800 3365 2876 propter
3387 2793 3737 2853 instantem

2162 2891 2608 2952 necessitatem.
2640 2891 2719 2950 Et
2748 2889 2888 2951 ideo
2914 2906 3025 2969 per
3050 2906 3116 2949 se
3145 2885 3480 2966 loquendo,
3510 2904 3583 2945 ac
3616 2904 3740 2945 cae-

2163 2984 2309 3044 teris
2351 2983 2623 3063 paribuS,
2670 2983 2848 3045 favor
2889 2988 2981 3044 est
3023 2980 3440 3061 praeferendus
3452 2994 3471 3056 3
3501 2977 3739 3038 nihilo-

2162 3075 2372 3137 minus
2410 3083 2621 3139 tamen
2647 3081 2823 3138 tanta
2861 3093 2991 3138 esse
3031 3079 3232 3156 potest
3259 3072 3589 3135 necessitas
3613 3072 3737 3132 im·

2160 3173 2432 3252 ponendi
2478 3191 2837 3252 gravamen,
2880 3177 2952 3233 ut
2996 3170 3448 3250 imponendum
3496 3169 3598 3243 sit,
3635 3167 3735 3229 vel

2162 3267 2518 3344 augendum
2560 3272 2813 3346 propter
2852 3265 3055 3345 majus
3092 3264 3351 3325 bonum.
3394 3263 3598 3342 Atque
3643 3262 3735 3322 sic

2161 3359 2459 3434 sentiunt,
2503 3359 2612 3437 qui
2657 3363 2912 3420 censent
2943 3375 3245 3419 canonem
3287 3356 3372 3421 Si
3414 3357 3551 3436 quis
3586 3372 3730 3416 sua-

2162 3454 2349 3528 dente,
2379 3470 2508 3513 esse
2536 3452 2739 3530 legem
2773 3450 3200 3527 favorabilem,
3244 3455 3307 3511 et
3347 3467 3478 3511 esse
3518 3455 3737 3509 exten-

2160 3544 2458 3621 dendum,
2478 3544 2721 3606 etiamsi
2741 3562 3000 3606 censura
3017 3543 3268 3606 extendi
3285 3548 3739 3621 consequenter

2161 3636 2464 3713 videatur,
2497 3638 2643 3715 quia
2675 3643 2768 3699 est
2799 3637 2976 3699 favor
3006 3636 3346 3715 religionis,
3377 3642 3442 3696 et
3466 3635 3736 3713 requirit

2160 3728 2340 3789 illum
2365 3730 2662 3809 rigorem,
2685 3735 2755 3791 ut
2773 3729 3009 3791 stabilis
3033 3734 3401 3809 perseveret.
3435 3727 3737 3789 Similiter

2160 3823 2228 3881 in
2254 3821 2391 3900 lege
2417 3823 2776 3902 imponente
2803 3823 3106 3885 tributum
3151 3828 3352 3902 potest
3385 3840 3516 3883 esse
3548 3839 3735 3881 causa

2162 3920 2291 3976 tam
2332 3916 2435 3994 pia
2463 3922 2526 3977 et
2561 3916 2929 3992 necessaria,
2961 3922 3032 3976 ut
3062 3933 3191 3976 non
3232 3914 3538 3976 habeatur
3574 3915 3734 3974 ratio

2162 4009 2290 4069 odii
2317 4026 2425 4070 seu
2452 4010 2852 4088 gravaminis,
2881 4010 3210 4089 quominus
3238 4008 3339 4070 lex
3365 4007 3735 4087 simpliciter

2160 4101 2512 4163 favorabilis
2539 4110 2602 4164 et
2628 4102 3019 4164 extendenda
3043 4103 3143 4163 sit.
3172 4103 3221 4162 E
3248 4101 3563 4162 contrario
3590 4116 3735 4160 vero

2160 4194 2261 4255 lex
2284 4195 2614 4256 excludens
2637 4195 2902 4257 feminas
2938 4196 3018 4257 ab
3055 4194 3439 4270 haereditate,
3467 4193 3613 4254 licet
3638 4193 3738 4252 in-

2160 4287 2374 4349 tendat
2403 4288 2681 4349 favorem
2719 4290 3160 4365 masculorum,
3191 4288 3404 4349 odiosa
3438 4286 3738 4366 simplici-

2160 4387 2255 4443 ter
2272 4387 2387 4458 est,
2404 4388 2468 4443 et
2484 4382 2870 4459 coarctanda,
2889 4389 2959 4443 ut
2976 4388 3068 4443 est
3081 4382 3433 4443 communis
3449 4380 3739 4441 doctrina

2156 4475 2543 4554 juristarum,
2564 4480 2636 4536 ut
2660 4476 2869 4537 videre
2888 4476 3033 4537 lieet
3055 4475 3123 4537 in
3144 4475 3350 4553 Tiraq.
3377 4473 3745 4553 supradicta

2161 4567 2431 4643 Praefat.,
2462 4587 2529 4628 n.
2558 4569 2666 4644 64,
2696 4575 2760 4630 et
2787 4568 2924 4629 aliis
2951 4568 3123 4644 locis,
3149 4584 3290 4646 quae
3315 4566 3448 4645 ipse
3474 4565 3744 4643 allegat,

2159 4662 2307 4740 quia
2331 4661 2508 4722 favor
2533 4660 2639 4722 ille
2667 4662 2944 4740 privatus
2974 4667 3089 4737 est,
3131 4671 3196 4722 et
3232 4677 3363 4721 non
3387 4659 3748 4721 admodum

2158 4755 2559 4831 necessarius,
2603 4772 2807 4834 neque
2856 4755 2934 4815 ad
2979 4772 3197 4834 pacem
3237 4759 3299 4815 et
3338 4752 3748 4814 honestatem

2159 4864 2405 4908 morum
2433 4847 2704 4907 multum
2731 4847 2927 4924 utilis,
2958 4854 3021 4909 et
3046 4847 3126 4908 ad
3152 4847 3321 4908 hunc
3347 4844 3621 4906 modum
3652 4852 3751 4907 est

2157 4939 2234 5001 de
2256 4940 2392 5000 aliis
2416 4940 2841 5018 judicandum.

2239 5033 2337 5093 13.
2379 5034 2464 5094 In
2493 5033 2670 5095 dubio
2684 5034 3126 5112 proeferendum
3143 5035 3440 5110 favorem,
3462 5036 3521 5094 et
3550 5031 3755 5109 leam

2157 5125 2590 5204 ampliandam,
2622 5126 2771 5205 quia
2787 5143 2902 5205 por
2931 5144 2992 5189 se
3018 5126 3114 5187 lea:
3145 5125 3402 5187 intendit
3427 5126 3751 5201 favorem.

2156 5251 2237 5263 —
2266 5218 2439 5279 Unde
2465 5218 2715 5279 tandem
2751 5237 2977 5291 assero,
3013 5218 3122 5279 ubi
3147 5235 3246 5279 res
3283 5217 3473 5278 suerit
3513 5217 3751 5293 dubia,

2157 5311 2303 5389 quia
2328 5311 2504 5372 favor
2531 5317 2593 5372 et
2616 5311 2829 5373 odium
2849 5312 3141 5373 videntur
3157 5310 3496 5391 quamdam
3522 5329 3755 5389 aequa·

2156 5402 2396 5464 litatem
2419 5403 2670 5480 habere,
2692 5404 2791 5466 vel
2818 5406 2967 5484 quia
2986 5405 3066 5466 ad
3086 5404 3354 5466 invicem
3379 5421 3446 5463 se
3464 5402 3753 5476 habent,

2158 5496 2315 5558 sicut
2346 5498 2643 5560 excedens
2669 5502 2732 5560 et
2753 5515 3092 5576 excessum,
3118 5504 3270 5559 tunc
3284 5497 3575 5560 favorem
3603 5512 3762 5559 esse
