3976 6219
774 407 909 461 CAP.
942 408 1050 459 xn.
1085 406 1296 458 U'mtm
1330 404 1523 458 LEGES
1555 401 1794 455 CIVILES
1825 399 1887 452 IN
1920 399 2078 452 SOLA
2109 400 2386 452 HATEMA
2418 399 2719 466 ΗΟΝΒὸΤΑ,
2756 403 2889 454 ETC.

218 512 293 570 et
318 504 564 567 similia.
586 502 861 583 Denique
879 507 1079 582 potest
1092 501 1207 563 hoc
1226 501 1524 563 declarari
1550 519 1627 561 ex
1650 517 1795 559 con-

217 599 497 662 nexione
515 598 739 658 harum
760 596 1087 657 moralium
1115 595 1440 669 virtutum,
1469 594 1615 672 quia
1636 609 1794 670 saepe

214 693 469 772 justitia
497 690 726 751 servari
755 707 881 749 non
912 693 1132 767 potest,
1156 687 1275 748 nisi
1308 686 1664 748 cohibeatur
1700 685 1794 744 in-

221 784 669 866 temperantia,
700 788 769 841 ut
783 786 951 861 patet-
968 779 1351 841 inadulterio
1373 796 1393 856 3
1418 796 1578 857 saepe
1607 778 1794 838 etiam

224 878 311 939 ad
344 877 681 939 cavendam
710 874 1082 953 injustitiam
1120 872 1466 934 necessaria
1494 876 1585 932 est
1624 888 1798 931 man-

225 969 517 1044 suetudo,
549 967 873 1047 sapientia,
891 972 999 1026 aut
1018 965 1337 1040 fortitude,
1352 970 1412 1026 et
1434 965 1522 1025 sic
1541 964 1615 1024 de
1637 962 1794 1023 aliis.

323 1066 422 1125 10.
468 1064 673 1123 Potest
706 1078 848 1121 vero
886 1058 1110 1139 aliquis
1137 1059 1420 1120 dubitare
1448 1057 1524 1118 de
1552 1056 1801 1136 quibus-

229 1156 381 1218 dam
429 1154 759 1216 virtutibus
807 1154 1014 1215 minus
1053 1152 1333 1232 perfectis
1380 1153 1662 1213 minusve
1690 1168 1798 1210 ne·

231 1249 533 1324 cessariiS,
572 1252 642 1308 ut
667 1252 813 1307 suut
843 1246 1199 1321 liberalitaS,
1232 1244 1716 1323 magnificentia,
1738 1247 1800 1302 et

232 1342 489 1404 similes·
522 1344 605 1402 De
632 1340 869 1402 actibus
891 1339 1059 1399 enim
1085 1339 1312 1399 harum
1339 1338 1644 1399 virtutum
1673 1354 1797 1396 non

231 1436 525 1496 videntur
550 1433 699 1495 ferri
725 1450 899 1513 posse
917 1430 1083 1508 leges
1101 1431 1546 1506 ecclesiasticae,
1569 1429 1799 1490 nedum

235 1527 474 1602 civilcS,
520 1527 665 1604 quia
694 1524 1046 1586 neeessariae
1074 1542 1200 1584 non
1231 1529 1398 1599 sunt,
1431 1526 1557 1584 imo
1584 1521 1798 1581 viden-

234 1626 345 1680 tur
365 1625 536 1680 extra
552 1619 965 1694 ordinariae,et
979 1635 1054 1678 ex
1065 1636 1129 1677 se
1140 1617 1444 1697 postulare
1455 1615 1796 1699 carentiam

236 1712 632 1790 obligationis
650 1759 665 1784 ‚
723 1711 869 1789 quia
918 1729 1064 1771 usus
1114 1727 1332 1770 earum
1380 1710 1622 1770 videtur
1669 1725 1796 1768 esse

240 1804 479 1867 consilii
507 1805 708 1884 potius
737 1822 923 1882 quam
958 1803 1352 1864 necessitatis.
1388 1802 1483 1863 Ad
1506 1802 1623 1862 hoc
1652 1818 1798 1862 vero

236 1898 600 1978 responderi
631 1902 833 1976 posset
860 1897 1082 1975 primo,
1107 1896 1505 1957 assertionem
1535 1912 1645 1954 seu
1676 1893 1798 1954 dis·

234 1990 641 2051 tributionem
684 1990 950 2068 intelligi
986 1989 1062 2051 de
1102 1988 1434 2049 virtutibus
1474 1986 1799 2048 cardinali-

235 2081 354 2142 bus
374 2083 720 2162 praecipuiS,
741 2101 878 2161 quae
899 2082 977 2143 ad
1001 2099 1394 2143 communem
1417 2080 1800 2141 honestatem

238 2174 599 2235 necessariae
622 2180 767 2235 sunt
795 2193 810 2235 ε
836 2194 981 2236 nam
1002 2175 1077 2236 de
1096 2175 1193 2235 his
1215 2175 1486 2235 maxime
1513 2174 1801 2234 videntur

237 2266 408 2345 loqui
431 2268 500 2327 D.
533 2266 801 2328 Thomas
827 2273 891 2328 et
930 2267 1138 2342 Arist.‚
1165 2278 1227 2329 et
1252 2267 1565 2327 ordinarie
1588 2266 1800 2327 viden-

235 2365 342 2421 tur
385 2360 660 2421 sufficere
693 2360 774 2422 ad
816 2360 1049 2427 bonum
1092 2361 1371 2440 regimen
1419 2359 1795 2437 reipublicae.

237 2453 384 2512 Dico
403 2470 548 2514 vero
576 2452 859 2528 ulterius,
893 2453 1038 2514 licet
1063 2454 1231 2531 leges
1251 2451 1461 2512 civiles
1488 2451 1797 2512 ordinarie

239 2564 367 2606 non
394 2547 749 2626 praecipiant
776 2546 1135 2608 exercitium
1154 2552 1407 2607 actuum
1425 2544 1643 2605 talium
1673 2544 1797 2604 vir-

240 2643 467 2713 tutum,
498 2657 674 2718 posse
719 2639 1122 2700 nihilominus
1171 2640 1488 2719 imponere
1540 2637 1796 2696 modum

242 2735 305 2791 et
343 2749 716 2808 mensuram,
760 2738 820 2793 et
851 2733 969 2793 hoc
997 2733 1143 2793 satis
1188 2751 1316 2792 esse
1345 2736 1415 2792 ut
1441 2729 1562 2790 illae
1608 2729 1797 2789 etiam

240 2824 497 2885 virtutes
542 2826 667 2886 sint
716 2825 975 2886 materia
1001 2824 1156 2902 legis
1182 2824 1493 2884 humanae.
1525 2822 1799 2900 Denique

241 2916 377 2976 dico
427 2936 553 2977 non
608 2936 738 2978 esse
784 2917 1161 2996 impossibile
1209 2916 1473 2976 inveniri
1520 2932 1693 2974 casus
1731 2914 1798 2973 in

241 3008 468 3087 quibus
496 3009 649 3070 tales
694 3015 864 3069 actus
914 3012 1038 3068 sint
1087 3008 1433 3075 necessarii.
1483 3013 1592 3067 aut
1625 3005 1800 3066 valde

242 3105 675 3164 convenientes
707 3104 784 3164 ad
814 3121 1141 3164 commune
1169 3102 1401 3163 bonum
1424 3099 1798 3181 reipublicae,

244 3201 305 3255 et
329 3195 446 3256 hoc
472 3197 620 3257 satis
646 3215 773 3257 esse
801 3195 1246 3277 utaliquando,
1289 3196 1432 3256 licet
1462 3194 1799 3269 rarissime,

243 3289 492 3368 praecipi
522 3289 781 3367 possint.

326 3385 422 3444 11.
452 3381 660 3446 Tertia
675 3381 1257 3460 conclusim—Leqes
1272 3379 1476 3442 civiles
1498 3397 1613 3440 non
1634 3395 1804 3456 posse

244 3478 405 3556 ferri
422 3478 490 3539 de
512 3477 780 3539 omnibus
802 3476 1035 3537 actibus
1063 3475 1319 3535 omnium
1347 3478 1400 3534 et
1420 3473 1804 3550 einyularum

244 3569 871 3643 virtutum—Tertio,
902 3566 1231 3628 dicendum
1273 3571 1364 3626 est
1404 3565 1571 3643 leges
1597 3564 1804 3625 civiles

247 3684 370 3725 non
396 3682 568 3743 posse
585 3662 733 3724 ferri
757 3663 833 3723 de
854 3661 1144 3724 omnibns
1165 3659 1403 3721 actibus
1431 3659 1713 3719 omnium
1740 3664 1803 3719 et

246 3755 633 3834 singularum
647 3755 970 3815 virtutum.
995 3754 1122 3814 Hoc
1155 3754 1340 3814 etiam
1357 3753 1531 3813 docet
1550 3753 1619 3811 D.
1642 3752 1803 3813 Tho-

247 3869 377 3911 mas
409 3848 574 3910 dicto
616 3848 875 3909 articulo
897 3848 1102 3922 tertio,
1137 3853 1200 3908 et
1228 3851 1468 3907 constat
1503 3844 1684 3906 facile
1707 3847 1800 3905 in·

247 3942 551 4003 ductione.
584 3943 717 4002 Non
746 3941 914 4001 enim
948 3945 1145 4020 potest
1186 3938 1432 4018 praecipi
1454 3938 1798 4016 virginitaS,

248 4035 487 4097 etiamsi
515 4035 786 4114 optimus
821 4043 993 4094 actus
1030 4032 1272 4093 virtutis
1298 4034 1398 4106 sit,
1439 4036 1501 4091 et
1526 4030 1691 4090 idem
1711 4036 1803 4090 est

249 4131 322 4192 de
353 4130 489 4191 aliis
514 4129 774 4204 actibus,
807 4127 912 4206 qui
939 4127 1184 4206 proprie
1211 4125 1503 4184 dicuntur
1521 4123 1803 4182 consilio·

247 4241 405 4285 rum.
437 4225 591 4283 Item
619 4222 695 4282 de
726 4220 961 4281 actibus
994 4216 1395 4290 difficillimis»,
1439 4214 1686 4294 quando
1725 4215 1802 4275 ad

250 4332 571 4377 commune
621 4314 855 4375 bonum
881 4310 1234 4391 reipublicae
1260 4308 1457 4370 civilis
1482 4326 1610 4368 non
1659 4313 1804 4368 sunt

252 4409 603 4487 simpliciter
645 4406 1010 4480 necessarii,
1068 4409 1141 4464 ut
1170 4408 1325 4463 esset
1364 4401 1535 4461 verbi
1576 4400 1798 4478 gratia,

250 4504 600 4581 frequenter
619 4500 928 4579 jejunare,
980 4503 1044 4559 et
1076 4496 1304 4557 similia
1345 4511 1361 4555 ε
1402 4495 1561 4555 ratio
1589 4500 1801 4555 autem

252 4601 361 4671 est,
387 4600 522 4654 tum
541 4593 691 4671 quia
709 4591 810 4652 lex
825 4591 1100 4651 hnmana
1118 4588 1302 4650 debet
1315 4606 1441 4649 esse
1461 4588 1798 4662 moderata,

253 4694 310 4749 et
336 4688 411 4748 de
437 4706 505 4748 re
542 4685 858 4746 moraliter
888 4682 1164 4763 possibili
1201 4681 1500 4741 universae
1527 4699 1803 4742 commu-

253 4781 429 4841 nitati
467 4797 581 4859 pro
619 4777 841 4859 majori
885 4782 1080 4855 parte,
1122 4780 1195 4835 ut
1243 4773 1402 4835 libro
1439 4774 1709 4835 secundo
1737 4775 1804 4834 in

255 4872 571 4936 communi
591 4877 906 4932 ostensum
938 4874 1029 4929 est
1044 4885 1064 4945 3
1098 4873 1231 4928 tum
1259 4867 1526 4928 maxime
1552 4867 1699 4946 quia
1726 4867 1805 4927 ad

253 4970 439 5031 finem
468 4967 624 5045 legis
650 4965 940 5025 humanae
970 4979 1099 5022 non
1144 4965 1289 5021 sunt
1314 4960 1639 5021 necessarii
1673 4978 1805 5021 om-

252 5083 359 5138 nes
385 5068 559 5124 aetus
581 5059 884 5121 virtutum
914 5056 1195 5117 omnium
1204 5071 1224 5131 ;
1262 5071 1552 5115 mensura
1596 5060 1805 5114 autem

253 5157 566 5238 potestatis
599 5173 676 5216 ex
698 5153 822 5214 fine
849 5152 1014 5212 illius
1042 5149 1344 5211 sumenda
1371 5153 1482 5209 est.

332 5253 431 5312 12.
473 5251 621 5315 Non
653 5252 843 5327 potest
879 5247 974 5309 lea:
1012 5245 1216 5307 civilis
1255 5243 1564 5321 prohibere
1604 5242 1805 5303 omnia

254 5343 406 5406 vitia
432 5348 641 5407 contra
677 5359 872 5403 omnes
905 5341 1181 5400 virtutes.
1204 5369 1287 5381 —
1311 5338 1387 5396 Et
1417 5335 1496 5396 ob
1525 5334 1805 5396 eamdem

252 5438 565 5510 rationem·
591 5454 719 5498 non
746 5438 949 5515 potest
975 5431 1074 5494 lex
1100 5429 1297 5492 civilis
1325 5428 1647 5509 prohibere
1675 5446 1807 5488 om-

254 5532 359 5594 nia
380 5531 535 5604 vitia
556 5535 772 5594 contra
790 5545 1004 5590 omnes
1036 5527 1317 5602 virtuteS,
1354 5529 1426 5586 ut
1463 5522 1806 5602 simplicem

3311 395 3433 458 219

1876 497 2345 562 fornicationem
2398 519 2527 563 non
2582 502 3002 566 seandalosam
3018 548 3039 579 ,
3086 521 3203 565 nec
3251 503 3432 564 aliter

1875 593 2158 654 nocivam
2204 595 2655 657 communitati.
2714 597 2845 657 Imo
2893 615 3008 658 nec
3056 597 3122 656 in
3175 596 3434 658 materia

1869 686 2127 765 justitiae
2171 688 2452 765 prohibet
2500 690 2731 762 omnia,
2787 697 2857 750 ut
2908 689 3330 769 deceptionem
3369 691 3434 750 in

1879 781 2190 858 emptione
2213 780 2364 840 citra
2400 781 2745 858 dimidiam,
2777 781 2876 843 vel
2903 783 3034 843 sine
3063 782 3304 843 enormi
3335 782 3437 842 lae·

1877 874 2073 947 sione,
2098 878 2160 933 et
2179 872 2430 933 similia.
2449 874 2620 950 Quod
2644 874 2831 935 etiam
2855 874 3042 934 tradit
3069 876 3138 935 D.
3170 874 3438 935 Thomas

1879 966 1940 1025 d.
1973 985 2036 1044 q.
2072 967 2172 1033 96,
2205 972 2321 1027 art.
2368 969 2430 1042 Ξ,
2478 986 2620 1028 oum
2658 968 2916 1046 August.
2956 966 2999 1030 1.
3037 970 3096 1042 1,
3133 966 3209 1027 de
3240 966 3437 1028 libero

1882 1057 2109 1132 Arbit„
2142 1076 2276 1137 cap.
2307 1062 2369 1134 5,
2400 1065 2462 1120 et
2493 1060 2792 1139 optimam
2832 1060 3137 1121 rationem
3180 1058 3435 1136 indicat,

1878 1151 2026 1232 quia
2053 1168 2267 1211 cavere
2290 1151 2501 1211 omnia
2519 1151 2671 1212 vitia
2697 1170 2823 1212 non
2860 1158 2952 1213 est
2976 1152 3284 1226 omnium,
3325 1170 3441 1213 nec

1879 1245 2244 1319 multorum,
2275 1246 2379 1307 sed
2402 1245 2845 1325 perfectorum:
2878 1245 2980 1306 lex
3007 1251 3218 1305 autem
3245 1245 3440 1306 civilis

1879 1359 2008 1401 esse
2032 1339 2213 1401 debet
2226 1340 2683 1401 accommodata
2696 1339 3123 1401 communitati
3148 1338 3439 1400 humanm

1878 1432 2217 1495 secundum
2242 1433 2589 1494 naturalem
2610 1432 3026 1493 conditionem
3042 1437 3350 1511 spectatoe,
3378 1437 3441 1492 et

1877 1526 2016 1587 ideo
2045 1545 2154 1605 per
2193 1526 2358 1605 leges
2394 1526 2606 1588 civiles
2638 1545 2764 1588 non
2795 1525 3203 1605 probibentur
3230 1524 3440 1585 omnia

1876 1619 2063 1680 vitia:
2094 1618 2251 1679 sicut
2281 1618 2470 1679 etiam
2498 1624 2765 1699 potestas
2788 1618 3061 1679 coactiva
3085 1616 3280 1677 civilis
3311 1634 3439 1677 non

1877 1711 2230 1773 extenditur
2252 1711 2330 1771 ad
2352 1712 2586 1786 omnia,
2609 1711 2756 1790 quia
2774 1711 2890 1771 hoc
2911 1715 3069 1771 esset
3087 1727 3273 1788 supra
3295 1728 3438 1770 con-

1877 1803 2175 1864 ditionem
2199 1803 2572 1881 humanam3
2590 1811 2653 1865 et
2669 1810 2918 1884 propter
2934 1803 3053 1865 hoc
3071 1802 3257 1863 etiam
3280 1801 3439 1861 dixi-

1878 1915 2017 1957 mus
2059 1897 2170 1957 lib.
2217 1899 2273 1972 1,
2306 1916 2439 1976 cap.
2479 1900 2579 1972 15,
2608 1898 2811 1975 legem
2839 1897 3103 1968 civilem,
3151 1895 3295 1955 licet
3337 1894 3437 1955 in-

1876 1988 2091 2050 tendat
2122 1990 2322 2051 faeere
2348 1990 2667 2051 hominem
2697 1991 2932 2051 bonum
2953 1987 3290 2062 moraliter,
3310 2005 3438 2047 non

1878 2088 2090 2143 tamen
2117 2083 2480 2162 simpliciter
2509 2084 2742 2146 bonum
2781 2085 2849 2144 in
2876 2084 2984 2144 illo
3011 2100 3262 2161 genere,
3292 2082 3440 2160 quia

1880 2194 2007 2236 non
2035 2181 2128 2235 est
2164 2176 2324 2248 talia,
2357 2177 2475 2238 nisi
2503 2182 2710 2238 careat
2737 2176 3025 2237 omnibus
3052 2176 3245 2249 vitiis,
3274 2174 3440 2253 quod

1878 2268 1975 2331 lex
2003 2269 2199 2330 civilis
2217 2269 2541 2331 efficaciter
2561 2289 2690 2332 non
2713 2276 2913 2354 potest
2933 2268 3279 2343 intendere,
3299 2265 3443 2327 licet

1878 2362 2072 2441 possit
2089 2361 2429 2424 consulere.

1962 2456 2058 2514 13.
2104 2455 2480 2531 Explicatur
2514 2454 2809 2516 sententia
2848 2455 3199 2530 dicentium,
3251 2454 3442 2517 solum

1878 2545 2055 2607 illum
2083 2551 2280 2608 aetum
2301 2564 2474 2625 posse
2499 2565 2620 2609 esse
2639 2547 2959 2609 materiam
2993 2547 3146 2626 leqis
3166 2548 3442 2608 humanoe

1876 2639 1981 2718 qui
2011 2645 2098 2701 est
2131 2641 2388 2702 materia
2423 2640 2577 2719 leyis
2610 2641 2919 2703 naturalis
2951 2641 3043 2702 vel
3074 2642 3317 2703 divinoe.
3359 2673 3443 2686 —

1879 2732 2000 2793 Sed
2043 2732 2198 2793 forte
2236 2738 2471 2811 qnoerat
2531 2732 2753 2813 aliquis
2788 2734 3045 2812 quinam
3085 2734 3210 2796 sint
3268 2739 3439 2798 actus

1879 2826 2359 2904 uniuscujusque
2379 2826 2627 2887 virtutis
2648 2831 2759 2887 aut
2786 2827 2912 2886 vitii
2940 2844 3095 2905 quos
3116 2826 3217 2888 lex
3241 2826 3440 2887 civilis

1879 2924 2078 2997 potest
2100 2917 2197 2979 vel
2217 2937 2340 2979 non
2363 2923 2562 2997 potest
2580 2919 2932 2998 praecipere,
2959 2918 3059 2979 vel
3088 2920 3433 2998 prohibere.

1881 3009 2140 3082 Quidam
2170 3009 2462 3071 dixerunt
2480 3011 2680 3071 solum
2700 3011 2881 3071 illum
2898 3018 3104 3072 actum
3122 3030 3250 3072 esse
3265 3029 3440 3091 posse

1882 3101 2207 3163 materiam
2235 3101 2387 3181 legis
2414 3102 2731 3179 humanae,
2760 3104 2868 3181 qui
2890 3111 2980 3165 est
3009 3104 3269 3167 materia
3289 3103 3442 3182 legis

1881 3196 2204 3270 naturam,
2237 3195 2334 3256 vel
2360 3197 2605 3258 divinae.
2644 3199 2819 3272 Quod
2847 3198 3098 3276 quidem
3129 3197 3439 3276 duplicem

1882 3294 2084 3368 potest
2111 3288 2338 3350 habere
2363 3306 2647 3367 sensum3
2674 3308 2836 3351 unus
2858 3296 2971 3366 est,
2997 3289 3200 3367 legem
3224 3288 3443 3348 huma·

1884 3400 2031 3443 nam
2060 3381 2215 3442 nihil
2237 3401 2411 3462 posse
2435 3384 2769 3462 praecipere
2790 3384 2909 3444 nisi
2937 3382 3100 3463 quod
3130 3387 3221 3443 est
3238 3381 3446 3460 aliqua

1881 3474 2019 3553 lege
2062 3476 2333 3537 naturali
2376 3476 2475 3537 vel
2520 3476 2730 3537 divina
2781 3482 3157 3555 praeceptum
3172 3519 3193 3550 ,
3240 3473 3329 3533 ita
3374 3477 3447 3532 ut

1882 3567 2158 3629 humana
2177 3569 2279 3629 lex
2305 3569 2503 3630 solum
2532 3570 2612 3630 sit
2636 3587 2799 3629 nova
2827 3568 3177 3647 explicatio,
3209 3572 3273 3628 et
3303 3584 3445 3645 pro-

1882 3660 2105 3738 positio
2148 3660 2301 3738 legis
2351 3661 2650 3723 naturalis
2687 3666 2798 3722 aut
2833 3661 3083 3736 divinae,
3121 3665 3184 3720 et
3223 3659 3289 3719 in
3327 3658 3447 3720 hoc

1881 3773 2065 3816 sensu
2107 3754 2259 3816 solet
2295 3754 2427 3816 haec
2466 3756 2773 3817 sententia
2802 3754 3060 3817 Gersoni
3096 3753 3308 3828 tribui,
3341 3753 3446 3814 sed

1881 3847 2030 3926 quid
2054 3846 2158 3908 ille
2185 3849 2445 3909 senserit
2470 3854 2682 3928 postea
2706 3848 3089 3925 videbimus;
3114 3865 3279 3908 nunc
3306 3846 3446 3909 dieo

1884 3940 2360 4019 explicationem
2403 3940 2563 4001 banc
2613 3942 2682 4000 in
2724 3941 2833 4001 illo
2883 3959 3065 4001 sensu
3110 3958 3241 4001 esse
3280 3957 3448 4002 erro-

1883 4051 2068 4093 neam
2119 4044 2181 4094 et
2235 4033 2613 4093 conformem
2669 4033 2967 4093 doctrinae
3018 4031 3446 4093 hoereticorum

1882 4123 2071 4202 hujus
2085 4124 2400 4203 temporis:
2425 4129 2658 4184 evertet
2672 4124 2843 4183 enim
2860 4141 3073 4183 veram
3081 4129 3448 4202 potestatem

1884 4216 2126 4277 civilem
2149 4215 2561 4295 legislativam
2583 4233 2767 4293 supra
2780 4215 3449 4279 demonstratam.1tem

1886 4315 2126 4370 constat
2167 4327 2243 4370 ex
2267 4328 2378 4370 usu
2408 4309 2831 4371 humanarum
2851 4308 3087 4387 legum,
3121 4309 3318 4370 multa
3339 4329 3451 4390 per

1883 4421 1986 4464 eas
2013 4403 2263 4483 praeeipi
2291 4421 2427 4481 qnae
2463 4408 2647 4464 antea
2683 4420 2812 4462 non
2851 4407 3030 4462 erant
3062 4405 3400 4465 necessaria
3427 4425 3442 4466 z

1882 4498 2046 4559 unde
2079 4497 2267 4558 etiam
2295 4497 2509 4573 Arist„
2545 4499 2582 4558 5
2611 4495 2842 4571 Ethic.,
2876 4514 3011 4575 cap.
3050 4498 3110 4572 7,
3142 4496 3301 4557 dixit
3308 4498 3451 4575 jus-

1883 4596 2012 4654 tum
2043 4591 2403 4669 leyitimum,
2452 4609 2595 4665 eece,
2617 4593 2773 4670 quod
2813 4609 2852 4652 a
2869 4589 3175 4670 principio
3213 4591 3448 4671 quidem
3529 4657 3538 4666 ,

1882 4685 2047 4747 nihil
2072 4687 2286 4761 refert,
2318 4686 2409 4748 sio
2438 4702 2520 4746 an
2547 4685 2728 4748 aliter
2750 4685 2991 4759 habeat,
3019 4701 3149 4746 oum
3176 4702 3310 4746 vero
3329 4701 3449 4763 po-

1884 4779 2076 4841 situm
2114 4778 2334 4853 suerit,
2376 4780 2587 4854 refert.
2628 4778 2817 4856 quue
2852 4795 2930 4839 ex
2968 4775 3245 4837 dicendis
3284 4775 3452 4838 infra

1885 4872 1961 4933 de
1995 4869 2369 4948 obligatione
2395 4870 2549 4948 legis
2575 4870 2773 4932 civilis
2806 4869 3005 4947 magis
3033 4868 3287 4949 patebit.

1968 4967 2067 5026 14.
2112 4964 2249 5026 Alio
2274 4982 2421 5043 ergo
2449 4964 2634 5026 modo
2657 4969 2860 5045 posset
2881 4963 2992 5024 illa
3015 4963 3233 5041 regula
3259 4962 3453 5042 expli-

1886 5058 2051 5132 cari,
2094 5057 2381 5119 videlicet
2395 5103 2416 5134 ,
2466 5058 2667 5118 solum
2717 5058 2895 5118 illum
2951 5066 3156 5119 actum
3204 5057 3453 5120 virtutis

1884 5169 2062 5230 posse
2084 5150 2331 5230 praecipi
2358 5169 2469 5229 per
2495 5150 2698 5228 legem
2725 5150 3091 5225 humanam,
3114 5150 3259 5228 quia
3287 5149 3454 5211 cadit

1884 5244 1998 5304 sub
2024 5243 2227 5320 legem
2251 5243 2599 5303 naturalem
2629 5241 2743 5302 sub
2771 5243 2980 5320 aliqua
3002 5245 3239 5305 ratione
3266 5262 3454 5322 gene-

1884 5335 2024 5410 rali,
2054 5336 2142 5395 ita
2175 5341 2244 5394 ut
2271 5353 2309 5394 a
2339 5335 2475 5413 lege
2502 5335 2772 5397 naturali
2809 5336 3201 5415 praecipiatur
3234 5337 3451 5399 saltem

1883 5430 1952 5489 in
1998 5428 2350 5489 communi:
2385 5447 2495 5507 per
2528 5428 2869 5492 humanam
2906 5436 3116 5492 autem
3156 5431 3452 5494 determi-

1885 5533 2073 5586 netur
2115 5522 2195 5584 ad
2239 5521 2509 5603 aliquem
2548 5523 2985 5604 particularem
3029 5524 3310 5602 modum,
3341 5532 3451 5589 aut
