3976 6219
483 348 562 404 74

485 455 665 511 erant
691 449 963 509 maxime
994 451 1308 528 propensi.
1342 449 1452 511 Cui
1494 448 1863 527 expositioni
1903 446 2046 506 sub-

487 542 697 604 scribit
732 541 1109 621 Epiphanus,
1150 541 1260 601 lib.
1313 545 1350 602 2
1405 547 1620 602 contra
1659 542 1880 600 HaereS.
1941 539 2044 613 66,

485 635 565 696 ad
597 634 810 709 finem,
843 633 1153 712 explicans
1173 633 1340 694 hunc
1361 634 1569 694 locum
1599 632 1772 692 Pauli
1803 653 1816 692 :
1849 631 2069 705 Quane·

485 729 818 808 doquidem,
841 727 1069 805 inquit,
1087 728 1261 805 justo
1293 745 1411 788 non
1440 732 1527 789 est
1551 727 1646 787 lex
1672 725 1897 804 posita,
1927 724 2049 785 ini-

486 839 640 901 quas
663 837 800 900 erqo
828 826 914 882 est
928 820 1186 899 justus?
1209 820 1387 882 absit.
1423 819 1554 883 Sed
1575 819 1856 899 quoniam
1885 817 2048 878 anti-

485 914 711 992 cipavit
724 914 938 992 justus
966 912 1253 992 perficere
1282 930 1371 987 ea,
1404 930 1536 991 quoe
1562 916 1703 973 sunt
1725 910 1897 989 Zeqis,
1927 927 2047 972 non

486 1012 572 1070 est
609 1008 704 1068 lece
735 1012 941 1069 eontra
966 1007 1230 1085 justum,
1282 1006 1386 1086 qui
1413 1006 1559 1081 feeit
1594 1005 1798 1084 leyem,
1838 1022 2044 1067 verwm

479 1102 684 1179 posita
715 1106 801 1163 est
829 1105 1037 1163 eontra
1072 1117 1166 1162 eos
1199 1099 1305 1178 qai
1333 1099 1726 1177 deliquerunt,
1752 1097 2046 1176 judicans

484 1193 727 1272 iniquos
754 1219 774 1252 .·
804 1193 894 1254 sie
914 1193 1113 1271 iyitar
1145 1197 1199 1254 et
1228 1195 1659 1265 testamentum,
1690 1190 1862 1268 jubet
1891 1190 2048 1251 enim

487 1286 821 1347 homicidas
870 1285 1078 1358 occidi,
1135 1289 1250 1343 etc.
1303 1285 1605 1343 Praeterea
1647 1281 2050 1343 confirmatur

487 1375 618 1436 haec
641 1376 939 1455 expositio
967 1395 1041 1437 ex
1068 1375 1175 1435 illo
1203 1375 1283 1436 ad
1312 1376 1506 1436 Galat.
1543 1377 1579 1435 3
1613 1392 1629 1435 ε
1666 1376 1828 1449 Quid
1849 1376 2050 1453 igitur

490 1469 851 1547 lexpropter
880 1470 1415 1549 transqressionem
1450 1471 1652 1548 posita
1683 1474 1792 1544 est,
1829 1469 1894 1528 id
1931 1473 2045 1543 est,

490 1561 806 1622 occasione
859 1564 1443 1642 transgressionum,
1492 1567 1554 1622 et
1594 1562 1671 1622 ad
1716 1561 2052 1621 coercenda

488 1653 817 1714 hominum
862 1656 1014 1716 vitia
1061 1655 1182 1715 fuit
1213 1656 1432 1733 posita,
1463 1660 1534 1714 ut
1580 1654 2050 1732 Chrysostomus

487 1752 618 1807 tam
657 1748 742 1807 ibi
772 1749 848 1809 ad
881 1749 1078 1809 Galat.
1114 1751 1174 1823 3,
1205 1767 1392 1826 quam
1420 1748 1521 1808 hic
1573 1752 1600 1808 1
1641 1749 1719 1808 ad
1749 1748 2048 1822 Timoth.,

489 1846 553 1902 et
575 1841 680 1901 alii
702 1842 895 1904 Graeci
920 1848 982 1904 et
1006 1844 1419 1922 Hieronymus
1440 1847 1782 1921 exponunt.
1809 1841 1921 1902 Vel
1946 1860 2053 1920 po-

489 1939 609 1995 test
638 1935 862 2013 exponi
892 1954 1033 1995 cum
1062 1937 1432 2013 Α11311511110,
1452 1941 1697 2013 propter
1720 1941 2056 2013 transyres-

489 2028 735 2100 sionem,
768 2027 831 2086 id
860 2035 971 2103 est,
998 2035 1066 2088 ut
1089 2028 1589 2089 manifestaretur
1612 2032 1957 2106 peccatum,
1993 2032 2056 2087 et

489 2119 820 2180 hominum
846 2120 1146 2197 fragilitas
1173 2122 1250 2180 ad
1277 2121 1655 2182 vincendum
1682 2120 1871 2193 illud3
1907 2119 2057 2197 quia

488 2229 638 2289 ergo
654 2212 878 2272 Paulus
899 2214 964 2272 in
977 2214 1133 2290 loce,
1152 2232 1338 2293 quem
1353 2221 1687 2275 tractamus
1688 2259 1710 2290 ,
1724 2212 2056 2292 reprehen-

490 2305 664 2364 derat
703 2323 893 2365 vanos
921 2305 1074 2384 legis
1102 2306 1401 2382 doctores,
1442 2308 1549 2386 qui
1587 2325 1715 2366 non
1749 2304 2057 2382 intellige-

488 2396 640 2456 bant
656 2416 855 2476 neque
885 2417 958 2459 ea
983 2417 1121 2476 quse
1147 2399 1573 2477 loquerentur,
1590 2417 1791 2477 neque
1820 2416 1894 2458 ea
1915 2416 2054 2476 quae

489 2489 903 2565 affirmabant,
930 2491 1253 2570 subjungit
1278 2491 1449 2552 hunc
1475 2492 1782 2552 defectum
1812 2509 1942 2552 esse
1978 2508 2056 2550 ex

490 2589 665 2661 parte
689 2601 928 2658 eorum,
959 2601 1088 2644 non
1118 2602 1194 2644 ex
1219 2590 1391 2662 parte
1416 2584 1594 2661 16315,
1616 2584 1763 2662 quia
1783 2584 1881 2645 lex
1908 2584 2058 2644 bona

492 2680 602 2749 est,
620 2677 678 2737 si
707 2676 846 2755 quis
866 2693 935 2737 ea
958 2676 1222 2755 leyitime
1246 2682 1481 2740 utatur.
1509 2678 1584 2737 Et
1612 2680 2058 2754 cousequenter

493 2767 779 2846 adjungit
814 2768 967 2847 quid
994 2770 1406 2829 necessarium
1448 2769 1527 2828 sit
1555 2769 1632 2829 ad
1669 2787 1744 2829 ea
1779 2767 2057 2846 legitime

493 2859 820 2935 utendum,
868 2860 1193 2936 nimirum,
1228 2861 1501 2924 Seientes
1558 2861 1705 2940 quia
1752 2859 1848 2921 lece
1882 2860 2057 2937 justo

493 2971 611 3015 non
637 2959 724 3016 est
746 2955 970 3032 posita,
996 2956 1060 3016 id
1088 2961 1203 3031 est,
1234 2973 1363 3015 non
1385 2957 1697 3017 occasione
1719 2956 2054 3034 justorum,

495 3047 645 3126 quia
672 3046 780 3107 illa
806 3066 931 3108 non
960 3048 1345 3127 indigebant,
1373 3048 1477 3109 sed
1496 3054 1747 3129 propter
1772 3050 2053 3129 injustos,

494 3140 994 3217 idololatras,etc.
1003 3158 1023 3219 3
1038 3142 1173 3202 subi
1182 3142 1530 3220 ntelligenS,
1545 3143 1597 3202 si
1609 3144 1746 3220 quis
1756 3142 1873 3203 hoc
1885 3142 2055 3215 sciat,

496 3230 773 3309 legitime
815 3252 1073 3295 usurum
1110 3234 1271 3313 lege,
1312 3241 1383 3295 ut
1414 3237 1483 3296 D.
1520 3235 1788 3296 Thomas
1823 3234 1910 3295 ihi
1946 3235 2054 3307 ait,

496 3342 623 3385 non
652 3325 789 3403 plus
816 3327 874 3387 ei
901 3327 1229 3388 tribuendo
1253 3345 1440 3407 quam
1464 3328 1630 3407 quod
1649 3328 1707 3388 ei
1734 3328 2058 3388 convenit:

497 3435 625 3477 non
653 3419 821 3479 enim
850 3424 941 3479 est
964 3420 1109 3480 data
1131 3427 1380 3499 propter
1398 3438 1575 3482 suam
1594 3420 2058 3499 perfectionem,

497 3509 605 3569 sed
637 3515 708 3569 ut
728 3529 839 3589 per
866 3511 1037 3572 illam
1078 3514 1506 3574 ostenderetur
1553 3512 1882 3573 hominum
1924 3530 2063 3591 pro-

496 3605 715 3681 pensio
744 3604 820 3663 ad
853 3607 1256 3683 peccandum,
1301 3612 1363 3667 et
1390 3613 1460 3666 ut
1502 3612 1658 3667 esset
1689 3606 2063 3685 paedagogus

499 3694 783 3756 homines
837 3697 915 3756 ad
964 3698 1271 3758 Christum
1312 3699 1557 3775 (11106115,
1608 3703 1672 3759 61
1717 3698 2066 3759 01151οᾶ16115

500 3788 798 3850 conclusos
826 3789 893 3851 in
921 3807 1050 3852 eam
1076 3791 1276 3868 fidem,
1304 3810 1436 3871 quoe
1459 3793 1778 3855 revelanda
1801 3797 1954 3865 erat,
1993 3796 2064 3851 ut

500 3879 728 3940 dicitur
766 3881 843 3940 ad
869 3882 1067 3943 Galat.
1102 3886 1160 3945 3.
1185 3885 1262 3944 Et
1288 3884 1376 3944 ita
1397 3884 1660 3963 quadrat
1698 3883 1927 3962 optime
1959 3900 2063 3942 ex-

502 3974 722 4052 positio
757 3975 1090 4054 Augustini
1132 3977 1200 4037 in
1246 3977 1412 4037 dicto
1460 3977 1569 4037 lib.
1607 3976 1684 4038 de
1729 3976 1961 4055 Spiritu
2005 3979 2068 4035 et

500 4065 727 4141 littera,
763 4086 897 4147 cap.
945 4071 985 4130 9
1028 4074 1091 4130 et
1133 4071 1234 4144 10,
1273 4075 1335 4130 et
1366 4069 1538 4130 illam
1570 4070 1758 4131 etiam
1810 4067 2064 4146 attingit

502 4158 971 4238 Chrysostomus
998 4162 1193 4222 homil
1225 4165 1286 4236 2,
1332 4162 1398 4222 in
1443 4163 1667 4225 dictam
1713 4161 2061 4241 epistolam,

503 4271 690 4331 quem
731 4255 1075 4334 Theophyl.
1123 4262 1185 4316 et
1219 4256 1324 4315 alii
1363 4261 1736 4335 sequuntur-3
1782 4254 2066 4334 quamvis

501 4345 770 4424 primam
803 4347 994 4407 etiam
1031 4348 1478 4426 expositionem
1510 4349 1865 4408 admittant.
1905 4347 2066 4407 Addi

504 4440 690 4499 etiam
718 4444 938 4518 potest,
975 4440 1347 4500 sententiam
1377 4440 1571 4515 illam,
1614 4442 1668 4502 J
1667 4445 1801 4503 usto
1829 4459 1946 4504 non
1980 4445 2067 4502 est

504 4531 599 4593 lece
616 4533 844 4610 posita,
867 4532 1066 4592 videri
1093 4538 1404 4611 sumptam
1438 4551 1566 4594 non
1611 4534 1809 4595 solum
1841 4553 1919 4596 ex
1962 4553 2067 4614 pe·

504 4626 723 4686 culiari
770 4626 931 4687 facto
962 4625 1119 4704 legis
1163 4627 1406 4702 veteriS,
1459 4628 1741 4706 quamvis
1786 4628 1867 4689 ad
1909 4629 2065 4689 illud

504 4725 665 4779 recte
694 4717 881 4779 fuerit
907 4719 1406 4780 accommodata:
1438 4720 1543 4781 sed
1570 4721 1759 4782 etiam
1781 4739 1858 4782 ex
1880 4739 2066 4801 gene-

503 4811 619 4873 rali
648 4811 1004 4872 conditione
1052 4812 1286 4890 legum,
1340 4831 1479 4892 quae
1528 4814 1911 4893 frequentius
1960 4834 2069 4894 po-

505 4911 742 4965 nuntur
780 4904 861 4965 ad
901 4906 1232 4967 coercenda
1282 4905 1457 4982 vitia,
1500 4925 1689 4986 quam
1741 4907 1819 4968 ad
1867 4909 2070 4969 studia

504 4998 807 5061 virtutum
833 5000 1255 5078 promovenda
1286 5016 1302 5060 :
1333 5018 1504 5077 nam,
1553 5006 1626 5061 111
1668 5000 1755 5061 ibi
1785 5002 1852 5063 D.
1901 5002 2071 5062 Tho-

506 5109 641 5154 mas
669 5093 792 5152 ait:
824 5094 907 5157 Si
931 5113 1124 5157 omnes
1143 5099 1330 5157 essent
1342 5094 1532 5173 justi,
1559 5092 1731 5156 nulla
1751 5095 2070 5158 necessitas

508 5191 655 5247 esset
689 5187 873 5249 dandi
906 5187 1111 5266 leqem,
1155 5187 1304 5266 quia
1332 5205 1528 5249 omnes
1563 5192 1752 5248 essent
1788 5187 1908 5249 sibi
1951 5188 2065 5249 lece.

509 5279 610 5340 Sic
640 5278 829 5338 etiam
858 5278 1015 5339 dixit
1041 5280 1270 5355 Cicer0,
1302 5276 1412 5340 lib.
1439 5281 1478 5340 2
1501 5280 1576 5340 de
1603 5279 1814 5357 Legib.
1844 5301 1858 5339 ε
1889 5280 2072 5359 Leyes

507 5372 808 5449 improbos
857 5372 1153 5450 supplicio
1195 5373 1507 5451 afficiunt,
1556 5377 1612 5437 et
1656 5374 1979 5450 defendunt
2005 5390 2076 5437 ao

514 5470 756 5533 tuentur
788 5465 984 5526 bonos.

1480 348 1595 400 Lm.
1631 348 1670 399 1.
1707 348 1786 398 DE
1815 346 2066 397 NATURA
2099 344 2277 397 LEGIS
2309 345 2371 396 IN
2404 346 2698 401 commum.

2201 449 2261 508 8.
2312 446 2807 526 ObJeetio.-Sed
2830 455 3044 528 contra
3066 451 3248 530 objici
3270 457 3469 532 potest
3492 475 3506 513 :
3531 471 3679 515 nam
3772 465 3778 469 ·

2122 538 2364 599 1101111111
2391 540 2459 600 111
2484 546 2645 601 statu
2672 543 3041 603 innocenh‘ae
3061 546 3259 622 posita
3283 544 3403 606 fuit
3430 546 3532 606 lex
3553 565 3680 607 non

2125 632 2489 693 comedendi
2517 633 2595 693 de
2626 633 2797 711 ligno
2824 635 2990 711 vitae,
3024 641 3086 696 et
3112 636 3322 697 statim
3353 637 3552 716 posita
3591 642 3684 699 est

2125 741 2268 786 cum
2304 725 2644 786 minatione
2673 744 2872 805 poenae
2912 727 3150 803 mortis,
3193 730 3277 791 In
3323 748 3686 810 quacumque

2126 818 2243 893 die,
2277 825 2426 894 etc„
2457 819 2677 881 Geues,
2721 822 2785 896 2,
2839 827 2901 882 et
2949 827 3162 883 tamen
3209 829 3360 883 tunc
3402 824 3687 884 hominae

2127 918 2304 972 erant
2323 913 2475 991 justi
2499 919 2561 975 et
2585 914 2967 991 innocenteS,
3011 917 3160 994 quia
3199 935 3520 996 nunquam
3547 936 3686 997 pec-

2128 1012 2450 1067 caverant:
2475 1024 2624 1084 ergo
2642 1006 2741 1067 lex
2763 1009 2952 1069 etiam
2975 1009 3180 1087 quoad
3197 1010 3326 1070 vim
3349 1011 3686 1071 coactivam

2128 1115 2255 1158 non
2291 1098 2489 1159 solum
2530 1100 2783 1179 ponitur
2818 1101 3011 1177 justo,
3055 1101 3161 1161 sed
3202 1103 3389 1163 etiam
3439 1102 3687 1181 ponitur

2129 1191 2262 1252 sine
2290 1192 2602 1253 occasione
2632 1194 2888 1272 peccati,
2924 1212 3037 1254 nec
3064 1199 3316 1273 propter
3355 1194 3687 1254 coercenda

2129 1289 2398 1363 peccata.
2437 1285 2513 1343 Et
2530 1284 2658 1346 fere
2688 1285 2905 1345 similis
2934 1286 3199 1363 objectio
3227 1286 3363 1347 fieri
3391 1291 3589 1365 potest
3609 1304 3687 1346 ex

2130 1377 2269 1455 lege
2296 1376 2779 1437 circumcisionis
2800 1378 2999 1456 posita
3028 1378 3291 1438 Abrahae
3323 1379 3459 1457 jam
3493 1379 3685 1456 just0,

2133 1471 2349 1533 GeneS.
2383 1474 2481 1532 17.
2515 1471 2609 1531 Ad
2638 1470 2769 1531 haec
2796 1489 2941 1531 vero
2968 1472 3146 1553 facile
3165 1471 3531 1549 respondere
3554 1489 3690 1550 pos-

2134 1581 2368 1638 sumuS,
2418 1563 2806 1624 concedendo
2833 1581 2962 1623 11011
3006 1583 3133 1625 6556
3167 1564 3579 1624 necessarium
3619 1569 3692 1623 ut

2130 1655 2298 1733 leges
2343 1674 2556 1716 omnes
2605 1657 3006 1734 imponantur
3046 1656 3364 1717 occasione
3408 1656 3686 1735 peccati:

2131 1748 2463 1826 aliquando
2498 1749 2668 1809 enim
2695 1750 3102 1827 imponuntur
3132 1753 3383 1827 propter
3408 1766 3693 1810 exercen-

2132 1839 2276 1900 dam
2307 1842 2598 1903 virtutem
2628 1859 2644 1902 z
2681 1860 2879 1920 neque
2912 1842 2978 1902 id
3016 1842 3268 1919 negavit
3290 1841 3538 1902 Paulus,
3572 1842 3692 1903 Sed

2131 1934 2441 2013 loquendo
2467 1935 2545 1996 (16
2585 1936 2723 2014 1636
2750 1937 2977 2014 scripta
3020 1936 3198 2010 dixit,
3232 1936 3402 1996 illam
3431 1954 3557 1998 esse
3584 1937 3688 1996 da-

2131 2031 2262 2086 tam
2311 2027 2420 2087 illa
2473 2028 2813 2103 occasione,
2845 2028 3012 2106 quod
3055 2029 3446 2089 verissimum
3490 2034 3601 2102 est,
3630 2035 3693 2090 et

2135 2120 2416 2181 similiter
2434 2126 2525 2181 est
2552 2139 2769 2182 verum
2801 2121 2969 2199 leges
2990 2120 3296 2181 humanas
3313 2121 3695 2200 frequentius

2136 2212 2286 2273 ferri
2326 2219 2578 2292 propter
2604 2214 2940 2274 coercenda
2970 2213 3124 2273 vitia
3151 2229 3166 2273 :
3203 2231 3330 2274 non
3359 2220 3451 2274 est
3486 2219 3696 2274 tamen

2133 2306 2251 2367 hoc
2279 2323 2522 2385 semper
2550 2307 2983 2382 necessarium,
3017 2324 3132 2367 nec
3156 2306 3231 2367 de
3249 2307 3488 2367 ratione
3514 2307 3692 2385 16315.

2214 2401 2276 2461 9.
2323 2400 2498 2460 Unde
2521 2401 2588 2461 in
2619 2400 2812 2479 priori
2852 2400 3134 2479 exemplo
3184 2400 3382 2479 posita
3428 2400 3548 2460 fuit
3588 2400 3698 2459 illa

2135 2493 2236 2552 lex
2253 2499 2505 2571 propter
2529 2492 2933 2553 exercendam
2960 2492 3232 2553 hominis
3256 2493 3692 2566 obedientiam,

2136 2590 2200 2645 et
2231 2584 2699 2662 subjectionem,
2729 2592 2790 2645 et
2822 2584 3265 2659 humilitatem,
3305 2595 3368 2646 et
3394 2585 3546 2646 alias
3573 2584 3699 2644 vir·

2135 2683 2318 2753 tuteS,
2350 2682 2421 2737 ut
2465 2684 2629 2738 recte
2658 2678 2897 2738 notavit
2942 2678 3323 2755 Augustinus
3353 2679 3420 2738 in
3449 2679 3694 2754 GeneS.,

2137 2771 2215 2831 de
2234 2775 2538 2849 praecepto
2557 2769 2774 2850 primis
2793 2770 3152 2848 parentibus
3173 2771 3492 2849 imposito:
3519 2772 3701 2849 Opor-

2141 2865 2320 2940 tebat,
2371 2862 2596 2942 inquit,
2630 2868 2699 2925 ut
2726 2864 2894 2923 homo
2925 2864 2997 2924 ab
3027 2864 3227 2943 aliquo
3261 2865 3697 2942 prohiberetur,

2140 2964 2209 3020 ut
2243 2963 2389 3020 esset
2417 2958 2471 3018 ei
2494 2957 2695 3018 virtus
2724 2957 2985 3017 merendi
3013 2956 3363 3019 obedientia.
3397 2956 3569 3029 Quod
3596 2974 3701 3016 ve-

2138 3067 2210 3109 ro
2260 3049 2470 3108 addita
2519 3048 2710 3108 fuerit
2759 3048 3185 3126 comminatio,
3241 3067 3367 3109 non
3400 3049 3519 3111 fuit
3553 3048 3702 3128 quia

2139 3141 2327 3202 homo
2356 3160 2432 3202 ex
2462 3142 2526 3201 vi
2551 3141 2943 3220 perfectionis
2972 3140 3143 3202 illius
3181 3148 3371 3201 status
3407 3141 3514 3201 illa
3542 3141 3702 3201 indi·

2141 3241 2335 3312 geret,
2361 3234 2465 3295 sed
2488 3233 2625 3294 aliis
2649 3234 2725 3294 de
2749 3233 2969 3308 causiS,
3001 3239 3070 3294 111
3102 3234 3179 3295 6(1
3208 3233 3704 3313 exaggerandam

2140 3326 2509 3406 gravitatem
2543 3326 2856 3405 praecepti,
2888 3345 2926 3386 a
2954 3327 3128 3404 cujus
3162 3327 3553 3388 observantia
3594 3325 3704 3385 bo-

2141 3437 2294 3479 num
2327 3419 2516 3478 totius
2557 3424 2794 3478 naturas
2827 3417 3152 3497 pendebat,
3194 3425 3256 3480 et
3294 3424 3545 3500 propter
3573 3436 3705 3479 mo·

2141 3513 2445 3573 bilitatem
2472 3511 2652 3573 liberi
2677 3512 2929 3573 ‘arbitrii
2958 3512 3366 3588 fraenandam,
3416 3531 3553 3592 quae
3594 3530 3704 3591 po-

2143 3611 2303 3666 terat
2316 3610 2511 3665 totam
2526 3604 2698 3665 illam
2713 3604 3153 3683 perfectionem
3168 3606 3383 3683 gratiae
3398 3606 3700 3679 deserere,

2143 3704 2205 3760 et
2229 3717 2294 3758 se
2321 3698 2401 3758 ab
2428 3698 2537 3758 illa
2565 3696 2947 3772 subtrahere,
2973 3698 3130 3758 sicut
3155 3698 3298 3759 fecit
3327 3715 3343 3758 z
3376 3704 3437 3758 et
3467 3698 3556 3757 ita
3578 3716 3704 3759 non

2143 3797 2236 3851 est
2274 3790 2633 3869 negandum
2681 3790 3191 3850 comminationes
3232 3789 3371 3851 fieri
3412 3790 3595 3869 justis
3643 3795 3706 3851 et

2146 3902 2275 3945 esse
2303 3885 2486 3944 utiles
2517 3884 2660 3959 illis,
2692 3885 2799 3945 sed
2828 3883 3028 3944 solum
3061 3883 3276 3944 dicunt
3299 3889 3581 3945 auctores
3608 3903 3707 3942 su-

2143 3994 2258 4055 pra
2289 3975 2484 4051 citati,
2509 3994 2637 4036 non
2665 3995 2776 4055 pro
2799 3976 2922 4036 illis
2949 3976 3370 4055 principaliter
3405 3977 3575 4055 poni,
3599 3995 3707 4037 ne·

2147 4086 2269 4147 que
2317 4067 2440 4128 illis
2485 4070 2792 4149 praecipue
2840 4069 3098 4145 moveri,
3151 4069 3201 4129 si
3245 4075 3316 4129 ut
3360 4071 3514 4148 justi
3563 4076 3709 4131 sunt

2147 4167 2499 4241 operentur.
2552 4163 2840 4241 Idemque
2886 4162 3337 4224 accommodari
3384 4169 3586 4242 potest
3629 4164 3708 4224 ad

2146 4253 2351 4332 legem
2379 4255 2881 4330 circumcisioniS,
2914 4255 2992 4315 de
3018 4273 3142 4335 qua
3176 4255 3382 4316 minor
3419 4261 3511 4317 651
3550 4255 3709 4315 diffi-

2149 4346 2365 4422 0111165,
2396 4348 2543 4426 quia
2568 4346 2678 4407 illa
2704 4347 2846 4408 data
2874 4348 2993 4409 fuit
3022 4350 3340 4410 occasione
3367 4349 3623 4429 peccati,
3650 4354 3713 4409 et

2150 4439 2219 4499 in
2248 4438 2594 4500 remedium
2620 4440 2773 4518 ejus.

2236 4533 2333 4593 10.
2379 4533 2563 4596 Ratio
2597 4551 2705 4596 eur
2742 4536 2913 4610 faeta
2940 4535 3137 4613 faerit
3164 4535 3542 4598 comminatio
3578 4535 3713 4613 pri-

2154 4627 2272 4687 mis
2298 4627 2651 4706 parentibus
2676 4628 3041 4690 violantibus
3054 4633 3418 4707 prceeeptam
3441 4628 3510 4688 in
3526 4644 3714 4707 para-

2154 4720 2304 4781 diso.
2336 4753 2416 4763 —
2442 4718 2601 4778 Addi
2626 4720 2893 4800 denique
2925 4725 3150 4799 potest,
3187 4738 3329 4780 cum
3365 4720 3588 4781 dicitur
3612 4720 3711 4781 lex

2153 4830 2281 4872 non
2307 4811 2544 4890 imponi
2562 4813 2753 4889 justo,
2790 4813 3037 4892 proprie
3066 4812 3328 4891 intelligi
3353 4812 3429 4873 de
3451 4813 3587 4892 lege
3610 4831 3714 4872 ex-

2152 4910 2330 4965 terna
2359 4909 2421 4964 et
2442 4905 2688 4983 scripta,
2722 4924 2860 4983 quae
2889 4906 3142 4985 ponitur
3176 4905 3484 4984 praecipue
3509 4905 3587 4965 ad
3617 4922 3715 4965 re-

2152 4996 2506 5057 novandam
2532 4997 2756 5076 legem,
2789 5017 2928 5077 quae
2956 4998 3207 5059 deberet
3230 5016 3360 5059 esse
3392 4998 3620 5078 scripta
3647 4998 3716 5058 in

2154 5089 2440 5151 cordibus
2480 5097 2542 5150 et
2570 5096 2662 5150 est
2684 5092 2861 5170 quasi
2887 5090 3233 5167 obliterata,
3276 5109 3384 5151 seu
3417 5091 3714 5152 oblivioni

2156 5185 2301 5245 data
2327 5190 2578 5264 propter
2602 5191 2874 5264 peccata.
2916 5185 3079 5246 Talis
3120 5185 3289 5246 enim
3321 5185 3424 5245 lex
3451 5203 3579 5244 non
3610 5185 3718 5245 da-

2156 5283 2278 5352 tur,
2323 5296 2438 5338 nec
2470 5277 2759 5338 scribitur
2790 5279 2857 5338 in
2885 5278 3133 5351 tabulis,
3165 5277 3266 5338 vel
3310 5277 3713 5353 membraniS,

2155 5370 2275 5429 nisi
2301 5376 2552 5449 propter
2578 5376 2941 5449 peccatoreS,
2983 5371 3091 5450 qui
3120 5371 3252 5432 sine
3279 5370 3387 5430 illa
3413 5375 3718 5449 tanquam

2154 5462 2288 5524 sine
2314 5462 2451 5543 1636
2486 5465 2787 5537 viverent,
2831 5469 2903 5524 ut
2946 5469 3111 5526 recte
3154 5462 3361 5526 docuit
3396 5463 3720 5525 Bellarmi-
