3976 6219
505 367 621 427 126

501 472 590 534 ita
618 475 873 552 possunt
903 469 1174 530 breviter
1201 466 1540 540 conciliari,
1563 470 1633 524 ut
1659 465 1804 524 licet
1829 481 1939 543 per
1970 481 2068 522 ac-

502 573 637 626 tum
685 564 918 624 bonum
966 580 1044 622 ex
1077 578 1299 638 genere
1349 558 1511 618 male
1547 557 1781 617 factum
1828 574 1894 616 re
1927 571 2072 614 vera

503 658 735 719 servari
756 655 942 735 possit
965 654 1195 758 aliqui-d
1220 654 1359 731 jure
1401 657 1636 710 naturae
1668 656 2068 729 praeceptum,

502 769 632 811 non
661 755 870 810 tamen
897 753 1097 806 totum
1140 746 1243 823 jus
1276 743 1564 818 baturae,
1588 743 1656 801 in
1703 761 1824 819 quo
1863 740 2068 800 differt

503 843 621 903 hoc
664 842 767 920 jus
818 839 896 900 ab
944 840 1262 899 humano:
1296 854 1444 896 nam
1479 836 1582 913 J'us
1609 833 1953 893 humanum
1981 832 2070 892 ita

503 939 704 1014 potest
731 931 966 993 servari
1006 950 1119 1009 per
1165 935 1375 989 actum
1405 928 1665 1003 malum,
1696 931 1766 986 ut
1792 925 1964 986 nulla
1998 942 2075 984 ex

503 1032 677 1106 parte
698 1025 985 1099 violetur,
1015 1022 1161 1101 quia
1189 1021 1295 1081 illa
1329 1020 1589 1094 malitia,
1619 1037 1756 1098 quae
1784 1017 2073 1096 adjungi-

503 1126 608 1180 tur
629 1119 741 1178 tali
767 1119 953 1192 actui,
973 1134 1131 1194 saepe
1153 1134 1278 1175 non
1303 1121 1393 1176 est
1413 1120 1625 1174 contra
1645 1112 1895 1191 aliquod
1917 1129 2074 1190 prae-

503 1217 752 1290 ceptum
791 1210 1140 1270 humanum
1169 1253 1189 1283 ,
1248 1208 1356 1268 sed
1398 1211 1614 1267 contra
1649 1203 1953 1277 naturale,
2001 1208 2073 1263 ut

503 1309 674 1382 patet
698 1303 775 1364 de
803 1301 1239 1362 communione
1262 1300 1517 1377 indigne
1537 1303 1782 1375 sumpta
1794 1302 2071 1375 tempore

508 1395 786 1478 Paschae:
822 1412 959 1473 quae
984 1393 1153 1453 nullo
1181 1391 1366 1452 modo
1394 1397 1488 1451 est
1510 1398 1721 1450 contra
1741 1389 1844 1467 jus
1886 1388 2074 1448 eccle-

504 1488 863 1548 siasticum:
907 1503 1053 1546 nam
1083 1491 1462 1564 praeceptum
1496 1481 1584 1542 ibi
1612 1479 1910 1542 violatum
1936 1481 2072 1557 (sci-

504 1580 671 1655 licet,
705 1580 891 1657 digne
920 1576 1445 1649 communicandi,
1468 1573 1799 1654 quandoid
1822 1573 1914 1650 fit)
1945 1591 2074 1633 non

505 1680 596 1734 est
623 1673 996 1747 humanum,
1026 1671 1129 1731 sed
1160 1669 1468 1744 naturale,
1491 1674 1555 1729 et
1576 1666 1777 1728 solum
1791 1665 1908 1726 hoc
1926 1672 2076 1726 tunc

504 1765 795 1825 violatur.
837 1766 919 1825 At
956 1781 1102 1824 vero
1151 1763 1255 1840 jus
1309 1763 1513 1840 ipsum
1560 1758 1863 1834 naturale,
1908 1758 2075 1836 quod

506 1858 788 1938 praecipit
855 1858 1055 1918 facere
1109 1863 1316 1916 actum
1373 1855 1704 1915 honestum
1723 1897 1744 1927 ,
1797 1851 2076 1931 praecipit

508 1950 699 2011 etiam
728 1955 797 2008 ut
828 1950 1098 2010 studiose
1127 1948 1258 2023 fiat,
1292 1947 1439 2026 quia
1464 1946 1581 2006 hoc
1625 1945 1830 2023 ipsum
1867 1949 1959 2004 est
2000 1962 2077 2004 ex

507 2042 841 2102 dictamine
882 2042 1139 2101 rationis
1167 2039 1491 2114 naturaliS,
1529 2055 1677 2115 ergo
1709 2043 1800 2096 est
1835 2036 1910 2095 de
1932 2036 2075 2113 jure

507 2133 817 2195 naturali:
881 2139 943 2193 et
994 2133 1133 2194 ideo
1177 2132 1416 2212 quoties
1462 2149 1572 2210 per
1600 2135 1810 2190 actum
1837 2128 2077 2189 malum

506 2243 705 2286 unum
740 2224 1023 2285 naturale
1072 2229 1445 2303 praeceptum
1484 2223 1800 2302 impletur,
1840 2222 1942 2301 jus
1981 2223 2077 2301 ip-

512 2337 653 2380 sum
675 2323 914 2378 naturae
939 2317 1227 2378 violatur.

590 2413 685 2470 14.
733 2410 1022 2471 Dubium.
1045 2440 1129 2453 —
1152 2407 1353 2481 Quaeri
1379 2412 1590 2469 autem
1614 2415 1816 2487 posset
1850 2426 1931 2468 an
1968 2407 2077 2467 illa

506 2503 733 2582 duplex
766 2502 866 2563 vel
913 2503 1085 2580 quasi
1127 2502 1354 2581 duplex
1388 2500 1687 2578 obligatio
1734 2501 1969 2561 oriatur
1999 2520 2075 2561 ex

508 2596 751 2671 eodem,
785 2595 884 2655 vel
924 2594 1178 2654 diversis
1204 2593 1524 2674 praeceptis
1569 2593 1975 2653 naturalibus
2006 2594 2076 2652 In

506 2704 629 2765 quo
681 2686 981 2766 probabili
1022 2685 1414 2745 distinctione
1457 2686 1552 2744 uti
1598 2702 1941 2763 possumuS.
1975 2685 2075 2744 In-

507 2779 755 2839 terdum
798 2779 968 2839 enim
997 2777 1461 2837 circumstantia
1495 2776 1770 2852 malitiae,
1802 2794 1939 2855 quae
1968 2775 2076 2837 ad-

501 2870 816 2948 jungitur,
848 2876 939 2930 est
962 2874 1175 2930 contra
1209 2869 1515 2929 diversam
1540 2868 1855 2942 virtutem,
1904 2874 1974 2928 ut
2007 2869 2074 2928 in

508 2962 789 3041 exemplo
849 2963 1047 3041 posito
1099 2962 1175 3021 de
1215 2961 1560 3021 intentione
1611 2961 1814 3021 inanis
1861 2960 2073 3039 gloriae

506 3054 798 3131 adjuncta
816 3054 988 3133 operi
1016 3054 1475 3129 misericordiae,
1507 3052 1573 3113 id
1591 3059 1704 3128 est,
1734 3053 2074 3132 eleemosy-

504 3162 645 3222 nae3
702 3153 850 3207 tunc
878 3147 1048 3207 enim
1099 3147 1337 3207 malitia
1388 3145 1552 3205 illius
1599 3146 2074 3207 circumstantiae

504 3244 720 3299 contra
742 3238 1156 3299 humilitatem
1185 3245 1296 3313 est,
1327 3256 1456 3299 non
1490 3244 1703 3299 contra
1729 3239 2074 3298 misericor-

505 3331 696 3391 diam.
728 3333 804 3391 Et
831 3338 980 3392 tunc
1006 3338 1098 3393 est
1126 3332 1354 3411 duplex
1381 3331 1676 3409 obligatio
1713 3336 1847 3391 orta
1874 3348 1953 3391 ex
1972 3331 2073 3390 di-

501 3423 695 3483 versis
722 3423 1062 3501 proeceptis,
1095 3424 1357 3502 ideoque
1380 3424 1445 3482 in
1472 3441 1544 3484 eo
1568 3441 1713 3483 casu
1741 3422 2071 3482 dicendum

505 3520 597 3575 est
623 3532 823 3575 unum
850 3521 1223 3594 praeceptum
1260 3514 1540 3575 naturale
1573 3514 1803 3574 servari
1829 3514 2072 3592 integre

502 3625 615 3686 per
663 3613 871 3667 actum
907 3607 1141 3668 bonum
1184 3626 1260 3667 ex
1305 3625 1530 3686 genere
1576 3606 1737 3667 male
1789 3607 2063 3667 factum:

502 3698 909 3759 nihilominus
947 3705 1158 3761 tamen
1181 3718 1308 3760 non
1341 3700 1572 3760 servari
1593 3698 1867 3759 absolute
1908 3699 2072 3761 inte·

506 3808 616 3868 gre
633 3792 738 3869 jus
760 3791 1062 3867 naturale,
1080 3793 1227 3871 quia
1245 3792 1653 3852 committitur
1665 3798 1880 3852 contra
1901 3791 2070 3852 aliud

503 3889 877 3962 praeceptum
921 3884 1223 3945 naturale.
1273 3884 1620 3963 Aliquando
1664 3902 1808 3944 vero
1832 3884 2071 3945 contin-

505 3991 652 4052 gere
669 3981 867 4053 potest
886 3976 1189 4037 malitiam
1209 3994 1347 4057 quae
1371 3977 1446 4036 ad
1444 3977 1469 4054 j
1478 3977 1734 4054 ungitur
1760 3979 1921 4036 actui
1939 3995 2070 4038 esse

503 4074 719 4128 contra
762 4062 1045 4130 eamdem
1099 4069 1415 4144 virtutem,
1480 4069 1656 4146 cujus
1694 4074 2068 4147 praeceptum

501 4177 613 4239 per
642 4160 1049 4221 substantiam
1081 4166 1254 4223 actus
1309 4161 1542 4222 servari
1585 4160 1829 4221 videtur
1848 4206 1868 4237 ,
1913 4167 1985 4220 ut
2014 4161 2067 4221 si

502 4252 642 4330 quis
683 4258 818 4314 oret
838 4258 1093 4330 attente,
1124 4260 1336 4315 tamen
1357 4254 1425 4313 in
1450 4254 1584 4314 loco
1606 4254 1936 4328 indecenti,
1970 4253 2067 4314 vel

502 4363 646 4405 cum
665 4345 786 4406 alia
814 4347 1274 4408 circumstantia
1301 4346 1612 4408 contraria
1637 4347 1865 4408 divinae
1893 4364 2064 4406 reve-

501 4439 719 4499 rentiae
762 4440 829 4498 in
865 4441 1143 4502 oratione
1180 4440 1421 4500 debitae.
1468 4442 1545 4500 Et
1570 4445 1720 4499 tunc
1745 4445 1911 4500 recte
1940 4437 2065 4498 dici

499 4537 698 4608 potest
749 4532 915 4593 idem
955 4538 1331 4611 praeceptum
1379 4532 1610 4592 servari
1649 4532 1851 4611 quoad
1905 4531 2049 4591 sub-

497 4625 788 4684 stantiam
812 4670 832 4701 ,
883 4633 945 4685 et
991 4625 1211 4686 violari
1250 4625 1453 4704 quoad
1500 4624 2043 4699 circumstantiam,

501 4718 649 4796 quia
676 4717 817 4777 licet
865 4722 1034 4777 actus
1072 4717 1318 4777 virtutis
1355 4718 1629 4796 requirat
1654 4717 1962 4796 objectum
1993 4722 2055 4778 et

499 4809 995 4869 circumstantias
1040 4810 1421 4886 intrinsecas,
1471 4828 1598 4871 non
1650 4811 1789 4871 ideo
1840 4815 2065 4889 putan-

497 4902 650 4963 dum
679 4907 769 4963 est
796 4903 928 4962 dari
970 4901 1149 4982 plura
1174 4902 1464 4964 distincta
1502 4909 1805 4982 praecepta
1849 4902 1926 4962 de
1954 4901 2063 4962 ob-

490 4995 654 5072 jecto
686 5000 749 5056 et
775 4994 1035 5073 singulis
1075 4996 1549 5059 circumstantiis
1573 5012 1593 5072 3
1625 4996 1731 5055 sed
1762 5015 1958 5056 unum
2001 5003 2064 5057 et

496 5087 663 5146 idem
691 5094 1064 5168 praeceptum
1111 5088 1391 5149 naturale
1431 5095 1521 5149 est
1573 5089 1736 5167 quod
1781 5089 2061 5168 praecipit

496 5184 704 5239 actum
740 5180 880 5240 talis
908 5181 1265 5255 honestatiS,
1297 5199 1435 5260 quae
1462 5180 1615 5242 tales
1658 5181 2059 5241 circumstan-

495 5271 613 5330 tias
666 5272 951 5348 requirit,
999 5278 1061 5333 et
1114 5274 1253 5333 ideo
1299 5273 1610 5335 observari
1659 5280 1856 5352 potest
1900 5274 2053 5334 illud

495 5362 660 5423 idem
678 5370 1049 5442 praeceptum
1066 5366 1267 5443 quoad
1287 5367 1690 5427 substantiam
1705 5373 1875 5426 actus
1890 5372 2059 5427 exte-

497 5455 700 5530 rioris,
717 5455 861 5516 licet
878 5456 1081 5535 quoad
1092 5457 1243 5518 alias
1257 5458 1748 5520 circumstantias
1765 5459 2052 5522 violetur.

1125 368 1253 418 Lm.
1288 367 1349 418 11.
1389 367 1467 417 DE
1499 365 1658 416 LEGE
1687 362 1969 423 AETERNA,
2004 361 2083 412 ET
2114 360 2449 423 NATURALI,
2480 359 2559 411 Ac
2591 357 2742 409 JURE
2775 355 3071 408 GENTICM.

2731 563 2979 623 CAPUT
3018 562 3118 623 XI.

2154 762 2353 807 UTRUM
2402 762 2515 805 LEX
2554 759 2879 805 NATURALIS
2918 759 3159 804 OBLIGET
3201 759 3281 804 An
3332 759 3535 804 Momm
3573 761 3707 805 OPE-

2230 854 2410 900 mm
2448 855 2531 899 Ex
2570 853 2911 899 DILECTIONE
2954 853 3075 912 DEI,
3120 852 3237 897 vm.
3275 852 3630 898 cflAm'rATE.

2235 1036 2293 1093 1.
2340 1033 2512 1092 Hanc
2551 1031 2953 1110 quaestionem
2978 1032 3203 1088 tractat
3239 1029 3309 1087 D.
3342 1027 3609 1088 Thomas
3643 1028 3708 1088 in

2151 1124 2269 1185 hac
2310 1124 2570 1184 materia
2605 1142 2666 1200 q.
2701 1125 2845 1198 100,
2879 1127 2998 1181 art.
3046 1121 3123 1180 10
3148 1134 3169 1196 ;
3215 1119 3475 1179 involvit
3501 1125 3708 1180 tamen

2153 1217 2352 1277 multa
2394 1216 2769 1296 pertinentia
2812 1215 2889 1274 ad
2934 1211 3086 1274 alias
3114 1212 3430 1285 materias,
3464 1230 3712 1290 praeser-

2151 1309 2267 1368 tim
2294 1309 2369 1369 de
2397 1307 2517 1368 fide
2534 1353 2553 1381 ‚
2602 1307 2899 1367 charitate
2927 1311 2989 1366 et
3017 1303 3218 1382 gratia
3236 1349 3256 1379 ,
3300 1311 3361 1364 et
3383 1304 3609 1383 pendet
3634 1323 3707 1365 ex

2155 1419 2343 1480 supra
2382 1400 2563 1461 dictis
2591 1418 2653 1478 q.
2700 1400 2777 1459 18
2817 1399 2892 1460 de
2924 1395 3235 1476 requisitis
3261 1396 3339 1456 ad
3371 1396 3706 1456 bonitatem

2157 1493 2453 1554 moralem
2500 1491 2762 1551 humani
2814 1497 3006 1552 actuS.
3059 1496 3133 1554 Et
3172 1493 3313 1553 ideo
3357 1494 3559 1567 posset
3596 1489 3709 1548 hoc

2154 1585 2288 1646 1000
2333 1584 2580 1659 omitti3
2638 1588 2848 1643 tamen
2894 1591 3146 1664 propter
3191 1580 3709 1660 complementum

2153 1677 2450 1751 materiae,
2481 1680 2543 1735 et
2563 1675 2711 1753 quia
2736 1675 2973 1753 aliquid
2996 1678 3278 1738 continet
3302 1673 3709 1734 necessarium

2156 1769 2235 1829 ad
2263 1766 2691 1848 explicandam
2726 1767 2852 1827 vim
2875 1768 3028 1845 legis
3057 1766 3381 1839 naturalis,
3421 1765 3557 1825 ideo
3576 1782 3711 1825 eam

2153 1861 2422 1922 breviter
2456 1858 2873 1937 expediemuS‚
2915 1861 3288 1922 remittendo
3331 1857 3534 1936 quoad
3576 1857 3710 1917 fieri

2154 1953 2340 2033 possit
2372 1952 2449 2012 ad
2473 1951 2722 2030 propria
2748 1952 2885 2012 loca
2903 1971 3041 2031 quae
3067 1952 3148 2013 ab
3169 1953 3288 2013 hoc
3315 1951 3548 2010 fuerint
3569 1949 3711 2010 alie-

2156 2063 2261 2104 na.
2306 2045 2661 2122 Supponere
2688 2049 2896 2104 autem
2926 2051 3166 2124 oportet
3193 2061 3369 2123 posse
3404 2060 3517 2102 nos
3544 2042 3709 2121 loqui

2160 2136 2259 2198 vel
2280 2136 2356 2196 de
2380 2135 2708 2195 dilectione
2737 2136 2840 2195 Dei
2866 2137 3159 2210 naturali,
3193 2135 3293 2196 vel
3315 2135 3391 2195 de
3420 2134 3711 2195 charitate

2154 2227 2361 2289 infusa
2378 2243 2398 2304 3
2430 2227 2595 2305 quod
2628 2228 2696 2286 in
2730 2227 2913 2288 titulo
2940 2228 3414 2301 insinuavimuS,
3460 2226 3711 2286 nomine

2154 2321 2470 2382 charitatis
2511 2319 2915 2397 intelligendo
2958 2321 3228 2381 infusam
3252 2366 3273 2394 ,
3322 2320 3573 2379 nomine
3604 2337 3711 2379 an·

2152 2422 2278 2477 tem
2298 2415 2643 2477 dilectionis
2664 2415 3013 2476 naturalem
3032 2433 3307 2476 amorem
3331 2415 3439 2475 Dei
3476 2419 3545 2474 ut
3572 2414 3711 2475 finis

2155 2515 2415 2569 naturae.
2472 2508 2647 2569 Unde
2681 2515 3124 2587 consequenter
3149 2508 3323 2587 loqui
3355 2508 3544 2567 etiam
3576 2526 3712 2586 pos-

2152 2618 2362 2661 sumus
2403 2599 2479 2660 de
2517 2599 2653 2678 lege
2690 2599 2961 2660 naturali
3001 2618 3144 2661 cum
3180 2599 3599 2679 proportione,
3622 2600 3711 2659 ,ἰὰ

2152 2696 2263 2766 est,
2293 2690 2394 2751 vel
2422 2691 2498 2751 de
2525 2709 2678 2769 pure
2697 2691 2985 2763 naturali,
3017 2710 3154 2770 quae
3176 2691 3569 2769 consequitur
3595 2709 3709 2769 pu-

2149 2801 2286 2843 ram
2313 2788 2601 2844 naturam
2618 2830 2636 2856 ‚
2674 2788 2747 2842 ut
2784 2788 3061 2843 utentem
3093 2783 3221 2843 solo
3253 2783 3492 2842 lumine
3525 2782 3711 2841 ratio·

2150 2876 2249 2936 nis
2275 2875 2576 2936 naturalis
2608 2892 2624 2935 :
2657 2875 2756 2937 vel
2782 2876 2859 2937 de
2887 2876 3025 2954 lege
3052 2876 3435 2937 connaturali
3464 2878 3706 2953 gratim,

2149 2973 2210 3028 et
2234 2968 2470 3029 lumine
2512 2966 2681 3043 fidei,
2715 2986 2904 3046 quam
2936 2985 3262 3046 possumus
3303 2986 3414 3047 per
3453 2972 3713 3027 antono-

2149 3061 2412 3122 masiam
2430 3059 2716 3145 ‘divinam
2739 3059 3068 3138 appellare.

2235 3155 2293 3214 2.
2324 3152 2644 3214 Asseritur
2663 3152 2846 3230 Zeqem
2866 3153 3205 3214 naturalem
3233 3152 3500 3230 obliqare
3526 3151 3714 3213 laomi-

2150 3263 2305 3320 mm,
2348 3245 2415 3306 in
2441 3262 2603 3323 pura
2630 3250 2855 3306 natwra
2895 3250 3245 3324 spectatum,
3282 3245 3364 3305 ad
3395 3262 3457 3307 se
3491 3261 3716 3323 suaque

2155 3339 2356 3398 omnia
2386 3337 2759 3412 referendum
2784 3337 2852 3398 in
2878 3338 3092 3398 Deum.
3120 3368 3202 3382 —
3228 3336 3408 3398 Omne
3433 3353 3581 3415 opus
3600 3353 3714 3415 quo

2151 3428 2439 3507 impletur
2488 3428 2736 3507 aliquod
2765 3433 3127 3508 praeceptum
3166 3427 3447 3490 naturale
3489 3433 3715 3490 natura

2150 3540 2263 3583 sua
2307 3521 2536 3583 tendere
2579 3521 2647 3582 in
2683 3521 2877 3582 Deum
2919 3521 3100 3597 finem
3144 3521 3444 3582 ultimum.
3485 3556 3565 3565 —
3600 3522 3715 3581 Lo-

2150 3613 2398 3692 quendo
2420 3630 2570 3690 ergo
2589 3612 2664 3673 de
2687 3613 3009 3674 dilectione
3033 3614 3142 3674 Dei
3158 3613 3431 3675 auctoris
3447 3619 3709 3688 naturae,

2147 3705 2555 3784 supponimus
2583 3704 2785 3782 primo
2814 3703 2948 3765 dari
2987 3723 3166 3785 posse
3196 3705 3263 3764 in
3297 3704 3574 3765 humana
3602 3723 3716 3765 na-

2146 3803 2289 3858 tura
2320 3797 2509 3858 talem
2551 3795 2946 3858 dilectionem
2965 3841 2985 3872 ,
3036 3798 3225 3858 etiam
3250 3815 3434 3876 super
3473 3798 3710 3873 omnia,

2148 3890 2500 3951 distinctam
2527 3889 3014 3950 substantialiter
3049 3909 3087 3950 a
3115 3890 3446 3951 dilectione
3478 3889 3708 3966 infusa,

2148 3982 2390 4044 etiamsi
2418 3982 2643 4060 absque
2670 3981 2907 4041 viribus
2932 3982 3149 4061 gratiae
3186 3982 3454 4061 perfecte
3493 3981 3714 4043 haberi

2148 4093 2273 4136 non
2301 4074 2509 4154 possit.
2545 4073 2719 4146 Quod
2740 4074 2807 4134 in
2827 4079 3090 4135 tractatu
3116 4074 3193 4134 de
3215 4074 3426 4151 Gratia
3448 4074 3714 4151 attinge-

2147 4185 2307 4243 muS,
2337 4166 2705 4226 declarando
2732 4165 2956 4244 quibus
2979 4166 3217 4226 viribus
3243 4165 3384 4226 elici
3405 4164 3617 4243 possit,
3646 4169 3714 4223 et

2146 4259 2331 4320 latius
2366 4260 2434 4319 in
2476 4259 2740 4320 materia
2781 4260 2858 4320 de
2906 4259 3201 4320 charitate
3241 4259 3349 4319 illa
3394 4258 3713 4319 distinctio

2146 4352 2507 4432 explicanda
2550 4358 2663 4413 est.
2707 4352 3011 4427 SecundO,
3056 4353 3460 4432 supponimus
3503 4351 3712 4429 legem

2146 4444 2495 4505 naturalem
2523 4444 2839 4504 continere
2868 4444 3128 4523 speciale
3161 4449 3538 4523 praeceptum
3568 4443 3713 4502 dili-

2146 4535 2335 4614 gendi
2359 4537 2555 4597 Deum
2585 4540 2655 4595 ut
2674 4541 2991 4597 auctorem
3010 4541 3270 4612 naturae,
3296 4536 3463 4615 quod
3487 4535 3553 4595 in
3572 4553 3711 4596 ma-

2147 4630 2302 4689 teria
2349 4629 2537 4689 etiam
2588 4629 2664 4689 de
2719 4628 3017 4689 charitate
3077 4627 3527 4689 ostendendum
3589 4632 3706 4686 est.

2149 4722 2377 4795 Terti0‚
2408 4740 2485 4784 ex
2512 4721 2629 4783 1100
2669 4722 2949 4801 sequitur
2975 4721 3176 4799 legem
3202 4720 3550 4781 naturalem
3583 4719 3711 4780 col·

2143 4814 2359 4875 lective
2402 4821 2716 4894 sumptam
2755 4815 3030 4893 obligare
3075 4814 3395 4874 hominem
3436 4814 3504 4873 in
3547 4831 3713 4890 pura

2142 4912 2368 4968 natura
2393 4913 2734 4987 spectatum
2762 4907 2841 4966 ad
2863 4907 3260 4968 referendum
3287 4924 3375 4981 se,
3406 4912 3469 4966 et
3495 4907 3713 4966 omnia

2142 5018 2254 5059 sua
2277 5000 2342 5059 in
2368 4999 2559 5060 Deum
2580 5004 2650 5059 ut
2671 4999 2965 5059 ultimum
2989 4998 3203 5074 finem,
3231 4998 3378 5077 quia
3395 4998 3528 5059 haec
3550 4998 3711 5059 rela-

2142 5092 2228 5151 tio
2267 5091 2333 5150 in
2371 5091 2698 5157 dilectione
2739 5109 2924 5170 super
2959 5090 3171 5152 omnia
3198 5089 3556 5151 includitur.
3587 5089 3713 5148 Ta-

2141 5200 2286 5242 men
2323 5184 2471 5261 quia
2509 5182 2625 5243 hoc
2671 5189 3047 5263 praeceptum
3093 5183 3538 5244 affirmativum
3585 5187 3707 5256 est,

2139 5293 2266 5335 non
2299 5274 2532 5353 obligat
2575 5294 2684 5354 pro
2726 5293 2990 5353 semper,
3031 5274 3138 5334 sed
3171 5294 3281 5353 pro
3322 5274 3711 5353 temporibus

2138 5368 2520 5445 opportuniS,
2558 5372 2618 5427 et
2663 5367 2804 5428 ideo
2849 5368 2992 5427 talis
3028 5367 3273 5427 dilectio
3315 5387 3442 5427 non
3470 5373 3560 5427 est
3596 5385 3711 5426 ne-

2139 5461 2396 5522 cessaria
2423 5461 2503 5522 ad
2524 5460 2841 5540 implenda
2856 5460 2989 5540 alia
3014 5467 3322 5540 praecepta
3342 5461 3608 5540 integre,
3640 5466 3711 5520 et
