3976 6219
544 348 662 409 306

538 451 969 516 Ecclesiasticis
986 450 1248 529 legibuS,
1278 469 1466 530 quam
1486 453 1553 512 in
1580 452 1864 513 civilibus
1881 463 2100 512 verum

542 554 652 622 est,
699 551 769 605 ut
814 546 1002 606 sensit
1052 544 1239 605 etiam
1286 546 1611 606 Innocent.
1661 545 1729 604 in
1760 563 1894 624 cap.
1948 543 2102 607 Cum

540 640 827 718 inferior,
858 639 933 699 de
962 639 1226 716 Majorit.
1267 646 1330 700 et
1374 638 1682 701 obedient.
1691 682 1711 715 ,
1742 645 1804 700 et
1833 638 2101 700 sumitur

540 754 617 795 ex
645 733 685 794 1.
718 734 777 807 3,
808 730 875 791 ff.
907 731 984 792 00
1011 731 1179 793 Offic.
1211 732 1396 792 Praes.
1422 733 1497 792 Et
1518 732 1676 792 ratio
1696 737 1811 806 est,
1841 732 1987 810 quia
2008 731 2100 791 di-

537 827 744 907 gnitas
781 826 913 886 sine
936 825 1363 903 jurisdictione
1403 844 1530 886 non
1568 825 1829 903 impedit
1861 823 2098 904 5011300-

535 923 773 983 tionem
798 920 1038 981 ratione
1063 918 1292 994 delicti,
1322 919 1480 980 sicut
1506 937 1634 980 non
1660 918 1921 998 impedit
1941 919 2098 980 obli-

536 1014 851 1094 gationem
876 1011 1159 1072 servandi
1189 1010 1379 1072 talem
1406 1011 1647 1089 legem:
1683 1011 1849 1072 unde
1868 1010 1976 1072 illa
2003 1012 2095 1072 di-

535 1108 739 1188 gnitas
780 1110 872 1166 est
912 1105 1086 1185 quasi
1128 1122 1237 1184 per
1265 1105 1548 1165 accidens
1574 1105 1652 1165 ad
1679 1105 1962 1165 ordinem
1995 1106 2098 1183 ju-

532 1200 992 1264 risdictionum.
1044 1199 1173 1259 Hoc
1203 1203 1412 1259 autem
1455 1199 1732 1278 procedit
1758 1198 2096 1260 secundum

533 1293 919 1368 ordinarium
954 1292 1081 1370 jus,
1126 1297 1188 1353 et
1231 1292 1353 1352 nisi
1390 1311 1652 1371 persona
1688 1294 1927 1354 ratione
1954 1293 2095 1355 talis

530 1386 850 1467 dignitatis
876 1386 954 1445 sit
974 1391 1261 1465 exempta
1284 1406 1298 1444 ε
1326 1402 1474 1446 nam
1497 1385 1577 1446 ob
1602 1386 1764 1446 hanc
1786 1386 2094 1447 rationem

529 1498 692 1541 unus
728 1478 1056 1557 Episcopus
1090 1496 1217 1538 non
1246 1478 1548 1557 potestab
1584 1479 1706 1540 alio
1733 1478 1955 1559 aequali
1982 1498 2095 1559 pu-

527 1572 675 1633 niri.
714 1572 795 1632 At
815 1588 962 1631 vero
985 1570 1233 1649 quando
1265 1588 1525 1649 persona
1552 1577 1643 1632 est
1663 1571 2093 1650 jurisdictione

529 1665 830 1745 superior,
861 1669 1012 1724 tunc
1039 1663 1277 1724 clarum
1312 1670 1405 1724 est
1432 1682 1557 1724 non
1586 1682 1761 1744 posse
1799 1662 1984 1742 ligari
2012 1663 2091 1725 ab

527 1758 834 1833 inferiori,
881 1775 1015 1836 cap.
1070 1755 1221 1820 Crem
1268 1757 1554 1834 inferior,
1603 1757 1680 1818 de
1714 1757 1981 1835 Majorit.
2031 1763 2093 1818 et

526 1850 810 1913 obedien.
823 1873 840 1926 ;
869 1855 1019 1911 tunc
1040 1855 1274 1925 autem,
1304 1850 1460 1910 sicut
1488 1850 1766 1930 superior
1791 1868 1918 1910 non
1946 1849 2090 1910 sub-

521 1945 738 2025 jicitur
755 1943 959 2023 quoad
992 1943 1119 2004 vim
1149 1943 1510 2017 coactivam,
1556 1961 1665 2004 seu
1710 1943 1911 2022 quoad
1951 1961 2088 2022 poe-

523 2054 696 2113 nam,
728 2038 819 2097 ita
844 2054 959 2097 nec
987 2036 1189 2115 quoad
1219 2037 1349 2097 vim
1377 2035 1759 2112 directivam,
1799 2054 1906 2098 seu
1932 2036 2087 2096 obli-

522 2132 841 2210 gationem
862 2133 1164 2209 quantum
1188 2134 1280 2189 est
1302 2147 1380 2191 ex
1402 2129 1466 2188 vi
1487 2129 1798 2208 praecepti,
1825 2129 1973 2209 quia
1996 2134 2091 2190 est

520 2225 740 2304 eadem
767 2222 950 2297 ratio,
977 2240 1120 2283 cum
1142 2222 1333 2283 etiam
1362 2222 1480 2282 1100
1512 2221 1778 2301 pendeat
1804 2240 1880 2282 ex
1901 2222 2087 2302 juris-

516 2317 806 2378 dictione.
829 2316 928 2376 An
950 2333 1098 2377 vero
1129 2313 1324 2394 possit
1361 2314 1485 2375 alia
1527 2315 1767 2376 ratione
1795 2313 2083 2394 obligari,

517 2409 792 2471 dicemus
817 2408 980 2469 infra
1011 2407 1400 2487 disputantes
1428 2407 1505 2468 de
1535 2408 1799 2486 ipsomet
1841 2406 2086 2485 legisla-

515 2509 650 2565 tore
663 2525 681 2578 3
722 2520 871 2563 nam
899 2499 1107 2580 quoad
1137 2500 1255 2560 1100
1286 2505 1380 2560 est
1418 2499 1636 2560 eadem
1664 2499 1793 2560 fere
1820 2500 2001 2560 ratio.

566 2656 575 2662 ,
601 2599 702 2657 11.
746 2596 830 2657 In
858 2593 1175 2672 objectione
1201 2610 1320 2654 non
1354 2609 1476 2655 esse
1511 2610 1832 2655 sermonem
1862 2594 1930 2654 de
1962 2593 2088 2670 leae

517 2689 609 2752 vel
634 2692 884 2761 statuto,
910 2687 1011 2747 sed
1030 2686 1098 2747 de
1120 2691 1435 2763 praecepto,
1456 2702 1559 2746 seu
1581 2684 1875 2746 sententia
1896 2685 2087 2746 homi-

516 2783 642 2855 nis,
659 2785 715 2843 et
736 2779 883 2859 quid
894 2778 1053 2839 inter
1071 2778 1196 2839 koec
1214 2776 1663 2839 intorem—Ad
1679 2776 2086 2856 objectionem

516 2874 710 2952 igitur
741 2870 969 2931 factam
989 2887 1064 2931 ex
1086 2887 1218 2948 cap.
1244 2867 1299 2929 A
1329 2870 1520 2944 nobis,
1545 2868 1874 2929 dicendum
1893 2875 1984 2930 est
1997 2869 2085 2930 ibi

514 2984 645 3027 non
667 2982 798 3026 esse
819 2980 1167 3024 sermonem
1195 2962 1270 3022 de
1291 2961 1449 3039 lege,
1471 2962 1572 3023 vel
1598 2967 1850 3038 statute,
1873 2965 1979 3025 sed
2008 2964 2084 3026 de

515 3062 820 3141 praecepto
855 3075 961 3118 seu
1000 3055 1305 3118 sententia
1343 3054 1638 3132 hominis,
1680 3057 1867 3117 etiam
1896 3076 2082 3136 gene-

515 3153 733 3215 raliter
765 3152 914 3225 lata,
945 3155 1014 3210 ut
1041 3167 1118 3210 ex
1145 3154 1320 3209 textu
1351 3154 1592 3211 constat
1638 3156 1700 3212 et
1726 3169 1941 3213 omnes
1985 3152 2082 3212 in-

515 3249 950 3325 terpretantur.
985 3244 1236 3321 Oportet
1263 3247 1474 3302 tamen
1502 3242 1915 3305 differentiam
1942 3245 2081 3306 red-

514 3338 658 3400 dere
699 3339 862 3398 inter
903 3340 1205 3395 statutum
1234 3339 1297 3394 et
1342 3345 1739 3414 praeceptum,
1790 3355 1900 3398 seu
1942 3356 2080 3399 sen-

515 3431 776 3492 tentiam
800 3426 1151 3507 generalem
1169 3425 1464 3486 hominis.
1491 3429 1777 3490 Panorm.
1802 3429 1891 3490 ibi
1918 3431 2081 3492 hanc

514 3522 739 3597 reddit,
770 3520 938 3600 quod
965 3517 1274 3579 sententia
1298 3518 1568 3580 hominis
1594 3527 1905 3599 operatur,
1936 3541 2101 3584 cum.

512 3617 735 3687 fertur,
778 3618 841 3674 et
884 3611 1024 3672 ideo
1074 3616 1320 3671 tantum
1364 3610 1519 3690 ligat
1564 3611 1702 3673 illos
1739 3632 1892 3693 quos
1926 3621 2080 3676 tunc

516 3706 758 3769 invenit
777 3704 1054 3780 habiles;
1080 3702 1180 3765 lex
1208 3721 1356 3765 vero
1390 3722 1633 3784 semper
1656 3706 1811 3785 ligat
1838 3725 1943 3769 eos
1970 3709 2080 3788 qui

516 3802 593 3862 de
621 3815 785 3859 novo
812 3797 1160 3857 efficiuntur
1187 3795 1439 3858 subditi.
1490 3797 1609 3859 Sed
1636 3799 1753 3860 hoc
1780 3818 1908 3862 non
1948 3801 2080 3881 pla-

516 3898 635 3969 cet,
665 3891 889 3971 prim0,
912 3888 1060 3969 quia
1077 3889 1263 3968 juxta
1294 3906 1429 3970 cap.
1459 3890 1516 3953 A
1552 3893 1744 3969 nobis,
1770 3893 1912 3956 talis
1938 3913 2078 3959 sen-

512 3986 707 4048 tentia
737 3982 1042 4062 generalis
1077 4000 1204 4043 non
1232 3984 1702 4064 comprehendit
1727 3993 2074 4065 extraneos,

513 4078 758 4142 etiamsi
777 4083 918 4137 actu
936 4075 1203 4137 existant
1216 4076 1285 4136 in
1303 4078 1637 4154 territori0‚
1667 4080 1916 4159 quando
1938 4100 2079 4162 pro-

512 4173 710 4233 fertur
735 4170 877 4231 talis
897 4169 1230 4246 sententia,
1256 4175 1321 4231 et
1340 4175 1578 4247 tamen,
1600 4171 1652 4232 si
1675 4179 2076 4254 praeceptum,

512 4270 577 4327 et
603 4263 910 4325 sententia
937 4261 1203 4323 ferretur
1220 4280 1331 4342 per
1346 4268 1648 4324 statutum
1670 4267 2080 4346 comprehen-

513 4359 810 4419 derentur
845 4371 863 4417 :
905 4372 1076 4435 ergn,
1115 4355 1305 4417 etiam
1344 4357 1660 4436 supposita
1686 4358 1909 4438 aequali
1936 4361 2080 4423 sub-

505 4449 780 4530 jectione
819 4465 927 4511 seu
952 4448 1300 4528 praesentia,
1332 4454 1426 4510 est
1448 4449 1763 4512 reddenda
1786 4451 2077 4516 differen-

514 4544 629 4618 tia,
659 4548 721 4604 et
747 4560 876 4602 non
901 4545 1147 4602 tantum
1175 4541 1244 4601 in
1268 4541 1484 4604 ordine
1511 4544 1591 4604 ad
1608 4543 1890 4607 futurum
1916 4553 2078 4611 tem-

510 4655 648 4716 puS.
671 4633 974 4711 Secundo,
997 4633 1144 4713 quia
1163 4633 1353 4694 etiam
1369 4635 1439 4696 111
1452 4635 1667 4698 ordine
1688 4638 1768 4698 ad
1790 4638 2076 4703 futurum

510 4727 621 4788 1110
643 4725 994 4788 differentia
1014 4743 1144 4788 non
1165 4725 1470 4789 subsistit:
1497 4746 1647 4792 nam
1692 4731 1746 4792 si
1785 4750 1898 4812 per
1922 4752 2077 4813 prae-

510 4826 759 4900 ceptum
785 4820 865 4881 ab
890 4820 1144 4882 homine
1170 4820 1478 4883 sententia
1502 4822 1699 4885 fertur
1722 4842 1836 4903 pro
1863 4825 2076 4889 futuro

509 4913 757 4989 delict0,
798 4911 988 4973 etiam
1024 4931 1137 4992 pro
1176 4912 1285 4974 illo
1312 4918 1591 4995 tempore
1620 4916 1825 4993 durat,
1855 4931 1919 4979 et
1956 4937 2073 5000 pro

510 5007 619 5067 illo
650 5023 895 5086 semper
924 5005 1224 5086 loquitur,
1254 5012 1318 5068 et
1343 5009 1808 5088 comprehendit
1831 5028 1935 5071 eos
1963 5013 2074 5092 qui

509 5099 587 5160 de
614 5116 777 5160 novo
817 5098 906 5160 ibi
936 5105 1301 5177 nascuntur,
1333 5106 1398 5162 et
1423 5119 1527 5163 eos
1553 5102 1663 5181 qui
1688 5103 2073 5167 domicilium

507 5192 713 5253 denuo
759 5192 906 5254 illuc
951 5193 1358 5271 transferunt,
1411 5196 1654 5258 etiamsi
1693 5214 1822 5259 non
1867 5204 2075 5262 essent

504 5284 741 5348 subditi
764 5290 1038 5366 tempore
1061 5287 1350 5367 praecepti
1375 5288 1671 5369 impositi.
1715 5292 1892 5366 Item,
1924 5292 2074 5372 quia

501 5382 807 5466 statutum
838 5395 967 5438 non
1008 5378 1209 5441 solum
1254 5381 1551 5460 praecipit,
1604 5388 1713 5444 aut
1755 5383 2067 5463 prohibet,

502 5471 612 5535 sed
637 5471 827 5534 etiam
849 5488 961 5553 per
983 5489 1048 5532 se
1067 5473 1251 5551 punit
1272 5474 1406 5553 ipso
1433 5474 1616 5553 fact0,
1646 5481 1709 5558 et
1735 5477 1804 5537 in
1830 5496 1896 5540 se
1921 5496 2071 5543 con-

1543 348 1660 401 LlB.
1695 348 1780 402 m.
1816 348 1898 400 DE
1929 345 2091 400 LEGE
2122 345 2385 400 nuuANA
2417 347 2497 400 ET
2529 348 2735 403 cmm.

2179 452 2338 513 tinet
2382 453 2752 514 sententiam
2795 451 2937 530 jure
2980 448 3196 526 latam,
3235 455 3298 513 et
3333 449 3747 516 nihilominus

2180 548 2309 605 tam
2358 543 2655 622 obligatio
2701 544 2993 625 praecepti
3045 561 3236 623 quam
3281 544 3376 604 vis
3418 546 3748 607 sententiae

2175 636 2331 715 juris
2359 637 2711 698 extenditur
2736 637 2816 699 ad
2846 656 2949 698 eos
2976 637 3110 717 qui,
3138 642 3276 716 post
3306 637 3584 716 primam
3616 640 3744 700 edi-

2177 729 2415 790 tionem
2443 731 2584 792 talis
2610 730 2847 806 statuti,
2870 730 3129 792 veniunt
3152 730 3228 790 ad
3252 730 3670 807 territorium,
3691 738 3750 793 et

2177 821 2267 883 ibi
2315 823 2716 904 delinquunt:
2772 841 2920 903 ergo
2969 822 3170 902 quoad
3222 821 3342 884 hoc
3391 824 3621 885 eadem
3661 831 3748 886 est

2176 917 2334 976 ratio
2362 916 2438 978 de
2463 916 2736 995 generali
2758 922 3061 997 praecepto
3087 916 3359 978 hominis
3384 917 3747 979 includente

2175 1010 2546 1070 sententiam
2600 1009 2955 1089 generalem
3013 1009 3437 1089 imponentem
3486 1028 3743 1090 poenam

2176 1100 2309 1180 ipso
2347 1102 2509 1164 facto
2545 1109 2759 1164 contra
2801 1102 3040 1164 futuros
3083 1108 3567 1182 transgressores
3609 1103 3743 1163 talis

2175 1197 2504 1276 praecepti:
2551 1215 2700 1258 nam
2739 1197 2790 1257 si
2819 1197 2886 1257 in
2918 1201 3147 1256 statuto
3180 1196 3614 1257 consideratur
3640 1196 3743 1256 illa

2174 1290 2629 1368 permanentia,
2678 1307 2802 1369 qua
2850 1307 3090 1369 semper
3132 1288 3436 1369 loquitur,
3486 1296 3553 1351 et
3609 1290 3740 1351 ideo

2175 1399 2418 1461 semper
2466 1383 2725 1462 obligat,
2783 1402 2893 1444 cur
2948 1401 3078 1444 non
3131 1382 3628 1444 considerabitur
3677 1384 3739 1442 in

2171 1481 2477 1555 praecepto
2501 1477 2795 1552 hominis,
2825 1476 2990 1556 quod
3018 1477 3210 1537 etiam
3234 1476 3421 1537 durat
3441 1478 3622 1555 juxta
3649 1478 3738 1539 in-

2172 1569 2514 1631 tentionem
2562 1570 2616 1648 ej
2624 1589 2720 1646 us,
2779 1568 3078 1649 quamdiu
3123 1569 3253 1648 ipse
3299 1569 3478 1644 vivit,
3524 1589 3634 1630 seu
3672 1572 3734 1631 in

2173 1661 2375 1722 officio
2403 1666 2793 1741 perseverat?
2830 1663 3001 1735 Quod
3030 1662 3083 1721 si
3128 1662 3197 1721 in
3228 1667 3460 1722 statuto
3488 1661 3731 1724 fictione

2167 1753 2325 1832 juris
2367 1754 2739 1833 intelligitur
2789 1755 2939 1816 ferri
2984 1754 3314 1830 sententia,
3366 1756 3616 1834 quando
3661 1756 3730 1815 fit

2170 1846 2466 1908 delictum
2489 1847 2558 1908 in
2573 1848 2904 1923 territori0‚
2921 1848 3166 1909 etiamsi
3185 1846 3295 1907 fiat
3315 1846 3396 1907 ab
3414 1854 3722 1924 extraneo,

2169 1942 2276 2020 qui
2316 1941 2520 2008 denuo
2560 1942 2707 2003 illuc
2747 1942 2941 2015 venit,
2992 1960 3103 2001 cur
3148 1959 3277 2001 non
3316 1941 3527 2002 eadem
3556 1943 3715 2002 fictio

2160 2034 2322 2112 juris
2347 2034 2602 2096 habebit
2622 2035 2829 2096 locum
2858 2036 2924 2095 in
2952 2035 3256 2096 sententia
3295 2033 3413 2095 lata
3448 2052 3563 2114 per
3604 2034 3705 2095 ho-

2166 2127 2354 2187 minis
2383 2134 2786 2208 praeceptum.

2249 2222 2347 2281 ⁴2.
2393 2221 2772 2302 Differentia
2802 2221 2955 2300 leqie
2979 2227 3035 2284 et
3053 2220 3200 2299 puri
3214 2222 3495 2299 proecepti
3526 2219 3717 2281 homi-

2164 2312 2523 2375 nia—Dico
2558 2331 2706 2392 ergo
2735 2313 3144 2376 differentiam
3180 2313 3550 2374 sumendam
3595 2329 3720 2372 esse

2167 2422 2245 2465 ex
2262 2410 2487 2466 natura
2503 2405 2662 2484 legis
2684 2412 2745 2467 et
2766 2407 2910 2486 puri
2932 2406 3216 2486 praecepti
3238 2404 3554 2466 hominis:
3581 2422 3724 2465 nam

2165 2497 2268 2558 lex
2313 2504 2614 2580 perpetua
2662 2506 2774 2575 est,
2808 2505 2878 2559 ut
2903 2500 3013 2561 lib.
3058 2502 3118 2575 1,
3149 2497 3312 2575 dixi3
3345 2504 3723 2576 praeceptum

2166 2595 2377 2650 autem
2426 2590 2697 2652 hominis
2736 2592 3189 2666 transitorium,
3217 2596 3280 2650 et
3314 2589 3497 2651 facile
3530 2596 3723 2652 muta·

2169 2683 2325 2744 bile:
2358 2684 2524 2746 unde
2555 2684 2629 2747 fit
2650 2692 2720 2746 ut
2745 2686 2868 2762 lex,
2895 2687 3138 2748 ratione
3156 2703 3282 2746 suae
3300 2685 3722 2765 perpetuitatis

2165 2778 2581 2856 aequiparetur
2626 2780 3081 2856 consuetudini,
3122 2785 3186 2840 et
3231 2785 3556 2841 censeatur
3582 2784 3722 2839 nota

2166 2871 2478 2948 omnibus,
2509 2879 2572 2934 et
2603 2872 2892 2935 omnibus
2919 2874 3258 2953 proposita,
3293 2878 3365 2932 ut
3391 2871 3475 2933 ab
3495 2872 3580 2932 eis
3603 2890 3719 2933 ser-

2165 2967 2380 3024 vetur:
2415 2971 2792 3045 praeceptum
2830 2984 2977 3027 vero
3022 2983 3152 3026 non
3189 2966 3277 3025 ita
3314 2967 3721 3043 aequiparatur

2164 3057 2613 3134 consuetudini,
2644 3076 2756 3120 nec
2791 3058 2965 3120 illam
2992 3056 3352 3133 introducit,
3381 3074 3527 3119 cum
3548 3055 3724 3118 facile

2162 3154 2461 3227 mutetur,
2512 3169 2626 3212 nec
2674 3153 2763 3212 ita
2807 3152 2965 3215 solet
3011 3169 3141 3212 esse
3188 3157 3432 3226 notum,
3476 3155 3542 3211 et
3588 3149 3722 3210 ideo

2160 3249 2533 3322 praeceptum
2567 3244 2644 3307 de
2671 3263 2737 3307 se
2765 3244 2966 3306 solum
2999 3244 3234 3323 obligat
3255 3244 3490 3305 incolas
3516 3248 3719 3313 terrae,

2160 3340 2225 3395 01
2268 3336 2543 3398 subditos
2587 3357 2732 3401 vere
2785 3356 2857 3400 ac
2906 3344 3344 3418 permanenter
3354 3353 3376 3416 3
3422 3342 3722 3398 statutum

2159 3444 2307 3489 vero
2351 3448 2567 3492 omnes
2598 3433 2687 3493 ibi
2727 3433 3053 3512 degentes:
3099 3433 3266 3494 unde
3300 3431 3724 3494 consideratur

2160 3519 2284 3581 alia
2311 3521 2678 3600 differentia,
2710 3526 2876 3605 quod
2897 3526 3000 3587 lex
3025 3526 3225 3588 fertur
3249 3542 3362 3604 pro
3388 3524 3723 3599 territorio,

2160 3622 2254 3673 est
2275 3613 2446 3674 enim
2467 3615 2584 3694 jus
2622 3618 2917 3694 civitatis,
2951 3625 3024 3679 ut
3043 3616 3456 3680 consideravit
3480 3615 3715 3677 Bai-tol.

2159 3722 2271 3768 seu
2313 3706 2408 3769 lea>
2448 3709 2777 3787 tem-iconi,
2817 3717 2889 3772 ut
2913 3712 3072 3774 dixit
3110 3711 3449 3773 Panormit.
3483 3715 3550 3771 et
3579 3710 3723 3771 ideo

2160 3797 2395 3878 obligat
2419 3818 2734 3880 personas,
2764 3806 2942 3883 quasi
2969 3804 3281 3866 mediante
3314 3802 3470 3878 loco,
3510 3803 3575 3864 id
3604 3809 3721 3878 est,

2159 3896 2466 3971 quatenus
2496 3896 2564 3954 in
2590 3895 2702 3956 tali
2737 3896 2872 3958 loco
2900 3902 3248 3972 versantur,
3278 3896 3359 3958 ad
3396 3912 3546 3956 eum
3580 3912 3725 3955 mo·

2159 3986 2339 4063 dum,
2360 4005 2483 4067 quo
2504 3988 2902 4053 interdictum
2921 3992 3112 4054 locale
3132 3992 3287 4071 ligat
3307 4006 3637 4070 personam
3659 3990 3727 4049 in

2159 4079 2272 4140 tali
2299 4080 2458 4156 loco,
2501 4088 2752 4164 propter
2790 4085 2957 4165 quod
3011 4085 3202 4147 etiam
3249 4089 3551 4145 statutum
3594 4102 3728 4145 1100

2162 4171 2397 4252 obligat
2423 4180 2599 4237 extra
2620 4178 3001 4239 territorium
3022 4195 3313 4258 personas
3339 4176 3494 4239 alias
3511 4176 3729 4241 subdi-

2161 4271 2281 4343 tas,
2332 4273 2403 4330 ut
2433 4286 2621 4348 supra
2647 4270 3043 4334 dicebamus:
3077 4277 3143 4333 at
3167 4288 3315 4333 vero
3342 4276 3728 4350 praeceptum

2160 4358 2432 4421 hominis
2466 4380 2576 4423 seu
2611 4365 2932 4443 personale
2963 4364 3190 4427 directe
3224 4363 3390 4426 00011
3419 4364 3488 4425 111
3515 4381 3727 4443 perso-

2161 4471 2274 4515 nas
2299 4456 2713 4535 subditorum,
2761 4459 3023 4539 ideoque
3059 4459 3449 4540 praerequirit
3485 4458 3731 4537 subjec-

2158 4547 2418 4623 tionem,
2466 4555 2528 4610 et
2571 4551 2712 4613 ideo
2738 4570 2867 4614 non
2891 4552 3126 4632 obligat
3150 4558 3495 4626 extraneos,
3534 4554 3731 4612 etiam

2157 4639 2228 4701 in
2270 4641 2403 4704 loco
2443 4643 2800 4721 existentes,
2830 4651 2898 4706 et
2921 4664 2957 4707 e
2988 4647 3300 4708 contrario
3339 4650 3542 4725 potest
3565 4643 3730 4704 obli·

2158 4752 2307 4814 gare
2334 4737 2613 4805 subditos
2635 4740 2826 4802 etiam
2852 4746 3027 4802 extra
3047 4739 3450 4814 territorium,
3481 4745 3556 4797 ut
3591 4738 3728 4798 dixi

2156 4829 2225 4889 in
2254 4832 2292 4891 5
2325 4836 2477 4892 tom.
2510 4833 2588 4892 de
2611 4832 2886 4908 Censnr„
2921 4833 3216 4913 disputat.
3243 4835 3306 4908 5,
3335 4837 3482 4893 sect.
3508 4833 3571 4906 5,
3616 4830 3728 4891 ubi

2155 4921 2232 4983 de
2259 4921 2375 4983 hac
2403 4923 2768 4987 difficultate
2796 4926 2976 5005 plura
2997 4925 3168 4985 dixi:
3220 4924 3324 4986 1110
3368 4932 3580 4985 0010111
3627 4940 3728 4983 so·

2154 5014 2289 5075 lum
2329 5016 2599 5079 indicare
2631 5018 2802 5079 volui
2834 5019 3145 5098 quomodo
3171 5017 3280 5079 illa
3310 5017 3599 5094 doctrina
3642 5015 3725 5075 ad

2154 5125 2372 5173 omnes
2392 5108 2561 5189 leges
2582 5111 2915 5189 humanas,
2943 5112 3135 5174 etiam
3154 5110 3388 5187 civiles,
3419 5108 3731 5191 applicari

2153 5207 2374 5282 potest.

2237 5296 2332 5358 13.
2390 5295 2665 5360 Tertium
2703 5295 3364 5361 dubium-Admana
3399 5294 3734 5374 facientem

2153 5392 2568 5452 testamentum
2596 5396 2704 5453 aut
2733 5396 3103 5453 contractum
3144 5391 3340 5453 dobere
3379 5405 3625 5451 servare
3666 5389 3739 5449 in

2151 5480 2286 5545 illis
2326 5484 2593 5559 sormam
2635 5484 3060 5563 praescriptam
3101 5483 3217 5546 loci
3243 5483 3312 5545 in
3341 5498 3455 5562 quo
3489 5485 3602 5546 ost.
3652 5511 3744 5527 -·
