3976 6219
494 361 608 420 {72

489 575 680 619 mune
708 573 782 617 ex
811 574 926 616 usu
968 561 1029 616 et
1064 573 1237 616 more
1277 555 1582 634 gentium,
1613 560 1915 634 quatenus
1951 555 2048 615 in-

493 655 585 711 ter
610 667 674 709 se
698 648 931 709 habent
954 648 1309 709 societatem
1332 648 1604 727 aliquam
1632 668 1739 709 seu
1770 667 2050 710 commu-

490 742 886 803 nicationem.
918 741 1072 801 Nam
1105 741 1277 820 prius
1298 743 1401 819 jus
1434 746 1632 819 potest
1661 742 1982 802 immutari
2013 760 2052 803 a

488 834 849 914 particulari
870 852 1064 911 regno
1095 834 1194 895 vel
1238 834 1578 913 republica,
1627 841 1929 916 quantum
1971 835 2050 895 ad

489 930 711 1008 ipsam,
753 929 898 1007 quia
925 934 996 989 ut
1023 934 1114 990 est
1145 929 1211 989 in
1239 929 1368 1004 illa,
1403 947 1471 989 re
1495 948 1642 990 vera
1674 935 1767 990 est
1805 935 2051 990 tantum

490 1020 668 1081 civile
697 1020 1031 1081 intrinsece
1073 1023 1165 1098 (ut
1192 1022 1278 1082 sic
1309 1022 1556 1098 dicam),
1589 1021 1910 1101 solumque
1947 1041 2053 1102 ap-

491 1113 760 1193 pellatur
786 1114 888 1192 jus
926 1114 1207 1192 gentium
1227 1160 1242 1188 ,
1292 1114 1392 1175 vel
1436 1134 1546 1194 per
1585 1115 1949 1176 relationem
1991 1122 2053 1177 et

490 1207 1036 1267 concomitantiam
1055 1207 1341 1282 aliorum,
1367 1206 1466 1268 vel
1489 1208 1634 1287 quia
1657 1214 1749 1269 est
1769 1216 1896 1267 tam
1916 1227 2053 1287 pro-

490 1301 793 1381 pinquum
814 1301 941 1379 juri
969 1301 1263 1376 naturali,
1282 1308 1352 1361 ut
1373 1301 1517 1362 inde
1536 1302 1770 1362 oriatur
1790 1302 1897 1361 illa
1913 1302 2055 1362 uni-

490 1393 807 1454 versalitas
847 1393 989 1454 talis
1028 1395 1184 1473 juris
1213 1395 1282 1454 in
1329 1394 1640 1470 omnibuS,
1670 1394 1770 1456 vel
1814 1395 1943 1462 fere
1986 1394 2055 1455 in

493 1486 780 1546 omnibus
807 1486 1114 1564 gentibus.
1141 1488 1256 1547 Per
1285 1505 1348 1547 se
1378 1492 1586 1547 autem
1606 1491 1676 1547 ut
1699 1489 1875 1547 estin
1899 1506 2055 1548 una-

494 1596 741 1657 quaque
767 1579 1083 1657 republica
1118 1580 1346 1659 pendet
1387 1597 1463 1639 ex
1506 1580 1805 1658 peculiari
1856 1581 2055 1640 deter-

494 1671 835 1732 minatione
864 1678 926 1732 et
954 1678 1269 1752 potestate,
1295 1673 1391 1734 vel
1425 1673 1866 1734 consuetudine
1888 1673 2054 1733 illius

493 1764 846 1844 reipublicae
875 1766 942 1825 in
974 1766 1197 1845 seipsa,
1224 1772 1285 1827 et
1313 1766 1445 1826 sine
1465 1772 1742 1845 respectu
1770 1765 1850 1826 ad
1877 1766 2051 1842 alias3

495 1875 643 1936 ergo
665 1864 865 1938 potest
887 1859 966 1918 ab
989 1878 1117 1919 una
1144 1860 1210 1919 in
1234 1877 1297 1919 se
1321 1860 1575 1934 mutari,
1596 1859 1741 1919 licet
1767 1859 1903 1919 aliae
1926 1877 2054 1922 non

493 1951 899 2026 consentiant,
938 1952 1086 2030 quia
1127 1971 1253 2013 non
1299 1958 1589 2013 tenentur
1627 1952 1885 2031 singulae
1917 1952 2056 2011 aliis

494 2043 863 2104 conformari
870 2066 889 2118 3
921 2049 1013 2115 ut,
1041 2045 1212 2105 verbi
1235 2045 1457 2123 gratia,
1479 2050 1684 2124 posset
1706 2044 1913 2123 aliqua
1931 2063 2058 2105 res-

493 2134 744 2213 publica
772 2141 1037 2197 statuere
1056 2145 1127 2196 ut
1155 2138 1319 2197 intra
1340 2137 1510 2197 illam
1542 2156 1668 2198 non
1692 2138 2056 2217 permittan-

491 2232 595 2287 tur
622 2229 994 2303 meretriceS,
1009 2228 1197 2289 velut
1219 2230 1652 2290 rescindantur
1679 2249 1892 2291 omnes
1907 2249 2055 2290 ven·

492 2319 755 2380 ditiones
772 2321 1015 2399 injustae
1045 2322 1109 2381 in
1138 2340 1523 2401 quocumque
1547 2342 1797 2383 excessu
1813 2370 1833 2399 ,
1857 2322 1955 2384 vel
1984 2331 2056 2385 ut

491 2431 620 2474 non
669 2419 926 2475 utantur
962 2415 1254 2493 pecunia;
1304 2417 1391 2476 sic
1427 2416 1502 2476 de
1551 2415 1689 2476 aliis
1724 2418 2055 2495 generibus

491 2509 1071 2568 commutationum.
1106 2509 1399 2582 Quamvis
1426 2510 1593 2570 enim
1624 2509 1701 2570 de
1734 2510 1893 2571 facto
1922 2511 2056 2572 haec

492 2618 620 2661 non
648 2600 825 2674 fiant,
870 2601 1019 2679 quia
1046 2618 1173 2661 non
1199 2603 1405 2664 subest
1423 2621 1625 2678 causa,
1658 2621 1772 2663 nec
1795 2604 2054 2664 omnino

493 2694 919 2768 commoditas,
950 2699 1161 2754 tamen
1192 2712 1270 2754 ex
1304 2695 1367 2756 vi
1394 2695 1730 2756 honestatis
1768 2704 1828 2756 et
1855 2702 2056 2776 potes-

493 2786 637 2846 tatis
667 2786 731 2846 id
763 2804 890 2846 non
918 2793 1243 2865 repugnat.

575 2880 636 2939 8.
682 2880 754 2939 In
777 2878 901 2938 alio
929 2884 1137 2939 autem
1163 2880 1303 2958 jure
1325 2881 1606 2958 gentium
1628 2883 1813 2961 longe
1836 2884 2057 2945 diffici-

494 2970 612 3030 lior
657 2976 749 3030 est
786 2972 1072 3045 mutatiO,
1126 2973 1274 3051 quia
1299 2974 1542 3051 respicit
1582 2977 1684 3053 jus
1727 2995 2055 3038 commune

495 3063 779 3125 omnium
828 3064 1176 3139 nationum,
1235 3071 1298 3126 et
1352 3068 1636 3129 omnium
1694 3071 2056 3132 auctoritate

494 3157 738 3218 videtur
756 3157 1201 3232 introductum,
1224 3164 1287 3218 et
1305 3159 1441 3220 ideo
1466 3179 1592 3221 non
1615 3162 1747 3222 sine
1775 3164 2056 3223 omnium

494 3250 891 3310 consensione
933 3251 1067 3311 tolli
1118 3258 1335 3330 potest.
1393 3254 1805 3315 Nihilominus
1848 3262 2059 3318 tamen

493 3362 622 3404 non
648 3349 955 3423 repugnat
984 3345 1244 3405 mutatio
1274 3364 1350 3405 ex
1373 3347 1437 3406 vi
1463 3349 1757 3422 materias,
1780 3349 1831 3407 si
1858 3350 2058 3409 natio-

494 3454 604 3496 nes
631 3453 847 3496 omnes
875 3437 1315 3512 consentirent,
1338 3438 1434 3497 vel
1464 3440 1515 3497 si
1544 3441 1843 3518 paulatim
1866 3442 2058 3502 intro-

495 3529 824 3588 duceretur
846 3529 1225 3588 consuetudo
1254 3531 1561 3591 contraria
1583 3537 1645 3593 et
1667 3534 2026 3611 praevaleret
2032 3550 2055 3613 3

497 3620 603 3681 sed
632 3619 748 3680 hoc
770 3620 913 3681 licet
937 3621 1196 3698 cogitari
1219 3623 1408 3700 possit
1431 3629 1501 3682 ut
1528 3642 1653 3683 non
1675 3644 2052 3704 repugnanS,

497 3711 814 3773 moraliter
836 3731 963 3776 non
989 3714 1236 3774 videtur
1257 3715 1565 3793 possibile.
1598 3716 1733 3777 Alio
1754 3736 1898 3778 vero
1927 3737 2059 3779 mo-

498 3805 578 3865 do
601 3810 800 3884 potest
827 3805 1037 3885 aliqua
1073 3808 1484 3869 communitas
1511 3811 1689 3888 praeci
1696 3830 1839 3890 pere
1870 3818 1938 3872 ut
1966 3813 2062 3873 in-

496 3903 592 3958 ter
613 3903 818 3977 partes
840 3905 902 3959 et
925 3899 1204 3960 membra
1229 3919 1340 3961 sua
1361 3902 1484 3962 tale
1504 3904 1608 3980 jus
1629 3904 1910 3982 gentium
1930 3924 2061 3966 non

500 3997 802 4067 servetur,
831 3998 893 4052 et
918 3993 1021 4053 hic
1068 3993 1289 4055 modus
1312 4001 1402 4055 est
1432 3997 1736 4075 possibilis
1765 4004 1826 4059 et
1858 4018 2064 4061 mora-

496 4084 594 4146 lis.
622 4084 721 4145 Sic
740 4086 908 4146 enim
935 4087 1034 4163 jus
1062 4089 1347 4166 gentium
1374 4089 1449 4149 de
1478 4091 1770 4152 servitute
1793 4093 2065 4172 captivo-

496 4195 644 4238 rum
664 4177 732 4237 in
760 4178 921 4240 bello
939 4180 1105 4258 justo
1134 4182 1201 4240 in
1229 4182 1495 4242 Ecclesia
1522 4190 1832 4245 mutatum
1861 4193 1976 4261 est,
2004 4191 2066 4247 et

499 4272 662 4331 inter
683 4271 1056 4333 Christianos
1093 4274 1169 4333 id»
1196 4293 1324 4334 non
1352 4283 1652 4352 servatur,
1693 4296 1770 4339 ex
1806 4280 2066 4358 antiqua

497 4363 781 4424 Ecclesiae
809 4367 1269 4444 consuetudine,
1301 4386 1436 4446 quae
1463 4375 1554 4429 est
1583 4369 1775 4430 veluti
1805 4372 2064 4450 speciale

492 4459 597 4538 jus
642 4458 843 4536 gentis
891 4458 1111 4535 fidelis,
1151 4466 1213 4522 et
1258 4463 1512 4522 omnino
1569 4465 1963 4541 servandum,
1997 4472 2066 4526 ut

499 4551 740 4613 notavit
776 4552 1003 4615 Bartol.
1054 4554 1122 4614 in
1173 4554 1216 4616 1.
1264 4558 1509 4632 Hostis,
1553 4557 1619 4620 ff.
1654 4557 1730 4619 de
1772 4559 2060 4639 CaptiviS,

1122 362 1239 414 LIB.
1274 361 1336 415 11.
1374 361 1454 414 DE
1484 360 1646 414 LEGE
1678 359 1960 421 AETERNA,
1996 360 2077 414 ΕΤ
2108 359 2441 425 NATURALI,
2475 360 2555 413 Ac
2585 361 2737 414 JURE
2768 359 3059 414 GENTIUM.

2124 482 2191 526 n.
2235 467 2336 541 16,
2388 470 2451 526 et
2482 464 2696 526 Covar.
2730 462 2938 542 plures
2969 462 3121 523 alios
3158 459 3431 522 referens
3485 461 3553 521 in
3603 478 3699 521 re-

2129 559 2276 637 gula
2296 560 2637 631 Peccatum,
2662 559 2701 617 2
2729 575 2820 636 p.,
2853 556 3016 635 §M‚
3044 573 3112 614 n.
3145 555 3206 614 6.

2209 655 2268 713 9.
2317 651 2693 730 Differ-entia
2721 650 2880 709 inter
2894 649 3010 727 jus
3031 648 3304 726 acutium
3326 651 3382 708 et
3409 645 3700 708 civile.—

2131 747 2326 824 Atque
2353 743 2500 803 hinc
2534 740 2901 820 intelligitur
2927 740 3048 801 alia
3076 739 3426 800 diberentia
3461 757 3600 817 quae
3629 738 3700 799 in

2131 840 2249 900 hoc
2276 836 2569 899 constitui
2587 834 2741 895 solet
2767 834 2931 894 inter
2947 833 3050 911 jus
3078 832 3362 911 gentium
3389 838 3452 893 et
3470 831 3693 893 civile:

2132 950 2281 994 nam
2309 930 2487 991 civile
2514 928 2740 989 dicitur
2759 945 2888 988 esse
2915 925 3212 986 mutabile
3242 925 3308 984 in
3335 930 3535 985 totum
3549 941 3569 1001 3
3597 924 3616 1003 j
3625 943 3699 985 us

2133 1031 2342 1087 autem
2368 1024 2650 1103 gentium
2678 1040 2805 1082 non
2834 1022 2903 1081 in
2922 1026 3075 1094 toto,
3115 1020 3221 1079 sed
3254 1020 3320 1078 in
3365 1024 3561 1098 parte.
3593 1020 3700 1079 Est

2132 1120 2300 1181 enim
2330 1115 2731 1194 intelligenda
2756 1113 3104 1175 differentia
3140 1129 3270 1172 non
3298 1110 3374 1172 de
3417 1111 3698 1173 absoluta

2132 1216 2433 1293 potestate
2481 1211 2571 1286 (ut
2614 1209 2700 1269 sic
2746 1209 2972 1284 dicam)
3015 1224 3123 1267 seu
3169 1204 3584 1267 mutabilitate
3621 1223 3698 1267 ex

2133 1311 2306 1386 parte
2333 1304 2592 1364 istorum
2611 1301 2854 1379 jurium
2886 1322 2900 1359 :
2935 1317 3084 1359 nam
3116 1299 3234 1359 hoc
3254 1297 3438 1358 modo
3459 1304 3697 1359 utrum-

2135 1416 2254 1477 que
2283 1398 2358 1457 de
2413 1414 2477 1456 se
2523 1394 2823 1455 mutabile
2851 1398 2966 1467 est,
3015 1397 3086 1452 ut
3130 1391 3396 1471 probant
3431 1391 3698 1452 rationes

2134 1511 2318 1571 supra
2363 1489 2558 1550 factae.
2602 1487 2720 1548 Sed
2768 1485 3174 1564 intelligenda
3214 1490 3307 1545 est
3355 1485 3695 1545 secundum

2134 1584 2433 1646 moralem
2459 1586 2822 1662 potestatem
2854 1585 2916 1641 et
2956 1596 3140 1639 usum
3159 1577 3506 1639 hominum.
3543 1580 3698 1639 Item

2134 1677 2538 1754 intelligenda
2565 1681 2659 1735 est
2703 1692 2829 1733 non
2876 1673 2953 1733 de
2984 1676 3116 1732 tota
3160 1670 3515 1732 collectione
3543 1690 3696 1751 prae-

2135 1777 2452 1850 ceptorum
2480 1768 2801 1845 utriusque
2827 1766 2983 1844 juris
3027 1782 3044 1825 t
3089 1763 3175 1824 sic
3204 1763 3373 1824 enim
3402 1772 3697 1825 neutrum

2136 1870 2226 1925 est
2245 1861 2563 1923 moraliter
2577 1858 2873 1920 mutabile
2897 1858 2965 1917 in
2987 1862 3213 1931 totum,
3232 1857 3382 1936 quia
3403 1864 3697 1918 neutrum

2136 1961 2336 2035 potest
2363 1973 2401 2014 a
2425 1959 2555 2013 toto
2582 1952 2858 2011 humano
2885 1968 3111 2029 genere
3133 1949 3409 2009 absolute
3441 1948 3596 2025 tolli,
3627 1956 3698 2009 ut

2136 2068 2213 2110 ex
2236 2048 2413 2108 dictis
2440 2045 2587 2107 satis
2608 2063 2719 2124 per
2754 2062 2819 2104 se
2847 2049 2936 2104 est
2962 2042 3220 2104 clarum.
3269 2043 3465 2120 Igitur
3495 2041 3697 2120 quoad

2136 2140 2383 2220 singula
2400 2144 2702 2220 praecepta
2728 2138 3016 2198 dicuntur
3043 2134 3249 2195 civilia
3260 2135 3404 2213 jura
3425 2132 3602 2194 facile
3628 2135 3697 2195 in

2135 2240 2336 2294 totum
2377 2231 2664 2309 abrogari
2691 2236 2753 2291 et
2783 2229 3014 2289 mutari
3029 2244 3051 2304 3
3096 2245 3169 2288 ea
3212 2245 3358 2287 vero
3390 2245 3526 2306 quae
3553 2234 3697 2287 sunt

2131 2328 2288 2405 juris
2318 2326 2597 2403 gentium
2624 2328 2872 2384 tantum
2909 2322 2976 2381 in
3016 2340 3144 2381 una
3180 2319 3279 2381 vel
3309 2320 3503 2380 altera
3524 2327 3696 2399 parte

2135 2420 2424 2480 diminui,

2217 2515 2313 2574 10.
2361 2512 2636 2591 Denique
2654 2510 2801 2571 satis
2825 2528 2902 2570 ex
2929 2508 3108 2569 dictis
3129 2506 3507 2567 declaratum
3527 2506 3696 2567 vide-

2133 2613 2237 2667 tur
2265 2605 2413 2684 quid
2442 2611 2505 2665 et
2530 2604 2713 2683 quale
2739 2603 2817 2663 sit
2847 2602 2950 2680 jus
2981 2600 3262 2679 gentium
3287 2599 3353 2659 in
3386 2600 3606 2678 reipsa
3634 2604 3696 2659 et

2136 2698 2473 2760 secundum
2514 2697 2828 2776 propriam
2868 2694 3175 2755 rationem
3224 2697 3586 2771 spectatum,
3634 2698 3696 2753 et

2136 2790 2348 2852 solutae
2383 2795 2525 2850 sunt
2551 2788 2939 2849 difficultates
2975 2804 3191 2847 omnes
3216 2790 3396 2845 tactae
3425 2785 3493 2845 in
3520 2803 3696 2864 supe-

2136 2882 2402 2943 rioribus
2438 2882 2762 2960 capitibuS,
2790 2898 2925 2959 quae
2956 2881 3227 2939 maxime
3260 2878 3377 2937 niti
3403 2877 3694 2938 videban-

2137 2981 2239 3036 tur
2267 2975 2366 3036 vel
2394 2976 2459 3034 in
2492 2976 2690 3036 modis
2726 2973 3019 3052 loquendi
3043 2973 3282 3051 jurium
3314 2978 3375 3031 et
3412 2972 3693 3047 gravium

2137 3073 2483 3144 auctorum,
2532 3068 2633 3129 vel
2674 3067 2740 3127 in
2786 3065 3082 3145 exemplis
3116 3065 3304 3126 variis
3329 3083 3468 3143 quae
3509 3064 3696 3124 addu-

2138 3168 2305 3222 cunt.
2338 3161 2456 3222 Sed
2485 3162 2552 3221 in
2597 3161 2716 3220 hoc
2766 3178 2894 3220 non
2944 3166 3034 3219 est
3079 3158 3362 3218 facienda
3415 3158 3528 3232 viS,
3559 3164 3695 3217 tum

2139 3254 2286 3333 quia
2306 3260 2640 3334 potuerunt
2664 3254 2757 3313 uti
2783 3269 2934 3313 voce
2975 3251 3082 3311 illa
3108 3251 3175 3310 in
3213 3252 3452 3310 diverso
3474 3268 3658 3310 sensu
3672 3267 3693 3327 ζ,

2136 3353 2274 3408 tum
2295 3348 2485 3408 etiam
2510 3347 2656 3426 quia
2669 3347 2772 3424 jus
2793 3344 3073 3423 gentium
3093 3350 3185 3405 est
3199 3343 3390 3404 veluti
3420 3343 3696 3404 medium

2135 3440 2299 3500 inter
2332 3441 2437 3517 jus
2473 3438 2754 3499 naturale
2784 3443 2845 3498 et
2879 3437 3059 3497 civile
3087 3458 3102 3495 ε
3135 3453 3282 3496 nam
3320 3453 3460 3495 cum
3495 3436 3696 3515 primo

2138 3535 2426 3595 convenit
2454 3534 2662 3613 aliquo
2704 3532 2888 3591 modo
2919 3531 2985 3589 in
3042 3529 3509 3604 communitate,
3543 3535 3605 3590 et
3630 3530 3698 3589 in

2139 3627 2623 3701 universalitate,
2661 3632 2724 3686 et
2749 3624 2916 3684 facili
2958 3623 3236 3684 illatione
3262 3641 3340 3682 ex
3378 3623 3699 3702 principiis

2140 3722 2548 3797 naturalibUS,
2577 3721 2718 3782 licet
2746 3738 2873 3779 non
2908 3737 3020 3798 per
3064 3718 3410 3779 absolutam
3440 3720 3700 3780 necessi-

2140 3821 2331 3875 tatem
2355 3814 2452 3876 vel
2470 3814 2868 3887 evidentiam,
2892 3813 2958 3873 in
2977 3830 3099 3890 quo
3128 3812 3414 3872 convenit
3429 3831 3570 3873 cum
3587 3813 3701 3873 hu·

2141 3926 2329 3968 mano
2345 3908 2485 3986 jure
2511 3929 2525 3966 z
2559 3913 2621 3968 et
2647 3907 2788 3968 ideo
2817 3905 3131 3966 interdum
3158 3903 3366 3983 aliqua
3396 3911 3701 3986 praecepta

2143 4002 2452 4063 naturalia
2483 4019 2620 4080 quae
2650 4020 2761 4081 per
2788 3999 2988 4061 solum
3015 3999 3359 4059 discursum
3395 3998 3702 4060 habentur

2144 4101 2204 4156 et
2236 4095 2341 4156 illo
2372 4095 2654 4172 indigent
2687 4094 2844 4173 juris
2880 4093 3161 4171 gentium
3189 4092 3497 4172 appellata
3522 4101 3698 4170 sunt;

2145 4196 2207 4251 et
2236 4190 2519 4251 similiter
2548 4189 2860 4249 interdum
2901 4192 3219 4267 ponuntur
3241 4187 3524 4267 exempla
3544 4189 3704 4266 juris

2145 4283 2423 4362 gentium
2448 4281 2754 4361 permixta
2785 4299 2926 4341 cum
2949 4279 3352 4341 naturalibus
3379 4281 3611 4342 Tamen
3636 4281 3703 4341 in

2144 4377 2350 4454 rigore
2381 4375 2707 4454 loquendo,
2743 4378 2805 4435 et
2834 4374 3080 4454 proprie
3116 4374 3554 4453 distinguendo
3604 4394 3704 4435 ra-

2144 4470 2341 4529 tiones
2359 4468 2626 4548 jurium,
2652 4467 2934 4548 exempla
2961 4467 3149 4529 etiam
3167 4473 3229 4529 et
3254 4473 3561 4548 praecepta
3583 4467 3706 4529 dis-

2142 4563 2488 4642 tinguenda
2513 4566 2676 4623 sunt.

1778 4777 1929 4826 mls
1969 4781 2121 4827 LIBRI
2160 4780 2422 4829 sEcmun.
