3976 6219
786 367 921 419 CAP.
955 369 1082 422 XVI.
1119 368 1262 432 QUAE
1292 367 1730 421 PROHULGATIO
1764 365 2144 419 NECESSARIA
2176 367 2273 420 SIT
2305 369 2387 420 AD
2418 368 2802 435 PERFECTM,
2838 373 2970 425 ETC.

3362 373 3474 432 241

288 483 323 526 a
360 464 663 543 theologis
707 484 851 526 cum
895 468 1353 547 probabilitate,
1408 468 1575 547 quia,
1627 467 1693 526 in
1747 467 1845 527 his
1925 466 2071 545 quia
2097 466 2184 525 ita
2208 471 2512 527 statutum
2539 475 2632 529 est
2658 469 2801 548 jure
2832 471 3143 550 imperiali
3171 473 3354 535 modo
3382 477 3488 537 de-

288 577 417 637 quae
438 559 666 618 rationi
700 562 1008 621 contraria
1037 581 1164 622 non
1181 568 1325 622 sunt
1346 579 1460 622 nec
1486 559 1728 638 legibus
1749 577 1845 619 re·
1925 557 2179 633 clarato,
2208 559 2462 637 juvante
2506 562 2692 622 etiam
2738 565 3177 627 consuetudine
3213 568 3482 647 Imperii.

287 658 588 731 pugnant,
628 653 895 714 multum
929 654 1116 716 habet
1164 654 1453 735 ponderis
1496 652 1844 715 communis

288 761 615 805 consensus
642 747 979 827 peritorum
1016 748 1083 808 in
1113 766 1224 809 sua
1251 747 1503 827 propria
1541 747 1838 820 scientia3

285 838 619 916 praesertim
646 856 788 898 cum
814 839 894 899 sit
920 839 1077 900 illud
1103 841 1481 920 principium
1514 857 1622 918 per
1649 856 1712 898 se
1737 855 1842 897 ve-

286 929 539 990 risimile
566 936 630 991 et
655 938 1133 994 consentaneum
1186 932 1435 993 rationi.
1472 933 1563 991 Ex
1591 930 1696 991 illo
1724 947 1843 990 au-

286 1027 409 1083 tem
463 1027 695 1102 optime
735 1025 999 1087 infertur
1043 1027 1111 1086 in
1155 1025 1443 1106 primenti
1468 1025 1696 1085 dictam
1732 1041 1841 1084 au-

285 1114 618 1176 thenticam
664 1118 1113 1179 extendendam
1149 1136 1277 1179 esse
1317 1119 1398 1179 ad
1434 1136 1650 1179 omnes
1676 1117 1843 1195 leges

287 1208 516 1283 civiles,
555 1211 700 1288 quia
744 1211 963 1271 titulus
989 1210 1249 1271 rubricae
1285 1210 1590 1289 generalis
1627 1215 1741 1282 est,
1784 1213 1846 1268 et

288 1318 533 1362 sensum
565 1304 767 1365 reddit
800 1304 1144 1385 perfectum
1166 1349 1188 1380 ,
1231 1311 1293 1365 et
1320 1304 1409 1365 ita
1434 1303 1621 1364 habet
1645 1307 1849 1363 textus

289 1396 736 1473 auctoritatem,
768 1404 831 1459 et
863 1416 974 1477 per
1022 1398 1190 1459 illam
1230 1397 1592 1478 explicanda
1628 1402 1717 1458 est
1742 1413 1851 1455 au-

289 1485 584 1562 thentica,
612 1490 770 1550 sicut
804 1507 1004 1551 unum
1025 1490 1125 1569 jus
1147 1509 1257 1570 per
1292 1489 1460 1551 aliud
1487 1489 1849 1568 explicatur.

293 1579 411 1639 Ubi
442 1581 630 1642 etiam
663 1582 1026 1644 considerari
1058 1590 1255 1663 potest
1281 1584 1448 1663 quod
1474 1587 1651 1644 notat
1676 1580 1848 1643 Bald.

296 1673 531 1733 Perusi.
576 1680 751 1737 tract.
790 1676 866 1736 de
902 1676 1154 1751 Statut.,
1182 1676 1356 1738 verb.
1379 1676 1673 1750 Rubi-ica,
1705 1691 1856 1753 quo-

296 1764 411 1826 ties
442 1765 683 1827 rubrica
711 1768 927 1848 incipit
953 1786 1065 1848 per
1090 1775 1156 1831 ut
1188 1776 1295 1831 aut
1323 1787 1433 1848 per
1453 1787 1546 1844 ne,
1577 1766 1859 1828 decidere

297 1863 359 1918 et
386 1857 613 1921 habere
632 1861 763 1921 vim
780 1867 1006 1939 textuS‚
1032 1863 1181 1942 quia
1209 1862 1581 1941 completum
1609 1876 1859 1921 sensum

292 1951 535 2011 reddit:
569 1969 718 2030 ergo
746 1959 897 2015 tunc
920 1973 1030 2034 per
1063 1955 1238 2015 illam
1249 1961 1414 2017 recte
1441 1959 1643 2017 textus
1672 1952 1863 2031 expli-

294 2048 486 2103 catur.
515 2044 932 2107 Confirmatur
952 2048 1071 2108 hoc
1092 2047 1316 2127 primo,
1343 2048 1492 2127 quia
1507 2048 1575 2107 in
1604 2046 1864 2108 materia

293 2134 479 2215 hujus
496 2137 868 2200 authenticae
890 2139 1021 2200 haec
1048 2141 1322 2201 extensio
1347 2138 1705 2201 favorabilis
1728 2144 1856 2200 est:

299 2229 350 2290 si
364 2236 574 2292 autem
588 2231 1057 2293 considerentur
1078 2231 1327 2310 allegati
1350 2236 1649 2305 auctores,
1673 2231 1861 2291 etiam

298 2323 366 2382 in
386 2324 659 2384 materiis
687 2324 911 2385 odiosis
933 2330 996 2385 et
1023 2326 1219 2385 stricti
1254 2324 1413 2403 juris
1445 2323 1617 2384 illam
1640 2323 1864 2383 doctri-

302 2435 450 2477 nam
499 2417 865 2478 admittunt:
906 2435 1054 2496 ergo
1104 2436 1143 2477 a
1177 2417 1416 2478 fortiori
1457 2415 1654 2477 estad
1703 2414 1863 2475 hanc

303 2508 722 2570 authenticam
746 2509 1130 2589 applicanda.
1176 2509 1591 2571 Confirmatur
1616 2507 1734 2569 hoc
1765 2526 1865 2569 se-

302 2602 525 2676 cundo,
556 2604 701 2681 quia
726 2602 847 2662 alia
868 2621 1008 2682 pars
1033 2602 1198 2663 illius
1224 2602 1704 2677 constitutionis,
1727 2619 1864 2681 quoe

302 2698 393 2753 est
417 2693 493 2754 de
520 2693 814 2755 dilatione
837 2696 1103 2757 duorum
1132 2696 1466 2771 mensium,
1497 2694 1868 2773 generaliter

300 2784 688 2864 intelligitur,
723 2796 793 2848 ut
816 2788 983 2848 infra
1008 2788 1377 2861 videbimuS,
1404 2793 1465 2847 et
1492 2776 1757 2847 sumitur
1791 2805 1868 2846 ex

302 2880 571 2957 quadam
613 2879 794 2939 Bulla
822 2880 916 2939 Pii
947 2880 1027 2939 IV
1060 2898 1243 2956 super
1272 2878 1682 2939 declaratione
1710 2883 1871 2938 tem-

296 2972 467 3051 poris
515 2970 965 3032 observationis
1005 2969 1260 3029 Concilii
1308 2968 1680 3042 Tridentini,
1731 2967 1822 3026 ibi
1852 2983 1869 3026 :

295 3064 351 3127 J
353 3082 465 3126 ure
507 3061 806 3125 communi
852 3060 1149 3122 sancitum
1192 3065 1301 3136 est,
1331 3064 1401 3122 nt
1429 3059 1879 3143 constitutiones

298 3175 473 3219 novoe
510 3173 630 3218 non
661 3154 787 3215 nisi
830 3157 969 3232 post
1013 3158 1237 3216 oertwm
1277 3158 1506 3232 tempus
1538 3152 1836 3216 obtineant
1851 3174 1879 3224 ,-

302 3247 533 3309 nullibi
590 3246 759 3307 enim
804 3245 1122 3308 invenitur
1158 3246 1465 3307 sancitum
1504 3245 1628 3305 nisi
1658 3245 1726 3305 in
1771 3245 1879 3305 illa

305 3339 707 3414 authentica3
758 3356 905 3418 ergo
940 3339 1248 3400 intellexit
1282 3338 1564 3400 Pontifex
1593 3337 1763 3398 illam
1790 3338 1875 3399 le-

307 3449 452 3511 gem
475 3431 755 3493 absolute
778 3431 854 3492 de
877 3435 1053 3493 novis
1075 3430 1612 3492 constitutionibus
1614 3475 1635 3506 ‚
1666 3436 1728 3492 et
1749 3448 1877 3492 non

307 3531 555 3587 tantum
585 3525 661 3585 de
689 3525 1142 3604 pertinentibus
1169 3526 1250 3586 ad
1278 3530 1664 3587 testamenta.
1696 3525 1878 3585 Deni-

310 3637 433 3699 que
460 3636 587 3679 non
614 3623 966 3697 repugnant
992 3618 1180 3679 verba
1207 3618 1599 3694 authenticae,
1634 3618 1780 3698 quia
1802 3618 1876 3679 li-

310 3716 409 3773 cet
435 3711 749 3772 occasione
777 3716 1290 3772 testamentorum
1331 3712 1411 3772 sit
1433 3711 1615 3787 facta,
1649 3715 1711 3772 et
1735 3710 1877 3772 ideo

310 3803 390 3866 de
408 3805 530 3865 illis
557 3803 799 3883 legibus
821 3805 888 3882 in
919 3804 1277 3884 particulari
1291 3805 1601 3885 loquatur,
1631 3821 1756 3864 non
1784 3810 1875 3865 est

308 3896 376 3959 id
404 3904 617 3959 tamen
638 3898 1043 3960 materialiter
1061 3899 1560 3976 intelligendum,
1580 3896 1684 3957 sed
1699 3896 1876 3975 quasi

310 3994 525 4070 gratia'
550 3991 840 4071 exempli,
886 3998 948 4054 et
985 3991 1331 4053 formaliter
1370 3990 1745 4051 sumendum
1782 3994 1875 4050 est

310 4085 476 4165 quod
492 4084 594 4145 lex
608 4083 897 4159 intendit,
912 4085 1093 4164 juxta
1114 4082 1427 4144 rubricam
1451 4099 1640 4163 quam
1662 4087 1876 4142 auctor

312 4177 448 4255 ejus
475 4179 813 4258 proposuit.
845 4178 958 4239 Cui
993 4176 1325 4238 intentioni
1353 4179 1693 4236 consonant
1722 4192 1876 4234 non-

309 4270 487 4331 nulla
508 4270 698 4332 verba
722 4288 859 4351 quoe
876 4270 1183 4331 rationem
1201 4267 1553 4348 generalem
1570 4266 1872 4344 indicant,

311 4369 388 4424 ut
414 4368 559 4424 sunt
575 4363 713 4425 illa:
735 4363 861 4428 Gur
891 4364 1050 4426 enim
1072 4362 1443 4442 culpabimus
1468 4379 1562 4424 eos
1587 4361 1694 4441 qui
1709 4362 1877 4439 posi-

311 4463 415 4521 tas
457 4463 697 4521 nostras
737 4458 1149 4538 iynoraverint
1176 4457 1643 4531 constitutiones,
1683 4456 1742 4518 si
1786 4457 1879 4532 (ut

309 4551 478 4612 infra
517 4551 690 4630 dicit)
740 4570 800 4613 eo
840 4551 997 4632 quod
1035 4570 1153 4613 non
1200 4553 1451 4629 fuerunt
1501 4549 1881 4628 sufficienter

311 4646 665 4725 propositae,
696 4646 1060 4724 iynorantur
1073 4645 1104 4706 ,ἲ

404 4740 499 4798 13.
543 4739 965 4803 Necessarium
1010 4755 1131 4800 esse
1160 4736 1699 4816 promnlqationem
1728 4737 1881 4816 leqis

314 4832 389 4892 in
428 4830 781 4893 civitatibus
807 4832 1256 4910 provinciarum
1302 4835 1410 4893 aut
1436 4848 1780 4910 reynorum,
1811 4835 1880 4892 nt

311 4925 385 4987 in
412 4922 679 5003 sinqnlis
705 4926 1039 5003 provinciis
1071 4924 1289 5003 obliqet
1330 4943 1402 4988 ex
1437 4925 1500 4986 vi
1532 4924 1707 5002 juris
1732 4942 1881 4986 oom-

312 5017 520 5080 munis
546 5016 1330 5096 imperialia—Dicendum
1363 5036 1511 5097 ergo
1529 5024 1621 5079 est
1646 5017 1709 5078 vi
1719 5017 1883 5095 juris

315 5110 667 5171 communis
697 5109 1036 5191 imperialis
1064 5129 1184 5171 seu
1226 5111 1420 5172 civilis
1472 5111 1880 5172 necessariam

318 5222 449 5266 esse
480 5203 1041 5284 promulgationem
1070 5202 1225 5282 legis
1252 5204 1321 5265 in
1369 5203 1718 5265 civitatibus
1739 5221 1880 5284 pro-

314 5297 665 5359 vinciarum
697 5303 806 5358 aut
834 5315 1193 5377 regnorum,
1241 5304 1310 5358 ut
1342 5297 1410 5357 in
1453 5296 1715 5375 singulis
1746 5315 1884 5377 pro-

317 5389 546 5452 vinciis
585 5391 687 5452 lex
713 5389 964 5470 obliget,
1010 5408 1122 5451 nec
1164 5391 1439 5452 sufficere
1468 5409 1657 5450 unam
1682 5389 1884 5469 publi-

320 5484 634 5547 cationem
659 5483 886 5545 iactam
908 5484 976 5546 in
1003 5483 1174 5546 curia
1205 5484 1498 5567 principis
1526 5503 1539 5547 :
1573 5484 1731 5547 ratio
1764 5488 1879 5562 est,

724 5604 793 5652 V.

1928 650 2344 729 Congruentia
2377 670 2526 712 vero
2574 672 2801 733 magna
2831 656 3103 734 profecto
3130 665 3243 736 est,
3274 667 3346 721 ut
3370 650 3489 723 hoc

1929 744 2114 804 modo
2150 745 2372 805 melius
2394 746 2583 824 possit
2610 746 2710 807 lex
2737 748 3119 811 innotescere
3141 795 3162 826 ‚
3204 758 3268 812 et
3292 752 3492 814 viten-

1932 842 2038 896 tur
2085 855 2315 916 magna
2353 837 2746 900 incommoda
2786 847 2850 903 et
2893 842 3126 921 jurgia,
3178 862 3287 905 seu
3327 845 3489 923 lites,

1930 947 2069 1009 quae
2109 948 2186 990 ex
2226 931 2612 1009 ignoratione
2662 931 2815 1011 legis
2856 942 3106 1014 propter
3131 936 3493 999 distantissi-

1929 1039 2099 1081 mam
2128 1022 2688 1101 promulgationem
2716 1034 2972 1104 possunt
2996 1029 3344 1107 provenire.
3370 1031 3494 1091 Ad-

1932 1114 2090 1174 dunt
2125 1114 2366 1191 juristae
2417 1120 2920 1195 congruentiam,
2972 1122 3118 1199 quia
3161 1122 3495 1202 imperator

1931 1225 2061 1266 non
2083 1206 2269 1267 habet
2289 1208 2844 1275 curiamstabilem
2870 1218 2933 1272 et
2958 1212 3364 1290 immobilem,
3388 1216 3495 1276 sed

1931 1296 2107 1358 facile
2134 1297 2257 1358 huc
2284 1304 2470 1378 atque
2499 1299 2646 1361 illuc
2674 1302 3062 1380 transfertur,
3107 1313 3168 1368 et
3203 1306 3342 1368 ideo
3369 1326 3497 1368 non

1934 1396 2135 1470 potest
2157 1408 2287 1452 esse
2321 1397 2450 1452 tam
2473 1399 2639 1454 certa
2669 1400 2731 1456 et
2757 1396 3119 1459 universalis
3146 1400 3500 1479 promulga-

1935 1485 2025 1543 tio
2070 1502 2206 1564 quae
2245 1483 2313 1544 in
2362 1484 2469 1545 illa
2506 1485 2609 1561 fit,
2653 1490 2995 1566 praesertim
3022 1509 3134 1572 pro
3161 1492 3370 1570 regnis
3400 1491 3500 1554 vel

1937 1576 2268 1656 provinciis
2284 1576 2675 1655 distantibus,
2698 1598 2837 1659 quae
2859 1589 2923 1643 et
2944 1601 3237 1663 magnam
3255 1603 3502 1646 morum

1940 1667 2506 1731 dissimilitudinem
2566 1678 2629 1732 et
2681 1692 2937 1751 parvam
3000 1678 3505 1738 communicatio-

1937 1778 2086 1822 nem
2130 1761 2294 1821 inter
2329 1781 2393 1823 se
2420 1763 2648 1827 habere
2681 1765 2897 1828 solent.
2933 1768 3134 1848 Atque
3161 1769 3309 1830 hinc
3334 1770 3405 1830 fit
3431 1776 3506 1831 ut

1942 1871 2156 1914 omnes
2178 1853 2497 1916 inferiores
2515 1856 2822 1938 principes
2845 1860 3214 1939 temporales
3239 1863 3347 1941 qui
3363 1863 3506 1923 sub-

1941 1946 2179 2007 duntur
2223 1947 2485 2027 imperio
2526 1955 2588 2010 et
2635 1949 2874 2029 legibus
2913 1954 3070 2033 ejus,
3118 1954 3301 2034 juxta
3348 1956 3509 2017 hanc

1940 2038 2225 2118 regulam
2254 2046 2318 2101 et
2360 2041 2776 2103 conditionem
2804 2045 2972 2124 leges
3004 2065 3144 2108 suas
3182 2049 3509 2128 particula-

1940 2150 2041 2193 res
2073 2132 2235 2193 ferre
2263 2138 2615 2212 teneantur,
2639 2138 2784 2215 quia
2812 2156 2940 2199 non
2961 2147 3218 2218 possunt
3243 2147 3510 2204 statuere

1948 2231 2162 2285 contra
2187 2226 2291 2305 jus
2343 2245 2695 2304 commune,
2743 2231 2862 2290 nisi
2906 2234 3370 2311 consuetudine,
3411 2235 3514 2297 vel

1945 2318 2196 2397 speciali
2211 2320 2351 2398 jure
2379 2320 2497 2380 sibi
2522 2339 2810 2383 concesso
2850 2328 3120 2406 exempti
3146 2328 3293 2405 sint,
3315 2335 3386 2389 ut
3413 2348 3516 2390 su-

1945 2429 2060 2491 pra
2101 2417 2192 2472 est
2246 2412 2644 2475 declaratum.
2696 2416 2871 2478 Unde
2917 2419 3105 2480 etiam
3133 2419 3205 2481 fit
3235 2425 3328 2497 ut,
3371 2421 3519 2483 licet

1943 2504 2062 2565 hoc
2087 2506 2189 2585 ¹ius
2234 2506 2311 2566 sit
2365 2507 2774 2585 ordinarium,
2822 2510 2889 2570 in
2931 2511 3241 2592 aliquibus
3278 2515 3517 2575 casibus

1947 2599 2139 2677 possit
2158 2598 2433 2661 sufficere
2459 2600 2619 2661 alius
2641 2603 2862 2663 modus
2886 2606 3424 2685 promulgationis,
3447 2613 3518 2668 ut

1949 2690 2198 2768 quando
2239 2692 2338 2753 lex
2368 2692 2567 2754 fertur
2592 2712 2705 2774 per
2729 2694 3122 2761 'sententiam
3156 2699 3254 2761 vel
3294 2701 3518 2781 episto-

1947 2781 2074 2845 lam
2102 2785 2416 2866 principiS,
2450 2789 2599 2866 quia
2624 2792 2960 2854 secundum
2985 2794 3155 2855 aliud
3191 2812 3520 2858 commune

1947 2877 2050 2954 jus
2097 2876 2324 2936 sufficit
2359 2878 2533 2940 illam
2562 2881 2864 2957 publicari
2914 2905 3192 2949 successu
3223 2890 3520 2971 temporis

1951 2984 2065 3044 per
2086 2966 2399 3043 publicam
2429 2970 2715 3030 notitiam
2743 2979 2807 3032 et
2848 2976 3105 3053 famam,
3150 2978 3249 3039 vel
3288 2999 3396 3060 per
3425 2983 3520 3042 in-

1954 3060 2445 3136 corporationem
2475 3060 2545 3120 in
2577 3062 2888 3126 communi
2916 3069 3203 3130 omnibus
3229 3074 3375 3132 satis
3401 3092 3523 3134 no-

1954 3155 2110 3228 tam,
2133 3152 2234 3212 vel
2256 3152 2378 3212 alio
2407 3153 2599 3213 simili
2622 3156 2808 3215 modo
2832 3160 2939 3236 qui
2966 3161 3066 3222 vel
3086 3166 3523 3227 consuetudine

1956 3245 2058 3307 vel
2084 3245 2293 3324 aliqua
2319 3245 2456 3325 lege
2483 3247 2858 3327 approbatus
2886 3253 2986 3313 sit.

2042 3341 2140 3400 14.
2188 3339 2466 3401 Tandem
2515 3358 2592 3402 ex
2636 3339 2816 3403 dictis
2856 3343 3169 3424 colligitur
3215 3345 3346 3408 haec
3396 3366 3525 3410 non

1954 3430 2185 3493 habere
2212 3430 2417 3494 locum
2451 3432 2519 3493 in
2547 3432 2648 3495 his
2672 3435 2922 3515 regibus
2950 3438 3058 3517 qui
3098 3457 3226 3500 non
3251 3440 3525 3503 subdun-

1954 3530 2059 3586 tur
2088 3525 2331 3604 legibus
2358 3526 2630 3606 imperii,
2656 3531 2804 3608 quia
2830 3548 2934 3592 eos
2961 3551 3088 3594 non
3109 3534 3345 3614 obligat
3361 3537 3524 3598 dicta

1957 3618 2256 3680 Authent.
2289 3641 2307 3694 3
2340 3627 2580 3699 oportet
2627 3639 2776 3701 ergo
2825 3627 3142 3689 consulere
3200 3631 3523 3711 proprium

1952 3728 2200 3790 regem,
2247 3710 2345 3771 vel
2390 3715 2921 3778 consuetudinem.
2972 3722 3131 3782 Nam
3169 3723 3310 3802 jure
3354 3725 3524 3786 civili

1952 3806 2127 3882 regio
2145 3805 2333 3864 statui
2355 3811 2572 3883 potest,
2596 3812 2666 3866 ut
2682 3826 2811 3868 una
2834 3814 3247 3892 promulgatio
3265 3817 3332 3876 in
3352 3818 3524 3878 curia

1953 3895 2056 3956 vel
2077 3898 2145 3956 in
2173 3895 2307 3957 loco
2334 3914 2374 3957 a
2406 3915 2553 3976 rege
2580 3899 2901 3979 designato
2934 3905 3222 3982 sufficiat,
3253 3910 3399 3987 quia
3430 3912 3522 3987 (ut

1957 3987 2110 4066 dixi)
2137 3989 2255 4049 hoc
2282 4007 2411 4051 non
2438 3996 2532 4050 est
2554 3998 2767 4054 contra
2786 3994 2893 4073 jus
2919 3998 3225 4074 naturale,
3266 4019 3392 4072 non
3425 4021 3521 4063 so-

1956 4080 2090 4141 lum
2135 4082 2339 4161 quoad
2380 4082 2653 4145 diversas
2698 4087 3045 4164 provincias
3091 4091 3276 4151 unius
3315 4095 3517 4173 regni,

1958 4174 2067 4235 sed
2109 4173 2297 4234 etiam
2339 4176 2544 4254 quoad
2580 4181 2753 4239 varia
2789 4198 2982 4259 regna
3009 4201 3147 4262 quae
3170 4188 3417 4246 tantum
3445 4205 3521 4247 ex

1960 4268 2262 4329 accidenti
2291 4269 2406 4329 sub
2447 4287 2573 4332 uno
2613 4289 2761 4351 rege
2798 4273 3089 4336 militant.
3138 4276 3523 4355 Regulariter

1961 4366 2174 4421 autem
2206 4361 2513 4421 credimus
2549 4381 2675 4423 non
2704 4365 2791 4424 ita
2812 4363 2971 4442 fieri,
2998 4367 3145 4446 quia
3166 4387 3308 4429 raro
3331 4371 3520 4432 etiam

1962 4454 2062 4514 vel
2083 4472 2404 4533 nunquam
2426 4474 2552 4516 una
2569 4458 2907 4540 eademque
2929 4458 3030 4521 lex
3057 4461 3240 4522 simul
3257 4480 3370 4542 pro
3389 4482 3521 4525 om-

1955 4547 2143 4609 nibus
2179 4549 2389 4626 regnis
2415 4548 2770 4632 hujusmodi
2804 4552 3023 4614 fertur.
3056 4553 3347 4628 Quamvis
3373 4555 3522 4618 ferri

1956 4659 2086 4702 non
2104 4648 2425 4722 repugnet,
2451 4642 2504 4703 si
2521 4642 2752 4725 alioqui
2778 4662 2892 4725 pro
2919 4647 3207 4709 omnibus
3227 4649 3396 4728 justa
3414 4649 3515 4712 sit.

1956 4735 2114 4796 Nam
2160 4735 2236 4794 de
2285 4741 2583 4814 potestate
2624 4737 2903 4800 absoluta
2944 4741 3109 4821 regis
3144 4749 3347 4822 posset
3396 4761 3521 4806 una

1957 4826 2371 4907 publicatione
2399 4847 2511 4910 pro
2531 4831 2819 4892 omnibus
2844 4836 3054 4913 regnis
3072 4837 3139 4896 in
3157 4837 3326 4897 curia
3347 4836 3521 4915 regia

1957 4919 2291 5001 publicari,
2340 4923 2486 5001 quia
2512 4943 2638 4985 non
2679 4931 2771 4985 est
2814 4926 3144 4989 intrinsece
3189 4930 3517 5007 injustum,

1957 5033 2076 5076 nec
2102 5021 2319 5076 contra
2341 5023 2633 5078 naturam
2663 5017 2838 5097 legis.
2874 5019 3191 5081 Interdum
3216 5040 3364 5083 vero
3391 5041 3522 5085 esse

1957 5115 2159 5187 potest
2178 5115 2392 5170 contra
2413 5110 2735 5190 specialem
2755 5113 3209 5174 institutionem
3231 5121 3292 5176 et
3313 5116 3524 5177 forum

1957 5201 2217 5280 alicujus
2252 5202 2430 5281 regni
2460 5203 2626 5282 quod
2651 5222 2764 5264 rex
2796 5221 3040 5266 servare
3068 5213 3335 5287 tenetur,
3375 5211 3524 5291 quia

1961 5294 2077 5355 sub
2092 5313 2165 5356 ea
2182 5294 2535 5356 conditione
2554 5295 2797 5357 videtur
2815 5304 3178 5376 potestatem
3193 5305 3519 5384 accepisse.

1961 5390 2039 5449 Et
2075 5388 2421 5467 generatim
2454 5388 2786 5468 loquendO,
2829 5394 3296 5456 convenientius
3333 5401 3425 5455 est
3451 5400 3523 5456 ut

1957 5482 2375 5564 promulgatio
2421 5482 2598 5545 suavi
2646 5483 2830 5546 modo
2873 5484 2983 5549 fiat
3030 5487 3099 5547 in
3149 5505 3523 5569 unoquoque

3042 5593 3121 5652 16
