3976 6219
869 433 1005 485 CAP.
1040 433 1149 486 xlx
1160 474 1171 485 .

325 535 420 596 bis
461 532 749 596 eumdem
783 539 990 594 actum
1017 536 1239 613 punire
1282 537 1588 615 videatur,
1632 540 1708 601 de
1758 558 1880 619 quo

327 633 555 707 puncto
580 628 649 687 in
676 646 807 707 cap.
842 628 921 687 23
953 627 1244 689 dicemus.

409 722 465 782 3.
489 721 674 799 Leqes
687 721 1007 782 irritantes
1019 738 1138 781 non
1150 739 1269 783 esse
1280 723 1563 800 pecuales,
1585 726 1688 786 sed
1697 725 1883 787 direc-

327 814 487 876 tivas
500 814 764 876 sentiunt
779 812 1313 876 alii.--Probatur
1331 815 1476 891 quia
1489 834 1603 877 non
1618 822 1704 878 est
1711 835 1883 895 poena

324 908 453 968 eine
473 904 1034 984 eulpa—Aliorum
1069 923 1216 966 vero
1239 907 1544 968 sententia
1574 913 1689 982 est,
1719 907 1886 988 18383

324 998 638 1059 irritantes
665 1015 794 1057 non
826 1014 954 1057 8338
984 997 1278 1076 poenaleS,
1313 998 1421 1058 sed
1463 999 1748 1075 morales,
1777 1019 1886 1061 seu

323 1109 435 1171 per
460 1109 525 1152 se
551 1091 877 1151 directivas
890 1090 1372 1153 communitatis.
1405 1092 1498 1153 Ita
1515 1098 1686 1154 tenet
1701 1094 1876 1155 Joan.

323 1184 481 1244 And.
515 1184 584 1244 in
615 1200 671 1244 8.
704 1182 820 1243 1111.
857 1182 934 1243 (18
968 1182 1186 1257 Elect.,
1216 1183 1282 1243 in
1323 1185 1384 1259 6,
1429 1185 1646 1263 regula
1704 1186 1879 1262 odia,

324 1276 401 1336 de
440 1276 659 1355 Regul.
704 1277 860 1354 jur.,
903 1277 971 1336 in
1000 1278 1061 1352 6,
1113 1276 1179 1336 in
1210 1278 1523 1339 Mecurial.
1564 1278 1885 1341 Fundatur

323 1370 470 1449 quia
514 1387 700 1449 poena
730 1368 931 1429 solum
986 1374 1109 1444 est,
1142 1368 1390 1448 quando
1439 1370 1541 1430 lex
1589 1370 1885 1431 diminuit

321 1462 770 1542 patrimonium
802 1466 912 1521 aut
945 1461 1103 1521 tollit
1139 1463 1242 1541 jus
1282 1462 1681 1541 acquisitum,
1716 1462 1883 1542 quod

321 1573 451 1617 non
477 1554 550 1615 fit
571 1555 640 1614 in
662 1559 833 1615 actus
853 1553 1218 1619 irritatione.
1252 1554 1422 1615 Idem
1440 1559 1610 1616 tenet
1634 1555 1879 1615 Domin.

321 1648 388 1708 18
421 1647 482 1709 (1.
516 1664 649 1725 cap.
687 1646 798 1707 ult.
840 1645 915 1705 de
952 1644 1168 1721 Elect.,
1205 1646 1273 1707 in
1298 1646 1338 1707 6
1358 1662 1379 1724 3
1411 1652 1473 1707 et
1499 1647 1665 1707 idem
1700 1647 1886 1708 sentit

323 1740 544 1815 Felin.,
576 1741 644 1800 in
685 1740 748 1800 d.
785 1757 839 1800 8.
874 1739 911 1798 2
934 1738 1009 1799 de
1036 1739 1318 1815 Constit.,
1338 1758 1403 1801 11.
1432 1740 1493 1815 3,
1520 1742 1715 1800 811883
1742 1740 1879 1800 Iun.

319 1835 389 1895 in
417 1853 470 1894 8.
502 1833 586 1897 Si
613 1851 770 1908 vero,
801 1832 878 1894 de
923 1833 1092 1895 Sent.
1137 1850 1372 1895 excom.
1382 1878 1403 1909 ,
1437 1832 1546 1892 ubi
1589 1832 1748 1893 dixit
1772 1852 1882 1893 an-

322 1926 731 1987 nullationem
748 1930 922 1986 actus
944 1943 1070 1985 non
1086 1942 1215 1985 esse
1241 1924 1586 1986 naturalem
1606 1942 1877 2004 poenam.

321 2020 441 2081 Sed
469 2019 702 2079 dictum
719 2018 874 2079 illud
902 2017 1095 2079 alium
1116 2017 1370 2079 fortasse
1392 2036 1642 2078 sensum
1668 2018 1879 2095 habet,

320 2117 392 2172 ut
423 2112 587 2172 infra
612 2111 728 2173 hoc
761 2112 959 2189 capite
1010 2111 1231 2172 dicam.
1280 2111 1461 2173 Ratio
1506 2117 1717 2175 autem
1767 2128 1881 2190 pro

319 2204 437 2264 hac
463 2204 790 2277 sententia,
821 2209 1042 2282 praeter
1065 2222 1203 2264 eam
1233 2222 1421 2282 quam
1458 2204 1663 2282 tetigit
1697 2205 1877 2265 Joan.

320 2296 513 2356 Andr.
522 2340 542 2371 ,
568 2313 696 2355 esse
723 2300 923 2373 potest
943 2296 1091 2375 quia
1117 2314 1302 2375 poena
1326 2314 1452 2356 non
1481 2301 1572 2356 est
1589 2296 1709 2356 nisi
1731 2314 1886 2374 prae-

283 2407 292 2411 ’
321 2390 495 2451 88(181
522 2388 702 2467 culpa
709 2403 728 2465 3
753 2388 859 2448 sed
883 2388 1227 2450 annullatio
1252 2395 1424 2451 actus
1455 2388 1526 2449 fit
1553 2389 1686 2449 sine
1705 2388 1886 2467 culpa

321 2482 585 2563 praevia3
617 2499 764 2559 ergo
795 2499 922 2541 non
951 2488 1042 2542 est
1068 2500 1274 2561 poena.
1305 2485 1478 2545 Dices
1512 2501 1761 2563 poenam
1789 2483 1886 2544 in-

319 2575 567 2636 terdum
594 2573 834 2653 imponi
861 2573 994 2635 sine
1021 2574 1223 2653 culpa,
1246 2575 1391 2636 11881
1425 2594 1554 2636 888
1582 2576 1717 2636 3188
1740 2593 1885 2635 8811-

320 2686 410 2737 38,
440 2672 511 2727 111
545 2684 733 2745 supra
763 2663 1112 2727 dicebamus
1153 2666 1229 2727 de
1255 2668 1391 2746 1838
1446 2686 1599 2747 pure
1625 2666 1878 2746 poenali.

322 2760 445 2822 Sed
471 2764 687 2820 eontra
711 2760 848 2833 1188,
871 2759 1018 2836 quia
1045 2761 1235 2820 etiam
1261 2761 1571 2839 loquendo
1597 2760 1714 2821 1188
1748 2777 1883 2820 mo-

321 2853 401 2913 do
418 2853 495 2912 de
507 2869 694 2930 poena
717 2849 841 2911 late
860 2857 1128 2930 sumpta,
1150 2853 1408 2930 requirit
1426 2853 1673 2932 culpam
1692 2854 1879 2914 etiam

320 2944 447 3005 lato
478 2942 686 3019 modo,
718 2941 948 3003 scilicet
991 2943 1259 3018 civilem,
1290 2962 1399 3004 seu
1442 2945 1510 3004 in
1539 2962 1611 3006 eo
1652 2945 1787 3005 foro
1814 2946 1882 3005 in

322 3056 446 3117 quo
468 3036 812 3116 imponitur
835 3053 1043 3115 poena,
1077 3038 1208 3097 esto
1238 3054 1367 3098 non
1411 3037 1492 3097 sit
1539 3037 1885 3098 necessaria

321 3131 502 3209 culpa
533 3132 600 3190 in
626 3131 763 3191 foro
801 3130 911 3190 Dei
926 3152 944 3206 3
987 3135 1052 3190 at
1076 3130 1179 3190 hic
1205 3130 1377 3191 nulla
1412 3129 1597 3209 culpa
1625 3130 1882 3209 requiri-

319 3229 446 3299 tur,
477 3223 667 3283 etiam
694 3222 930 3301 legalis.
973 3222 1083 3283 Vel
1123 3222 1324 3297 aliter,
1354 3222 1604 3301 quando
1645 3222 1725 3283 ad
1754 3239 1882 3301 poe-

320 3334 470 3377 nam
495 3334 625 3377 non
646 3316 987 3394 requiritur
1018 3314 1222 3394 culpa,
1247 3315 1352 3376 sed
1375 3333 1579 3389 causa,
1607 3332 1880 3375 necessa-

320 3410 487 3470 rium
528 3409 745 3470 saltem
790 3412 979 3471 estut
1022 3408 1131 3468 illa
1162 3425 1346 3468 causa
1387 3407 1469 3467 sit
1504 3413 1680 3468 actus
1721 3406 1880 3467 liber

319 3501 613 3583 punibilis
640 3520 718 3563 ex
750 3502 922 3580 justa
948 3518 1153 3574 causa,
1197 3500 1343 3578 quia.
1390 3517 1574 3578 poena
1619 3517 1748 3559 non
1787 3503 1881 3558 est

318 3591 702 3673 nisipropter
720 3593 1028 3655 actionem
1050 3591 1151 3652 vel
1176 3592 1573 3653 omissionem
1593 3591 1852 3652 liberam
1856 3606 1877 3666 3

328 3693 395 3747 at
423 3686 599 3747 nulla
627 3686 770 3746 talis
813 3703 999 3747 causa
1021 3689 1112 3745 est
1141 3683 1486 3745 necessaria
1524 3684 1605 3744 ad
1632 3683 1880 3745 irritan-

320 3780 472 3840 dum
492 3784 723 3854 actum,
748 3778 855 3840 sed
876 3778 998 3839 alia
1019 3795 1153 3857 quae
1167 3778 1590 3838 consideratur
1607 3796 1683 3837 ex
1707 3780 1881 3854 parte

319 3872 470 3933 boni
518 3872 864 3934 communis
879 3889 898 3950 3
930 3889 1079 3951 ergo
1104 3871 1213 3932 illa
1250 3889 1377 3932 non
1417 3870 1642 3932 sufficit
1685 3875 1757 3929 ut
1802 3868 1883 3929 sit

319 3984 523 4045 poena.
557 3964 994 4040 Confirmatur,
1026 3965 1173 4043 quia
1215 3963 1367 4024 alias
1400 3962 1608 4024 omnis
1645 3961 1882 4038 irregu-

317 4057 527 4119 laritas
575 4063 733 4119 esset
778 4074 986 4135 poena,
1034 4056 1184 4134 quia
1225 4061 1320 4115 est
1348 4072 1682 4132 gravamen
1711 4052 1879 4131 quod

317 4171 446 4213 non
480 4151 822 4231 imponitur
847 4150 981 4210 sine
1012 4147 1366 4209 rationabili
1393 4167 1619 4209 causa:
1660 4164 1875 4208 conse-

318 4262 514 4323 quens
534 4248 746 4304 autem
776 4247 868 4302 est
889 4240 1072 4321 plene
1093 4239 1339 4301 falsum.

398 4337 459 4397 4.
504 4335 928 4398 Imitationem
981 4337 1152 4395 aetus
1196 4333 1264 4394 in
1305 4334 1555 4412 proprio
1606 4336 1880 4410 conceptu

318 4446 436 4491 non
464 4427 761 4490 inehcdere
793 4428 948 4507 quod
988 4426 1074 4488 sit
1106 4443 1283 4504 poma
1314 4470 1335 4502 ‚
1381 4431 1436 4490 et
1494 4427 1719 4504 soepius
1762 4443 1880 4487 non

320 4539 441 4585 esse
457 4538 715 4600 paenam,
747 4519 1046 4582 interdum
1070 4536 1205 4582 vero
1230 4519 1342 4582 sie.
1372 4550 1456 4563 —
1481 4518 1641 4579 Vera
1666 4522 1877 4578 tamen

321 4613 614 4676 resolutio
656 4616 749 4675 est
777 4611 1190 4673 irritationem
1226 4616 1395 4672 actus
1420 4611 1489 4670 in
1525 4609 1774 4691 proprio
1805 4628 1877 4670 88

324 4706 668 4770 necessario
716 4710 1014 4783 conceptu
1057 4722 1186 4765 non
1230 4702 1544 4765 includere
1594 4704 1758 4783 quod
1799 4703 1879 4764 sit

318 4819 536 4883 poena,
584 4807 647 4861 et
677 4798 767 4859 ita
801 4797 1023 4876 saepius
1055 4814 1184 4858 non
1211 4813 1340 4858 esse
1372 4815 1644 4876 poenam,
1689 4797 1877 4858 inter-

320 4894 472 4954 dum
515 4909 662 4953 vero
701 4907 876 4971 posse
916 4907 1129 4950 veram
1172 4889 1475 4951 rationem
1516 4906 1715 4969 poenoe
1765 4888 1877 4951 ha-

319 4987 489 5048 bere.
520 4987 665 5046 Hoec
695 4989 788 5046 est
826 4982 1120 5044 resolutio
1157 4983 1526 5059 communis,
1567 4989 1638 5043 ut
1664 4983 1875 5045 videre

318 5078 463 5140 licet
483 5077 766 5152 inssald„
797 5074 936 5137 inl.
969 5077 1117 5141 Non
1142 5075 1408 5152 dubium,
1440 5094 1494 5136 8.
1526 5076 1603 5137 (18
1630 5076 1872 5154 118311»,

321 5174 541 5233 Panor.
558 5216 579 5246 ,
610 5171 680 5230 in
707 5186 761 5231 8.
808 5170 848 5229 2
887 5167 965 5231 de
997 5167 1253 5229 Constit.
1269 5214 1290 5244 ,
1311 5174 1383 5229 „et
1408 5168 1630 5229 melius
1669 5170 1870 5244 Decio,

320 5265 407 5324 ibi
435 5263 575 5324 lect.
604 5265 665 5325 2.
701 5263 778 5324 Ut
805 5268 1014 5323 autem
1039 5262 1321 5324 distincte
1345 5268 1413 5323 et
1442 5263 1511 5322 in
1538 5262 1736 5341 specie
1769 5262 1872 5324 de-

321 5355 610 5431 claretur,
651 5355 907 5416 adverto
934 5353 1172 5416 duobus
1204 5356 1403 5416 modis
1433 5373 1608 5434 posse
1644 5354 1875 5416 irritari

320 5448 564 5509 actum:
592 5449 816 5527 primo,
845 5448 1076 5509 directe
1103 5447 1338 5526 aliquid
1361 5447 1788 5508 constituendo
1815 5452 1877 5508 et

319 5541 751 5624 praecipiendO,
775 5547 838 5604 et
861 5542 1060 5604 solum
1082 5560 1194 5621 per
1216 5540 1708 5604 consecutionem
1722 5585 1744 5618 ,
1769 5558 1879 5604 seu

1209 435 1423 488 UTRUM
1455 436 1653 491 LEGES
1684 438 1961 491 HUMANAE
1993 438 2361 491 lnnl'rANTEs
2392 437 2823 502 CONTRACTUM,
2858 435 2994 488 ETC.

3407 434 3524 493 503

1960 539 2281 615 indirecte,
2306 537 2690 618 prohibendo
2723 544 2784 599 et
2810 535 3150 611 irritando3
3189 534 3278 595 ita
3315 535 3524 599 videre

1962 631 2147 692 11881
2131 650 2199 692 18
2224 633 2361 711 1838
2388 633 2573 693 (18818
2600 633 2868 693 formam
2892 629 3081 702 actui,
3101 634 3161 688 et
3182 646 3293 707 per
3312 647 3524 690 conse·

1966 724 2281 787 cntionem
2331 725 2614 786 irritante
2679 728 2886 784 actum
2943 721 3178 781 factum
3226 720 3358 781 3188
3414 720 3525 781 1811

1964 817 2186 878 forma.
2250 820 2619 898 Exemplum
2668 817 2972 896 optimum
3022 819 3114 874 est
3162 815 3228 873 18
3278 813 3523 875 decreto

1966 910 2339 986 Tridentini,
2377 930 2521 973 3833.
2553 913 2656 987 24,
2700 910 2865 971 circa
2889 911 3276 969 contractum
3307 907 3524 967 matri-

1965 1003 2163 1063 monii
2194 1019 2210 1063 :
2249 1022 2396 1064 nam
2429 1022 2541 1083 pro
2580 1004 2783 1065 forma
2823 1004 3171 1062 contractus
3217 999 3420 1076 posuit
3454 1004 3525 1059 ut

1964 1094 2141 1156 fieret
2168 1102 2466 1175 praesente
2492 1096 2760 1176 parocho
2788 1099 2851 1155 et
2881 1092 3123 1153 duobus
3150 1089 3431 1166 testibus,
3464 1096 3526 1150 et

1963 1189 2143 1250 aliter
2177 1189 2411 1250 factum
2454 1189 2741 1249 irritavit.
2787 1186 3000 1253 Simile
3039 1182 3391 1261 exemplum
3433 1190 3526 1243 est

1962 1282 2040 1342 de
2076 1282 2211 1361 1838
2249 1282 2603 1361 requirente
2635 1281 2715 1341 ad
2750 1279 3024 1340 valorem
3053 1276 3408 1337 testamenti
3434 1282 3526 1336 ta·-

1962 1374 2088 1435 lem
2110 1393 2443 1435 numerum
2465 1374 2738 1435 testium.
2770 1373 2922 1437 Item
2945 1370 3021 1433 de
3041 1369 3179 1447 lege
3196 1369 3380 1429 dante
3402 1369 3527 1429 for-

1964 1484 2135 1527 mam
2180 1466 2656 1527 alienationibus
2693 1483 2903 1527 rerum
2945 1461 3519 1535 ecclesiasticarum,

1964 1558 2152 1619 Clem.
2202 1562 2260 1633 1,
2310 1559 2387 1620 de
2432 1558 2584 1620 Reb.
2629 1557 2793 1620 Eccl.
2839 1574 2967 1617 non
3008 1554 3306 1629 alienan.,
3356 1559 3418 1614 81
3463 1573 3515 1616 8.

1965 1650 2121 1714 Sine
2147 1653 2499 1730 exceptione,
2543 1654 2642 1726 12,
2682 1669 2745 1729 q.
2772 1652 2833 1711 2.
2875 1651 3029 1710 Item
3056 1648 3133 1709 de
3166 1646 3353 1707 dante
3387 1646 3521 1707 for-

1963 1761 2134 1804 mam
2161 1744 2454 1822 eligendi,
2474 1764 2528 1804 c.
2565 1744 2724 1818 Quia
2741 1748 3009 1821 propter,
3033 1740 3110 1801 de
3133 1739 3323 1800 Elect.
3351 1738 3524 1798 Alius

1962 1837 2185 1898 modus
2221 1838 2455 1899 directe
2500 1836 2789 1898 irritandi
2815 1840 3023 1901 actum
3066 1837 3157 1893 est
3198 1831 3524 1910 negativus

1962 1949 2070 1992 seu
2104 1930 2512 2010 prohibitivus
2545 1936 2719 1991 actus
2753 1946 2896 1993 cum
2925 1926 3130 1988 verbis
3166 1924 3522 1989 sufficienti-

1961 2022 2081 2084 bus
2109 2024 2190 2083 ad
2222 2023 2593 2105 irritandum
2634 2022 2814 2082 illum
2842 2037 2864 2098 3
2904 2019 3045 2081 talis
3073 2024 3165 2079 est
3186 2017 3288 2079 lex
3314 2016 3523 2096 prohi-

1962 2116 2115 2178 bens
2156 2116 2625 2178 matrimonium
2677 2115 2841 2175 inter
2881 2111 3371 2189 consanguineos
3423 2109 3524 2171 vel

1963 2208 2180 2269 affines
2195 2210 2361 2269 intra
2383 2213 2677 2287 quartum
2700 2205 2985 2284 gradum,
3018 2209 3081 2264 81
3107 2203 3362 2264 irritans
3390 2220 3521 2264 ma-

1962 2303 2334 2364 trimonium
2365 2300 2571 2362 clerici
2596 2300 2665 2360 in
2696 2298 2909 2372 388113,
2939 2302 3049 2357 aut
3075 2295 3346 2374 religiosi
3378 2314 3519 2374 pro-

1963 2396 2131 2472 fessi,
2147 2402 2209 2456 et
2221 2394 2471 2456 similes.
2488 2395 2631 2455 Haec
2642 2397 2852 2453 autem
2866 2389 3200 2469 prohibitio
3224 2388 3304 2448 ob
3328 2387 3525 2468 tripli-

1964 2508 2101 2551 cem
2131 2506 2375 2551 causam
2402 2506 2512 2548 seu
2534 2486 2726 2547 finem
2752 2485 2888 2545 fieri
2909 2488 3131 2563 potest.
3157 2481 3387 2556 Prim0,
3413 2499 3526 2560 per

1964 2601 2029 2644 se
2056 2587 2307 2662 propter
2333 2597 2665 2642 commune
2692 2579 2950 2651 bonum,
2984 2577 3131 2654 quia
3160 2575 3250 2634 ita
3279 2572 3526 2653 expedit

1963 2676 2045 2735 ad
2073 2674 2356 2735 divinum
2382 2672 2645 2746 cultum,
2673 2669 2775 2732 vel
2797 2669 2875 2729 ad
2908 2667 3251 2729 decentiam
3278 2666 3525 2745 religio-

1961 2768 2060 2827 nis
2074 2784 2094 2844 3
2124 2766 2414 2840 secundo,
2445 2766 2512 2824 in
2539 2763 2813 2824 favorem
2846 2760 3202 2838 aliquarum
3236 2778 3527 2838 persona-

1960 2878 2127 2935 rum,
2145 2865 2216 2920 ut
2241 2859 2319 2919 ad
2346 2852 2839 2918 subveniendum
2853 2851 3177 2929 fragilitati
3199 2869 3438 2925 earum,
3456 2857 3526 2937 ut

1963 2953 2036 3013 fit
2052 2971 2163 3032 per
2179 2952 2346 3028 leges
2364 2950 2677 3010 irritantes
2695 2945 2936 3024 aliquos
2954 2949 3301 3004 contractus
3325 2945 3527 3004 mino-

1963 3063 2105 3107 rum
2110 3060 2129 3122 3
2147 3044 2328 3105 tertio
2331 3086 2349 3118 ,
2364 3042 2431 3101 in
2445 3041 2658 3101 odium
2672 3055 2951 3117 personae
2965 3055 3073 3097 seu
3088 3037 3350 3098 actionis
3364 3038 3419 3117 ej
3426 3056 3522 3112 113,

1964 3145 2037 3200 111
2081 3139 2149 3199 18
2183 3136 2425 3214 legibus
2472 3131 2860 3195 irritantibus
2900 3131 3371 3209 acquisitionem
3412 3131 3523 3191 do-

1961 3231 2144 3293 minii
2166 3231 2232 3291 18
2260 3227 2570 3307 aliquibus
2589 3224 3023 3286 donationibus
3042 3222 3142 3285 vel
3160 3224 3523 3302 acceptatio-

1959 3323 2165 3385 nibus.
2188 3321 2397 3399 Aliqui
2425 3319 2661 3380 addunt
2683 3316 2939 3379 tertium
2956 3315 3242 3377 irritandi
3267 3317 3523 3376 modum

1958 3435 2071 3496 per
2097 3412 2550 3475 inhabilitatem
2577 3428 2852 3491 personoe
2871 3454 2892 3483 ,
2930 3409 3089 3469 sicut
3119 3407 3318 3468 solent
3344 3408 3524 3469 theo-

1958 3511 2087 3589 logi
2109 3508 2414 3588 explicare
2431 3505 2877 3584 impedimenta
2898 3502 3280 3564 matrimonii
3300 3507 3363 3562 et
3383 3521 3524 3581 pro-

1958 3602 2240 3664 fessionis
2257 3645 2277 3674 ,
2306 3605 2369 3659 et
2394 3599 2552 3659 318111
2591 3600 2777 3660 Gono.
2807 3596 2977 3657 Trid.
3014 3611 3293 3673 expresse
3321 3593 3522 3655 decla-

1959 3694 2122 3755 ravit
2141 3693 2374 3753 factum
2406 3691 2485 3751 ab
2509 3690 2643 3769 ipso
2671 3706 2801 3750 esse
2827 3689 2896 3748 in
2919 3688 3165 3749 decreto
3187 3685 3353 3754 edito
3376 3704 3522 3746 con-

1959 3792 2059 3846 tra
2099 3783 2477 3846 clandestina
2512 3781 2934 3843 matrimonia.
2976 3777 3097 3840 Sed
3131 3777 3235 3839 hic
3273 3779 3518 3853 modus,

1962 3878 2106 3939 lieet
2129 3877 2482 3938 verissimus
2509 3874 2589 3935 311
2614 3918 2633 3948 ,
2669 3875 2737 3934 111
2765 3872 3005 3933 duobus
3037 3871 3522 3950 praecedentibus

1960 3969 2322 4042 includim,
2352 3983 2468 4027 888
2496 3969 2698 4044 potest
2723 3964 2804 4038 ab
2838 3963 2961 4024 11113
2992 3964 3287 4042 separari,
3323 3963 3374 4023 si
3396 3982 3524 4025 res-

1957 4063 2198 4144 pective
2237 4065 2535 4121 sumatur.
2580 4060 2738 4119 Nam
2769 4056 3010 4135 quoties
3046 4055 3149 4117 lex
3178 4056 3385 4117 irritat
3421 4076 3523 4119 ac-

1957 4162 2117 4229 tum,
2146 4152 2348 4215 reddit
2377 4151 2608 4212 subditi
2639 4148 3022 4211 voluntatem
3049 4148 3433 4210 inefficacem
3460 4156 3521 4211 et

1956 4249 2364 4326 impotentem
2385 4243 2464 4303 ad
2484 4240 2999 4316 contrahendum,
3024 4240 3126 4302 vcl
3146 4241 3519 4302 transferen-

1957 4340 2111 4400 dum
2154 4343 2265 4399 aut
2307 4335 2753 4415 acquirendum
2798 4333 3173 4409 dominium,
3221 4334 3321 4395 vel
3366 4334 3516 4412 quid

1959 4431 2161 4493 simile
2177 4475 2198 4505 ,
2227 4434 2291 4490 et
2323 4428 2443 4489 1188
2471 4433 2563 4489 831
2594 4425 2989 4488 inhabilitare
3028 4432 3237 4487 actum
3270 4426 3349 4486 ad
3376 4445 3520 4487 con·

1955 4523 2354 4596 trahendum,
2379 4519 2479 4581 vel
2509 4520 2596 4580 sic
2621 4518 3134 4581 contrahendum.
3167 4518 3517 4596 Aliquando

1957 4615 2128 4676 enim
2166 4614 2269 4675 lex
2302 4611 2659 4673 inhabilitat
2688 4610 3051 4717 simpliciter
3079 4628 3404 4690 personam
3437 4609 3517 4671 ad

1955 4713 2167 4769 actum
2201 4705 2518 4785 aliquem
2500 4723 2569 4766 m
2604 4705 2826 4784 specie,
2856 4709 2929 4766 ut
2954 4703 3312 4766 inhabilitat
3343 4702 3519 4764 cleri-

1955 4817 2102 4860 cum
2143 4799 2210 4858 in
2246 4797 2477 4874 sacris,
2526 4797 2628 4859 vel
2663 4798 3022 4896 religiosum
3057 4795 3402 4876 professum
3438 4796 3516 4856 ad

1953 4889 2447 4956 contrahendum
2492 4866 3011 4967 matrimonium3
3052 4888 3386 4968 aliquando
3421 4888 3517 4949 in-

1954 4984 2242 5046 habihtat
2267 4982 2604 5062 respective
2618 4981 3109 5057 1881818,1118(1
3145 4980 3515 5043 contrahen-

1955 5076 2109 5137 dum
2125 5094 2266 5137 cum
2289 5074 2772 5153 consanguinea,
2797 5073 2898 5136 vel
2917 5075 2998 5136 ad
3025 5072 3386 5135 donandum
3410 5091 3515 5136 ex·

1952 5171 2222 5246 traneis3
2274 5167 2606 5248 aliquando
2650 5167 2852 5230 solum
2893 5166 3252 5229 inhabilitat
3296 5169 3380 5230 ad
3425 5168 3518 5230 eie

1955 5263 2417 5325 contrahendum
2441 5305 2461 5336 ,
2513 5265 2586 5320 ut
2620 5259 2779 5321 dixit
2833 5258 3064 5321 Concil.
3112 5258 3390 5320 Trident.
3444 5260 3514 5320 in

1952 5355 2116 5416 dicto
2143 5353 2408 5414 decreto.
2440 5355 2517 5413 Et
2542 5352 2610 5412 in
2636 5352 2735 5414 his
2755 5351 3046 5413 omnibus
3073 5351 3404 5430 respective
3430 5352 3512 5413 ir-

1954 5447 2180 5509 ritatur
2205 5450 2375 5506 actus
2399 5446 2553 5525 ipse,
2582 5450 2645 5506 et
2667 5444 3001 5506 voluntatis
3022 5462 3356 5505 consensus
3374 5442 3515 5505 red·

1955 5539 2123 5603 ditur
2147 5538 2437 5601 inefficax
2476 5538 2558 5601 ad
2587 5531 2787 5601 talem
2803 5537 3095 5602 effectum
3133 5537 3506 5601 faciendum.
