3976 6219
749 362 884 415 CAP.
919 362 1003 416 m.
1033 362 1256 426 QUIBUS
1287 363 1580 419 PEnsoms
1612 365 1780 418 DATA
1810 364 2054 428 ruem,
2088 364 2170 418 ET
2201 362 2493 428 Quonono
2521 363 2746 428 unm,
2780 362 2899 415 mc
3309 355 3427 418 337

211 483 372 527 cum
412 462 715 526 nonnulla
741 464 1111 539 differentia,
1155 471 1458 544 quantum
1498 466 1578 526 ad
1623 465 1794 527 valo·
1872 464 2224 526 afferemus.
2273 463 2446 537 Quod
2491 468 2702 524 autem
2729 462 2955 523 habeat
2988 459 3097 521 illo
3127 461 3313 522 modo
3340 469 3431 524 est

207 576 387 635 rem,
422 557 522 620 vel
565 556 924 618 firmitatem
977 563 1166 618 actus.
1219 557 1596 635 Declaratur,
1652 559 1797 639 quia
1875 556 2184 618 conclusio
2229 557 2384 618 adeo
2423 562 2591 617 certa
2611 601 2631 631 ,
2687 561 2761 616 ut
2788 554 2923 616 sine
2968 573 3174 617 errore
3215 556 3433 633 negari

211 652 448 713 Petrus
473 656 715 731 poterat
743 650 869 736 suis
898 648 1139 728 legibus
1171 650 1269 711 vel
1295 652 1613 731 proeceptis
1645 652 1797 712 alios
1876 671 2004 714 non
2036 652 2248 732 possit.
2284 650 2605 729 Colligitur
2633 654 2845 710 autem
2872 667 2949 712 ex
2975 650 3289 728 Scriptura
3316 650 3436 711 hoc

212 744 417 804 etiam
462 741 787 821 Apostolos
832 740 1104 821 obligare
1118 788 1139 818 ,
1189 748 1251 804 et
1303 742 1513 804 nullus
1553 748 1795 824 poterat
1880 745 2109 823 modo;
2154 762 2303 804 nam
2343 742 2616 804 Christus
2659 742 2830 803 dedit
2871 742 3033 802 hanc
3072 747 3436 820 potestatem

217 837 365 916 ejus
386 835 555 915 leges
582 853 904 896 revocare:
929 834 1039 895 alii
1061 839 1219 895 vero·
1235 836 1509 915 Apostoli
1538 855 1652 898 nec
1687 838 1800 897 Pe·
1876 837 2238 900 immediate
2269 838 2471 911 Petr0,
2505 853 2634 896 non
2673 854 2787 915 pro
2820 853 2933 896 sua
2961 839 3206 895 tantum
3235 853 3440 915 perso·

213 934 397 989 trum
425 927 700 1006 obligare
728 931 1035 1006 poterant,
1080 944 1282 1006 neque
1322 928 1579 990 fortasse
1623 946 1687 990 se
1719 927 1799 990 ad
1879 948 1985 1006 na,
2011 930 2116 991 sed
2139 934 2210 988 ut
2234 947 2347 1009 per
2374 928 2734 989 continuam
2757 926 3203 988 successionem
3224 945 3441 1007 perpe-

223 1020 523 1095 inviccm‚
555 1025 617 1081 et
644 1020 858 1080 Petrus
878 1018 949 1080 in
971 1019 1174 1098 rigore
1200 1025 1439 1099 poterat
1471 1038 1689 1082 eorum
1710 1020 1802 1081 le-

226 1130 341 1192 ges
366 1131 494 1173 non
520 1112 870 1187 admittere,
896 1129 1006 1172 seu
1044 1130 1352 1174 revocare.
1390 1113 1564 1186 Quod
1599 1117 1801 1173 totum

229 1207 380 1266 satis
398 1206 694 1285 probatur
716 1222 794 1266 ex
813 1222 1069 1266 munere
1090 1207 1374 1286 pastoris,
1403 1212 1467 1268 et
1489 1225 1569 1267 ex
1587 1206 1800 1266 subor-

231 1298 553 1360 dinatione
580 1298 923 1359 necessaria
949 1298 1027 1358 ad
1055 1299 1383 1360 unitatem.
1414 1298 1591 1360 Unde
1610 1298 1800 1359 ctiam

235 1392 396 1453 mihi
422 1391 755 1454 verisimile
789 1397 902 1468 est,
932 1391 1079 1453 11991
1111 1393 1342 1470 singuli
1387 1391 1661 1472 Apostoli
1688 1391 1798 1451 ha-

235 1483 459 1545 berent
475 1489 839 1563 potestatem
856 1483 935 1543 ad
955 1482 1240 1545 ferendas
1263 1484 1430 1562 leges
1453 1483 1798 1562 obligantes

238 1576 654 1637 universalem
686 1575 1040 1651 Ecclesiam,
1069 1582 1279 1637 tamen
1307 1576 1615 1638 ordinarie
1661 1576 1799 1637 illas

238 1687 368 1730 non
393 1669 630 1742 tulisse,
670 1668 796 1729 nisi
831 1686 907 1729 ex
952 1687 1251 1730 consensu
1291 1675 1354 1730 et
1385 1669 1801 1750 acceptatione

241 1761 444 1838 Petri3
472 1760 573 1823 vel
596 1766 758 1821 certe
780 1761 917 1822 illas
938 1761 1149 1822 tulisse
1169 1762 1237 1821 in
1267 1762 1353 1822 eis
1377 1760 1711 1841 provinciis
1737 1759 1805 1818 in

240 1852 468 1932 quihus
494 1853 934 1933 praedicabant,
959 1858 1021 1914 et
1043 1859 1254 1934 postea
1278 1870 1408 1915 non
1430 1852 1550 1913 nisi
1576 1853 1806 1913 sciente

241 1949 306 2004 et
357 1947 782 2007 consentiente
831 1946 1034 2022 Petro,
1084 1947 1157 2008 ad
1216 1951 1410 2007 totam
1472 1944 1808 2005 Ecclesiam

243 2034 617 2098 dimanasse.
650 2037 822 2111 Quod
849 2056 927 2099 ex
954 2040 1172 2100 eodem
1194 2039 1601 2099 fundamento
1633 2036 1810 2098 facile

244 2130 685 2206 conjectamus.
730 2129 1043 2206 Quocirca,
1086 2132 1333 2211 quando
1378 2130 1607 2210 legitur
1649 2129 1816 2209 apud

245 2221 651 2300 cyprianum,
693 2221 793 2283 vel
843 2222 1114 2303 aliquem
1154 2225 1349 2284 alium
1393 2224 1663 2297 Patrem,
1705 2228 1816 2282 aut

245 2312 611 2374 Pontificem
659 2332 738 2374 ex
788 2314 1020 2391 relatis,
1067 2316 1165 2377 vel
1205 2315 1564 2401 referendis,
1599 2332 1814 2376 omnes

243 2405 570 2485 Apostolos
596 2405 782 2468 fnisse
815 2425 1017 2486 pares,
1049 2408 1524 2487 intelligendum
1563 2409 1682 2470 hoc
1722 2414 1815 2468 est

243 2498 591 2560 formaliter
621 2502 715 2577 (ut
747 2501 832 2560 sic
858 2500 1081 2578 dicam)
1127 2519 1235 2562 5911
1272 2507 1575 2580 quantum
1611 2500 1692 2561 ad
1721 2500 1814 2559 di-

245 2593 550 2671 gnitatem
581 2594 1021 2673 Apostolicam,
1054 2599 1115 2654 et
1157 2611 1295 2654 eam
1316 2593 1813 2671 jurisdictionem

245 2685 316 2746 in
350 2686 711 2747 universum
738 2685 975 2762 orbem,
1010 2704 1147 2765 quae
1174 2686 1423 2765 praecise
1451 2704 1528 2746 ex
1552 2685 1618 2745 vi
1647 2684 1813 2745 illius

242 2778 569 2856 dignitatis
595 2778 741 2839 data
768 2784 876 2839 est.
912 2777 1326 2840 Nihilominus
1357 2784 1568 2839 tamen
1596 2777 1812 2839 Petrus

245 2870 544 2932 excelluit
575 2870 642 2930 in
665 2868 982 2950 pontificia
1004 2869 1329 2949 dignitate.
1356 2870 1434 2930 Et
1450 2869 1630 2949 juxta
1653 2870 1809 2947 haec,

242 2963 350 3023 vel
371 2962 740 3025 declaranda
767 2969 879 3039 est,
908 2962 1010 3023 vel
1040 2980 1169 3023 non
1197 2962 1583 3023 admittenda
1604 2961 1814 3023 Glossa

242 3056 316 3116 in
362 3054 508 3116 dict.
567 3072 702 3135 cap.
753 3055 839 3119 In
882 3074 1049 3131 novo,
1093 3055 1480 3117 distinctione
1515 3056 1815 3134 vigesima

239 3150 473 3228 prima,
503 3149 648 3210 licet
674 3166 813 3210 eam
863 3149 1221 3229 simpliciter
1257 3148 1556 3229 approbet
1592 3150 1814 3210 Turre-

242 3259 438 3303 crem.
485 3242 553 3303 in
602 3242 860 3302 Summa
899 3241 976 3302 de
1016 3240 1268 3318 Eccles.,
1299 3241 1407 3302 lib.
1440 3243 1502 3317 2,
1540 3260 1676 3321 cap.
1710 3243 1811 3317 74,

246 3333 405 3395 dum
433 3332 743 3413 significat
769 3333 920 3393 alios
939 3332 1263 3413 Apostolos
1288 3333 1475 3396 fuisse
1496 3352 1674 3414 pares
1701 3335 1811 3395 Pe-

242 3432 346 3487 tro
388 3444 461 3487 eo
497 3432 742 3487 tantum
780 3426 966 3486 modo
993 3444 1118 3505 quo
1148 3426 1431 3507 Episcopi
1466 3432 1610 3486 sunt
1634 3442 1813 3504 pares

245 3519 554 3595 Pontifici,
599 3519 851 3595 scilicet,
882 3518 950 3579 in
987 3518 1202 3579 ordine
1237 3524 1299 3580 et
1329 3519 1806 3580 consecratione.

241 3613 384 3673 Non
405 3618 498 3673 est
518 3612 687 3672 enim
714 3611 782 3671 in
810 3610 1098 3672 omnibus
1126 3611 1447 3692 adaequata
1471 3611 1814 3692 aequipara-

245 3705 376 3765 tio:
418 3722 566 3765 nam
605 3703 682 3765 de
713 3703 1015 3782 Apostolis
1043 3709 1283 3765 constat
1315 3722 1392 3766 ex
1422 3704 1600 3765 dictis
1626 3703 1812 3764 fuisse

244 3798 438 3860 etiam
482 3816 662 3878 pares
694 3797 873 3857 Petro
910 3796 978 3857 in
1008 3797 1308 3876 dignitate
1349 3796 1702 3877 apostolica,
1749 3803 1812 3857 et

246 3896 689 3971 consequenter
708 3889 776 3949 in
797 3887 1258 3950 universalitate
1278 3888 1725 3969 jurisdictionis
1743 3889 1810 3949 in

244 3984 611 4044 universum
638 3981 877 4042 orbem.
914 3981 1107 4061 Magis
1129 4000 1275 4042 vero
1299 3985 1584 4041 errarunt
1602 3980 1811 4059 quiex

245 4075 354 4136 illo
386 4081 558 4136 textu
587 4075 936 4135 intulerunt
958 4075 1209 4135 Petrum
1237 4073 1317 4135 ab
1342 4073 1480 4134 aliis
1506 4071 1812 4152 Apostolis

245 4166 433 4228 fuisse
455 4167 719 4229 electum
752 4166 820 4226 in
844 4171 1051 4246 caput,
1083 4167 1231 4245 quia
1254 4167 1322 4226 in
1354 4167 1487 4245 ipso
1515 4169 1691 4226 textu
1719 4164 1812 4225 di-

246 4258 440 4319 citur:
473 4256 815 4337 Apostolos,
838 4257 1068 4338 alioqui
1092 4276 1276 4339 pares
1298 4259 1366 4321 in
1384 4258 1600 4319 honore
1624 4262 1680 4319 et
1699 4274 1808 4336 po-

249 4357 484 4427 testate,
519 4352 769 4414 Petrum
794 4352 1129 4432 principem
1156 4371 1332 4416 snam
1368 4370 1488 4415 esse
1525 4350 1804 4413 voluisse.

250 4443 408 4505 Illud
456 4443 624 4505 enim
666 4444 927 4505 verbum
952 4462 1081 4505 non
1116 4446 1192 4507 de
1221 4445 1539 4507 voluntate
1566 4448 1810 4505 antece-

248 4536 457 4613 dente,
507 4556 615 4599 seu
659 4537 948 4616 eligente,
991 4538 1098 4599 sed
1146 4540 1223 4600 de
1253 4537 1571 4600 voluntate
1600 4555 1809 4599 conse-

247 4634 505 4710 quente,
527 4636 590 4692 et
618 4635 969 4709 acceptante
993 4630 1467 4711 intelligendum
1494 4637 1606 4692 est.
1637 4627 1810 4702 Quod

246 4722 325 4783 de
354 4737 563 4784 mente
587 4720 906 4784 Pontificis
938 4723 1008 4784 in
1035 4724 1253 4786 eodem
1279 4729 1451 4785 textu
1490 4723 1637 4784 satis
1664 4740 1808 4783 con-

246 4820 391 4875 stat.

332 4908 432 4967 10.
485 4905 697 4969 Tertia
721 4908 1034 4973 conclusio.
1076 4940 1159 4954 —
1200 4907 1345 4969 Dico
1366 4906 1550 4969 tertio
1592 4922 1609 4967 z
1643 4922 1809 4966 sum-

246 5010 391 5058 mus
417 4997 701 5060 Pontifex
728 5000 1088 5063 immediate
1110 5000 1331 5080 accipit
1355 4999 1586 5078 abipso
1606 4998 1807 5059 Chris-

245 5097 337 5166 to,
364 5096 428 5171 et
454 5108 529 5152 ex
563 5091 628 5152 vi
650 5091 1057 5154 institutionis
1085 5094 1217 5172 ejus
1242 5096 1606 5171 potestatem
1628 5088 1810 5168 legis-

243 5182 502 5244 lativam
526 5184 594 5244 in
611 5185 970 5248 universam
989 5185 1346 5246 Ecclesiam.
1373 5183 1693 5246 Conclusio
1719 5187 1813 5242 est

245 5275 507 5336 omnino
534 5282 740 5337 certa:
768 5296 918 5339 nam
942 5277 1106 5356 quod
1125 5277 1287 5336 hanc
1308 5280 1675 5356 potestatem
1701 5274 1812 5335 ha-

245 5365 432 5441 beat,
464 5374 558 5427 est
583 5369 660 5428 de
691 5368 847 5446 fide,
898 5376 973 5430 ut
1009 5376 1249 5431 constat
1280 5388 1358 5431 ex
1392 5368 1723 5430 traditione
1752 5372 1815 5428 et

248 5459 573 5521 communi
606 5478 791 5522 sensu
812 5463 1114 5540 Ecclesiae,
1149 5468 1212 5525 et
1232 5480 1312 5525 ex
1331 5462 1429 5525 his
1445 5480 1583 5543 quae
1605 5460 1813 5522 statim

651 5577 717 5627 V.

1879 1028 1992 1083 tuo
2019 1021 2271 1082 duraret
2298 1021 2366 1079 in
2398 1019 2662 1080 Ecclesia
2687 1035 2709 1097 3
2751 1037 2900 1097 ergo
2935 1019 3102 1080 idem
3143 1019 3439 1095 (1111151115,

1879 1115 1988 1194 qui
2035 1114 2195 1175 hanc
2236 1113 2498 1175 contulit
2538 1118 2906 1192 potestatem
2953 1114 3132 1173 Petro
3152 1158 3173 1188 ,
3205 1112 3445 1174 confert

1880 1206 2217 1268 successori
2242 1224 2353 1266 suo
2382 1223 2461 1266 ex
2486 1205 2551 1265 vi
2582 1205 2888 1284 praedictoe
2914 1205 3350 1280 institutionis,
3380 1210 3445 1266 et

1880 1298 2131 1361 illorum
2170 1297 2503 1360 verborum
2521 1343 2543 1373 ,
2581 1296 2788 1377 Super
2813 1299 2967 1361 lianc
2984 1303 3224 1378 petram
3250 1298 3447 1376 oedifi-

1882 1394 2020 1457 cabo
2070 1391 2409 1454 Ecclesiam
2457 1407 2647 1452 meam
2673 1434 2694 1465 ,
2748 1395 2811 1450 et
2852 1392 3042 1454 Pasce
3087 1408 3219 1454 oves
3257 1410 3439 1454 meas.

1880 1485 2128 1545 Constat
2155 1487 2366 1544 autem
2407 1500 2484 1543 ex
2524 1488 2822 1562 perpetua
2862 1483 3240 1545 successione
3281 1502 3450 1545 sum-

1879 1596 2057 1638 mum
2080 1574 2443 1637 Pontificem
2470 1575 2600 1636 esse
2628 1593 3046 1636 successorem.
3062 1576 3227 1635 Petri
3253 1593 3269 1637 ε
3301 1594 3448 1655 ergo

1883 1668 1961 1728 ab
1981 1668 2200 1729 eodem
2219 1667 2454 1728 Christo
2473 1667 2831 1728 immediate
2848 1667 3036 1728 habet
3058 1673 3444 1745 potestatem.

1885 1760 2063 1822 Unde
2091 1759 2367 1820 Anaclet.
2401 1760 2566 1839 Papa
2591 1761 2658 1819 in
2682 1777 2817 1839 cap.
2842 1761 2905 1834 Ξ,
2931 1759 2994 1820 (1.
3026 1760 3105 1819 22
3131 1776 3147 1819 ε
3177 1761 3453 1823 Romana

1886 1853 2169 1917 Ecclesia
2193 1870 2312 1913 non
2333 1852 2406 1913 ab
2438 1850 2748 1931 Apostolis
2766 1897 2789 1928 ,
2817 1854 2919 1915 sed
2935 1852 3008 1913 ab
3041 1853 3172 1930 ipso
3195 1854 3453 1915 Domino

1883 1947 2223 2024 primatum
2264 1945 2544 2007 obtinuit.
2585 1945 2660 2005 Et
2684 1944 2905 2024 11101191
2937 1963 3015 2006 ex
3043 1944 3247 2006 verbis
3278 1946 3399 2007 illis
3431 1962 3449 2008 τ

1898 2038 1997 2100 Tu
2042 2056 2102 2100 es
2148 2037 2393 2098 Petras.
2444 2036 2612 2097 1(19111
2664 2037 2862 2098 Gelas.
2919 2038 3084 2118 Papa
3134 2038 3202 2098 in
3253 2039 3455 2118 capite

1897 2129 2207 2204 Quamvis,
2239 2130 2311 2188 21
2352 2128 2625 2189 distinct.
2649 2145 2671 2207 3
2702 2129 2868 2190 unde
2897 2131 3107 2192 Innoc.
3140 2133 3190 2207 1,
3215 2133 3284 2192 in
3315 2149 3451 2211 cap.

1897 2222 2163 2297 Quoties,
2199 2224 2301 2298 24,
2331 2227 2546 2301 quaest.
2577 2225 2637 2297 1,
2667 2223 2939 2302 seipsum
2968 2224 3221 2286 Petrum
3248 2225 3458 2306 appel-

1894 2314 2004 2390 lat,
2027 2315 2237 2376 dicens
2266 2335 2281 2373 ε
2315 2315 2463 2380 Non
2494 2315 2620 2376 nisi
2639 2316 2720 2376 ad
2736 2316 3010 2391 Petrum,
3037 2318 3107 2379 id
3121 2322 3227 2391 est,
3258 2319 3342 2380 ad
3358 2319 3460 2382 sui

1892 2410 2156 2471 nominis
2196 2414 2250 2470 et
2277 2409 2524 2472 honoris
2551 2413 2869 2471 auctorem.

1976 2503 2074 2560 11.
2122 2500 2403 2563 Potestas
2429 2502 2592 2563 sedis
2619 2501 2957 2578 apostolicoe
2985 2503 3182 2565 eadem
3213 2508 3301 2566 est
3328 2521 3461 2566 cam

1884 2597 2180 2671 potestate
2206 2593 2402 2654 Petri.
2438 2624 2521 2637 —
2559 2593 2719 2653 Hinc
2749 2593 2938 2654 etiam
2968 2594 3036 2653 in
3071 2613 3204 2675 cap.
3238 2596 3460 2675 819111·-

1893 2684 2122 2760 ficasti,
2156 2684 2231 2744 de
2253 2683 2473 2760 Elect.,
2508 2684 2733 2745 dicitur
2759 2684 2926 2763 leges
2942 2688 3186 2746 romani
3210 2688 3460 2748 Pontifi-

1895 2776 1980 2836 cis
2015 2794 2142 2837 non
2173 2776 2442 2855 pendere
2470 2793 2510 2837 a
2535 2777 2820 2838 Conciliis
2850 2822 2871 2852 ,
2916 2778 3023 2839 sed
3050 2779 3461 2842 Conciliorum

1894 2867 1974 2929 ab
2008 2868 2163 2947 ipso.
2196 2870 2275 2930 Et
2300 2868 2658 2930 insinuatur
2682 2870 2842 2930 ratio
2860 2914 2882 2944 ,
2915 2870 3064 2949 quia
3091 2877 3355 2949 potestas
3386 2872 3462 2934 il-

1892 2960 2016 3020 lius
2056 2962 2215 3021 sedis
2258 2961 2473 3022 eadem
2516 2967 2607 3021 est
2642 2979 2785 3022 cum
2818 2968 3117 3041 potestate
3157 2966 3363 3026 Petri:
3398 2971 3462 3028 91

1894 3071 2033 3133 9911.
2068 3054 2304 3129 Novit,
2351 3052 2429 3114 de
2455 3052 2714 3114 Judiciis
2731 3098 2755 3129 ,
2801 3054 2877 3115 de
2906 3056 3122 3118 eadem
3148 3058 3461 3120 Pontificis

1893 3150 2193 3225 potestate
2222 3146 2446 3207 dicitur
2472 3167 2487 3205 ε
2528 3145 2678 3208 Cam
2714 3165 2833 3209 non
2869 3148 3146 3212 kamanoe
3171 3152 3460 3224 constitu-

1897 3239 2073 3314 tioni,
2091 3239 2194 3301 sed
2212 3239 2434 3300 divinoe
2450 3239 2778 3315 innitatur,
2795 3241 2942 3319 quia
2961 3246 3230 3320 potestas
3249 3248 3459 3307 nostra

1888 3348 2007 3392 non
2039 3348 2110 3393 em
2143 3331 2380 3392 homine
2399 3375 2420 3405 ,
2459 3330 2562 3393 sed
2596 3348 2667 3393 etc
2708 3333 2831 3394 Deo
2865 3337 2992 3403 est,·
3024 3333 3190 3395 idem
3222 3336 3289 3395 in
3318 3354 3451 3417 cap.

1894 3421 2151 3497 Quanto,
2171 3427 2233 3482 et
2254 3420 2382 3482 fere
2404 3426 2534 3483 toto
2557 3422 2737 3482 titulo
2754 3422 2831 3483 de
2845 3424 3149 3487 Translat.
3173 3428 3450 3508 Episcop.

1891 3513 2052 3574 Hinc
2090 3514 2281 3574 etiam
2326 3513 2395 3573 iu
2435 3513 2654 3575 eodem
2694 3520 2869 3576 textu
2905 3516 3189 3580 Pontifex
3227 3520 3454 3584 dicitur

1892 3604 2118 3666 Christi
2145 3606 2438 3681 vicarius,
2464 3624 2593 3667 non
2631 3612 2841 3668 autem
2870 3608 3060 3685 Petri,
3089 3611 3196 3672 sed
3222 3631 3456 3676 succes-

1891 3715 2013 3759 sor.
2047 3698 2282 3759 Dicitur
2319 3698 2510 3760 etiam
2544 3698 2708 3760 solus
2734 3699 2961 3763 habere
2999 3702 3454 3782 plenitudinem

1889 3792 2210 3869 potestatis
2225 3836 2246 3867 ,
2294 3809 2429 3871 cap.
2483 3790 2589 3853 Ad
2620 3792 2896 3856 honorem
2911 3838 2932 3869 ,
2980 3794 3058 3857 de
3096 3798 3344 3862 Auctor.
3391 3807 3454 3863 et

1888 3901 2007 3944 usu
2032 3882 2230 3962 pallii,
2274 3888 2336 3944 et
2375 3901 2509 3962 cap.
2541 3882 2811 3960 Decreto,
2850 3887 2912 3960 2,
2948 3895 3163 3965 quaest.
3191 3893 3253 3967 6,
3285 3911 3452 3955 eam-

1890 3995 2012 4056 que
2033 3981 2403 4056 potestatem
2421 3973 2649 4036 habere
2672 3975 2894 4038 dicitur
2913 3996 3024 4056 per
3046 3981 3451 4062 principalem

1888 4074 2254 4149 potestatem
2290 4069 2615 4129 beatorum
2662 4069 2827 4129 Petri
2871 4076 2934 4130 et
2981 4072 3156 4134 Pauli
3200 4077 3268 4135 in
3309 4096 3444 4158 cap.

1888 4160 2002 4223 ult.
2032 4163 2071 4223 9
2090 4207 2112 4238 ,
2143 4165 2359 4241 quaest.
2391 4161 2450 4221 3.
2500 4160 2589 4220 Ac
2615 4159 2882 4239 denique
2906 4160 2985 4222 ob
3012 4163 3173 4226 hanc
3198 4185 3447 4232 causam

1889 4254 2049 4316 dixit
2072 4253 2316 4333 Agatho
2335 4242 2503 4333 Papa
2528 4252 2596 4314 in
2623 4271 2754 4333 cap.
2787 4252 2903 4317 Sic
2925 4274 3143 4334 omnes,
3173 4258 3443 4324 distinct.

1890 4349 1967 4409 19
2000 4363 2017 4407 :
2050 4347 2166 4411 Sic
2186 4364 2381 4408 omnes
2405 4345 2736 4409 sanctiones
2769 4344 3137 4427 Apostolicoe
3161 4355 3321 4416 sedis
3349 4374 3446 4419 ac-

1888 4440 2173 4517 cipiendoe
2197 4443 2339 4501 sunt
2362 4444 2649 4518 tanquam
2676 4438 2875 4518 ipsius
2902 4441 3098 4505 divini
3121 4445 3297 4508 Petri
3315 4467 3447 4513 voce

1888 4532 2154 4608 firmatoe
2185 4531 2331 4593 sint.
2375 4530 2513 4590 Alia
2536 4548 2614 4591 ex
2641 4530 2923 4591 Patribus
2946 4538 3007 4594 et
3045 4535 3329 4599 Conciliis
3353 4541 3443 4600 vi-

1889 4624 2024 4686 deri
2050 4630 2307 4704 possunt
2336 4624 2406 4684 in
2431 4623 2720 4684 Bellarm.
2751 4642 2960 4705 supra.
3057 4685 3064 4709 ,-

1969 4718 2070 4777 12.
2115 4717 2483 4778 Declaratur
2527 4715 2842 4778 conclusio.
2874 4752 2944 4763 —
2975 4720 3247 4801 Denique
3285 4726 3446 4788 veri-

1885 4813 1981 4869 tas
2016 4808 2148 4870 haec
2181 4808 2422 4869 ratione
2458 4806 2805 4869 declaratur
2844 4810 2913 4871 in
2951 4810 3117 4874 hunc
3150 4817 3402 4879 modum
3419 4866 3439 4895 ,

1893 4902 2043 4982 quia
2065 4901 2199 4962 haec
2223 4906 2491 4981 potestas
2525 4904 3009 4981 supernaturalis
3032 4898 3172 4986 est,
3216 4917 3280 4973 et
3304 4931 3446 4992 pro—

1895 4994 2034 5074 pria
2076 4994 2356 5056 Ecclesiae
2403 4992 2668 5072 Christi3
2721 5012 2871 5075 ergo
2908 4999 3067 5059 nulli
3115 5006 3444 5068 convenire

1893 5092 2117 5168 potest,
2166 5087 2289 5148 nisi
2335 5086 2437 5146 cui
2479 5085 2751 5148 Christus
2795 5089 2970 5150 illam
3014 5094 3293 5173 contulit,
3346 5098 3446 5160 vel

1891 5179 2128 5241 confert
2150 5195 2172 5256 ;
2207 5177 2314 5239 sed
2340 5195 2468 5238 non
2487 5178 2748 5240 contulit
2772 5185 2843 5239 ut
2867 5190 3162 5261 perpetuo
3190 5187 3445 5250 duratu-

1890 5277 2058 5348 ram‘,
2093 5271 2215 5330 nisi
2241 5271 2422 5330 Petro
2453 5285 2470 5329 ε
2506 5287 2654 5348 crgo
2682 5272 2845 5332 idem
2869 5273 3144 5335 Christus
3166 5284 3257 5338 est
3272 5325 3293 5355 ,
3338 5282 3447 5360 qui

1893 5382 2033 5427 eam
2071 5362 2307 5425 confert
2342 5363 2789 5426 successoribus
2829 5368 2982 5447 ejuS.
3014 5369 3185 5432 Sicut
3211 5374 3380 5433 enim
3408 5392 3447 5435 a

1892 5456 2196 5539 principio
2235 5455 2589 5536 dependens
2624 5455 2744 5519 fuit
2768 5476 2808 5520 a
2832 5460 3163 5524 donatione
3198 5463 3447 5545 Christi,

2968 5567 3050 5629 22
