3976 6219
906 373 1038 425 cAP.
1076 373 1202 425 XIV.
1239 372 1323 424 AN
1353 373 1458 425 JUS
1491 373 1822 425 NATURALE
1854 372 2089 424 MUTAm
2126 371 2245 421 VEL
2278 368 2657 430 DISPENSARI,
2693 368 2827 419 ETC.

270 473 360 540 sio
387 471 682 532 reddendi
714 471 892 547 illud,
923 478 993 532 ut
1037 478 1133 534 est
1178 472 1342 551 apud
1383 471 1824 550 Augustinum,

271 566 510 627 Psalmo
559 569 619 641 5,
654 574 715 628 et
757 567 1018 627 habetur
1062 567 1128 627 in
1171 565 1367 645 capite
1413 567 1513 629 Ne
1557 568 1716 645 quis,
1749 568 1828 626 22

268 660 604 738 quaestione
632 662 692 720 2.
721 660 1007 737 Idemque
1037 678 1177 720 cum
1208 659 1603 738 proportione
1633 663 1726 719 est
1753 660 1829 720 de

266 758 571 831 praecepto
623 752 890 813 naturali
939 752 1222 812 servandi
1272 758 1574 812 secretum
1608 773 1623 810 :
1677 770 1826 812 nam

264 853 569 906 secretum
597 851 687 906 est
715 847 889 925 quasi
915 846 1260 925 depositum
1282 846 1446 925 quod
1480 846 1825 906 custodien-

264 938 415 999 dum
453 940 658 1013 datur,
691 945 752 1000 et
790 941 1088 1019 accipitur
1117 942 1230 1000 sub
1270 940 1673 1020 promissione
1702 958 1825 1000 ser-

263 1032 449 1092 vandi
484 1032 617 1092 sine
653 1033 880 1092 damno
911 1039 972 1094 et
1010 1034 1239 1112 injuria
1278 1034 1486 1094 tertii:
1519 1051 1666 1093 nam
1694 1033 1825 1093 hoec

263 1123 529 1184 conditio
556 1126 897 1186 necessario
924 1125 1429 1203 subintelligitur,
1460 1131 1532 1185 ut
1567 1126 1822 1204 promis-

261 1217 351 1276 sio
387 1216 556 1277 licita
587 1218 686 1277 sit.
718 1218 1057 1296 Loquimur
1089 1225 1298 1279 autem
1329 1218 1405 1278 de
1438 1217 1706 1278 naturali
1735 1234 1826 1278 se-

262 1314 431 1369 creto
468 1324 484 1367 :
541 1328 691 1369 nam
749 1309 1024 1387 sigillum
1086 1309 1486 1370 confessionis
1540 1308 1824 1371 altiorem

261 1400 447 1462 habet
512 1401 977 1479 obligationem.
1037 1402 1311 1481 Denique
1370 1401 1538 1462 idem
1596 1407 1689 1462 est
1748 1401 1823 1462 de

260 1494 479 1573 quinto
505 1499 808 1574 praecepto
845 1494 1151 1573 Deralogi,
1179 1496 1334 1559 Ncm-
1356 1496 1597 1569 occides,
1630 1494 1817 1572 quod,

262 1592 334 1647 ut
373 1587 655 1648 naturale
701 1592 810 1660 est,
862 1587 1120 1647 includit
1164 1587 1373 1667 plures
1417 1586 1817 1663 conditiones,

261 1679 513 1756 scilicet,
545 1699 671 1742 non
697 1680 936 1741 occides
961 1681 1211 1760 propria
1235 1681 1594 1742 auctoritate
1623 1687 1685 1742 et
1711 1700 1818 1760 ag-

260 1773 615 1852 grediendo,
639 1774 713 1833 de
732 1772 954 1851 quibus
979 1774 1048 1832 in
1075 1792 1187 1833 sua
1210 1773 1469 1833 materia
1489 1774 1819 1835 dicendum

260 1871 352 1926 est
366 1911 387 1941 ,
428 1871 490 1925 et
532 1865 730 1944 capite
775 1865 1257 1945 decimo-quinto
1291 1865 1515 1945 ,aliqua
1556 1867 1821 1945 attinge·

255 1976 418 2017 mus.
449 1959 533 2017 De
566 1958 787 2017 ultimo
814 1975 963 2018 vero
986 1958 1290 2038 exemplo,
1315 1958 1480 2038 quod
1505 1957 1821 2020 obscurius

253 2054 369 2123 est,
402 2048 606 2108 dicam
641 2049 840 2128 capite
868 2050 1174 2129 sequenti.

333 2144 390 2201 9.
437 2140 532 2200 Ad
553 2140 862 2200 rationem
886 2143 1226 2220 respondeo
1249 2141 1633 2203 admittendo
1654 2144 1822 2205 simi-

247 2233 400 2293 litud
407 2233 574 2293 inem
599 2251 677 2293 ex
699 2234 1195 2295 conclusionibus
1216 2234 1483 2314 physicis
1506 2242 1819 2317 sumptam

247 2344 390 2387 cum
421 2326 839 2406 proportione.
872 2327 1030 2386 Nam
1048 2328 1494 2406 propositiones
1520 2329 1813 2409 physicae,

246 2418 389 2479 licet
437 2419 723 2479 dicantur
774 2419 1090 2479 interdum
1135 2419 1436 2497 deficere,
1488 2426 1697 2482 tamen
1747 2427 1817 2481 ut

247 2511 670 2573 conclusiones
718 2511 1068 2572 scientifica}
1113 2519 1258 2572 sunt
1301 2530 1429 2573 non
1479 2512 1809 2587 deficiunt,

246 2605 396 2683 quia
426 2609 499 2664 ut
524 2604 608 2665 sic
635 2622 760 2664 non
801 2604 1078 2667 absolute
1114 2604 1490 2682 inferuntur,
1534 2607 1640 2667 sed
1670 2622 1812 2666 cum

247 2699 641 2774 limitatione,
671 2700 886 2778 utique
913 2717 951 2759 a
980 2698 1205 2760 talibus
1231 2700 1428 2760 causis
1453 2719 1563 2781 per
1594 2719 1657 2762 se
1690 2700 1808 2764 hoc

249 2792 595 2873 provenire,
625 2792 746 2853 nisi
778 2792 1236 2872 impediantur;
1281 2799 1344 2854 et
1382 2794 1468 2854 sic
1511 2794 1698 2856 etiam
1741 2796 1809 2857 in

247 2886 535 2965 praesenti
584 2885 863 2946 naturale
911 2891 1287 2966 praeceptum
1336 2887 1435 2962 (ut
1483 2886 1634 2963 dixi)
1682 2907 1807 2948 non

251 2978 527 3055 absolute
559 2978 837 3057 praecipit
862 2979 928 3037 in
949 2978 1060 3038 tali
1082 2979 1364 3054 materia,
1389 2979 1561 3040 verbi
1584 2982 1806 3058 gratia,

250 3072 639 3134 reddendum
682 3078 774 3133 est
811 3072 1180 3152 depositum,
1224 3071 1330 3132 sed
1374 3072 1810 3136 subintellectis

248 3167 470 3227 debitis
496 3167 994 3241 circumstantiiS,
1019 3172 1090 3226 ut
1115 3167 1261 3226 satis
1288 3166 1657 3245 explicatum
1682 3174 1804 3229 est:

248 3261 450 3321 solum
478 3260 644 3321 enim
673 3259 790 3319 hoc
811 3259 994 3319 modo
1008 3259 1362 3320 inferuntur
1385 3260 1536 3320 tales
1566 3261 1809 3320 conclu-

246 3354 451 3414 siones
483 3351 825 3413 necessario
861 3371 939 3413 ex
971 3352 1286 3433 principiis
1313 3352 1717 3429 naturalibus,
1749 3359 1810 3415 et

247 3465 375 3507 non
408 3446 589 3507 aliter
616 3451 760 3511 sunt
797 3445 1104 3506 naturalia
1136 3452 1462 3526 proecepta,
1488 3446 1609 3507 nisi
1635 3453 1706 3507 ut
1732 3466 1809 3508 ex

244 3538 366 3599 illis
393 3539 710 3618 principiis
751 3538 1092 3600 necessario
1130 3539 1521 3618 colliguntur.
1557 3541 1634 3600 Et
1666 3540 1806 3601 ideo

245 3632 434 3693 etiam
462 3650 590 3691 non
616 3631 820 3692 obstat
849 3631 1013 3710 quod
1041 3632 1300 3691 materia
1328 3631 1408 3692 sit
1447 3632 1801 3693 mutabilis:

245 3742 391 3786 nam
431 3723 532 3784 lex
559 3724 861 3784 naturalis
900 3723 1195 3785 discernit
1222 3724 1699 3786 mutabilitatem
1735 3726 1804 3787 in

243 3818 379 3897 ipsa
406 3817 688 3892 materia,
714 3824 776 3877 et
790 3817 969 3895 juxta
996 3816 1168 3876 illam
1201 3817 1622 3878 accommodat
1648 3838 1804 3899 prae-

245 3916 460 3988 cepta:
508 3927 655 3970 nam
701 3908 935 3988 aliquid
978 3908 1251 3988 praecipit
1291 3910 1359 3969 in
1397 3910 1504 3970 illa
1543 3912 1803 3973 materia

243 4020 357 4081 pro
396 4021 522 4063 uno
548 4008 733 4078 statu,
768 4008 829 4063 et
855 4002 1023 4063 aliud
1058 4021 1169 4082 pro
1197 4001 1343 4077 alio,
1370 4008 1432 4063 et
1470 4003 1559 4063 ita
1582 4002 1714 4083 ipsa
1735 4004 1802 4064 in

244 4114 307 4157 se
349 4101 559 4156 manet
589 4114 830 4175 semper
854 4096 1206 4171 immutata,
1248 4095 1392 4155 licet
1434 4095 1638 4173 quoad
1664 4113 1805 4155 nos-

243 4194 408 4248 trum
430 4188 683 4249 modum
703 4189 997 4268 loquendi
1025 4193 1087 4248 et
1103 4206 1215 4267 per
1237 4186 1805 4247 denominationem

245 4282 653 4343 extrinsecam
686 4284 863 4361 quasi
885 4282 1114 4342 mutari
1142 4281 1443 4343 videatur.

325 4379 423 4437 10.
469 4374 572 4437 Aa
608 4376 708 4437 lex
733 4380 972 4437 naturoe
999 4376 1196 4453 possit
1229 4373 1414 4436 deleri
1437 4390 1477 4435 a
1509 4372 1809 4436 mentibus

243 4469 570 4542 hominum,
598 4485 669 4529 ao
689 4468 941 4546 proinde
972 4468 1065 4529 ita
1091 4467 1478 4529 mutationem
1504 4467 1810 4528 subire.—

242 4560 593 4639 Rexponsio.
629 4595 705 4604 —
732 4559 871 4620 Alia
915 4559 1241 4619 difficultas
1280 4557 1383 4618 hic
1426 4559 1804 4633 occurrebat,

245 4653 393 4732 quia
439 4651 685 4713 videtur
729 4652 829 4713 lex
875 4657 1112 4711 naturae
1152 4668 1329 4730 posse
1376 4650 1452 4711 de
1502 4650 1813 4711 mentibus

242 4745 576 4805 hominum
623 4743 852 4819 deleri,
902 4762 973 4804 ac
1021 4743 1281 4804 subinde
1329 4760 1456 4804 esse
1498 4743 1813 4804 mutabilis

242 4838 417 4917 quasi
443 4856 554 4917 per
578 4838 1029 4916 separationem
1057 4855 1095 4897 a
1116 4835 1412 4913 subject0,
1440 4835 1597 4897 sicut
1619 4837 1813 4897 scien-

244 4932 356 5006 tia,
387 4949 526 5010 quoe
555 4949 631 4991 ex
661 4936 834 5009 parte
862 4929 1086 5008 objecti
1115 4929 1521 4990 immutabilis
1541 4931 1816 4991 veritatis

244 5030 359 5100 est,
391 5024 459 5084 in
495 5024 769 5103 subJecto
797 5023 1107 5102 corrumpi
1136 5028 1334 5102 potest
1369 5041 1481 5102 per
1517 5042 1810 5085 errorem.

244 5116 365 5177 Sed
415 5116 548 5176 11ωο
591 5114 922 5176 difficultas
954 5120 1259 5194 quantum
1291 5116 1370 5175 ad
1413 5133 1548 5176 rem
1594 5117 1817 5177 attinet

243 5208 624 5269 sufficienter
651 5213 816 5267 tacta
854 5213 946 5268 est
971 5209 1157 5287 supra
1186 5208 1382 5285 capite
1422 5214 1660 5283 octavo,
1705 5209 1814 5268 ubi

245 5300 519 5360 diximus
573 5300 648 5360 de
693 5300 1045 5377 ignorantia
1095 5317 1232 5377 quae
1287 5300 1352 5360 in
1407 5300 1569 5361 hanc
1613 5301 1816 5380 legem

246 5392 466 5453 cadere
517 5397 737 5471 potest.
789 5393 1059 5453 Dicimus
1104 5409 1253 5469 ergo
1301 5391 1569 5452 breviter
1616 5393 1818 5470 legem

242 5484 411 5547 hanc
453 5503 582 5546 non
626 5503 802 5565 posse
849 5485 1106 5546 omnino
1151 5484 1342 5546 deleri
1389 5484 1466 5545 de
1507 5484 1819 5547 mentibus

3350 360 3465 419 435

1907 471 2272 532 hominum:
2313 469 2519 549 quoad
2550 469 2759 548 aliqua
2787 486 2934 528 vero
2963 470 3266 546 praecepta
3293 483 3467 544 posse

1910 565 2205 644 ignorari,
2237 571 2298 624 et
2333 565 2585 624 fortasse
2618 580 2741 621 non
2776 560 2853 620 ab
2884 558 3173 619 omnibus
3197 558 3466 618 homini-

1908 658 2042 720 buS.
2092 660 2249 718 Nam
2293 657 2437 718 licet
2477 655 2758 734 quaedam
2801 659 3014 731 gentes
3060 657 3268 711 errent
3307 651 3467 710 circa

1907 770 2106 811 unum
2150 755 2547 829 praeceptum,
2592 747 2728 806 aliae
2759 747 2923 806 circa
2966 743 3171 819 aliud3
3220 743 3465 802 nullum

1906 850 2116 905 tamen
2140 861 2266 903 esse
2290 843 2558 916 videtur,
2581 841 2743 920 quod
2767 858 2893 899 non
2916 837 3226 917 aliquibus
3248 836 3465 895 saltem

1904 936 2262 997 hominibus
2293 953 2403 1014 per
2440 935 2651 994 lumen
2693 932 2976 992 naturale
3013 929 3462 1002 manifestetur,

1906 1034 1966 1089 et
1988 1030 2104 1088 hoc
2126 1028 2274 1088 satis
2297 1032 2388 1089 est
2405 1033 2476 1087 ut
2498 1025 2855 1105 simpliciter
2871 1024 2989 1084 dici
3012 1023 3200 1102 possit
3222 1020 3467 1080 nullum

1905 1126 2280 1201 praeceptum
2302 1120 2581 1181 naturale
2608 1118 2881 1179 totaliter
2908 1115 3121 1191 deleri,
3148 1114 3336 1174 etiam
3357 1131 3467 1191 per

1905 1213 2345 1293 ignorantiam.
2365 1211 2541 1273 Addo
2567 1229 2715 1272 vero
2732 1229 2843 1290 per
2869 1226 3140 1270 errorem
3163 1206 3262 1268 vel
3290 1206 3467 1282 igno-

1903 1307 2172 1368 rantiam
2193 1325 2319 1367 non
2344 1306 2575 1365 mutari
2598 1305 2800 1383 legem
2824 1304 2890 1363 in
2911 1321 2999 1378 se,
3022 1300 3125 1362 sed
3147 1299 3460 1370 occultari,

1905 1419 2015 1461 seu
2058 1399 2304 1475 nesciri,
2347 1398 2513 1477 quod
2558 1397 2743 1475 longe
2776 1395 3087 1457 diversum
3128 1398 3242 1460 est.
3282 1393 3461 1466 Nam,

1902 1493 2045 1553 licet
2086 1491 2297 1552 omnia
2336 1495 2639 1571 praecepta
2666 1488 2821 1568 legis
2852 1486 3153 1549 naturalis
3193 1483 3319 1545 sint
3347 1485 3464 1543 im-

1903 1585 2248 1662 mutabilia,
2276 1603 2404 1645 non
2438 1589 2649 1644 tamen
2675 1582 2889 1643 omnia
2917 1586 3065 1641 sunt
3093 1596 3265 1657 aequc
3288 1582 3459 1653 nota,

1900 1685 1963 1741 et
1984 1679 2123 1741 ideo
2142 1677 2588 1739 inconveniens
2611 1695 2735 1737 non
2764 1681 2854 1737 est
2873 1680 2945 1736 ut
2961 1673 3171 1752 aliqua
3188 1667 3465 1750 ignorari

1898 1773 2155 1852 possint.
2180 1769 2317 1832 Alia
2345 1770 2672 1831 difficultas
2697 1769 2802 1829 hic
2821 1766 3087 1829 occurrit
3108 1764 3183 1825 de
3207 1760 3459 1842 epiikia,

1899 1884 2039 1944 quae
2080 1863 2328 1943 gravior
2365 1868 2477 1939 est,
2520 1868 2584 1923 et
2627 1861 2942 1942 propriam
2980 1855 3461 1937 disputationem

1899 1957 2183 2038 requirit,
2219 1973 2405 2035 quam
2444 1955 2609 2017 infra
2636 1955 2833 2035 capite
2861 1951 3301 2014 decimo-sexto
3336 1952 3460 2006 tra-

1901 2050 2139 2111 demus,

2460 2230 2707 2296 CAPUT
2745 2229 2903 2290 XIV.

1937 2435 2139 2482 UTRUM
2176 2434 2272 2481 ms
2304 2433 2618 2480 NATURALB
2654 2429 2883 2478 MUTARI
2923 2426 3041 2473 VEL
3077 2421 3419 2470 DISPBNSARI

2113 2529 2304 2574 Possm·
2343 2529 2457 2572 PER
2494 2525 2795 2573 RUMNAM
2833 2519 3237 2568 POTESTATEM.

1971 2712 2001 2769 1
2014 2754 2029 2770 .
2076 2707 2298 2770 Prima
2346 2706 2547 2785 opinio
2594 2702 2989 2767 asserentium
3018 2702 3134 2780 jus
3176 2700 3457 2762 naturale

1883 2819 2056 2881 posse
2093 2801 2162 2861 in
2188 2797 2561 2879 particulari
2593 2815 2706 2876 per
2739 2800 3087 2875 potestatem
3126 2795 3451 2856 humanam

1890 2893 2252 2973 dispensari.
2278 2925 2358 2938 —
2384 2891 2674 2966 Quamvis
2707 2891 2838 2952 haec
2875 2890 3131 2969 quaestio
3166 2889 3452 2949 videatur

1889 3006 1967 3048 ex
1985 2985 2352 3065 praecedenti
2372 2983 2648 3060 definita,
2664 2983 3071 3044 nihilominus
3084 3000 3211 3042 non
3229 2982 3453 3042 desunt

1890 3095 2109 3158 graves
2138 3077 2415 3139 doctores
2441 3076 2550 3157 qui
2577 3076 2855 3138 absolute
2882 3076 3093 3136 dicant
3121 3092 3294 3154 posse
3328 3073 3452 3134 dis-

1889 3172 2137 3252 pensari
2165 3171 2477 3231 Interdum
2504 3189 2615 3250 per
2647 3169 2966 3230 bominem
3004 3168 3070 3228 in
3095 3169 3237 3246 jure
3271 3174 3450 3227 natu-

1889 3265 2028 3340 rali,
2056 3263 2157 3326 vel
2200 3265 2436 3325 mutari
2466 3283 2576 3343 per
2604 3264 2708 3342 jus
2747 3263 3115 3334 humanum,
3152 3260 3252 3319 vel
3292 3277 3450 3337 gen-

1889 3357 2075 3432 tium,
2115 3355 2214 3418 vel
2265 3356 2463 3418 civile.
2510 3358 2645 3417 Non
2693 3354 2946 3435 quidem
2995 3352 3199 3433 quoad
3241 3352 3451 3414 omnia

1887 3450 2027 3528 jura
2071 3450 2415 3510 naturalia:
2457 3449 2732 3510 fatentur
2764 3448 2933 3507 enim
2972 3446 3132 3507 hanc
3159 3446 3450 3506 mutatio-

1887 3560 2033 3603 nem
2076 3561 2204 3603 non
2252 3542 2481 3604 habere
2518 3541 2721 3602 locum
2764 3542 2832 3602 in
2876 3540 3091 3620 primis
3133 3538 3450 3620 principiis

1878 3635 2040 3714 juris
2066 3640 2325 3711 naturae,
2366 3653 2481 3696 nec
2517 3634 2583 3694 in
2619 3632 3113 3695 conclusionibus
3149 3631 3271 3691 illis
3310 3651 3450 3711 pro-

1884 3728 2133 3808 pinquis
2172 3728 2249 3789 de
2283 3728 2507 3808 quibus
2550 3728 2829 3790 sentiunt
2865 3725 3193 3806 procedere
3238 3726 3450 3786 omnia

1885 3822 2048 3883 dicta
2083 3821 2149 3881 111
2183 3822 2482 3900 superiori
2510 3822 2747 3900 capite:
2783 3820 2982 3880 solum
3026 3837 3172 3896 ergo
3208 3819 3275 3878 in
3312 3818 3449 3897 qui-

1883 3914 2144 3975 busdam
2191 3913 2377 3974 rebus
2426 3932 2533 3973 seu
2582 3913 2902 3993 praeceptis
2948 3911 3149 3989 magis
3197 3912 3450 3971 remotis

1882 4008 2100 4068 dicunt
2123 4025 2298 4087 posse
2322 4006 2459 4067 fieri
2493 4005 2654 4066 hanc
2682 4004 3130 4066 mutationem:
3158 4023 3285 4065 non
3310 4004 3451 4064 uni-

1882 4099 2188 4160 versalem
2212 4116 2323 4177 per
2352 4097 2606 4156 modum
2647 4096 3087 4173 abrogationis,
3127 4096 3232 4157 sed
3260 4097 3451 4175 parti-

1887 4190 2157 4251 cularem
2186 4208 2297 4269 per
2328 4187 2583 4248 modum
2621 4188 3114 4266 dispensationis,
3144 4189 3246 4249 vel
3273 4190 3454 4250 dimi-

1887 4281 2183 4341 nutioniS.
2208 4283 2298 4341 Ita
2323 4297 2605 4359 expresse
2633 4279 2904 4343 declarat
2931 4279 3140 4340 Glossa
3158 4281 3227 4339 in
3251 4282 3449 4360 capite

1887 4375 1942 4438 A
1975 4375 2146 4437 nobis
2174 4375 2250 4435 de
2273 4373 2464 4448 Deci.,
2487 4374 2676 4433 verbo
2696 4374 3047 4452 Exemptos.
3077 4374 3246 4434 Idem
3268 4375 3456 4435 sentit

1888 4468 2098 4529 Glossa
2114 4467 2181 4527 in
2199 4466 2246 4527 1.
2264 4468 2343 4528 M
2337 4467 2635 4529 anumissi
2638 4484 2798 4543 ones,
2819 4467 2991 4528 verb.
3016 4467 3450 4543 Nasam-emim,

1893 4566 1955 4621 et
1994 4559 2203 4621 Glossa
2245 4563 2274 4620 1
2326 4560 2393 4619 in
2432 4559 2477 4620 l.
2510 4561 2637 4622 Jus
2673 4560 2867 4634 civile,
2899 4560 2965 4621 ff.
2997 4559 3074 4620 de
3109 4560 3359 4621 Justitia
3394 4568 3457 4623 et

1889 4654 2062 4714 Jure.
2096 4652 2387 4732 Sequitur
2413 4652 2618 4713 Abbas
2644 4653 2712 4713 in
2740 4653 2903 4714 dicto
2939 4655 3138 4734 capite
3172 4654 3229 4718 A
3260 4654 3451 4729 nobis,

1893 4765 1957 4806 n.
1985 4748 2049 4822 4,
2073 4746 2223 4807 etin
2252 4748 2451 4825 capite
2479 4745 2628 4809 Cum
2652 4751 2842 4822 tanto,
2863 4747 2938 4808 de
2958 4748 3272 4824 Consuet.,
3296 4767 3360 4809 n.
3392 4751 3453 4825 3,

1893 4844 1956 4900 et
1983 4858 2039 4899 c.
2075 4839 2220 4913 Quoe
2246 4841 2314 4900 in
2347 4839 2790 4915 Ecclesiarum,
2820 4840 2896 4900 de
2924 4841 3207 4917 Constit.,
3243 4860 3308 4901 n.
3350 4845 3451 4918 11,

1897 4930 2005 4991 ι1111
2029 4932 2217 4992 etiam
2246 4930 2469 5006 Felin.,
2496 4950 2559 4992 n.
2594 4933 2695 5008 26,
2722 4938 2784 4994 et
2805 4932 2893 4993 ibi
2913 4936 3230 4996 Innocent.
3262 4941 3325 4995 et
3349 4935 3458 4995 alii

1898 5025 2336 5086 commnnIter.
2364 5025 2677 5105 Copiosius
2702 5043 2850 5085 vero
2873 5031 2936 5087 et
2963 5026 3308 5086 distinctius
3335 5033 3460 5087 tra-

1897 5118 2054 5179 didit
2103 5117 2265 5176 hanc
2312 5117 2682 5176 sententiam
2738 5115 2957 5192 Angel.
3008 5116 3197 5176 verbo
3245 5118 3455 5196 Papa,

1897 5230 1962 5271 11.
1995 5214 2053 5285 1,
2074 5209 2182 5269 ubi
2204 5207 2549 5287 specialiter
2568 5207 2643 5267 de
2671 5206 2988 5286 pontificia
3008 5198 3461 5286 dispensatione

1897 5300 2196 5378 loquitur,
2221 5301 2530 5359 Navarrus
2557 5299 2745 5359 etiam
2774 5316 2938 5359 cons,
2969 5302 3031 5376 2,
3061 5301 3176 5374 Qui
3199 5300 3313 5361 filii
3336 5301 3460 5361 sint

1896 5393 2045 5471 legi,
2078 5411 2140 5452 n.
2174 5392 2237 5466 8,
2265 5391 2435 5467 dicit,
2466 5409 2640 5470 posse
2682 5392 2912 5470 Papam
2951 5393 3218 5454 limitare
3257 5394 3461 5472 legem

1900 5484 2247 5547 naturalem
2285 5489 2347 5545 et
2386 5483 2688 5561 divinam,
2717 5489 2780 5546 et
2807 5485 3161 5565 dispensare
3202 5487 3362 5548 circa
3388 5485 3463 5551 il-
