3976 6219
571 359 693 420 482

568 483 780 546 naum
807 469 917 527 aut
938 462 1287 545 principum
1322 469 1586 529 statuero
1617 470 1976 572 praesumat.
2011 466 2130 541 Qui

566 564 778 622 autem
803 557 1072 638 imponit
1094 575 1258 621 nova
1290 558 1553 639 pedagia
1587 576 1668 621 ex
1701 558 1766 621 vi
1800 564 2130 621 consuetu-

567 653 729 714 dinis
755 670 884 714 non
914 651 1235 734 praesumit
1258 651 1410 715 illa
1394 671 1716 734 imponere
1742 653 1880 715 sine
1918 658 2128 715 aucto-

566 744 1161 824 ritateregumvel
1200 745 1603 827 principum;
1648 744 2026 826 sedfflegu
2065 750 2129 808 et

567 838 890 922 praesumit
906 837 1099 903 talem
1119 839 1631 903 consuetudinem
1667 839 1744 902 in
1762 838 2133 902 auctoritato

567 950 788 1012 regum
823 950 966 995 essa
1003 931 1332 995 fimdamm
1338 948 1360 1011 3
1402 950 1556 1014 ergo
1592 951 1728 996 non
1763 938 1965 1014 potest
2005 932 2135 995 diei

565 1031 777 1107 aperte
800 1025 1134 1091 excludi-iu
1161 1025 1498 1106 sslotextm
1528 1045 1679 1107 ergo
1704 1026 1786 1090 ad
1810 1045 2132 1089 summu-t

565 1120 688 1182 dici
725 1120 954 1201 poterit
976 1118 1067 1183 ibi
1091 1139 1221 1185 non
1245 1120 1496 1202 probari
1514 1120 1706 1184 talem
1728 1120 2130 1183 consuetudi-

565 1231 713 1276 nem
754 1213 1068 1278 sufficeret.
1103 1214 1279 1290 Quod
1302 1221 1746 1295 argumentum
1765 1214 2132 1294 negativum

566 1325 644 1369 ex
673 1312 940 1388 utroque
966 1313 1142 1370 textu
1166 1308 1304 1370 leve
1330 1315 1445 1385 est,
1483 1316 1547 1371 et
1571 1314 1915 1389 utrumque
1934 1313 2130 1370 retor-

563 1400 740 1481 queri
766 1405 988 1482 potest.
1021 1400 1301 1464 Primum
1327 1400 1602 1482 quidem,
1631 1401 2130 1481 argumentando

562 1512 602 1555 a
626 1493 894 1574 paritate
911 1494 1198 1571 rationis,
1215 1500 1280 1557 et
1316 1494 1614 1575 negando.
1642 1494 1835 1557 talem
1874 1512 2130 1557 consue-

561 1586 848 1651 tudinem
859 1587 1119 1651 omnino
1137 1587 1366 1665 omitti,
1394 1587 1544 1668 quia
1567 1587 1640 1649 in
1658 1586 1853 1650 altera
1868 1586 2131 1648 includi-

565 1687 694 1758 tur,
711 1680 1497 1763 velinpotestaterfflum,
1524 1680 2130 1744 velineoncessione

564 1773 870 1855 Concilii3
887 1774 1060 1838 aliud
1085 1793 1259 1852 uero,
1277 1776 1428 1856 quia
1451 1781 1632 1837 actus
1648 1774 1938 1856 proprius
1957 1774 2130 1854 prin-

561 1868 738 1950 cipis,
781 1818 1946 1932 si'fltabinfieriorieximmemfiali
1983 1886 2130 1930 oon-

561 1962 914 2039 suetudine,
932 1968 1217 2025 censemi-
1245 1961 1386 2025 fieri
1422 1962 1790 2025 auctoritate
1801 1960 2124 2043 principis3

561 2056 669 2119 sed
694 2055 810 2118 illo
827 2062 1006 2120 tenta
1029 2054 1405 2137 approbatur
1419 2056 1730 2119 tribuum
1752 2073 1987 2118 novum
2017 2072 2128 2135 po-

560 2150 749 2213 situm
774 2150 1139 2213 auctoritate
1182 2150 1522 2231 principis3
1563 2167 1722 2230 ergo
1753 2154 1818 2210 et
1855 2147 2128 2229 positum

559 2263 639 2308 ex
658 2244 1102 2308 immemoriali
1117 2243 1584 2322 cousuetudine,
1609 2243 1759 2325 quia
1776 2241 1909 2305 haec
1926 2240 2126 2303 inelu-

558 2338 650 2400 dit
675 2337 1107 2400 auctoritatem
1135 2336 1458 2418 primipist

639 2433 739 2493 10.
782 2430 924 2493 Alio
968 2449 1119 2510 ergo
1147 2430 1341 2492 modo
1360 2446 1694 2510 possumus
1719 2427 1829 2490 illa
1870 2428 2014 2508 jura
2054 2428 2125 2490 in

557 2525 838 2589 favorem
855 2525 1045 2607 liuius
1058 2526 1379 2588 sententiae
1414 2524 1734 2600 inducere,
1759 2523 1948 2586 etiam
1974 2541 2129 2604 qua-

559 2624 742 2681 tenus
789 2619 1218 2681 auctoritatem
1262 2623 1516 2679 tantum
1545 2617 1904 2696 negativam
1932 2616 2129 2677 eonti-

556 2718 729 2774 nent.
762 2712 919 2786 Quia
945 2711 1120 2772 nulla
1147 2717 1414 2792 potestas
1438 2716 1637 2790 potest
1657 2728 1769 2816 per
1796 2714 2126 2769 consuetu·-

556 2804 893 2867 dinemseu
914 2804 1445 2884 praeaoriptionem
1462 2802 1726 2908 acquiri,
1746 2800 1871 2862 nisi
1891 2800 2123 2863 virtute

555 2897 822 2978 alicujus
836 2896 992 2977 legis
1039 2895 1264 2973 civilis,
1297 2900 1408 2958 aut
1431 2896 1782 2972 canonico3
1812 2893 1924 2955 sed·
1950 2893 2126 2956 milla

553 2991 697 3057 talis
722 2991 826 3054 lex
843 2997 935 3054 est
963 3009 1100 3071 quae
1117 2990 1221 3054 det
1241 2988 1674 3052 auctoritatem
1686 2986 2124 3068 praeseribendi

552 3085 717 3149 hane
739 3088 1120 3192 potestatem·
1135 3082 1497 3165 imponendi
1521 3081 1791 3144 tributa·
1821 3098 1979 3162 ergo
1995 3098 2124 3144 nan

553 3185 752 3261 potest
787 3178 1247 3259 praeoeriptione
1292 3177 1552 3258 acquiri
1584 3181 1647 3238 et
1673 3181 2124 3283 consequenter

555 3272 765 3334 nullus
790 3291 1076 3353 pmneeps
1111 3288 1559 3351 recognoscens
1581 3270 1962 3350 superiorem
2012 3288 2122 3350 po-

555 3372 674 3429 test
693 3368 862 3447 juste
901 3366 1014 3428 tali
1041 3371 1342 3447 potestate
1369 3365 1486 3441 uti,
1519 3370 1822 3444 praetextu
1866 3381 2123 3426 consue·

555 3460 812 3534 tudinis,
845 3461 1034 3522 etiam
1076 3458 1562 3519 immemorialis.
1610 3458 1808 3538 Major
1856 3462 2116 3534 constat,

555 3554 705 3633 quia
749 3552 1131 3632 praescriptio
1156 3569 1285 3611 non
1321 3555 1413 3610 est
1439 3550 1584 3630 jure
1604 3550 1874 3610 naturali
1925 3550 2123 3610 intro-

556 3647 764 3720 ducta,
781 3645 909 3705 imo
923 3641 1384 3722 quodammodo
1400 3641 1649 3702 videtur
1666 3641 1747 3702 ab
1764 3642 1871 3702 illa
1892 3641 2121 3703 discor-

556 3739 729 3814 dare,
757 3735 859 3797 vel
885 3734 1106 3796 saltem
1144 3733 1401 3795 omnino
1423 3733 1515 3794 illi
1536 3733 1681 3795 addi
1721 3749 1739 3795 ε
1769 3752 1886 3795 nec
1928 3734 2121 3797 etiam

555 3835 792 3894 constat
813 3847 943 3891 esse
960 3827 1037 3889 de
1054 3828 1198 3907 jure
1221 3828 1527 3907 gentium,
1556 3828 1705 3908 quia
1734 3845 1949 3890 omnes
1967 3846 2120 3907 gen-

551 3930 647 3987 tes
673 3922 782 3986 illa
819 3926 1107 3996 utuntur,
1147 3937 1348 3999 neque
1373 3920 1591 3982 eodem
1617 3920 1846 3983 modo:
1876 3927 2120 4001 oportet

555 4036 704 4098 ergo
747 4021 820 4078 ut
861 4014 1158 4077 fundetur
1200 4014 1270 4074 in
1306 4013 1450 4092 jure
1478 4013 1755 4075 humano
1787 4014 1979 4089 civili,
2019 4011 2120 4075 vel

491 4121 496 4127 ’
551 4110 849 4175 canonico
852 4154 874 4186 ,
902 4108 1054 4189 quia
1074 4107 1207 4170 sine
1230 4106 1594 4169 auctoritate
1617 4106 1775 4187 juris
1798 4124 1926 4168 non
1961 4111 2121 4168 esset

551 4201 953 4286 praescriptiO,
982 4201 1090 4264 sed
1135 4200 1353 4280 iniqua
1395 4200 1720 4306 usurpatio
1751 4199 1845 4261 rei
1871 4199 2113 4262 alienae.

551 4297 854 4360 Probatur
880 4313 1028 4375 ergo
1055 4293 1285 4370 minor,
1315 4292 1462 4373 quia
1495 4292 1669 4353 nulla
1689 4291 2008 4354 invenitur
2034 4292 2119 4354 ci-

546 4391 690 4454 vilis
715 4390 819 4452 lex
849 4405 987 4468 qum
1018 4385 1209 4448 talem
1234 4384 1758 4466 praescriptionem
1783 4384 2113 4465 approbet;

548 4500 755 4563 neque
781 4481 971 4543 etiam
997 4478 1337 4552 canoniea;
1339 4477 1507 4558 quia
1533 4495 1803 4539 mamma
1838 4477 1949 4538 illa
1993 4477 2119 4540 duo

547 4575 752 4657 capita
777 4589 967 4655 supra
987 4577 1280 4646 tractatam
1323 4576 1639 4633 ostensum
1679 4577 1891 4634 autem
1916 4577 2009 4633 est
2045 4572 2115 4633 in

545 4669 669 4731 illis
709 4667 872 4729 nihil
897 4667 976 4729 de
997 4665 1117 4727 has
1144 4664 1587 4726 consuetudine
1613 4665 1839 4740 caveri,
1872 4671 1935 4726 et
1962 4664 2116 4726 alio-

545 4761 654 4842 qui
693 4758 1066 4840 generaliter
1117 4756 1403 4818 damnari
1448 4757 1666 4818 omnia
1699 4756 1938 4819 tributa
1985 4775 2114 4819 non

545 4872 834 4918 concessa
857 4872 897 4915 a
925 4850 1199 4931 regibus,
1231 4850 1634 4931 principibus,
1662 4851 1764 4913 vel
1792 4850 2110 4929 Pontifice,

546 4965 657 5011 seu
678 4945 978 5022 Concilio,
1005 4950 1068 5007 et
1088 4945 1156 5006 in
1182 4949 1359 5006 textu
1386 4944 1676 5023 originali
1703 4943 1882 5006 Conc.
1906 4945 2108 5007 Later.

545 5039 670 5101 sul>
689 5039 864 5102 Alex.
889 5039 1000 5115 111,
1021 5055 1085 5118 p.
1119 5040 1180 5115 1,
1209 5055 1262 5100 c.
1291 5038 1394 5115 22,
1425 5035 1696 5113 additur,
1721 5041 1793 5100 ut
1816 5055 1981 5101 nomo
2005 5056 2116 5101 ou-

544 5134 679 5196 deae
708 5133 864 5197 talos
883 5133 1214 5197 modionas
1258 5136 1539 5209 statuere,
1589 5135 1698 5194 aut
1740 5135 2011 5195 statutas
2045 5132 2115 5196 do

540 5242 687 5289 novo
711 5230 924 5288 tonare.
943 5226 1100 5287 Item
1125 5224 1214 5286 ibi
1241 5225 1488 5287 videtur
1506 5223 1805 5305 postulari
1830 5224 1910 5285 ad
1924 5223 2114 5304 justi-

536 5318 700 5381 tiam
714 5316 1111 5393 tri-butomm,
1141 5323 1215 5379 ut
1243 5323 1488 5380 constet
1509 5318 1870 5380 auctoritate
1897 5335 2110 5397 supre-

537 5411 629 5472 mi
654 5409 958 5492 prinesp'ss
986 5428 1118 5471 esse
1161 5410 1472 5490 imposita,
1516 5410 1569 5470 si
1614 5410 1741 5471 sint
1775 5426 1962 5488 nova3
2004 5408 2107 5471 vel

1471 365 1589 418 Lm.
1624 364 1687 419 V.
1718 365 1800 418 ΒΕ
1830 364 2191 419 numum
2219 366 2432 421 maun
2462 366 2873 422 immanet.

2210 471 2339 543 tur,
2380 466 2435 528 si
2469 467 2596 529 sint
2619 467 2921 548 antiqua.
2953 467 3030 530 de
3053 468 3571 549 praesumptione
3610 476 3783 534 autem

2208 560 2309 622 vel
2333 561 2793 642 praescriptione
2826 580 2940 643 pro
2958 568 3257 643 potestate
3284 563 3691 643 imponendi
3711 564 3787 626 issa

2207 653 2451 716 nullum
2469 655 2557 716 ibi
2570 660 2664 717 est
2687 655 2971 718 verbum.
2993 657 3116 718 Nec
3137 657 3327 719 etiam
3351 656 3549 717 valet
3576 654 3781 736 aliquid

2207 753 2671 826 argumentum,
2716 748 2882 829 quod
2913 767 2953 810 a
2981 748 3171 811 simili
3203 748 3629 825 sumebatur,
3681 757 3783 812 tum

2208 840 2355 920 quia
2397 839 2530 902 haec
2571 841 2901 904 translatio
2921 843 3023 904 vel
3056 842 3383 924 usurpatio
3416 841 3635 903 alieni
3653 842 3780 922 iuris

2208 935 2849 1014 pet-consuetudinem
2874 936 3227 1014 odiosaoet,
3257 936 3512 999 etideo
3543 955 3676 997 non
3703 938 3779 999 de·

2208 1024 2316 1089 het
2361 1028 2637 1105 extendi,
2690 1029 2799 1091 sed
2838 1029 3170 1111 restrixigi3
3208 1034 3350 1091 tum
3402 1029 3625 1092 etim
3664 1032 3776 1110 quia

2209 1136 2338 1180 non
2366 1125 2459 1182 est
2494 1121 2955 1202 aequalisratio,
2984 1128 3497 1185 sumostensum
3542 1123 3774 1186 sithm

2207 1217 2577 1293 potestatem
2604 1234 2735 1279 esse
2766 1219 3106 1298 majorem;
3138 1224 3275 1279 tum
3320 1216 3623 1298 denique
3662 1220 3771 1299 qu’n

2208 1307 2589 1387 prescriptio
2612 1309 2755 1371 talis
2788 1311 3105 1391 potoemtis
3128 1311 3327 1373 multo
3350 1312 3581 1390 magis
3610 1319 3769 1391 potest

2208 1398 2426 1464 cedere
2445 1402 2515 1462 in
2540 1402 2881 1483 perniciem
2906 1404 3281 1486 reipublicae,
3310 1410 3380 1467 et
3412 1405 3579 1466 ideo
3607 1404 3769 1467 multo

2206 1494 2416 1556 minus
2442 1502 2642 1577 potest
2678 1498 2968 1577 praesumi
2994 1516 3034 1559 a
3072 1496 3471 1579 principibus
3500 1498 3767 1578 approha-

2205 1586 2300 1648 ri:
2334 1589 2874 1668 ergoubinonest
2895 1609 3181 1672 expressa
3203 1590 3767 1672 le1,nonlicetper

2208 1679 2405 1743 solam
2445 1684 2871 1763 conjecturam
2899 1683 3005 1747 ve}
3026 1684 3601 1766 aequipamtionem
3626 1684 3761 1746 illam

2210 1772 2523 1855 colligere.

2288 1870 2387 1931 11.
2414 1868 2915 1932 Eteonflnnatur
2940 1870 3081 1932 haee*
3098 1870 3258 1933 ratio
3285 1889 3367 1933 ex
3394 1870 3533 1933 afio
3565 1872 3756 1952 prinei·

2206 1959 2311 2040 pio
2356 1962 2896 2044 jurisperitorum3
2942 1981 3094 2025 nam
3134 1981 3210 2025 ea
3247 1982 3392 2045 qum
3440 1965 3539 2026 ita
3572 1982 3756 2025 conve·

2205 2054 2391 2116 niunt
2416 2073 2718 2136 suprema
2743 2057 3054 2137 potestati,
3069 2062 3140 2119 ut
3164 2057 3249 2119 ad
3262 2059 3595 2138 propriam
3626 2058 3752 2118 illim

2204 2147 2512 2210 rationem
2554 2151 2929 2230 pertineant,
2957 2168 3086 2212 non
3124 2158 3386 2231 possunt
3428 2170 3474 2213 a
3524 2150 3753 2212 subditis

2204 2242 2644 2304 consuetudine
2675 2242 3031 2323 proeseribiy
3052 2244 3162 2306 sed
3185 2244 3327 2305 talis
3382 2251 3481 2306 est
3519 2251 3749 2325 potestas

2205 2333 2567 2414 imponendi
2609 2335 2891 2398 tributa
2866 2382 2882 2398 .
2929 2355 3100 2416 ergo.
3152 2338 3351 2417 Major
3387 2337 3663 2398 habetur
3694 2354 3751 2396 ex

2207 2429 2526 2488 communi
2586 2429 2894 2490 sententia
2938 2429 3326 2509 jai-istarum,
3380 2430 3589 2506 hald„
3618 2431 3681 2490 in
3713 2430 3745 2488 l.

2210 2519 2536 2601 Comperit,
2567 2540 2620 2585 c.
2656 2521 2735 2585 de
2763 2524 3043 2599 Praeacr„
3070 2525 3172 2599 30,
3202 2529 3365 2602 ete.;
3407 2525 3594 2599 Pan„
3637 2541 3747 2602 cap

2209 2612 2573 2691 Cannabis,
2596 2620 2738 2678 etc.
2761 2568 3270 2692 Adandf’mtiam,
3301 2616 3685 2692 deProeser„
3703 2620 3747 2676 et

2202 2706 2866 2789 aliorumquosrefert
2901 2719 2971 2772 et
3004 2711 3276 2790 sequitur
3318 2710 3456 2771 (ζον.
3502 2710 3745 2787 ιιι-1183.

2202 2817 2485 2880 possess„
2517 2820 2583 2863 n.
2616 2803 2839 2879 sets,
2871 2803 3285 2879 etinPract.,
3316 2820 3373 2864 e.
3398 2805 3461 2878 A,
3502 2822 3569 2864 ιι.
3603 2806 3667 2879 1·
3693 2807 3743 2863 et

2201 2894 2467 2971 Velase„
2491 2895 2568 2957 de
2584 2897 2716 2960 Jur.
2748 2897 3071 2978 Emphyt„
3102 2916 3167 2977 q.
3197 2898 3260 2974 8,
3290 2916 3358 2957 n.
3380 2898 3477 2972 29,
3506 2903 3738 2974 etseqq.

2203 2987 2387 3067 Cujus
2410 2988 2570 3050 ratio
2591 3007 2630 3050 a
2653 2990 2848 3070 priori
2865 2996 2979 3068 est,
3003 2991 3157 3071 quia·
3175 2989 3421 3050 nullum
3429 2990 3521 3069 jus
3533 2988 3736 3050 huma-

2201 3098 2359 3144 num
2380 3081 2551 3145 favet
2583 3083 2696 3146 tali
2722 3084 3170 3166 prascriptioni
3191 3106 3212 3160 3
3244 3084 3374 3146 imo
3398 3083 3489 3146 illi
3511 3083 3731 3156 resistit,

2200 3182 2273 3237 ut
2299 3177 2526 3256 injure
2547 3178 2713 3240 civili
2733 3184 2970 3240 constat
2987 3197 3065 3240 ex
3086 3179 3256 3240 dicta
3273 3178 3320 3239 l.
3355 3176 3653 3257 Comperit,
3675 3180 3727 3236 ct

2198 3269 2431 3349 injure
2458 3271 2789 3352 Hispaniae,
2818 3273 2861 3335 l.
2896 3276 2956 3349 1,
2987 3273 3083 3334 tit.
3119 3272 3281 3349 15,1.
3317 3275 3360 3334 4
3385 3272 3563 3334 Novae
3584 3287 3724 3331 reco-

2200 3362 2404 3443 pilat.,
2437 3372 2500 3427 et
2527 3366 2694 3426 idem
2721 3366 2995 3427 sumitur
3019 3384 3098 3428 ex
3123 3366 3167 3427 l'.
3212 3368 3274 3442 5,
3323 3366 3425 3427 tit.
3459 3366 3554 3441 29,
3584 3382 3635 3443 p.
3666 3363 3712 3423 3.

2200 3454 2451 3517 Resistit
2485 3458 2675 3519 etiam
2703 3457 2810 3537 jus
2841 3459 3193 3535 Lusitaniae,
3229 3458 3272 3520 1.
3306 3460 3346 3520 Ξ
3378 3459 3602 3532 Ordin.,
3634 3455 3709 3515 tit.

2200 3548 2303 3624 26,
2332 3549 2401 3609 in
2442 3550 2666 3629 princ„
2702 3557 2764 3612 et
2806 3550 2843 3631 ἓ
2888 3553 2989 3612 15.
3035 3551 3452 3631 congruentia
3472 3568 3601 3613 vero
3623 3552 3706 3618 est.

2197 3642 2345 3723 quia
2373 3646 2661 3723 praesumi
2688 3663 2816 3706 non
2838 3652 3039 3727 potest
3058 3646 3402 3727 principem
3419 3642 3708 3707 consentire

2198 3735 2266 3795 in
2294 3735 2650 3815 hujusmodi
2674 3740 3155 3819 praescriptione,
3181 3740 3308 3801 imo
3335 3757 3451 3800 nec
3462 3740 3586 3817 jure
3601 3751 3706 3815 pos-

2198 3846 2287 3903 se,
2312 3830 2460 3910 quia
2502 3836 2659 3893 esset
2701 3831 2879 3893 valde
2923 3832 3268 3912 perniciosa
3310 3830 3624 3912 reipublicoe
3654 3829 3701 3886 et

2197 3921 2447 4002 ipsimet
2462 3924 2749 4004 principi,
2766 3925 2915 4004 quia
2937 3943 3013 3986 ex
3030 3931 3206 4006 parte
3224 3917 3693 4005 privareturmgia

2196 4022 2517 4096 potestate.
2540 4019 2744 4080 Minor
2760 4020 2910 4080 item
2935 4019 3271 4100 propositio
3299 4019 3369 4080 in
3392 4017 3692 4095 argumento

2197 4115 2446 4189 sumpta
2488 4110 2696 4190 colligi
2735 4116 2935 4191 potest
2959 4130 3037 4173 ex
3071 4112 3135 4172 d.
3169 4131 3223 4174 c.
3269 4113 3622 4179 lumem,
3651 4107 3695 4163 et
3832 4157 3833 4172 ,

2198 4200 2411 4282 Super
2440 4204 2815 4284 quibusdam,
2847 4210 3153 4286 quatenus
3187 4204 3412 4267 docent
3431 4205 3530 4283 jus
3552 4202 3686 4277 impo-

2197 4294 2387 4356 nendi
2414 4295 2646 4358 tributa
2672 4315 2804 4359 esse
2835 4304 3217 4360 reservatum
3242 4297 3380 4377 regi
3406 4303 3472 4358 et
3500 4298 3690 4373 impen-

2196 4388 2340 4464 tori,
2366 4407 2438 4451 ac
2471 4389 2776 4452 similibus
2806 4391 3192 4472 principibus
3219 4390 3541 4470 supremis,
3562 4392 3611 4448 et
3627 4399 3694 4444 eo-

2197 4479 2339 4543 dem
2354 4483 2537 4544 modo
2557 4484 2826 4545 sumitur
2841 4503 2921 4546 ex
2941 4485 2988 4548 l.
3022 4485 3375 4566 Vectiqaliffi
3397 4483 3465 4544 ff.
3487 4483 3555 4543 de
3569 4472 3699 4539 Publ-
3832 4563 3833 4578 χ

2194 4577 2259 4634 et
2274 4575 2484 4650 vecti„
2509 4574 2554 4636 l.
2585 4580 2644 4650 1,
2665 4595 2718 4639 c.
2736 4578 2888 4640 NoV.
2906 4579 3116 4654 vecti,
3134 4584 3197 4639 et
3222 4595 3300 4639 ex
3316 4576 3362 4638 1.
3390 4578 3453 4651 9,
3472 4575 3558 4636 tit.
3586 4573 3632 4646 7,
3650 4586 3696 4648 1>-

2194 4666 2624 4742 5,ubiGlossa
2667 4671 2709 4730 Ξ
2744 4675 2920 4733 notat
2960 4688 3090 4733 esse
3142 4670 3261 4733 hoc
3308 4686 3387 4731 ex
3430 4659 3703 4731 mservatis

2192 4777 2487 4841 principi.

2275 4855 2373 4915 12.
2421 4854 2541 4916 Sed
2568 4854 2726 4918 forte
2770 4858 2931 4920 dicet
2951 4857 3189 4965 aliquis
3223 4857 3396 4920 aliud
3422 4874 3548 4919 esse
3575 4846 3702 4933 quod

2192 4951 2367 5007 actus
2392 4947 2472 5008 sit
2496 4956 2842 5011 reservatus
2873 4951 3175 5032 principi,
3219 4950 3391 5011 aliud
3416 4967 3557 5011 vero
3577 4940 3702 5025 quod

2193 5039 2276 5100 sit
2299 5041 2475 5119 quasi
2499 5042 2575 5103 de
2604 5042 2941 5106 intrinseca
2965 5044 3205 5107 ratione
3230 5062 3533 5150 supremas
3550 5045 3704 5122 pot&

2192 5133 2337 5194 tatis
2356 5134 2512 5212 ejuS,
2538 5134 2640 5196 vel
2659 5135 2909 5215 signum
2929 5138 3107 5216 quasi
3124 5137 3470 5217 proprium,
3498 5141 3555 5198 et
3569 5126 3700 5212 quasi

2193 5227 2632 5306 potestativum
2671 5246 2974 5308 supremae
3014 5230 3389 5291 excellentiae
3429 5227 3600 5289 illius
3641 5221 3702 5281 De

2188 5318 2428 5381 actibus
2475 5337 2624 5399 ergo
2671 5321 2858 5401 hujus
2897 5323 3149 5383 secundi
3187 5323 3422 5384 ordinis
3466 5327 3555 5382 est
3592 5329 3699 5377 vera

2186 5411 2389 5490 prima
2422 5413 2783 5493 propositio,
2823 5432 2952 5476 non
2980 5433 3127 5477 vero
3154 5415 3233 5477 de
3265 5413 3509 5476 actibus
3533 5404 3699 5509 priorJS

536 5503 702 5584 quod
722 5520 804 5567 ex
832 5501 1274 5566 consuetudine
1304 5502 1743 5566 immemoriali
1769 5519 2106 5583 praesuma-
2182 5502 2461 5584 ordinis,
2518 5510 2589 5568 ut
2634 5505 2903 5588 probant
2953 5507 3221 5572 adducta
3270 5525 3388 5589 pro
3446 5497 3700 5571 contrari&
