3976 6219
280 609 431 654 nere
456 592 770 656 Christum
792 613 922 657 non
948 597 1150 660 solum
1170 609 1386 666 contra
1409 608 1849 673 conscientiam

280 702 433 759 oese,
463 685 572 748 sed
612 687 802 750 etiam
835 708 1024 769 grave
1065 703 1403 774 peccatum.
1448 700 1621 762 Facit
1656 703 1846 765 etiam

280 777 437 839 illud
465 779 676 843 Actor.
720 786 822 861 15,
864 785 973 846 ubi
1017 791 1423 868 apostolicum
1467 803 1845 878 praeceptum

278 869 626 936 abstinendi
670 893 709 936 a
753 879 1085 957 sanguine,
1134 889 1199 944 et
1239 886 1565 965 suffocato,
1614 895 1677 950 et
1720 889 1844 952 alia

276 973 582 1047 praecepta
616 970 844 1032 similia
880 981 1186 1038 vocantur
1224 982 1589 1059 necessaria,
1626 985 1842 1066 utique

276 1056 356 1118 ad
384 1059 671 1138 salutem,
699 1069 770 1123 ut
793 1064 1133 1145 Chrysost„
1162 1068 1334 1132 hom.
1366 1073 1469 1150 23,
1500 1080 1563 1135 et
1602 1075 1707 1136 alii
1734 1076 1843 1139 de-

276 1148 535 1213 clarant.
584 1155 962 1236 Praeceptum
995 1166 1205 1223 autem
1245 1165 1342 1243 cuj
1349 1183 1421 1225 us
1453 1166 1845 1233 observantia

275 1248 367 1304 est
384 1245 464 1306 ad
486 1244 751 1309 salutem
779 1252 1142 1328 necessaria,
1168 1255 1285 1317 sub
1307 1258 1557 1320 mortali
1583 1259 1836 1341 obligat.

275 1340 358 1397 At
383 1355 532 1400 vero
571 1347 948 1421 praeceptum
979 1344 1136 1406 illud
1171 1350 1503 1428 positivum
1537 1353 1724 1416 fuisse
1750 1355 1845 1417 illi

276 1432 542 1511 tempori
570 1437 1134 1516 accommodatum,
1151 1445 1458 1506 sententia
1475 1452 1566 1507 est
1588 1448 1658 1510 D.
1681 1448 1843 1509 Tho-

279 1539 419 1598 mae,
445 1542 508 1603 q.
537 1528 680 1603 103,
704 1535 821 1590 art.
849 1532 912 1606 4,
938 1550 1082 1593 cum
1104 1535 1265 1615 Aug.
1272 1581 1294 1612 ,
1318 1539 1396 1600 32
1413 1545 1577 1601 cont.
1602 1539 1836 1619 Faust.,

277 1633 413 1694 cap.
454 1619 547 1692 13,
592 1637 781 1697 quam
825 1622 988 1684 infra
1025 1627 1347 1689 tractando
1387 1630 1464 1692 de
1506 1635 1839 1697 cessatione

273 1706 571 1785 legalium
603 1710 787 1774 latius
814 1717 1249 1789 expendemus.
1273 1722 1572 1785 Praeterea
1602 1731 1842 1788 constat

271 1798 437 1878 leges
463 1803 897 1870 ecclesiasticas
924 1828 1084 1891 soepe
1105 1811 1255 1874 ferri
1287 1816 1402 1878 sub
1419 1820 1839 1881 excommuni-

271 1894 513 1957 catione
541 1901 785 1978 majori,
826 1908 887 1964 et
918 1904 1054 1984 ipso
1080 1905 1239 1969 facto
1266 1909 1675 1972 incurrenda:
1708 1932 1837 1975 non

271 1991 470 2064 potest
498 1996 709 2054 autem
728 1995 870 2057 talis
886 2003 1444 2065 excommunicatio
1461 2004 1695 2066 incurri
1718 2007 1837 2067 nisi

268 2095 379 2156 per
407 2081 656 2160 culpam
696 2090 1043 2168 mortalem,
1074 2099 1145 2155 ut
1185 2113 1262 2156 ex
1301 2098 1550 2176 propria
1576 2099 1837 2162 materia

268 2189 582 2252 suppon03
615 2174 764 2257 ergo
792 2189 1029 2245 certum
1062 2193 1153 2247 est
1178 2188 1332 2250 tales
1368 2190 1535 2269 leges
1561 2192 1836 2271 obligare

267 2264 338 2325 in
382 2269 777 2348 conscientia,
826 2294 970 2337 cum
1006 2283 1409 2360 transgressio
1451 2302 1667 2345 earum
1708 2304 1836 2347 non

267 2356 378 2419 fiat
406 2361 539 2423 sine
568 2366 744 2441 gravi
770 2367 971 2448 culpa.
1002 2372 1276 2453 Denique
1305 2382 1542 2438 constat
1567 2395 1645 2439 ex
1672 2397 1836 2440 com-

267 2452 450 2511 muni
487 2471 671 2516 sensu
712 2459 904 2520 totius
950 2463 1250 2542 Ecclesiae,
1296 2474 1358 2528 et
1401 2487 1479 2530 ex
1523 2472 1837 2533 communi

267 2542 551 2607 doctrina
584 2549 861 2628 Petrum,
887 2552 1054 2633 leges
1090 2558 1527 2621 ecclesiasticas
1554 2562 1631 2622 de
1666 2564 1836 2642 jeju-

265 2636 394 2697 niis
416 2644 479 2699 et
505 2644 821 2705 servandis
845 2645 1041 2724 festis,
1061 2663 1125 2710 et
1148 2651 1402 2728 similes,
1424 2653 1513 2713 ita
1533 2654 1831 2733 obligare,

267 2735 342 2789 ut
365 2736 768 2812 transgressio
790 2756 1008 2801 earum
1031 2743 1111 2802 sit
1129 2748 1472 2822 peccatum,
1495 2748 1836 2809 necessario

266 2821 336 2880 in
360 2825 742 2889 confessione
760 2832 1186 2910 aperiendum,
1208 2842 1271 2896 et
1290 2838 1398 2915 qui
1421 2838 1538 2899 hoc
1553 2845 1831 2917 negaret,

268 2912 453 2992 plane
477 2924 636 2979 esset
654 2919 977 2985 haereticus
987 2940 1009 3001 3
1031 2942 1181 3004 ergo
1197 2927 1351 2988 tales
1371 2928 1538 3007 leges
1556 2930 1836 3009 obligant

269 3005 347 3066 de
370 3027 434 3069 se
464 3010 581 3070 sub
609 3015 880 3092 mortali,
909 3035 1052 3078 cum
1080 3036 1296 3081 earum
1322 3023 1836 3100 transgressiones

269 3099 656 3183 voluntarias,
678 3114 977 3189 tanquam
1000 3114 1286 3175 mortalia
1306 3119 1576 3194 peccata,
1602 3116 1671 3176 in
1691 3135 1835 3178 con-

268 3190 531 3259 fessione
564 3201 909 3279 aperiendae
935 3204 1079 3265 sint.

351 3290 411 3348 5.
456 3289 682 3353 Contra
707 3293 873 3356 hanc
899 3297 1297 3360 assertionem
1326 3301 1630 3381 praecipue
1661 3300 1833 3382 loqui

268 3379 513 3444 videtur
556 3384 790 3447 Gerson
821 3386 957 3449 loco
1006 3390 1294 3470 allegato,
1334 3390 1444 3452 uhi
1490 3394 1722 3455 indicat
1763 3396 1831 3456 in

264 3474 574 3553 praedictis
621 3477 863 3558 legibus
907 3489 969 3543 et
1016 3484 1338 3564 exemplis,
1386 3486 1580 3548 solam
1629 3486 1829 3567 legem

263 3566 543 3631 divinam
590 3590 720 3635 esse
755 3592 894 3653 quae
940 3575 1174 3656 obligat
1208 3578 1286 3639 ad
1318 3578 1508 3641 talem
1546 3579 1791 3660 culpam
1804 3597 1827 3659 3

263 3659 737 3725 ecclesiasticam
752 3672 962 3728 autem
974 3668 1178 3748 legem
1191 3668 1392 3730 solum
1407 3671 1827 3751 interpretari,

263 3759 330 3814 et
355 3771 697 3834 proponere
721 3758 901 3820 nobis
916 3766 1196 3842 tempora
1221 3767 1284 3823 et
1309 3762 1824 3843 circumstantias,

259 3860 408 3907 cum
430 3847 651 3927 quibus
669 3848 771 3911 lex
792 3850 1004 3913 divina
1026 3853 1280 3933 obligat,
1302 3861 1371 3916 ut
1387 3861 1559 3935 patet
1583 3856 1652 3917 in
1672 3875 1828 3936 proe-

256 3943 437 4017 cepto
454 3940 874 4020 confessionis,
896 3946 997 4007 vel
1018 3948 1499 4023 communionis,
1519 3954 1582 4008 et
1608 3949 1824 4011 eodem

255 4030 447 4093 modo
473 4035 727 4114 exponit
753 4042 1061 4117 praecepta
1098 4038 1338 4114 orandi,
1363 4039 1656 4101 audiendi
1683 4042 1824 4102 Mis-

253 4140 415 4200 sam,
442 4130 505 4187 et
530 4127 781 4189 similia.
809 4129 928 4190 Sed
952 4128 1091 4206 hoc,
1116 4129 1499 4191 intellectum
1528 4138 1598 4192 ut
1620 4139 1819 4210 sonat,

249 4216 429 4277 nulla
448 4220 688 4280 ratione
715 4221 1007 4282 sustineri
1030 4227 1228 4300 potest
1251 4238 1267 4282 z
1293 4226 1430 4282 tum
1451 4223 1597 4303 quia
1618 4224 1823 4286 Eccle-

252 4308 350 4369 sia
376 4328 536 4390 saepe
576 4312 882 4390 prohibet,
914 4314 1102 4375 etiam
1135 4313 1252 4375 sub
1284 4332 1545 4377 censura
1577 4334 1822 4379 excom-

251 4402 718 4479 municationis,
746 4422 845 4466 res
884 4405 1117 4487 alioqui
1146 4408 1238 4468 ita
1274 4407 1718 4487 indifferentes,
1749 4415 1822 4471 ut

251 4511 385 4555 non
429 4503 630 4558 aesent
679 4496 883 4575 malae,
934 4500 1057 4561 nisi
1106 4506 1311 4563 essent
1343 4501 1704 4581 prohibitas,
1747 4508 1822 4563 ut

249 4587 573 4652 comedere
595 4608 810 4653 carnes
826 4591 937 4653 tali
953 4598 1252 4673 tempore,
1275 4594 1489 4657 audire
1508 4596 1615 4675 jus
1635 4595 1819 4658 civile

251 4679 524 4758 clericos,
570 4682 671 4745 vel
714 4685 1074 4762 monachos,
1117 4692 1178 4747 et
1222 4686 1448 4748 similia
1458 4709 1477 4762 3
1509 4705 1656 4766 ergo
1688 4706 1817 4750 non

251 4773 456 4835 solum
473 4774 882 4854 probibentur
899 4778 1174 4858 graviter
1194 4780 1398 4859 quoad
1418 4779 1817 4842 circumstan-

248 4866 408 4927 tiam
453 4866 747 4947 aliquam,
790 4870 900 4932 sed
931 4871 1120 4933 etiam
1161 4871 1365 4951 quoad
1407 4871 1815 4934 substantiam

251 4965 347 5035 (ut
373 4960 461 5021 sic
488 4961 715 5041 dicam)
736 4978 752 5023 ε
777 4969 914 5027 tum
935 4965 1121 5027 etiam
1141 4965 1290 5045 quia
1315 4965 1385 5027 in
1409 4966 1481 5026 iis
1500 4984 1640 5045 quas
1661 4984 1815 5045 prae-

245 5052 591 5131 cipiuntur,
620 5055 1092 5118 determinando
1115 5063 1380 5137 tempus,
1406 5056 1506 5119 vel
1532 5058 1810 5135 modum,

244 5146 457 5224 plures
507 5153 678 5210 actus
740 5151 1179 5229 praecipiuntur
1241 5150 1343 5212 vel
1407 5150 1815 5231 prohibentur

243 5237 412 5298 dicto
440 5240 624 5301 modo
650 5259 728 5303 ex
758 5242 821 5303 vi
841 5243 998 5321 juris
1024 5242 1434 5320 ecclesiastici,
1460 5261 1648 5324 quam
1669 5245 1813 5323 jure

244 5331 463 5392 divino
517 5336 1030 5414 praeciperentur,
1079 5342 1152 5397 ut
1198 5341 1435 5398 constat
1483 5343 1692 5416 aperte
1745 5337 1814 5397 in

243 5430 554 5505 praecepto
581 5428 873 5489 audiendi
895 5430 1143 5491 Missam
1173 5428 1432 5507 singulis
1453 5429 1667 5490 diebus
1695 5429 1814 5490 fes·

242 5517 350 5593 tis,
397 5523 460 5579 et
498 5519 565 5580 in
607 5527 914 5603 praecepto
955 5522 1316 5586 clericorum
1357 5521 1435 5585 de
1481 5522 1815 5585 recitandis

647 5639 710 5687 V.

2456 565 2479 596 2

1927 608 2225 688 obligatio
2247 611 2362 672 sub
2389 613 2639 674 mortali
2661 614 2740 675 ad
2766 613 3039 693 singulos
3061 620 3234 676 actus
3253 634 3489 696 graves,

1924 707 1998 763 ut
2014 703 2093 763 ad
2116 704 2363 766 Missam
2388 705 2760 767 audiendam
2780 706 3039 784 singulis
3061 706 3275 770 diebus
3297 709 3489 788 festis,

1916 795 2330 875 jejunandum
2345 797 2606 876 singulis
2620 797 2835 860 diebus
2850 798 3206 878 designatiS,
3229 806 3291 862 et
3305 803 3384 863 ad
3398 821 3493 865 re-

1922 888 2241 950 citandum
2260 890 2521 969 singulis
2547 890 2763 952 diebus
2788 891 3060 952 officium
3086 896 3451 956 canonicum
3468 942 3489 973 ,

1922 987 2076 1061 etc.;
2113 989 2246 1043 tum
2270 983 2537 1064 denique
2565 983 2713 1064 quia
2733 983 2835 1044 lex
2858 983 3261 1047 ecclesiastica
3290 993 3493 1066 potest

1919 1072 2010 1135 ita
2032 1074 2448 1139 determinare
2473 1082 2740 1155 tempus,
2780 1075 2880 1136 vel
2921 1077 3135 1137 modos
3167 1079 3491 1140 exercendi

1924 1172 2095 1228 actus
2131 1168 2275 1247 jure
2320 1169 2591 1230 naturali
2630 1168 2728 1230 vel
2769 1167 2982 1229 divino
3022 1177 3377 1250 praeceptos,
3417 1179 3490 1234 ut

1923 1264 2097 1321 actus
2142 1266 2355 1322 contra
2399 1261 2594 1322 solam
2633 1260 2838 1339 legem
2881 1259 3191 1338 Ecclesiae,
3238 1269 3490 1343 propter

1922 1352 2318 1415 omissionem
2344 1354 2412 1413 in
2438 1352 2546 1414 illa
2574 1354 3038 1415 circumstantia
3061 1354 3142 1415 sit
3167 1362 3487 1434 peccatum

1921 1444 2184 1506 mortale
2194 1462 2215 1524 3
2247 1463 2393 1525 ergo
2424 1445 2782 1525 simpliciter
2811 1451 3009 1525 potest
3033 1445 3298 1508 Ecclesia
3330 1466 3489 1528 prae-

1920 1538 2121 1618 cipere
2150 1539 2267 1599 sub
2295 1537 2547 1599 mortali
2569 1542 2778 1600 actum
2799 1538 3153 1615 honestum,
3178 1541 3332 1602 alias
3357 1559 3486 1603 non

1922 1632 2359 1706 necessarium,
2389 1631 2441 1691 si
2469 1631 2538 1691 in
2561 1630 2672 1691 tali
2709 1630 2848 1709 lege
2875 1638 3245 1693 concurrant
3278 1652 3486 1696 neces-

1922 1722 2070 1783 sitas
2087 1723 2187 1784 vel
2207 1722 2464 1798 utilitas,
2486 1728 2548 1783 et
2568 1723 2705 1784 aliae
2725 1722 3106 1784 conditiones
3123 1727 3485 1788 necessariae

1917 1814 1997 1874 ad
2012 1815 2242 1893 justam
2262 1815 2488 1894 legem.
2510 1815 2892 1877 Antecedens
2908 1823 3078 1896 patet
3095 1817 3161 1876 in
3180 1825 3484 1898 proecepto

1917 1908 2316 1970 confessionis
2346 1927 2572 1970 annuae
2600 1924 2616 1968 ι
2642 1927 2791 1969 nam
2818 1909 2871 1970 si
2905 1911 3046 1989 quis
3071 1927 3210 1971 eam
3236 1913 3486 1975 omittat

1918 2000 2127 2061 animo
2161 2007 2223 2062 et
2254 2002 2565 2081 proposito
2587 2002 2922 2063 confitendi
2939 2002 3062 2063 alio
3086 2008 3361 2085 tempore
3384 2025 3483 2067 ar-

1915 2091 2195 2168 bitrario,
2228 2095 2295 2155 in
2322 2112 2446 2173 quo
2465 2094 2572 2172 jus
2599 2094 2888 2155 divinum
2924 2113 3036 2175 per
3063 2113 3127 2156 se
3154 2095 3480 2176 obligaret,

1915 2184 2324 2246 nihilominus
2346 2186 2623 2265 peccabit
2649 2187 3012 2263 mortaliter,
3038 2193 3109 2248 ut
3137 2195 3376 2251 constat
3404 2210 3482 2252 ex

1915 2279 2233 2338 communi
2261 2277 3080 2359 senschclesiae,quiainre
3096 2280 3277 2343 valde
3305 2285 3482 2361 gravi

1913 2371 2369 2450 transgreditur
2411 2372 2653 2450 justum
2701 2379 3073 2452 praeceptum
3121 2375 3481 2437 ecclesiasti-

1915 2480 2084 2540 cum,
2114 2463 2262 2524 licet
2299 2465 2368 2524 in
2407 2465 2614 2545 rigore
2641 2481 2769 2525 non
2808 2467 3297 2545 transgrediatur
3324 2469 3482 2530 divi-

1914 2572 2093 2616 num.
2126 2556 2415 2635 Idemque
2448 2562 2539 2617 est
2579 2557 2648 2615 in
2679 2564 2984 2637 praecepto
3014 2559 3289 2620 solvendi
3318 2561 3482 2623 deci-

1915 2664 2071 2723 mas,
2123 2649 2177 2709 si
2226 2650 2365 2728 quis
2410 2650 2899 2728 transgrediatur
2947 2650 3152 2730 legem
3198 2652 3482 2716 Ecclesiae

1913 2739 2120 2819 quoad
2145 2747 2425 2820 quotam,
2445 2741 2656 2802 volens
2681 2740 2804 2801 alio
2832 2742 3017 2802 modo
3039 2743 3299 2822 implere
3326 2745 3483 2807 divi-

1912 2848 2062 2891 nam
2090 2831 2292 2911 legem
2329 2833 2407 2895 de
2435 2832 2864 2916 ministrorum
2908 2835 3374 2912 sustentatione,
3418 2844 3482 2899 et

1914 2924 2002 2985 sic
2051 2925 2129 2986 de
2177 2927 2505 2988 similibus.
2556 2927 3006 3006 Consequentia
3052 2934 3264 2990 autem
3313 2931 3481 3010 prior

1913 3016 2213 3094 probatur
2234 3037 2312 3079 ex
2338 3019 2599 3099 paritate
2624 3019 2904 3096 rationiS,
2929 3013 3066 3100 quoe
3093 3039 3222 3082 non
3243 3028 3337 3083 est
3361 3025 3480 3084 mi-

1912 3127 2032 3170 nor
2068 3111 2134 3170 in
2174 3112 2313 3173 aliis
2334 3113 2569 3176 actibus
2600 3112 2896 3192 honestis,
2930 3133 3122 3196 quam
3142 3116 3212 3178 in
3236 3117 3335 3178 his
3362 3120 3478 3180 cir-

1911 3204 2322 3265 cumstantiis.

1993 3296 2054 3354 6.
2097 3296 2272 3369 Quod
2321 3297 2374 3357 si
2418 3298 2650 3360 Gerson
2680 3299 2882 3360 solum
2931 3299 3280 3365 intenderet
3316 3324 3476 3368 nun-

1910 3402 2101 3464 quam
2131 3388 2380 3469 praecipi
2423 3390 2503 3451 ab
2545 3391 2815 3453 Ecclesia
2859 3396 3067 3452 actum
3114 3392 3471 3475 honestum,

1909 3478 2021 3556 qui
2042 3479 2252 3559 aliquo
2280 3482 2465 3544 modo
2491 3501 2621 3544 non
2647 3486 2727 3545 sit
2744 3484 2887 3563 jure
2915 3483 3149 3561 divino,
3172 3488 3271 3548 vel
3292 3496 3474 3551 natu-

1908 3569 2026 3630 rali
2052 3578 2426 3653 praeceptum
2468 3576 2686 3637 saltem
2717 3577 2786 3637 in
2812 3576 3113 3655 generali,
3148 3585 3212 3640 et
3238 3580 3476 3643 abstra-

1907 3660 2114 3725 hendo
2144 3683 2184 3725 a
2208 3666 2618 3729 determinato
2645 3669 2852 3744 modo,
2881 3674 2945 3731 et
2970 3670 3468 3752 circumstantiis,

1907 3760 1970 3816 et
1996 3756 2137 3819 ideo
2165 3759 2316 3820 talia
2336 3766 2643 3842 praecepta
2659 3760 2947 3823 Ecclesiae
2974 3779 3219 3842 semper
3244 3765 3364 3825 niti
3401 3766 3470 3827 in

1898 3848 2045 3927 jure
2086 3850 2321 3929 divino,
2372 3854 2473 3915 vel
2512 3854 2812 3930 naturali3
2842 3872 2972 3916 non
2997 3862 3158 3917 esset
3202 3857 3470 3919 multum

1905 3958 2051 4001 cum
2095 3960 2170 4004 eo
2225 3944 2747 4019 contendendum,
2780 3946 2928 4024 quia
2970 3947 3039 4005 in
3085 3946 3249 4007 bono
3285 3967 3470 4011 sensu

1903 4041 2107 4112 posset
2122 4034 2189 4095 id
2210 4036 2477 4097 admitti.
2494 4038 2651 4098 Nam
2669 4043 2734 4098 et
2746 4038 2816 4097 D.
2846 4037 3067 4097 Thom.
3095 4037 3224 4100 fere
3251 4040 3468 4103 eodem

1901 4125 2087 4186 modo
2122 4125 2400 4206 loquitur
2439 4130 2501 4188 2.
2540 4130 2603 4203 2,
2649 4134 2862 4208 quaest.
2900 4126 3043 4205 147,
3089 4136 3207 4190 art.
3242 4133 3301 4192 3.
3345 4133 3466 4194 Sed

1900 4232 2030 4277 non
2059 4217 2263 4280 obstat
2289 4220 2622 4299 quominus
2648 4219 3007 4299 simpliciter
3027 4238 3249 4283 verum
3278 4224 3358 4284 sit
3381 4224 3468 4287 le-

1900 4326 2045 4390 gem
2072 4311 2543 4374 ecclesiasticam
2564 4311 2839 4391 obligare
2864 4311 2980 4373 sub
2993 4313 3279 4393 mortali3
3307 4316 3465 4380 sicut

1900 4404 2088 4465 etiam
2101 4404 2336 4484 obligat
2351 4403 2454 4465 lex
2475 4404 2738 4484 positiva
2755 4404 2992 4481 divina,
3010 4407 3295 4485 quamvis
3311 4426 3465 4487 prae-

1899 4502 2076 4576 cepta
2097 4498 2230 4578 ejus
2247 4498 2373 4558 sint
2389 4498 2578 4559 etiam
2604 4496 2891 4577 quoedam
2914 4497 3463 4564 determinationes

1897 4588 2053 4668 legis
2091 4591 2413 4652 naturalis.
2462 4591 2673 4669 Neque
2722 4590 2793 4650 in
2838 4589 2957 4651 hoc
3000 4597 3092 4653 est
3131 4593 3207 4654 de
3256 4594 3461 4655 verbis

1896 4684 2420 4759 contendendum,
2456 4701 2599 4744 cum
2645 4684 2791 4744 satis
2823 4683 2892 4743 in
2918 4685 3334 4763 superioribus
3361 4705 3460 4749 os-

1893 4781 2144 4837 tensum
2188 4775 2745 4856 sibobligationem
2791 4775 3211 4840 humanarum
3240 4779 3457 4859 legum

1894 4868 2253 4931 immediate
2271 4870 2423 4930 oriri
2447 4885 2523 4931 ex
2548 4869 2828 4931 humana
2843 4870 3182 4948 voluntate,
3207 4889 3320 4951 per
3347 4891 3457 4953 po-

1891 4967 2176 5024 testatem
2193 4981 2233 5023 a
2246 4964 2371 5024 Deo
2389 4961 2621 5038 datam,
2656 4981 2795 5043 quae
2826 4969 3094 5042 potestas
3117 4965 3367 5043 speciali
3394 4972 3458 5028 et

1892 5054 2099 5116 altiori
2124 5056 2307 5116 modo
2344 5055 2489 5117 data
2531 5061 2624 5117 est
2650 5054 3037 5135 Principibus
3056 5055 3366 5134 Ecclesioe,
3392 5064 3456 5120 et

1891 5147 2001 5208 illa
2045 5154 2303 5210 utuntur
2351 5166 2461 5228 per
2504 5148 2846 5209 humanam
2877 5147 3261 5210 voluntatem
3287 5149 3455 5229 leges

1891 5240 2170 5316 ferend0,
2216 5246 2279 5302 et
2308 5240 2447 5301 ideo
2488 5246 2727 5302 certum
2773 5244 2867 5301 est
2897 5238 3085 5299 talem
3132 5239 3456 5320 obligatio-

1893 5351 2041 5395 nem
2082 5334 2229 5394 oriri
2259 5351 2337 5393 ex
2364 5333 2497 5393 istis
2536 5332 2800 5410 legibus,
2835 5337 2906 5392 ut
2944 5332 3236 5394 humanae
3268 5343 3414 5397 sunt
3427 5352 3450 5414 ς

1891 5427 1982 5487 ita
2008 5426 2178 5488 enim
2205 5425 2480 5505 loquitur
2516 5424 2687 5486 Paul.
2729 5427 2759 5484 1
2788 5424 2869 5484 ad
2896 5426 3032 5487 Cor.
3065 5426 3125 5499 7,
3154 5426 3305 5487 dum
3334 5428 3455 5487 dis·-

1893 5521 2125 5601 tinguit
2155 5519 2439 5603 quaedam
2476 5536 2615 5599 quae
2644 5517 3148 5599 proponebantur
3184 5524 3256 5579 ut
3299 5537 3455 5601 prae-
