3976 6219
756 439 891 491 CAP.
926 439 988 490 X.
1025 438 1236 491 UTRUM
1268 437 1391 490 LEx
1419 435 1770 490 NATURALIS
1803 434 2063 486 OBLIGET
2096 434 2219 485 NON
2253 434 2453 486 soum
2485 435 2569 486 An
2602 434 2828 496 ACTUM,
2864 433 2999 485 ETC.

276 538 575 599 naturalis
618 540 1038 618 temperantiae
1087 557 1212 599 non
1271 540 1541 600 excedat.
1598 538 1830 598 Omissa

278 649 422 709 ergo
451 631 558 691 illa
582 632 933 691 conditione
954 632 1021 690 in
1040 650 1160 709 qua
1180 631 1349 691 nulla
1369 637 1457 691 est
1484 629 1830 702 difficultaS,

279 722 354 782 de
396 723 652 800 reliquis
691 723 991 798 dicemus,
1030 725 1175 802 quia
1206 723 1442 783 nullam
1480 720 1837 782 declaratio-

279 833 426 875 nem
453 817 801 895 requirunt.

356 911 415 968 4.
467 909 688 969 Prima
714 909 1292 971 asserum—Modus
1323 908 1605 988 operandi
1632 906 1837 968 volun-

274 1000 433 1060 tarie
459 1002 620 1061 cadit
665 1001 770 1061 sub
812 1006 1173 1078 proecepcum
1214 1002 1368 1081 ἱερὰς
1413 1000 1745 1073 naturalis,
1784 1003 1838 1060 et

271 1092 644 1153 necessarius
673 1097 759 1153 est
788 1094 868 1152 ad
895 1092 1068 1155 illius
1101 1091 1836 1155 observationem—Dico

275 1201 421 1261 ergo
467 1185 668 1263 primo
695 1202 710 1245 :
742 1184 958 1245 Modus
985 1185 1331 1246 voluntarie
1356 1185 1678 1265 operandi,
1727 1182 1841 1243 sub

274 1282 647 1355 praeceptum
675 1277 829 1354 legis
853 1276 1150 1337 naturalis
1177 1278 1364 1353 cadit,
1391 1284 1453 1337 et
1474 1277 1614 1338 ideo
1633 1295 1841 1337 neces-

274 1368 471 1427 sarius
500 1375 612 1443 est,
643 1375 712 1428 ut
738 1368 838 1428 lex
869 1369 1169 1429 naturalis
1196 1376 1492 1430 servetur.
1532 1372 1620 1429 Ita
1663 1370 1842 1429 docet

275 1460 345 1518 D.
384 1460 677 1533 Thomas,
701 1461 846 1519 dict
890 1466 1006 1521 art.
1035 1463 1098 1534 9,
1126 1467 1188 1522 et
1209 1462 1296 1521 ibi
1324 1479 1557 1522 010005.
1594 1464 1671 1522 Εῖ
1699 1479 1840 1540 pro-

275 1549 481 1624 batur,
514 1552 660 1629 quia
681 1552 782 1611 lex
803 1553 1100 1613 naturalis
1128 1554 1194 1613 in
1230 1555 1471 1614 ratione
1499 1554 1697 1632 posita
1719 1558 1835 1628 est,

276 1649 338 1702 et
366 1643 723 1703 immediate
744 1644 956 1722 dirigit
987 1650 1047 1705 et
1082 1646 1388 1722 gubernat
1420 1647 1798 1706 voluntatem
1816 1666 1833 1719 3

275 1753 425 1811 ergo
453 1736 540 1795 illi
573 1737 914 1815 imponitur
941 1740 1114 1816 quasi
1155 1758 1266 1818 per
1300 1757 1392 1810 se,
1419 1745 1479 1800 et
1518 1739 1836 1817 principa-

274 1827 419 1887 liter
441 1827 736 1906 obligatio
766 1829 929 1889 illius
951 1831 1104 1907 legis
1121 1848 1137 1891 ι
1157 1848 1302 1907 ergo
1323 1849 1449 1891 non
1474 1831 1837 1890 observatur

275 1919 380 1979 illa
408 1920 509 1979 lex
536 1921 650 1980 nisi
683 1922 992 1983 mediante
1023 1922 1338 1983 voluntate
1373 1946 1386 1982 :
1422 1942 1569 2001 ergo
1617 1923 1840 1982 modus

273 2011 622 2073 voluntarie
673 2015 967 2092 operandi
1006 2022 1095 2075 est
1131 2034 1241 2094 per
1286 2034 1350 2076 se
1383 2022 1742 2094 praeceptuS,
1773 2035 1845 2076 ac

269 2106 650 2164 necessarius
678 2107 756 2165 ad
786 2106 1279 2168 observationem
1324 2108 1467 2168 talis
1511 2107 1688 2185 legiS.
1739 2109 1846 2169 Se-

268 2196 493 2272 cund0,
528 2199 675 2275 quia
716 2198 820 2259 lex
866 2201 1167 2260 naturalis
1207 2202 1432 2261 directe
1461 2201 1623 2261 cadit
1649 2201 1715 2260 in
1747 2219 1846 2261 ac-

273 2293 408 2347 tum
437 2288 820 2350 humanum:
856 2292 960 2351 sed
1010 2297 1184 2352 actus
1231 2312 1357 2352 non
1386 2299 1478 2353 est
1505 2293 1840 2370 humanuS,

272 2380 390 2440 nisi
421 2381 499 2441 sit
528 2382 794 2460 perfecte
827 2372 1236 2460 voluntarius,
1270 2403 1340 2444 ac
1368 2385 1630 2445 subinde
1657 2384 1837 2460 liber,

273 2473 491 2533 saltem
518 2493 629 2553 pro
650 2480 813 2534 statu
838 2476 1023 2554 hujus
1046 2476 1190 2535 vitae
1221 2498 1234 2535 :
1270 2494 1418 2553 ergo
1446 2477 1587 2536 talis
1618 2477 1839 2537 modus

272 2567 497 2642 agendi
536 2567 764 2628 directe
791 2568 954 2628 cadit
996 2568 1108 2628 siff)
1135 2568 1296 2630 hanc
1339 2570 1541 2646 legem
1587 2575 1840 2631 natura-

274 2656 397 2717 lem
433 2679 447 2716 :
487 2659 653 2719 unde
695 2661 803 2738 qui
836 2661 1252 2722 involuntarie
1290 2680 1441 2741 opus
1473 2662 1629 2739 legis
1669 2663 1834 2738 facit,

273 2749 416 2810 licet
444 2751 613 2810 illam
657 2770 898 2812 servare
927 2753 1235 2828 videatur,
1281 2755 1712 2833 praevaricator
1748 2761 1838 2815 est

273 2841 452 2919 legis,
483 2858 551 2903 ut
582 2845 848 2904 sumitur
889 2863 965 2905 ex
995 2846 1363 2923 AugustinO,
1397 2846 1507 2906 lib.
1535 2848 1573 2907 2
1624 2853 1836 2907 contra

276 2934 429 2995 duas
461 2936 761 3014 Epistolas
805 2936 1041 3015 Pelag„
1090 2957 1223 3017 cap.
1261 2942 1324 3015 9,
1375 2945 1436 2999 et
1476 2957 1636 3018 saepe
1686 2938 1838 2998 alibi

278 3026 544 3102 dicente,
591 3028 698 3087 ubi
745 3027 816 3086 fit
855 3028 1089 3089 bonum
1137 3049 1263 3090 non
1306 3047 1516 3090 amore
1558 3031 1833 3108 justitiae,

275 3119 621 3180 5011ῖί10010
639 3139 859 3198 poenae,
888 3140 1014 3182 non
1042 3123 1198 3183 bene
1221 3122 1379 3197 fieri,
1404 3123 1616 3201 utique
1640 3142 1837 3201 quan-

274 3211 353 3270 do
381 3212 569 3272 timor
597 3219 685 3273 est
711 3213 798 3274 ita
824 3214 1058 3274 servilis
1087 3220 1156 3275 ut
1183 3213 1410 3275 habeat
1432 3215 1833 3292 conjunctum

274 3303 566 3363 affectum
593 3323 720 3365 non
742 3305 1009 3365 faciendi
1036 3324 1189 3385 opus
1216 3312 1613 3386 praeceptum,
1631 3306 1681 3366 si
1709 3325 1837 3385 poe-

272 3414 355 3455 na
389 3414 514 3456 non
543 3404 699 3458 esset
735 3398 1049 3475 adjuncta.
1088 3400 1162 3458 Et
1189 3399 1405 3459 eodem
1444 3417 1627 3459 sensu
1679 3399 1836 3459 dixit

272 3488 343 3547 D.
392 3489 657 3549 Thomas
689 3490 850 3549 dicto
887 3495 1004 3549 art.
1058 3494 1120 3565 9,
1152 3490 1230 3550 ad
1278 3492 1339 3565 3,
1391 3491 1555 3569 quod
1593 3492 1835 3570 operari

274 3581 407 3639 sine
434 3581 681 3641 tristitia
722 3582 884 3642 cadit
912 3581 1027 3641 sub
1067 3590 1440 3661 praeceptum
1477 3583 1630 3661 legis
1680 3584 1834 3644 divi-

271 3690 411 3732 nae:
443 3674 590 3751 quia
640 3675 1009 3752 quicumque
1049 3681 1337 3753 operatur
1374 3694 1512 3735 cum
1559 3676 1829 3751 tristitia,

275 3770 564 3842 operatur
592 3784 717 3825 non
744 3766 976 3825 volens.
1007 3767 1134 3826 Hoc
1174 3768 1339 3828 enim
1384 3773 1475 3827 θεῖ
1511 3786 1727 3828 verum
1758 3770 1833 3829 de

274 3855 385 3916 illa
411 3858 660 3918 tristitia
700 3877 837 3937 quae
882 3859 1155 3919 nascitur
1196 3878 1268 3919 ex
1314 3860 1538 3920 affectu
1579 3862 1834 3922 omnino

274 3950 603 4024 contrari0,
647 3970 768 4029 quo
797 3951 1017 4030 aliquis
1058 3951 1243 4012 habet
1280 3954 1662 4032 propositum
1708 3973 1834 4014 non

271 4040 597 4102 obediendi
645 4051 969 4122 praeceptO,
1002 4045 1051 4103 si
1104 4062 1230 4103 non
1274 4052 1642 4121 cogeretur3
1688 4064 1835 4123 ergo

273 4134 395 4193 tale
428 4134 917 4195 involuntarium
958 4142 1049 4194 est
1079 4141 1292 4194 contra
1326 4136 1527 4212 legem
1563 4137 1833 4196 maxime

272 4226 643 4300 naturalem,
686 4245 819 4305 quae
865 4227 1096 4286 directe
1125 4224 1290 4284 cadit
1322 4226 1388 4286 in
1439 4233 1610 4285 actus
1648 4228 1835 4286 etiam

273 4316 582 4391 internos;
616 4337 763 4396 ergo
805 4335 839 4377 e
891 4317 1200 4377 contrario
1233 4319 1453 4378 modus
1490 4318 1837 4380 voluntarie

271 4409 570 4486 operandi
600 4417 690 4470 est
717 4410 793 4469 de
818 4409 1177 4469 necessitate
1204 4409 1346 4470 talis
1375 4411 1680 4489 praecepti.

352 4503 412 4561 5.
461 4502 1004 4577 Solatia—Dices,
1031 4503 1148 4563 hac
1166 4504 1400 4562 ratione
1425 4509 1586 4563 recte
1616 4501 1837 4581 proba·

270 4593 325 4652 ri
354 4595 769 4654 necessarium
796 4612 924 4655 esse
953 4601 1023 4654 ut
1064 4596 1278 4655 saltem
1307 4613 1449 4654 cum
1478 4613 1661 4674 opere
1680 4595 1836 4673 legis

271 4703 401 4744 non
429 4687 840 4764 conjungatur
869 4687 1253 4765 propositum
1297 4704 1424 4745 non
1463 4686 1754 4762 faciendi,
1786 4688 1836 4746 si

268 4794 456 4855 poena
487 4778 587 4838 vel
618 4778 739 4838 alia
781 4779 998 4838 similis
1040 4778 1272 4838 coactio
1314 4796 1440 4838 non
1471 4779 1837 4857 adjungere-

271 4874 412 4928 tur:
447 4888 575 4929 non
604 4875 814 4930 tamen
841 4870 1090 4948 probari
1124 4888 1253 4931 esse
1294 4871 1705 4931 necessarium
1728 4889 1836 4948 po-

268 4960 524 5020 sitivum
576 4961 832 5022 modum
885 4963 1229 5023 voluntarie
1266 4962 1556 5022 servandi
1584 4962 1787 5039 legem
1818 4984 1831 5021 :

267 5070 418 5112 nam
466 5058 667 5131 potest
717 5054 852 5113 dari
884 5055 1181 5129 medium,
1234 5054 1540 5128 videlicet,
1587 5061 1659 5112 ut
1685 5071 1837 5132 opus

265 5143 378 5204 fiat
405 5163 517 5205 nec
566 5146 938 5222 voluntarie,
992 5164 1105 5206 nec
1150 5146 1609 5206 involuntarie:
1672 5146 1834 5223 quod

267 5238 413 5297 satis
443 5239 583 5313 erit,
607 5239 753 5317 quia
785 5239 885 5298 lex
914 5239 1190 5317 praecipit
1215 5239 1412 5297 solum
1442 5246 1512 5297 ut
1537 5237 1644 5297 fiat
1659 5256 1830 5315 opus.

269 5331 631 5409 Respondeo
675 5331 964 5391 ultimam
1010 5332 1313 5391 rationem
1355 5348 1699 5408 supponere
1737 5349 1836 5390 ac·

266 5427 403 5481 tum
426 5441 548 5501 quo
569 5429 847 5483 servatur
879 5429 1253 5501 praeceptum
1285 5422 1505 5482 debere
1546 5440 1676 5482 esse
1709 5421 1831 5481 1111-

255 5508 527 5574 manum
543 5559 564 5591 ,
628 5515 790 5594 quod
839 5515 1075 5595 priores
1141 5515 1410 5577 rationes
1462 5514 1838 5575 sufficienter

3364 427 3480 486 123

1915 533 2178 611 probant
2209 549 2223 592 :
2271 551 2396 591 non
2452 538 2648 611 potest
2692 538 2901 591 autem
2954 549 3083 590 esse
3128 531 3471 605 humanus,

1916 627 2037 686 nisi
2083 628 2162 686 sit
2210 627 2590 686 voluntarius
2633 631 2693 685 et
2736 645 2771 685 a
2816 625 3133 685 voluntate
3165 625 3475 703 procedat,

1914 718 2067 778 alias
2092 720 2296 797 potius
2318 720 2516 797 passio
2537 736 2723 796 quam
2751 719 2909 777 actio
2928 716 3199 777 hominis
3219 715 3481 777 dicenda

1914 829 2066 872 esse.
2100 812 2252 884 Quia
2279 830 2424 872 vero
2448 829 2571 871 non
2599 828 2782 871 omne
2807 809 2970 888 quod
2991 814 3085 869 est
3108 827 3145 868 a
3162 809 3481 870 voluntate

1914 908 2005 962 est
2042 903 2407 981 simpliciter
2442 902 2541 963 vel
2569 901 2776 962 debito
2809 901 2992 960 modo
3031 901 3478 974 voluntarium,

1913 994 2053 1055 ideo
2075 996 2296 1055 ultima
2323 996 2480 1055 ratio
2503 994 2770 1054 ostendit
2804 993 2927 1053 tale
2955 993 3174 1053 debere
3203 1011 3331 1053 esse
3364 993 3482 1053 hoc

1915 1087 2359 1162 voluntarium,
2410 1092 2479 1146 ut
2515 1105 2643 1147 non
2678 1086 2965 1146 admittat
3005 1102 3215 1146 secum
3243 1091 3483 1145 contra-

1916 1181 2074 1239 riam
2100 1180 2482 1239 voluntatem
2512 1178 2587 1239 de
2611 1197 2673 1238 se
2687 1183 3138 1256 repugnantem
3152 1185 3477 1256 proecepto,

1923 1291 1995 1333 ac
2028 1272 2288 1332 subinde
2315 1271 2660 1332 absolutam
2707 1271 3087 1330 voluntatem
3114 1287 3245 1330 esse
3273 1287 3482 1329 neces·
3552 1269 3566 1280 ‘

1917 1365 2148 1424 sariam
2178 1363 2257 1424 ad
2309 1363 2795 1425 observationem
2829 1362 2983 1441 legis
3034 1362 3353 1422 naturalis,
3387 1360 3482 1421 Ad

1917 1456 2218 1535 majorem
2234 1474 2379 1517 vero
2403 1457 2879 1517 declarationem
2904 1473 3224 1534 possumus
3240 1454 3342 1513 hic
3357 1454 3481 1513 duo

1916 1541 2315 1627 distinguere.
2355 1549 2560 1609 Unum
2597 1554 2711 1624 est,
2759 1548 2925 1626 quod
2949 1552 3119 1607 actus
3145 1552 3481 1626 praeceptus

1913 1642 2245 1701 secundum
2280 1659 2343 1701 se
2390 1646 2699 1720 spectatus
2730 1640 3079 1700 voluntarie
3119 1640 3271 1700 fiat:
3313 1638 3480 1698 aliud

1915 1741 2029 1808 est,
2060 1740 2129 1793 ut
2171 1734 2276 1794 ille
2304 1741 2476 1794 actus
2522 1735 2710 1794 etiam
2742 1743 2811 1792 ut
2838 1738 3176 1812 praeceptus
3198 1732 3480 1790 volunta-

1916 1827 2045 1886 rius
2086 1827 2185 1900 sit,
2215 1827 2302 1886 ita
2330 1833 2397 1886 ut
2419 1827 2703 1886 voluntas
2730 1825 2964 1886 feratur
2990 1827 3056 1884 in
3097 1826 3292 1903 ipsam
3327 1840 3479 1902 prae-

1918 1919 2076 1996 cepti
2118 1919 2630 1979 observationem.
2675 1920 2935 1979 Possunt
2972 1918 3139 1978 enim
3185 1918 3317 1977 11ωο
3359 1916 3480 1974 duo

1922 2013 2193 2089 separari
2223 2030 2238 2072 z
2274 2031 2421 2071 nam
2463 2012 2568 2091 qui
2615 2015 2861 2088 ignorat
2888 2016 3261 2089 praeceptum
3293 2008 3482 2069 dandi

1923 2103 2378 2182 eleemosynam
2426 2122 2553 2163 non
2592 2103 2816 2182 poterit
2844 2103 3001 2162 velle
3046 2119 3288 2161 servare
3329 2101 3482 2160 illud

1919 2202 2319 2274 praeceptum,
2352 2198 2576 2274 poterit
2599 2201 2810 2255 tamen
2830 2195 3231 2254 nihilominus
3256 2193 3481 2252 volun-

1921 2288 2079 2347 tarie
2112 2307 2391 2348 exercere
2442 2294 2647 2348 actum
2694 2287 3119 2365 eleemosynae.
3167 2285 3482 2345 Conclusio

1921 2397 2070 2456 ergo
2095 2385 2291 2457 potest
2313 2381 2388 2440 de
2405 2387 2667 2458 utraque
2687 2379 3003 2439 voluntate
3013 2377 3310 2454 intelligi:
3336 2394 3481 2436 narn

1915 2471 2086 2549 prior
2108 2473 2449 2531 necessaria
2475 2479 2570 2531 est
2585 2478 2881 2549 tanquam
2896 2470 3374 2530 fundamentum
3386 2487 3481 2529 ac—

1913 2567 2014 2622 tus
2041 2565 2351 2642 praecepti,
2381 2571 2451 2624 ut
2469 2564 2573 2623 ille
2598 2570 2770 2623 actus
2789 2562 3103 2622 humanus
3130 2562 3230 2636 sit,
3262 2567 3324 2621 et
3351 2579 3481 2620 ma-

1915 2655 2070 2715 teria
2094 2656 2418 2734 praecepti:
2443 2657 2747 2735 posterior
2784 2661 2991 2715 autem
3021 2655 3207 2714 etiam
3238 2654 3481 2713 videtur

1909 2749 2275 2821 necessaria,
2303 2753 2373 2807 ut
2403 2747 2747 2807 observatio
2774 2748 3064 2826 praecepti
3093 2746 3342 2806 moralis
3371 2746 3473 2820 sit,

1912 2845 1973 2899 et
2005 2847 2075 2900 ut
2095 2841 2282 2918 possit
2309 2858 2439 2900 esse
2469 2840 2717 2901 effectus
2756 2840 2908 2916 legis
2935 2858 3043 2900 seu
3075 2839 3384 2917 praecepti,
3418 2851 3481 2901 et

1911 2938 1981 2992 ut
2022 2934 2213 3012 possit
2253 2934 2371 3011 ipsi
2402 2933 2644 2993 homini
2691 2933 2990 2994 attribui:
3039 2931 3270 3009 alioqui
3309 2931 3476 2991 enim

1911 3043 2056 3084 casu
2101 3031 2347 3085 tantum
2403 3025 2634 3086 accidet
2690 3031 2761 3085 ut
2808 3031 2976 3085 actus
3024 3026 3103 3084 sit
3149 3024 3477 3084 conformis

1911 3124 2237 3197 praecepto.

1990 3210 2050 3268 6.
2094 3209 2347 3287 Aliquot
2372 3209 2718 3288 objectiones
2739 3214 2946 3271 contra
2965 3209 3260 3271 traditam
3282 3227 3475 3270 asser-

1912 3300 2497 3377 tionem.—Satisfit
2526 3302 3026 3380 objectionibua—
3047 3301 3214 3360 Circa
3242 3307 3478 3360 utram-

1907 3412 2029 3472 que
2064 3399 2273 3452 autem
2310 3398 2547 3471 partem
2590 3395 2855 3453 occurrit
2903 3392 3250 3453 difficultas
3305 3392 3478 3451 Circa

1909 3486 2200 3565 primam,
2232 3486 2379 3564 quia
2422 3486 2668 3546 videtur
2706 3486 3021 3546 interdum
3053 3485 3295 3564 impleri
3323 3501 3478 3563 prae-

1910 3585 2155 3657 ceptum
2194 3596 2303 3656 per
2340 3585 2543 3638 actum
2590 3579 2826 3638 factum
2870 3579 3001 3638 51110
3035 3596 3152 3636 11511
3197 3577 3473 3651 rationis,

1907 3688 1980 3730 ac
2014 3670 2272 3748 proinde
2307 3688 2433 3730 non
2475 3671 2894 3731 voluntarium
2943 3670 3220 3730 humano
3267 3671 3470 3730 modo.

1906 3762 2023 3821 Sed
2058 3763 2133 3822 de
2178 3764 2294 3823 hac
2323 3763 2684 3823 difficultate
2719 3763 2991 3823 dicemus
3020 3764 3175 3823 circa
3203 3762 3479 3823 assertio-

1907 3872 2055 3914 nem
2073 3861 2453 3935 sequentem.
2479 3856 2650 3916 Circa
2669 3855 2925 3916 alteram
2946 3863 3184 3935 partem
3208 3854 3479 3915 dubitari

1909 3952 2131 4025 potest,
2164 3948 2311 4025 quia
2339 3948 2617 4024 sequitur
2639 3966 2716 4006 ex
2746 3947 2852 4006 illa
2880 3947 2956 4006 ad
2986 3948 3477 4007 observationem

1907 4040 2194 4117 praecepti
2247 4040 2658 4099 necessarium
2717 4056 2845 4098 esse
2890 4039 3218 4099 formalem
3268 4044 3477 4098 actum

1907 4130 2294 4203 obedientiae,
2340 4129 2591 4203 scilicet,
2621 4131 2869 4189 volendi
2908 4148 3121 4207 parere
3148 4136 3474 4208 praecepto,

1909 4220 2075 4299 quod
2104 4217 2443 4279 absurdum
2486 4226 2577 4279 est
2627 4227 2688 4280 et
2712 4225 2927 4280 eontra
2964 4239 3197 4281 omnes·
3247 4222 3478 4281 Deinde

1908 4312 2185 4391 sequitur
2234 4311 2479 4391 operari
2533 4330 2674 4371 cum
2740 4311 3123 4391 displicentia
3182 4313 3474 4391 praecepti

1908 4422 2151 4483 semper
2195 4422 2324 4464 esse
2370 4411 2713 4483 peccatum,
2746 4409 2833 4465 ita
2866 4417 2937 4464 ut
2977 4421 3103 4464 non
3142 4404 3475 4482 impleatur
3586 4418 3593 4421 ⁴

1907 4504 2302 4576 praeceptum,
2330 4498 2492 4576 quod
2510 4499 2697 4559 etiam
2725 4496 3187 4557 admittendum
3202 4513 3329 4556 non
3348 4502 3469 4557 est:

1905 4608 2053 4649 nam
2075 4591 2181 4668 qui
2212 4590 2317 4650 dat
2336 4590 2816 4668 eleemosynam,
2833 4589 3076 4649 etiamsi
3097 4606 3239 4648 cum
3258 4587 3470 4666 displi-

1904 4684 2107 4743 centia
2144 4683 2210 4742 id
2246 4682 2454 4757 faciat,
2509 4689 2712 4743 servat
2746 4693 3140 4761 praeceptum.
3192 4680 3287 4740 Ad
3315 4680 3477 4759 prio-

1906 4792 2038 4833 rem
2098 4781 2339 4853 partem
2396 4776 2732 4855 respondeo
2788 4776 3074 4853 negando
3127 4773 3471 4852 sequelam,
3513 4767 3524 4777 ’

1906 4867 2053 4944 quia
2099 4867 2268 4926 aliud
2309 4873 2401 4927 est
2455 4869 2613 4928 velle
2663 4868 2865 4928 facere
2905 4868 3071 4946 quod
3108 4871 3479 4945 praeceptum

1906 4963 2020 5032 est,
2052 4958 2223 5017 aliud
2247 4959 2406 5020 velle
2441 4960 2642 5021 facere
2672 4960 2820 5039 quia
2842 4964 3217 5038 praeceptum
3245 4963 3356 5031 est,
3394 4959 3479 5017 ita

1904 5056 1976 5108 ut
2004 5050 2160 5109 illud
2190 5052 2285 5111 sit
2307 5053 2611 5111 motivum
2659 5052 2977 5129 operandi.
3027 5051 3301 5110 Primum
3330 5051 3480 5110 dici-

1906 5160 2045 5202 mus
2074 5161 2202 5203 esse
2232 5145 2642 5203 necessarium
2672 5149 2733 5203 et
2780 5142 3153 5202 sufficienter
3200 5142 3357 5219 fieri,
3405 5163 3478 5208 eo

1907 5235 2039 5312 ipso
2078 5235 2243 5313 quod
2290 5253 2416 5293 non
2473 5236 2795 5313 ignoratur
2844 5239 3243 5312 praeceptum,
3276 5241 3338 5294 et
3374 5254 3480 5297 vo-

1906 5329 2113 5388 luntas
2142 5328 2276 5386 vult
2298 5327 2476 5401 illud,
2511 5329 2673 5407 quod
2700 5328 2935 5406 jussum
2967 5333 3075 5388 est.
3113 5329 3238 5388 Hoc
3264 5334 3476 5387 autem

1906 5440 2034 5481 non
2063 5426 2154 5481 est
2167 5420 2472 5480 sufficiens
2501 5421 2580 5481 ad
2608 5420 2930 5481 formalem
2951 5428 3158 5481 actum
3185 5419 3475 5481 obedien-

1903 5514 2031 5590 tiae,
2054 5513 2158 5575 sed
2186 5515 2595 5575 necessarium
2616 5518 2711 5578 est
2738 5515 3101 5589 secundum,
3128 5510 3195 5572 id
3219 5518 3332 5588 est,
3353 5512 3477 5573 for-
