3976 6219
836 409 972 462 CAP.
1011 409 1092 461 lv,
1127 409 1425 463 Possum:
1456 409 1665 473 vals
1698 409 2029 463 Emscopus
2060 410 2124 463 IN
2157 409 2277 462 SUA
2309 409 2577 462 moecsssl
2610 411 2823 474 LEGES,
2859 412 2992 465 ETC.

300 531 340 576 a
367 513 533 592 Papa
571 526 856 572 concessa
868 525 889 587 3
933 508 1089 570 sicut
1126 527 1254 570 non
1293 516 1493 589 potest
1516 509 1635 571 hoc
1661 511 1862 573 dicere

302 605 552 688 quando
577 604 1093 679 excommunicat,
1116 602 1266 664 vela
1294 621 1551 664 censura
1576 603 1859 678 absolvit3

301 717 449 761 nam
470 699 588 759 hoc
616 697 887 778 pertinet
926 697 1007 758 ad
1034 697 1409 776 delegatum,
1438 716 1566 758 non
1594 698 1672 758 ad
1703 697 1864 758 ordi-

304 793 548 854 narium
596 791 890 871 judicem,
934 790 1040 852 sed
1079 795 1303 870 potest,
1338 797 1400 852 et
1436 791 1619 852 debet
1662 791 1863 858 dicere

304 886 673 967 Episcopus:
707 886 837 961 Ego
875 889 1174 990 potestate
1219 902 1258 945 a
1297 884 1533 945 Christo
1584 891 1860 962 accepta,

303 978 403 1040 vel
428 977 573 1057 quid
604 976 845 1037 simile·
825 994 1017 1054 ,ergo
1043 977 1292 1056 signum
1319 981 1411 1038 est
1435 976 1665 1038 habere
1689 975 1863 1037 illam

303 1070 661 1133 immediate
694 1089 733 1131 a
758 1069 1015 1132 Christo.

386 1166 444 1225 5.
483 1164 768 1242 Opposita
790 1167 1084 1227 sententia
1108 1181 1252 1227 vera
1278 1162 1590 1243 oolliqitm
1621 1179 1692 1225 σω
1714 1179 1875 1224 oom-·

304 1255 474 1319 muni
496 1255 1413 1334 incompertam—Nihilominus
1433 1254 1761 1316 dicendum
1775 1260 1866 1316 est

305 1348 466 1410 hanc
498 1353 863 1428 potestatem
892 1348 1303 1429 legislativam
1329 1366 1456 1410 non
1486 1347 1620 1409 dari
1645 1348 1865 1408 imme-

306 1442 471 1502 diate
500 1459 538 1502 a
565 1441 827 1518 Christo,
857 1442 964 1502 sed
986 1460 1096 1522 per
1122 1460 1437 1504 summum
1464 1440 1823 1503 Pontificem
1838 1456 1860 1518 3

307 1550 508 1612 neque
535 1551 667 1594 esse
692 1534 768 1595 de
786 1535 926 1612 jure
955 1535 1192 1611 divino,
1213 1534 1318 1595 sed
1344 1536 1422 1596 de
1448 1534 1742 1594 humano.
1772 1532 1865 1592 Si-

306 1627 517 1688 milem
540 1629 939 1691 assertionem
953 1630 1131 1710 posui
1148 1630 1214 1691 in
1229 1635 1399 1690 tomo
1421 1630 1462 1688 4
1476 1628 1552 1688 de
1571 1626 1864 1707 jurisdic-

306 1719 475 1780 tione
489 1720 557 1782 in
579 1721 712 1782 foro
739 1723 1139 1802 poenitentiae,
1157 1723 1305 1783 etin
1323 1728 1491 1783 ιοιιιο
1516 1723 1554 1782 5
1577 1721 1652 1782 de
1667 1725 1866 1800 potes-

307 1817 434 1873 tate
468 1813 823 1875 absolvendi
850 1834 889 1876 a
914 1816 1220 1877 censuris:
1246 1819 1689 1894 consequenter
1716 1829 1864 1891 ergo

307 1907 374 1966 in
387 1909 674 1985 praesenti
692 1909 859 1969 idem
872 1926 1077 1970 assero
1098 1909 1174 1970 de
1188 1914 1484 1990 potestate
1492 1906 1858 1986 legislativa.

307 1999 505 2072 Quam
527 2003 899 2064 sententiam
922 2021 999 2065 ex
1029 2002 1339 2064 veteribus
1372 2001 1673 2080 theologis
1693 1999 1864 2061 colli-

306 2094 534 2171 gimus,
557 2101 864 2174 quatenus
882 2103 1160 2159 asserunt
1174 2101 1535 2177 potestatem
1566 2095 1861 2169 clavium,

307 2190 413 2246 aut
432 2186 895 2265 jurisdictioniS,
924 2195 1230 2269 quatenus
1255 2189 1334 2250 ad
1354 2188 1868 2267 gubernationem

306 2277 586 2341 Ecclesiae
614 2287 871 2361 spectat,
897 2284 974 2343 ad
998 2301 1212 2345 omnes
1238 2282 1391 2343 alios
1407 2299 1520 2361 per
1535 2282 1787 2342 Petrum
1807 2286 1869 2342 et

308 2390 677 2435 successores
720 2376 854 2454 ejus
906 2376 1178 2437 derivari
1209 2392 1230 2453 3
1287 2392 1436 2436 nam
1491 2374 1725 2435 clarum
1776 2380 1868 2435 est

309 2464 469 2527 hanc
487 2472 850 2546 potestatem
879 2469 1289 2548 legislativam
1312 2468 1428 2529 sub
1456 2465 1563 2528 illa
1577 2468 1868 2547 jurisdic-

310 2559 479 2620 tione
505 2561 804 2622 contineri
831 2577 848 2621 :
883 2563 1009 2622 imo
1025 2562 1149 2639 maj
1157 2579 1229 2621 or
1248 2566 1340 2621 est
1359 2560 1520 2621 ratio
1541 2559 1617 2620 de
1645 2559 1774 2636 illa,
1798 2566 1870 2620 ut

312 2669 389 2712 ex
435 2652 711 2714 discursu
756 2655 1009 2734 patebit.
1056 2654 1213 2715 lllud
1243 2658 1452 2714 autem
1495 2653 1864 2734 principium

310 2745 574 2807 sumitur
599 2764 678 2808 ex
701 2747 847 2808 divo
870 2748 1128 2822 Thema,
1154 2747 1438 2807 4‘contra
1460 2747 1706 2821 GenteS,
1727 2764 1863 2825 cap.

312 2841 412 2914 76,
442 2841 682 2902 ratione
704 2844 766 2917 4,
787 2841 898 2901 ubi
923 2841 1071 2901 dicit
1098 2841 1237 2901 ideo
1265 2841 1573 2901 Christum
1592 2839 1868 2920 speciali-

311 2937 407 2992 ter
425 2933 604 2994 Petro
631 2934 1003 3013 promisisse:
1030 2933 1176 2995 Tibi
1199 2933 1343 2994 dabo
1367 2932 1659 3007 claves,ut
1682 2938 1870 2995 ostem·

313 3027 550 3087 deretur
565 3031 829 3104 poteslas
851 3026 1109 3087 claviwm
1136 3042 1245 3102 per
1271 3041 1402 3086 mom
1419 3025 1501 3085 ad
1531 3024 1684 3086 alios
1709 3025 1873 3086 deri-

310 3119 509 3179 vanda
559 3120 641 3179 ad
688 3120 1145 3181 conservandam
1204 3117 1497 3178 Ecclesioe
1553 3116 1867 3177 unitatem.

311 3209 481 3271 Idem
498 3213 686 3271 sentit
703 3212 765 3285 2,
797 3210 1067 3270 distinct.
1094 3208 1270 3284 44,in
1290 3206 1441 3283 fine,
1454 3208 1617 3267 circa
1634 3208 1871 3287 exposi-

308 3303 543 3365 tionem
575 3303 817 3365 litterae.
851 3305 927 3364 Et
949 3303 1208 3382 loquens
1230 3301 1306 3362 de
1334 3306 1631 3381 potestate
1660 3319 1873 3362 conce-

308 3395 496 3455 dendi
515 3395 931 3474 indulgentias
947 3395 1016 3454 in
1033 3396 1096 3469 4,
1120 3393 1515 3454 distinctione
1529 3394 1631 3469 20,
1653 3400 1868 3473 quaest.

307 3488 506 3563 unic„
534 3495 652 3549 art.
686 3490 746 3562 4,
779 3492 991 3567 quaest.
1014 3485 1285 3561 unic.,c.
1320 3486 1379 3560 3,
1409 3486 1619 3547 dicens
1644 3501 1661 3544 ε
1691 3487 1871 3564 Papa

308 3582 480 3643 habet
502 3581 933 3659 plenitudinem
957 3579 1274 3657 potestatis
1296 3578 1673 3656 pontificalis
1694 3579 1872 3657 quasi

308 3692 416 3735 rea:
457 3675 523 3734 in
560 3690 741 3752 rayno
768 3697 796 3743 ,·
840 3672 1137 3751 Episcopi
1190 3688 1325 3733 vero
1365 3676 1757 3733 assumuntur
1802 3672 1870 3732 in

306 3772 543 3845 partem
557 3766 991 3829 sollicitudinis
1001 3764 1419 3845 quasijudices
1437 3765 1699 3844 singulis
1721 3764 1870 3826 civi·

310 3860 539 3921 tatibus
557 3858 876 3939 proepositi
906 3881 935 3928 ,·
959 3856 1124 3917 unde
1159 3855 1470 3917 concludit
1495 3855 1723 3918 habere
1763 3875 1872 3937 po-

306 3956 591 4012 testatem
611 3950 947 4011 secundum
968 3949 1418 4010 ordinationem
1444 3949 1647 4029 Papae,
1669 3956 1731 4010 et
1745 3968 1871 4010 non

307 4045 595 4124 amplius.
648 4044 815 4104 Idem
855 4042 1042 4104 sentit
1087 4042 1479 4102 distinctione
1505 4044 1608 4117 24,
1639 4047 1754 4103 art.
1807 4045 1867 4118 5,

308 4132 526 4217 quoest‘.
561 4140 620 4212 3,
643 4136 724 4198 ad
751 4138 791 4196 4
811 4150 831 4213 3
876 4141 938 4196 et
959 4134 1260 4211 Durand.,
1310 4140 1526 4213 quaest.
1554 4135 1616 4210 2,
1651 4154 1717 4195 ιι.
1753 4137 1829 4196 13
1848 4150 1869 4212 3

309 4231 458 4291 Soto
479 4275 499 4306 ,
526 4229 801 4289 distinct.
838 4229 940 4303 20,
966 4233 1181 4307 quoest.
1212 4231 1273 4303 1,
1307 4233 1425 4287 art.
1460 4229 1539 4303 43
1570 4228 1868 4307 Cajetan„

309 4327 464 4382 tom.
511 4324 542 4381 1
586 4319 891 4400 opuscul.,
937 4326 1112 4381 tract.
1150 4324 1209 4396 1,
1241 4338 1377 4400 cap.
1424 4321 1502 4382 19
1530 4343 1548 4395 ;
1591 4338 1874 4401 expresse

311 4414 573 4489 Anton.,
604 4415 642 4474 3
669 4418 855 4493 part.,
893 4413 1059 4473 titul.
1094 4414 1196 4490 22,
1232 4416 1363 4494 cap‘.
1403 4416 1464 4490 4,
1508 4412 1546 4493 ξ
1591 4416 1650 4489 1,
1698 4414 1869 4475 verb.

314 4506 598 4585 Septima
615 4555 634 4581 ,
687 4523 829 4568 cum
884 4507 1139 4568 Hervaeo
1156 4551 1176 4582 ,
1215 4512 1390 4570 tract.
1442 4507 1518 4568 de
1565 4506 1872 4569 Potestate

313 4603 516 4681 Papae,
568 4600 866 4663 latissime
913 4600 1214 4662 Francisc.
1264 4602 1523 4680 Vargas,
1578 4606 1758 4663 tract.
1796 4601 1874 4663 de

310 4693 689 4756 Auctoritate
737 4692 1072 4769 Pontificis,
1121 4698 1335 4772 quaest.
1382 4692 1644 4773 princip.
1673 4709 1695 4771 3
1741 4693 1876 4754 Bel-

313 4785 525 4861 larm.,
554 4785 698 4846 libr.
727 4786 768 4846 4
796 4784 873 4845 de
900 4786 1178 4846 Romano
1216 4783 1534 4862 Pontifice,
1581 4802 1715 4864 cap.
1752 4787 1875 4862 243

316 4877 658 4952 Salmeron‚
695 4882 867 4939 tomo
903 4883 1149 4957 quarto,
1173 4883 1345 4957 parte
1375 4878 1580 4955 tertia,
1614 4882 1879 4938 tractatu

396 5066 454 5125 6.
507 5063 587 5126 Ut
619 5068 829 5124 autem
874 5060 1038 5124 hanc
1065 5060 1435 5123 sententiam
1481 5061 1613 5123 sine
1656 5079 1881 5123 vocum

315 5156 720 5235 ambiguitate
744 5155 1101 5236 probemus,
1132 5154 1577 5216 advertendum
1606 5159 1699 5215 est
1732 5172 1881 5215 con-

315 5249 573 5310 trariam
591 5249 963 5311 sententiam
983 5247 1225 5309 duobus
1253 5248 1450 5309 modis
1472 5246 1666 5309 solere
1690 5245 1882 5327 expli-

317 5343 467 5403 cari.
501 5343 677 5404 Prior
707 5342 1001 5423 supponit
1022 5342 1328 5422 imprimis
1361 5341 1427 5401 id
1449 5340 1614 5420 quod
1641 5348 1882 5431 certum

316 5452 451 5497 esse
472 5433 800 5512 credimuS,
830 5434 1088 5511 scilicet,
1112 5434 1636 5495 consecrationem
1655 5433 1884 5515 episco-

316 5527 548 5610 palem,
577 5533 640 5590 et
666 5533 1036 5609 potestatem
1080 5527 1338 5603 ordinis,
1363 5545 1499 5609 qua·
1529 5544 1607 5591 ex
1630 5527 1694 5589 vi
1718 5527 1886 5591 illius

3388 410 3499 471 341

1943 509 2280 585 confertur,
2304 527 2434 571 esse
2460 527 2539 571 ex
2556 509 2779 574 Christi
2802 510 3210 587 institutione,
3232 518 3295 572 et
3320 512 3408 573 ita
3429 531 3507 575 ex

1942 603 2008 664 vi
2021 604 2183 683 juris
2212 603 2410 664 divini
2437 603 2726 680 conferri,
2766 610 2829 664 et
2855 611 3016 666 recte
3045 605 3163 665 dici
3193 624 3368 684 posse
3391 607 3509 666 im-

1944 695 2212 757 mediate
2234 713 2272 756 a
2293 696 2534 758 Christo
2569 696 2725 758 dari.
2759 698 2886 758 Hoc
2907 697 2975 757 in
3016 698 3277 758 materia
3306 699 3381 760 de
3410 717 3507 759 or-

1944 788 2092 849 dine
2113 807 2188 850 ex
2214 788 2486 869 professo
2512 788 2901 868 probandum
2935 794 3070 850 est:
3108 808 3275 851 nunc
3308 790 3509 851 brevi-

1944 886 2041 942 ter
2091 880 2484 942 declarantur
2543 882 2803 960 singulas
2860 887 3085 961 partes.
3131 883 3310 957 Nam,
3351 883 3510 944 sicut

1945 973 2221 1034 Christus
2246 975 2516 1035 instituit
2535 980 2607 1035 ιιι
2624 980 2826 1037 essent
2851 975 2919 1036 in
2946 974 3213 1036 Ecclesia
3233 975 3508 1036 sacerdo-

1945 1071 2058 1143 tes,
2094 1067 2183 1127 ita
2204 1068 2392 1128 etiam
2435 1067 2704 1128 instituit
2732 1073 2801 1128 ιιι
2827 1075 3028 1129 essent
3064 1067 3370 1147 Episcopi,
3401 1068 3508 1146 qui

1944 1159 2012 1219 in
2040 1160 2237 1238 gradu
2264 1160 2669 1222 ordinationis
2690 1178 2817 1221 suae
2845 1165 3045 1222 essent
3067 1161 3409 1239 superiores
3446 1167 3509 1222 et

1942 1253 2362 1333 potentiores·
2344 1298 2364 1331 ,
2394 1252 2561 1314 unde
2589 1255 2787 1315 multa
2818 1259 3072 1335 possunt
3117 1253 3358 1314 efficere
3397 1272 3509 1333 per

1943 1350 2309 1425 potestatem
2349 1344 2605 1422 ordinis,
2630 1365 2768 1428 quse
2803 1365 2931 1408 non
2953 1352 3210 1427 possunt
3232 1346 3507 1407 sacerdo-

1943 1444 2036 1500 tes
2067 1437 2166 1500 vel
2194 1440 2472 1515 omnin0,
2503 1439 2601 1500 vel
2631 1458 2707 1501 ex
2745 1441 2807 1500 vi
2832 1446 3078 1501 tantum
3107 1459 3233 1501 suae
3260 1440 3507 1500 ordina-

1942 1531 2130 1592 tionis
2171 1547 2186 1591 :
2231 1536 2304 1592 ut
2330 1533 2606 1594 conferre
2633 1532 2881 1595 ordines
2907 1533 3246 1614 proesertim
3280 1550 3503 1608 sacros,

1943 1629 2006 1685 et
2046 1624 2317 1686 maxime
2363 1626 2793 1704 sacerdotium,
2835 1626 3224 1702 confirmare,
3257 1631 3318 1686 et
3357 1625 3501 1687 alia.

1943 1718 2087 1779 Haec
2143 1736 2291 1798 ergo
2330 1762 2334 1765 >
2341 1725 2607 1800 potestas
2659 1738 2784 1783 non
2829 1726 3032 1801 potest
3079 1737 3207 1781 esse
3253 1719 3375 1779 nisi
3428 1736 3506 1780 ex

1944 1811 2168 1872 Christi
2196 1813 2606 1891 institutione,
2629 1814 2777 1894 quia
2807 1831 2919 1892 per
2944 1813 3118 1873 illam
3160 1813 3343 1872 datur
3366 1811 3507 1872 cha·

1942 1911 2146 1967 racter
2166 1912 2228 1968 et
2252 1911 2519 1985 potestas
2541 1907 2935 1968 consecrandi
2961 1913 3024 1967 et
3044 1904 3420 1979 absolvendi,
3445 1908 3508 1964 et

1944 1999 2146 2077 gratia
2176 2000 2562 2062 sanctificans
2563 2046 2585 2077 ,
2611 2018 2747 2081 quae
2787 2018 2914 2061 non
2963 2006 3219 2080 possunt
3263 2016 3392 2060 esse
3429 2016 3506 2059 ex

1945 2093 2334 2155 institutione
2360 2095 2672 2156 humana:
2702 2112 2848 2174 ergo
2871 2093 3251 2155 consecratio
3278 2092 3508 2173 episco-

1944 2186 2125 2267 palis,
2148 2206 2258 2267 per
2290 2206 2480 2267 quam
2499 2187 2659 2259 ‚talis
2693 2192 2957 2268 potestas
2982 2187 3186 2262 datur,
3223 2186 3299 2247 de
3331 2185 3506 2246 insti-
3605 2248 3609 2251 .

1945 2280 2186 2342 tutione
2227 2281 2449 2343 Christi
2495 2286 2608 2342 est.
2657 2283 2833 2358 ltem,
2877 2279 3042 2360 quod
3092 2298 3368 2361 personae
3423 2281 3510 2343 sic

1948 2380 2312 2436 consecratae
2357 2375 2538 2436 detur
2590 2374 2865 2454 specialis
2909 2379 3196 2454 potestas,
3248 2373 3324 2434 de
3370 2374 3508 2452 jure

1946 2467 2160 2528 divino
2198 2473 2313 2543 est,
2348 2486 2463 2528 nec
2491 2473 2691 2547 potest
2729 2467 2870 2528 talis
2900 2473 3166 2547 potestas
3195 2467 3509 2546 impediri,

1946 2565 2056 2621 aut
2081 2558 2336 2632 limitari
2358 2579 2469 2640 per
2487 2561 2771 2622 homines
2775 2607 2796 2637 ,
2821 2561 2873 2622 si
2901 2561 3276 2622 consecratio
3303 2559 3511 2621 valida

1946 2658 2058 2712 oet.
2088 2652 2176 2713 Ac
2201 2652 2463 2714 subinde
2489 2659 2653 2715 recte
2680 2654 2904 2715 dicitur
2940 2673 2977 2713 a
3014 2653 3253 2715 Christo
3295 2654 3515 2715 imme-

1947 2744 2114 2806 diate
2138 2744 2293 2821 dari,
2324 2747 2490 2826 quia,
2512 2746 2657 2808 licet
2683 2748 3023 2808 intercedat
3047 2748 3210 2808 actio
3240 2748 3512 2809 ministri

1946 2839 2359 2900 consecrantis
2397 2840 2592 2900 alium
2632 2840 2700 2900 ιιι
2744 2838 3135 2919 Episcopum,
3168 2839 3272 2901 ille
3308 2840 3512 2901 solum

1949 2949 2015 2992 se
2042 2932 2231 3010 gerit,
2263 2937 2333 2992 ut
2373 2932 2655 2993 minister
2687 2933 2997 3012 applicans
3016 2978 3036 3009 ,
3084 2950 3192 2993 seu
3245 2932 3513 2995 efficiens

1950 3029 2430 3100 sacramentum,
2467 3043 2575 3085 seu
2616 3026 3143 3086 consecrationem
3175 3041 3191 3084 ι
3240 3026 3514 3086 Christus

1949 3133 2099 3176 vero
2120 3116 2251 3196 ipse
2278 3122 2371 3178 est
2397 3122 2458 3178 et
2489 3118 2846 3197 proximum
2891 3124 2953 3178 et
2991 3119 3328 3198 principale
3370 3137 3515 3198 ope-

1949 3225 2098 3268 rans
2114 3210 2366 3289 propria
2382 3211 2610 3272 virtute
2635 3228 2651 3272 3
2681 3228 2760 3270 ex
2780 3211 2845 3271 vi
2863 3229 3012 3289 ergo
3030 3229 3156 3271 suae
3178 3211 3513 3271 institutio-

1949 3300 2050 3361 nis
2066 3306 2312 3362 tantum
2334 3300 2570 3363 confert
2613 3302 2786 3363 illam
2828 3307 3192 3382 potestatem
3222 3304 3400 3382 quasi
3439 3303 3517 3364 de

1952 3410 2087 3469 suo,
2127 3393 2227 3454 vel
2269 3396 2364 3471 (ut
2400 3394 2489 3455 ita
2528 3394 2752 3473 dicam)
2808 3395 2884 3456 de
2940 3413 3052 3456 suo
3101 3396 3519 3458 communicat

1951 3486 2489 3566 participationem
2516 3487 2943 3548 immediatam
2967 3506 3091 3548 suae
3118 3489 3456 3567 potestatis.

2033 3581 2089 3640 7.
2123 3579 2499 3658 Explicatm·
2535 3580 2734 3658 opinio
2785 3579 2995 3643 Castri
3021 3586 3078 3642 et
3112 3581 3416 3646 Navarri.
3435 3614 3518 3627 —

1950 3672 2082 3732 Hoc
2131 3672 2468 3752 supposit0,
2516 3672 2663 3733 dicit
2691 3674 2898 3734 Castro
2940 3674 3101 3734 hanc
3143 3680 3516 3754 potestatem

1949 3764 2037 3825 sic
2072 3763 2279 3825 datam
2311 3764 2611 3845 Episcopo
2639 3783 2718 3827 ex
2743 3765 2806 3827 vi
2852 3783 2978 3826 suae
3016 3768 3513 3844 consecrationiS,

1948 3875 2078 3917 non
2105 3856 2304 3918 solum
2341 3875 2471 3919 esse
2507 3863 2874 3937 potestatem
2902 3860 3157 3935 ordinis,
3189 3861 3294 3921 sed
3327 3862 3517 3922 etiam

1946 3950 2385 4031 jurisdictionis
2401 3973 2419 4025 ;
2451 3951 2599 4029 quia
2624 3969 2699 4011 ex
2727 3951 2790 4012 vi
2833 3951 3000 4012 illius
3040 3959 3237 4031 potest
3263 3955 3519 4032 Episco-

1954 4061 2068 4122 pus
2090 4048 2475 4104 consecratus
2493 4043 2598 4121 jus
2618 4043 2844 4118 dicere,
2871 4043 2922 4102 si
2951 4045 3010 4105 ei
3032 4045 3370 4123 applicetur
3390 4064 3521 4107 ma-

1952 4136 2134 4210 teria,
2165 4135 2244 4195 ad
2292 4153 2438 4195 eum
2492 4134 2772 4209 modum,
2822 4153 2945 4214 quo
2982 4136 3203 4197 Navar.
3237 4143 3298 4198 et
3325 4138 3520 4218 aliqui

1955 4227 2064 4287 alii
2105 4227 2398 4288 dixerunt
2436 4245 2651 4288 omnes
2681 4227 3024 4289 sacerdotes
3061 4245 3138 4289 ex
3170 4229 3233 4289 vi
3274 4230 3520 4291 ordina-

1955 4320 2144 4381 tionis
2178 4338 2304 4381 suae
2341 4320 2612 4400 recipere
2645 4319 3140 4398 jurisdictionem
3185 4320 3253 4382 in
3302 4321 3521 4383 habitu

1958 4415 2053 4490 (ut
2076 4413 2196 4492 ipsi
2216 4413 2602 4492 loquuntur),
2632 4414 2777 4474 licet
2794 4431 2867 4474 ea
2885 4413 2979 4473 uti
3006 4414 3208 4476 valide
3237 4433 3365 4476 non
3383 4434 3523 4495 pos·

1955 4507 2103 4583 sint,
2131 4507 2251 4568 nisi
2279 4509 2368 4569 eis
2394 4508 2735 4588 applicetur
2762 4509 3042 4569 materia.
3085 4510 3176 4570 Ita
3202 4510 3390 4571 etiam
3419 4530 3521 4572 ex-

1954 4600 2143 4679 plicat
2198 4600 2359 4661 hanc
2412 4602 2782 4662 sententiam
2832 4602 3016 4682 Vasq.
3068 4621 3289 4682 supra,
3343 4610 3525 4665 utens

1956 4694 2174 4755 eadem
2218 4693 2624 4756 similitudine
2666 4700 2730 4756 et
2778 4696 3200 4775 proportione,
3239 4702 3302 4756 et
3326 4697 3526 4759 decla-

1955 4804 2101 4847 rans
2147 4786 2322 4847 illam
2364 4782 2840 4866 applicationem
2884 4790 3163 4850 materiae
3217 4808 3343 4850 non
3398 4808 3527 4851 esse

1957 4897 2069 4959 per
2137 4879 2331 4940 solam
2406 4881 3007 4960 approximationem
3083 4883 3528 4962 proeexistentis

1960 4972 2269 5051 materiae3
2302 4973 2410 5035 sed
2459 4991 2589 5035 esse
2630 4992 2742 5053 per
2782 4974 3082 5036 moralem
3138 4975 3528 5042 effectionem

1958 5064 2153 5144 ipsius
2176 5066 2477 5141 materiae,
2490 5084 2629 5145 quae
2648 5066 2835 5126 simul
2862 5065 2934 5127 fit
2951 5072 3014 5127 et
3037 5068 3530 5148 approximatur,

1959 5159 2109 5237 quia
2140 5159 2401 5220 materia
2430 5158 2540 5219 illa
2566 5164 2713 5219 sunt
2754 5158 3008 5236 subditi,
3042 5167 3114 5221 ut
3152 5161 3305 5222 tales
3345 5166 3526 5240 sunt3

1960 5248 2029 5309 ιιι
2084 5252 2371 5328 praesenti
2438 5268 2587 5330 ergo
2637 5256 2784 5312 tunc
2853 5250 3196 5331 applicatur
3244 5253 3527 5329 materia,

1962 5343 2214 5421 quando
2238 5343 2588 5404 efficiuntur
2606 5341 2857 5418 subditi,
2882 5362 2997 5406 nec
3020 5345 3199 5406 aliter-
3221 5345 3533 5425 applican-

1962 5438 2069 5494 tur
2101 5453 2291 5514 quam
2321 5434 2604 5496 faciendo
2635 5436 2703 5496 in
2733 5436 2820 5498 eis
2852 5437 3318 5518 subJectionem.
3359 5438 3531 5498 Hanc

1964 5543 2114 5591 vero
2134 5528 2505 5591 sententiam
2533 5528 2619 5591 sic
2643 5528 3013 5595 declaratam
3031 5549 3161 5594 non
3192 5530 3373 5592 aliter
3391 5547 3532 5611 pro-
