3976 6219
769 425 902 478 CAP.
939 428 1021 480 lx.
1058 428 1226 481 APUD
1259 429 1417 492 Quos
1450 428 1547 481 SIT
1578 427 1893 482 Pon-:sus
1924 428 2233 482 CONDENDI
2266 427 2462 483 LEGES
2495 426 2751 491 CIVULES,
2788 426 2923 479 ETC.

221 526 374 602 diae,
405 525 504 588 vel
530 525 648 588 nisi
676 525 742 587 in
769 529 887 590 1106
923 529 1225 592 haberent
1252 531 1524 612 aliquam
1565 532 1796 592 vicissi-

221 621 539 694 tudinem,
599 627 707 680 aut
748 620 870 682 alio
920 624 1125 685 medio
1180 626 1270 685 uti
1314 630 1693 699 tenerentur,
1726 632 1796 684 ιιι

227 712 524 787 sortibus,
553 712 651 773 vel
679 716 1242 793 compromissione,
1276 718 1372 779 vel
1401 718 1794 797 adjunctione

230 805 498 883 alicujus
539 806 706 865 tertii
744 806 1041 886 suffragii.
1098 810 1214 870 Sed
1260 811 1559 891 quidquid
1600 811 1678 871 sit
1720 811 1796 871 de

231 898 533 979 possibili,
584 903 821 960 certum
874 910 964 961 est
1008 901 1125 963 1106
1169 922 1294 964 non
1346 923 1521 983 posse
1567 904 1701 965 fieri
1730 903 1796 964 in

233 991 525 1071 praesenti
558 1012 722 1067 casu,
746 994 987 1055 etiamsi
1008 997 1225 1073 regina
1244 997 1452 1073 vellet,
1474 998 1619 1077 quia
1642 1003 1798 1059 esset

236 1085 500 1145 mutatio
529 1103 758 1164 magna
784 1086 848 1146 in
885 1104 1101 1165 regno,
1145 1090 1299 1150 etin
1336 1091 1518 1151 modo
1553 1108 1799 1151 monar-

235 1175 388 1237 chiae
418 1177 573 1256 ejus,
605 1197 742 1257 quae
782 1179 914 1241 sine
952 1199 1252 1242 consensu
1283 1183 1461 1261 regni
1510 1182 1643 1244 fieri
1673 1202 1799 1244 non

234 1275 453 1348 potest.
483 1271 633 1331 Item
681 1270 789 1332 illa
821 1272 1253 1352 multiplicatio
1285 1275 1572 1353 duorum,
1611 1277 1798 1337 etiam

235 1360 341 1422 illo
371 1363 553 1423 modo
605 1363 783 1435 facta,
839 1372 996 1427 esset
1029 1385 1327 1446 magnum
1377 1387 1711 1447 gravamen
1739 1375 1799 1430 et

237 1459 666 1538 praejudicium
694 1460 1125 1540 subditorum3
1169 1481 1317 1542 ergo
1345 1464 1480 1525 fieri
1530 1482 1654 1525 non
1692 1485 1798 1544 po-

239 1557 381 1626 test,
412 1552 601 1613 etiam
628 1552 691 1612 vi
719 1555 1121 1617 matrimonii.
1159 1557 1453 1636 Denique,
1489 1557 1567 1617 ad
1594 1558 1710 1618 hoc
1737 1565 1800 1619 et

240 1644 521 1722 superius
547 1650 839 1724 punctum
866 1647 1355 1709 confirmandum
1374 1650 1537 1710 valet
1555 1650 1799 1711 axioma

239 1754 567 1798 commune
581 1738 1101 1819 jurisperitorum,
1122 1741 1288 1821 quod
1314 1761 1602 1823 suprema
1629 1745 1798 1824 prin-

240 1829 391 1909 cipis
418 1836 683 1910 potestas
725 1850 841 1894 nec
883 1833 1153 1894 abdicari
1180 1840 1399 1914 potest,
1429 1854 1544 1896 nec
1568 1836 1795 1911 minui,

242 1921 321 1980 de
357 1940 479 2000 quo
515 1923 713 1984 videri
755 1932 1031 2004 possunt,
1067 1946 1205 2005 quae
1255 1929 1533 2006 congerit
1576 1930 1793 1989 Franc.

236 2013 485 2091 VargaS,
514 2020 756 2077 tractat.
775 2018 852 2079 de
879 2021 1183 2081 Potestate
1203 2020 1518 2099 pontificia
1537 2021 1602 2081 in
1631 2022 1799 2101 prin-

233 2122 412 2183 cipio.

317 2200 412 2259 12.
458 2200 728 2279 Roynum
756 2207 844 2265 est
870 2203 1055 2266 veluti
1081 2206 1356 2282 officium
1383 2207 1541 2287 quod
1566 2208 1801 2271 incum-

238 2291 324 2353 bit
341 2293 611 2370 proprioe
635 2311 903 2372 persouoe
924 2296 1023 2358 eui
1050 2300 1377 2373 confertur.
1410 2332 1492 2345 —
1518 2301 1797 2361 Tertium

236 2382 386 2444 item
445 2384 794 2447 membrum
840 2393 1030 2466 patet,
1080 2390 1228 2468 quia
1273 2391 1489 2452 eadem
1523 2391 1653 2452 fere
1703 2399 1795 2453 est

235 2477 394 2537 ratio
433 2477 509 2538 de
548 2479 1081 2542 administratione
1127 2501 1266 2562 quae
1310 2484 1386 2544 de
1415 2484 1691 2546 dominio
1733 2491 1796 2546 et

238 2571 632 2649 proprietate.
663 2574 818 2635 Nam
842 2574 1079 2637 duobus
1098 2577 1295 2638 modis
1322 2585 1525 2657 posset
1553 2579 1671 2640 hoc
1700 2582 1796 2639 in-

235 2663 455 2742 telligi.
489 2665 659 2727 Unus
682 2672 796 2743 est,
821 2673 890 2727 ut
910 2668 1016 2729 illa
1047 2669 1495 2732 administratio
1523 2673 1609 2732 ita
1637 2676 1796 2733 esset

235 2756 302 2817 in
330 2775 497 2836 rege,
527 2764 597 2819 ut
629 2759 793 2820 solus
836 2779 908 2822 ac
951 2768 1336 2842 repugnante
1367 2782 1560 2826 uxore
1591 2769 1796 2844 posset

234 2848 399 2928 leges
424 2853 684 2914 condere
707 2860 769 2914 et
800 2853 952 2915 alios
973 2864 1145 2917 actus
1174 2857 1636 2935 gubernationis
1658 2876 1798 2919 exe-

238 2943 368 3021 qui,
394 2950 455 3004 et
477 2944 594 3005 hoc
620 2946 803 3025 plane
825 2953 982 3008 esset
1000 2950 1282 3027 quaedam
1303 2949 1591 3011 alienatio
1619 2953 1797 3030 regni

239 3035 495 3116 ejusque
531 3038 850 3100 translatio
877 3041 943 3100 in
972 3040 1189 3118 alium,
1228 3043 1445 3104 saltem
1472 3044 1549 3104 ad
1578 3044 1793 3119 vitam,

239 3145 350 3189 seu
385 3130 646 3192 durante
686 3133 935 3194 vinculo
972 3136 1395 3197 matrimonii:
1434 3138 1567 3198 haec
1590 3145 1797 3198 autem

236 3219 374 3282 fieri
406 3241 533 3284 non
562 3230 761 3303 potest
791 3226 924 3287 sine
952 3245 1252 3288 consensu
1294 3230 1494 3308 regni,
1526 3237 1589 3291 et
1612 3230 1690 3290 ad
1720 3230 1802 3290 il-

235 3313 366 3376 lam
412 3317 707 3397 applicari
757 3326 1011 3398 possunt
1051 3322 1259 3381 omnia
1297 3322 1459 3382 dicta
1490 3323 1557 3382 in
1598 3323 1799 3402 primo

236 3406 536 3469 membro.
566 3409 815 3471 Accedit
837 3411 1003 3490 quod
1025 3413 1091 3472 in
1118 3412 1234 3473 hoc
1273 3432 1400 3474 non
1427 3421 1520 3475 est
1555 3433 1799 3494 compa-

236 3500 501 3560 randum
523 3520 787 3581 regnum
809 3522 952 3564 eum
976 3504 1111 3565 aliis
1135 3504 1335 3582 bonis,
1378 3525 1490 3568 seu
1522 3526 1664 3568 cum
1694 3508 1800 3569 ad-

238 3593 689 3656 ministratione
734 3596 918 3674 dotis,
979 3600 1126 3677 quia
1177 3618 1441 3679 regnum
1485 3607 1576 3662 est
1607 3601 1800 3664 veluti

238 3687 548 3764 quoddam
567 3688 839 3750 officium
863 3691 1028 3770 quod
1054 3691 1360 3753 incumbit
1381 3694 1641 3773 propriae
1662 3712 1799 3773 per-

238 3797 403 3840 sonae
429 3781 528 3840 eui
555 3781 885 3857 confertur,
911 3788 973 3844 et
998 3802 1126 3844 non
1150 3789 1282 3845 tam
1315 3791 1406 3845 est
1431 3792 1680 3865 propter
1705 3786 1799 3864 ip·

239 3889 371 3932 sam
408 3890 596 3951 quam
638 3879 889 3954 propter
937 3894 1040 3937 eos
1097 3877 1205 3956 qui
1241 3877 1498 3955 regendi
1523 3883 1691 3952 sunt,
1737 3883 1801 3937 et

239 3963 379 4026 ideo
407 3983 534 4026 non
560 3973 762 4046 potest
797 3986 906 4030 rex
932 3969 1031 4030 vel
1066 3970 1284 4048 regina
1309 3970 1431 4031 tale
1458 3988 1615 4031 onus
1651 3988 1689 4029 a
1734 3987 1798 4030 se

240 4074 543 4136 separare,
560 4078 676 4120 nec
699 4060 767 4121 in
792 4060 984 4121 alium
1007 4062 1362 4138 transferre,
1384 4063 1571 4123 etiam
1596 4063 1797 4141 quoad

240 4166 421 4210 usum
447 4151 545 4212 vel
573 4152 647 4212 ad
655 4153 1193 4228 ministrationem,
1221 4155 1309 4214 ita
1327 4160 1536 4215 utnon
1556 4161 1803 4216 maneat

240 4240 406 4322 apud
438 4242 643 4322 ipsum
678 4264 967 4325 suprema
992 4253 1258 4326 potestas
1289 4253 1351 4307 et
1376 4246 1670 4325 obligatio
1696 4266 1801 4308 16-

242 4336 427 4414 gendi
453 4351 469 4396 ε
519 4356 647 4398 11011
696 4356 843 4418 ergo
882 4340 1200 4401 transferri
1239 4346 1436 4419 potest
1471 4340 1576 4400 illo
1615 4341 1797 4401 modo

243 4428 695 4492 administratio
740 4432 921 4510 regni
955 4433 1021 4493 in
1049 4451 1259 4511 regem
1299 4434 1538 4495 ratione
1584 4433 1800 4493 matri-

241 4523 459 4583 monii.
487 4522 658 4584 Alter
682 4525 902 4585 modus
929 4531 1019 4586 est
1041 4532 1109 4586 ut
1135 4526 1352 4604 regina
1382 4526 1636 4586 haberet
1663 4526 1800 4605 qui-

243 4613 385 4675 dem
436 4616 1052 4693 administrationem,
1105 4619 1212 4679 sed
1266 4616 1713 4698 dependentem
1763 4636 1802 4678 a

241 4726 409 4786 rege,
443 4708 531 4770 ita
558 4715 628 4770 ut
661 4710 792 4771 sine
819 4712 952 4790 ejus
979 4729 1301 4786 consensu,
1337 4710 1436 4772 vel
1480 4710 1587 4770 illo
1622 4728 1804 4789 repu-

245 4806 497 4878 gnante,
529 4820 653 4862 non
685 4810 884 4882 posset
911 4805 1077 4883 leges
1103 4804 1287 4879 ferre,
1317 4808 1379 4863 et
1410 4802 1590 4862 aliter
1616 4802 1803 4879 juris-

246 4892 580 4955 dictionem
624 4913 801 4957 suam
844 4915 1150 4958 exercere.
1196 4898 1272 4957 Et
1311 4895 1429 4956 hoe
1464 4895 1653 4956 etiam
1684 4894 1806 4955 dici

244 5003 371 5046 11011
398 4992 617 5065 potest,
657 4988 803 5067 quia
844 4989 1171 5050 incidimus
1210 4989 1278 5049 in
1320 4988 1531 5049 omnia
1574 4986 1807 5047 incom-

245 5080 430 5140 moda
479 5098 616 5158 quae
675 5082 737 5140 in
792 5081 1059 5141 secundo
1098 5082 1376 5142 membro
1421 5085 1586 5140 tacta
1621 5083 1799 5139 sunt:

244 5190 392 5233 nam
419 5173 519 5234 vel
546 5178 909 5251 sequeretur
931 5173 1225 5233 continua
1244 5171 1614 5252 perplexitas
1635 5176 1699 5231 et
1714 5170 1807 5230 di·

242 5265 420 5341 visio,
467 5264 568 5326 vel
615 5269 923 5343 oporteret
976 5281 1231 5325 uxorem
1262 5265 1500 5324 ,cedere
1557 5263 1802 5338 marito,

244 5359 409 5436 quod
437 5361 596 5417 esset
637 5375 749 5416 sua
773 5357 1201 5435 jurisdictione
1238 5354 1506 5436 privari:
1539 5353 1703 5414 unde
1727 5354 1807 5413 si-

245 5455 349 5510 cut
368 5467 498 5510 non
521 5454 723 5530 potest
764 5450 983 5528 regina
1007 5467 1183 5510 suam
1209 5447 1807 5510 administrationem

246 5559 286 5604 a
311 5560 377 5605 se
399 5543 668 5620 auferre,
699 5542 897 5606 invito
913 5560 1130 5623 regne,
1160 5542 1249 5606 ita
1274 5558 1390 5607 1166
1413 5544 1614 5621 potest
1634 5538 1809 5602 illam

3318 422 3439 483 205

1877 533 2181 608 minnere,
2212 552 2325 593 nec
2350 532 2550 593 facere
2576 537 2649 591 ut
2675 536 2964 609 suprema
2984 528 3051 588 in
3078 546 3187 588 suo
3213 546 3438 607 genere

1876 643 2002 685 non
2032 625 2110 685 sit
2125 641 2145 702 ;
2183 644 2331 704 ergo
2358 643 2487 685 11011
2515 629 2716 704 potest
2743 623 2940 684 facere
2973 640 3152 681 usum
3175 621 3308 700 ejus
3335 622 3438 682 dc·

1876 720 2249 798 pendentem
2278 737 2316 779 a
2334 736 2635 779 consensu
2667 716 2897 777 mariti.

1960 814 2058 871 13.
2104 812 2221 873 Sed
2243 817 2456 872 contra
2478 810 2638 871 hanc
2660 825 3054 870 communem
3071 808 3437 868 sententiam

1877 904 2062 983 objici
2104 910 2303 984 potest
2328 903 2429 964 lex
2475 903 2782 982 Hispaniae
2827 905 2889 978 9,
2944 901 3037 962 tit.
3091 904 3150 976 1,
3184 906 3341 980 part.
3374 902 3436 977 2,

1876 998 1984 1058 ubi
2029 997 2096 1057 in
2129 998 2431 1077 principio
2476 996 2701 1057 dicitur
2747 1001 3011 1075 quatuor
3038 994 3235 1055 modis
3265 1012 3440 1073 posse

1871 1091 2013 1168 jure
2041 1089 2306 1150 obtineri
2332 1089 2679 1150 dominium
2707 1088 2886 1167 regni
2914 1093 2975 1149 et
3002 1105 3229 1148 nomen
3254 1088 3436 1165 regis,

1879 1183 1954 1243 Et
1978 1189 2186 1262 postea
2208 1183 2428 1243 dicitur
2459 1183 2711 1244 tertium
2740 1181 2997 1241 modum
3026 1198 3156 1241 esse
3176 1198 3288 1259 per
3311 1198 3440 1240 ma-

1878 1275 2266 1351 trimonium,
2297 1274 2543 1354 quando
2565 1274 2785 1354 aliquis
2802 1274 3076 1352 privatus
3104 1271 3272 1332 ducit
3291 1289 3440 1331 uxo-

1878 1386 2008 1429 rem
2033 1368 2317 1445 reginam
2343 1373 2405 1429 et
2426 1368 2607 1447 regni
2633 1367 2939 1428 haeredem
2970 1382 2985 1426 1
3012 1383 3160 1444 ergo
3180 1364 3442 1426 tuucvir

1877 1460 2117 1521 obtinet
2160 1462 2296 1540 jure
2329 1461 2678 1521 dominium
2722 1461 2900 1539 regni
2915 1476 2936 1536 3
2981 1477 3128 1538 ergo
3156 1458 3317 1538 apud
3346 1457 3439 1536 ip-

1876 1572 2013 1613 sum
2063 1558 2154 1613 est
2192 1558 2456 1632 potestas
2502 1552 2870 1630 legislativa,
2911 1570 3036 1611 non
3085 1550 3248 1629 apud
3277 1550 3441 1626 regi-

1877 1665 2046 1707 nam.
2080 1648 2155 1706 Et
2179 1645 2601 1720 confirmatur,
2646 1645 2793 1723 quia
2821 1645 2971 1705 alias
2998 1644 3259 1705 maritus
3286 1648 3440 1704 esset

1877 1741 2059 1799 uxori
2099 1738 2401 1813 subdituS,
2450 1757 2521 1799 ac
2567 1738 2825 1799 subinde
2866 1743 3179 1799 teneretur
3223 1754 3438 1815 parere

1844 1833 2014 1911 'ejus
2050 1832 2312 1910 legibus,
2357 1837 2418 1892 et
2457 1837 2898 1909 consequenter
2934 1832 3121 1892 etiam
3147 1848 3438 1910 persona-

1877 1925 2041 1985 libus
2064 1925 2408 2004 praeceptis,
2441 1929 2530 1999 ut,
2556 1923 2725 1984 verbi
2746 1925 2968 2002 gratia,
2985 1930 3297 1985 teneretur
3310 1923 3439 1985 bel-

1879 2017 2012 2078 lum
2041 2036 2253 2095 gerere
2283 2017 2672 2096 praecipiente
2705 2034 2922 2092 uxore,
2961 2022 3023 2078 et
3052 2017 3275 2076 similia
3298 2035 3436 2096 qnae

1877 2110 2169 2171 videntur
2190 2128 2317 2170 esse
2332 2115 2544 2171 contra
2568 2109 2848 2169 debitum
2873 2115 3109 2170 naturae
3131 2109 3435 2185 ordinem,

1877 2208 1940 2264 et
1966 2208 2183 2263 contra
2211 2202 2542 2264 sententias
2577 2201 2747 2261 Pauli
2774 2220 2961 2280 supra
3002 2202 3238 2262 citatas·
3283 2202 3439 2262 Con-

1877 2292 2164 2354 firmatur
2193 2295 2481 2370 seeundo,
2527 2295 2673 2373 quia
2723 2295 2981 2354 maritus
3022 2292 3209 2354 habet
3238 2294 3343 2371 jus
3378 2299 3442 2355 ot

1876 2393 2245 2466 potestatem
2300 2387 2684 2465 gubernandi
2737 2404 2996 2447 uxorem
3042 2387 3110 2446 in
3154 2385 3440 2446 omnibus

1874 2479 2219 2539 actionibus
2245 2480 2399 2553 suis,
2436 2484 2498 2539 et
2537 2479 2842 2558 corripere
2879 2478 3052 2539 illam
3086 2494 3213 2537 non
3237 2477 3439 2537 solum

1874 2571 1940 2630 in
1974 2571 2159 2632 rebus
2187 2570 2267 2634 ad
2304 2591 2367 2632 se
2399 2572 2870 2650 pertinentibus,
2912 2571 3017 2631 sed
3065 2569 3339 2631 absolute
3371 2570 3437 2630 in

1873 2664 2164 2725 omnibus
2191 2683 2329 2744 quae
2358 2664 2762 2726 adversantur
2788 2664 2969 2724 bonis
2995 2662 3294 2737 moribus,
3315 2680 3438 2741 qua

1873 2757 2112 2818 ratione
2154 2757 2338 2818 multi
2376 2763 2626 2818 censent
2667 2774 2845 2837 posse
2889 2755 3185 2816 maritum
3226 2755 3439 2814 omnia

1872 2855 2016 2910 vota
2040 2850 2248 2911 uxoris
2261 2850 2535 2928 irritare3
2562 2868 2708 2928 ergo
2731 2849 2975 2910 etiamsi
3001 2865 3157 2908 uxor
3177 2848 3257 2907 sit
3277 2847 3439 2925 regi-

1875 2961 1979 3017 na,
2005 2943 2191 3003 habet
2204 2943 2461 3004 maritus
2481 2948 2844 3023 potestatem
2861 2948 2925 3002 et
2945 2940 3437 3020 superioritatem

1878 3036 1943 3096 ln
1971 3053 2185 3096 omnes
2213 3035 2482 3097 actiones
2510 3036 2663 3115 ejuS,
2691 3035 2878 3095 etiam
2896 3035 2965 3093 in
2987 3050 3257 3114 easquas
3267 3050 3440 3093 exer-

1877 3147 2016 3190 cere
2060 3134 2257 3208 potest
2291 3135 2360 3190 ut
2398 3129 2615 3208 regina
2642 3134 2733 3188 est
2755 3144 2775 3205 ;
2802 3145 2951 3205 ergo
2982 3143 3224 3188 necesse
3246 3131 3337 3186 est
3367 3130 3439 3184 nt

1877 3222 2094 3300 regina
2111 3221 2376 3301 pendeat
2402 3240 2440 3283 a
2474 3221 2697 3282 marito
2722 3221 2789 3281 in
2818 3238 2935 3280 usu
2957 3225 3018 3279 et
3047 3218 3440 3279 administra·

1880 3315 2047 3375 tione
2076 3332 2203 3375 suae
2226 3313 2689 3393 jurisdictionis
2953 3360 2958 3366 .

1961 3409 2059 3467 14.
2105 3407 2357 3486 Propter
2384 3405 2514 3467 haec
2559 3405 2816 3466 fortasse
2847 3408 2910 3466 et
2937 3403 3166 3465 similia
3185 3402 3444 3466 Moutal-

1877 3506 1998 3575 tuS,
2032 3506 2103 3561 ut
2149 3500 2335 3561 refert
2378 3517 2562 3579 supra
2589 3498 2842 3577 Gregor.
2886 3499 3062 3576 Lop.‚
3091 3496 3248 3557 dixit
3273 3497 3341 3557 in
3368 3515 3442 3558 eo

1878 3611 2021 3655 casu
2041 3594 2540 3673 jurisdictionem
2565 3592 2796 3672 reginae
2827 3610 2932 3653 seu
2963 3590 3443 3652 administratio-

1877 3705 2023 3747 nem
2070 3688 2203 3766 ejus
2257 3686 2574 3748 transferri
2622 3686 2690 3745 in
2736 3684 3034 3745 maritum
3078 3701 3312 3762 regem.
3367 3685 3442 3743 Et

1878 3780 2077 3841 Palae.
2127 3780 2312 3842 Rubi.
2348 3798 2534 3860 quem
2564 3779 2753 3841 etiam
2788 3777 3002 3852 refert,
3034 3776 3192 3837 dixit
3227 3795 3444 3839 secun·

1876 3874 2026 3934 dum
2060 3872 2227 3952 leges
2267 3873 2584 3953 ‘Hispaniae
2621 3870 3221 3932 administrationem
3264 3870 3442 3948 regni

1877 3984 2007 4027 esse
2052 3966 2121 4026 in
2168 3971 2448 4045 utroque.
2486 3964 2630 4037 Sed,
2654 3967 2725 4022 ut
2750 3961 2918 4023 idem
2958 3961 3208 4039 Gregor.
3240 3967 3438 4036 notat,

1877 4058 2050 4119 nulla
2077 4064 2167 4119 est
2191 4058 2293 4117 lex
2323 4057 2388 4116 in
2438 4054 2732 4133 Hispania
2776 4070 2915 4131 quae
2960 4051 3078 4127 hoc
3131 4052 3438 4131 disponat,

1878 4170 1993 4212 nec
2030 4156 2184 4211 esset
2215 4146 2548 4208 conformis
2587 4144 2837 4217 rationi,
2868 4149 2940 4203 ut
2968 4143 3295 4230 probatum
3324 4151 3435 4206 est.

1880 4244 1971 4305 Ad
2001 4243 2204 4321 legem
2233 4257 2380 4318 ergo
2409 4239 2658 4298 citatam
2695 4236 3099 4315 respondetur
3131 4236 3199 4295 in
3227 4237 3442 4297 eadem

1880 4335 2185 4397 contineri
2212 4331 2645 4393 limitationem
2673 4333 2736 4392 et
2763 4327 3262 4402 declarationem,
3294 4328 3443 4406 quia

1879 4429 1945 4489 in
1986 4428 2093 4488 illo
2138 4427 2318 4488 tertio
2359 4425 2540 4485 modo
2576 4420 2897 4484 obtinendi
2936 4437 3200 4498 regnum
3242 4419 3443 4480 solum

1880 4521 2052 4596 dicit,
2082 4520 2321 4581 ratione
2348 4517 2624 4596 conjugii
2649 4533 2789 4576 cum
2817 4512 3035 4592 regina
3056 4529 3230 4591 posse
3257 4511 3444 4570 mari-

1880 4619 2017 4673 tum
2043 4613 2251 4674 vocari
2278 4629 2512 4690 regem,
2544 4609 2708 4688 quod
2732 4613 2823 4669 est
2846 4610 3325 4667 consentaneum
3344 4620 3443 4662 ra-

1880 4706 2038 4766 tioni
2058 4705 2346 4778 naturali,
2377 4703 2524 4783 quia
2546 4703 2645 4763 vir
2672 4707 2733 4762 et
2760 4718 2919 4760 uxor
2952 4700 3039 4758 ita
3057 4698 3216 4757 fiunt
3243 4712 3444 4755 unum

1883 4800 2122 4861 ratione
2164 4796 2569 4871 matrimonii,
2608 4801 2682 4855 ut
2721 4794 2985 4854 honores
3010 4798 3073 4853 et
3113 4790 3446 4868 dignitates

1884 4892 2002 4952 sibi
2046 4891 2523 4952 communicent.
2584 4888 2660 4947 Et
2704 4886 2987 4966 quamvis
3034 4881 3447 4945 communiter

1886 4984 2079 5046 soleat
2119 4986 2240 5060 vir,
2285 4984 2435 5063 quia
2463 4985 2648 5061 caput
2674 4987 2787 5054 est,
2811 4978 3053 5038 trahere
3083 4990 3339 5035 uxorem
3366 4971 3444 5032 ad

1885 5076 2419 5156 participationem
2448 5072 2814 5135 conditionis
2840 5087 2986 5144 suae,
3012 5069 3141 5128 sive
3159 5064 3449 5126 nobilita-

1886 5170 1964 5230 tis
1969 5214 1991 5246 ,
2033 5171 2160 5230 sive
2196 5165 2621 5248 ignobilitatis»,
2660 5168 2730 5222 ut
2748 5165 3027 5221 statuunt
3049 5158 3254 5237 plures
3280 5156 3447 5235 leges

1887 5262 2096 5324 civiles
2144 5279 2296 5340 quas
2340 5260 2462 5319 late
2505 5256 2692 5317 refert
2723 5256 2927 5331 Tiraq.
2966 5252 3027 5311 d.
3076 5270 3129 5311 6.
3168 5252 3267 5326 18,
3298 5268 3364 5309 n.
3411 5253 3440 5309 1

1887 5360 1949 5415 et
1981 5356 2081 5429 15,
2110 5351 2537 5422 nihilominUS‚
2559 5344 2806 5426 quando
2833 5350 3007 5404 tanta
3033 5349 3124 5404 est
3150 5341 3448 5404 excellen-

1886 5447 1976 5507 tia
2004 5445 2236 5520 uxoris,
2268 5447 2499 5522 quanta
2526 5439 2708 5499 estin
2755 5437 2991 5516 regina,
3023 5436 3129 5497 illa
3150 5431 3341 5496 trahit
3366 5430 3447 5491 ad

1887 5555 1953 5602 se
1978 5536 2209 5613 virum,
2241 5540 2313 5597 ιιι
2342 5532 2433 5595 ini
2468 5529 2882 5595 communicet
2910 5545 3140 5591 nomen
3169 5531 3231 5589 et
3253 5524 3447 5585 hono-
