3976 6219
534 366 614 425 84

525 468 906 550 temporalis,
961 474 1024 530 et
1068 485 1146 529 ex
1188 466 1303 530 hac
1334 474 1508 547 parte
1552 467 1762 526 minus
1792 467 2082 545 perfecta.

525 564 729 625 Potest
760 566 969 622 autem
1004 560 1321 621 interdum
1357 558 1495 620 fieri
1521 577 1632 639 pro
1656 564 1785 619 tota
1811 576 2087 619 eommu-

524 655 744 728 nitate,
782 658 844 713 et
882 658 1033 713 tune
1076 670 1154 713 ex
1198 649 1317 711 hae
1366 656 1542 729 parte
1587 650 1828 710 videtur
1857 649 2087 709 habere

527 745 996 807 similitudinem
1045 762 1186 805 eum
1226 742 1660 822 abrogatione:
1700 747 1910 802 tamen
1938 742 2087 821 quia

525 856 654 899 non
692 837 1048 917 simpliciter
1086 834 1248 897 tollit
1291 835 1492 914 legem
1515 880 1534 911 ‚
1580 834 1687 895 sed
1727 835 1805 895 ad
1842 839 2085 913 tempus

521 930 838 1011 suspendit
881 929 1323 1007 obligationem
1365 927 1500 1005 ejus
1525 973 1544 1001 ,
1588 927 1813 987 dicitur
1839 932 2083 993 tantum

523 1022 862 1101 suspensio,
890 1023 1090 1083 Potest
1109 1026 1318 1081 autem
1330 1018 1464 1080 haee
1481 1019 1796 1098 suspensio
1811 1018 2083 1079 accidere

520 1114 852 1194 aliquando
875 1132 985 1193 per
1005 1112 1198 1174 solam
1221 1112 1816 1191 interpretationem,
1849 1117 1911 1173 et
1935 1117 2083 1172 tune

520 1209 599 1269 ad
634 1208 927 1287 epiikiam
965 1207 1233 1285 pertinet
1263 1228 1276 1265 τ
1328 1206 1645 1267 interdum
1674 1222 1820 1267 vero
1841 1224 1880 1265 a
1904 1222 2082 1284 supe-

448 1300 452 1303 ’
516 1303 680 1364 riore
699 1300 950 1363 concedi
971 1306 1171 1379 potest
1188 1299 1329 1360 talis
1348 1299 1644 1361 relaxatio
1666 1299 1783 1360 toti
1805 1316 2081 1361 eommu-

517 1395 700 1458 nitati
734 1411 849 1475 pro
887 1392 1061 1455 brevi
1089 1398 1392 1472 tempore,
1437 1392 1539 1455 vel
1581 1392 1770 1455 etiam
1811 1409 1923 1472 pro
1951 1407 2077 1450 uno

1528 364 1644 419 Lm.
1678 365 1718 419 l.
1753 363 1834 418 DE
1863 361 2117 417 NATURA
2146 362 2325 416 LEGIS
2358 362 2419 415 IN
2454 362 2749 417 connum.

2164 468 2409 525 tantum
2436 470 2600 540 actu,
2630 463 2708 525 ad
2748 461 3096 525 faciendum
3124 460 3375 544 aliquod
3405 481 3558 543 opus
3596 480 3723 525 ser-

2164 556 2287 617 vile
2316 556 2385 616 in
2427 555 2537 616 tali
2581 556 2681 617 die
2712 555 2890 631 festo,
2921 562 3169 635 propter
3220 555 3545 635 specialem
3578 575 3720 615 eau-

2164 642 2319 724 sam,
2350 653 2413 709 et
2442 654 2593 709 tune
2639 648 2779 709 talis
2828 650 3145 727 suspensio
3194 648 3566 727 dispensatio
3603 648 3723 708 dici

2165 745 2383 819 potest.
2434 740 2634 819 Atque
2661 740 2793 801 haec
2830 740 3136 801 sufficiant
3166 740 3243 801 de
3276 740 3722 818 significatione

2164 850 2389 893 vocum
2415 877 2437 908 ,
2499 833 2568 893 in
2620 833 2842 913 quibus
2897 834 3297 914 supponimus
3351 834 3723 894 mutationes

2167 924 2285 985 illis
2326 924 2579 987 vocibus
2625 926 2996 1004 significatas
3028 927 3095 987 in
3140 926 3380 1005 legibus
3412 944 3541 987 esse
3581 944 3720 1005 pos-

2161 1015 2367 1077 sibiles
2410 1033 2425 1076 :
2480 1017 2789 1098 quomodo
2845 1023 3054 1080 autem
3106 1018 3187 1079 ad
3234 1017 3510 1097 singulas
3553 1018 3720 1096 leges

2164 1108 2542 1189 applicandae
2577 1112 2722 1186 sint,
2752 1117 2814 1172 et
2840 1130 2951 1192 per
2980 1130 3133 1191 quas
3173 1130 3383 1173 causas
3416 1111 3553 1172 fieri
3582 1129 3719 1190 pos·

2160 1203 2319 1278 sint,
2370 1203 2439 1264 in
2470 1203 2866 1283 sequentibus
2910 1204 3082 1266 libris
3122 1204 3553 1284 explicandum
3598 1209 3713 1279 est,

2158 1301 2220 1357 et
2242 1295 2383 1357 ideo
2427 1294 2504 1358 de
2541 1295 2678 1375 lege
2711 1297 2781 1357 in
2808 1296 3123 1358 communi
3153 1296 3451 1358 haetenus
3484 1296 3715 1357 dietum

2156 1389 2258 1451 sit.

1830 1610 1978 1655 Flms
2018 1610 2169 1656 LIBRI
2206 1610 2391 1657 mum.

527 1896 731 1906 ————

2771 1894 2904 1903 -..--..
2925 1897 3226 1903 ,-...-.-.-----.
3283 1898 3357 1903 ...-ή.
3373 1898 3460 1903 ,.--.
3544 1900 3592 1903 —
3625 1901 3660 1905 —

839 2134 1337 2277 INDEX
1427 2131 2102 2276 CAPITUM
2195 2132 2609 2275 LIBRI
2717 2129 3376 2274 SECUNDI

1069 2434 1174 2509 DE
1221 2432 1424 2509 LEGE
1473 2432 1837 2519 AETEBNA,
1889 2434 2318 2521 NATURALL
2367 2434 2473 2509 ET
2520 2432 2715 2508 JURE
2766 2432 3142 2508 GENTIUM.

498 2997 658 3070 Cn».
721 2994 776 3066 Ι.
833 2990 952 3065 An
973 2989 1066 3063 sit
1091 2989 1330 3087 aliqua
1356 2988 1468 3062 lex
1491 3002 1775 3073 oeterna,
1813 3002 1882 3062 et
1904 3011 2059 3085 quae
2137 2988 2303 3063 Cn».
2360 2989 2518 3063 XII.
2581 2988 2827 3065 Utrum
2866 2991 2981 3064 lex
3010 2991 3356 3065 naturalis
3401 3016 3539 3065 non
3582 3019 3695 3069 so-

595 3116 966 3192 necessitas
1007 3114 1222 3188 illius.

495 3245 657 3319 041³.
715 3242 806 3315 II.
863 3238 970 3313 De
996 3236 1296 3312 materia
1331 3235 1498 3333 leqis
1535 3249 1836 3324 aeternae,
1871 3247 1939 3309 et
1969 3236 2054 3308 de

593 3364 862 3438 actibus
888 3361 977 3435 ab
1005 3360 1135 3434 illa
1157 3359 1543 3454 imperatis.

494 3487 658 3562 Gn.
715 3485 838 3559 III.
896 3482 987 3555 In
1039 3506 1172 3579 quo
1213 3494 1375 3554 actu
1405 3481 1659 3555 existat
1694 3481 1806 3554 lex
1850 3494 2055 3554 oeter-

593 3632 714 3700 na,
777 3620 844 3680 et
879 3629 973 3678 an
1006 3605 1098 3676 sit
1147 3627 1291 3676 una
1338 3603 1449 3677 vel
1481 3602 1875 3698 multiplex.

493 3731 655 3804 Cn».
714 3729 826 3802 IV.
883 3725 1002 3798 An
1030 3725 1142 3799 lex
1177 3737 1440 3800 oeterna
1483 3726 1575 3799 sit
1621 3750 1835 3800 causa
1878 3726 2057 3800 alia-

591 3875 752 3924 rum
789 3851 1036 3947 leyum,
1080 3863 1152 3924 et
1172 3875 1299 3946 per
1337 3849 1500 3924 illas
1525 3849 1799 3946 obliqet.

2238 3112 2381 3185 lum
2424 3113 2810 3208 prohibeat,
2865 3114 2987 3188 sed
3041 3115 3257 3188 etiam
3286 3114 3518 3188 irritet
3560 3117 3693 3190 ali-

2235 3259 2405 3333 quos
2455 3248 2674 3310 actus.

2134 3358 2299 3433 cip.
2354 3360 2543 3433 XIII.
2600 3359 2717 3432 An
2740 3371 3089 3456 proecepta
3118 3358 3287 3458 leqis
3311 3374 3581 3434 naturae
3604 3361 3693 3434 ab

2231 3481 2607 3556 intrinseco
2632 3481 3102 3555 immutabilia
3130 3482 3297 3556 sint.

2134 3602 2297 3690 Cau»,
2354 3605 2535 3680 XIV.
2593 3604 2712 3678 An
2751 3605 2878 3702 jus
2916 3605 3238 3679 naturale
3291 3605 3553 3678 mutari
3586 3607 3699 3682 vel

2233 3729 2626 3826 dispensari
2665 3745 2873 3827 queat
2927 3755 3055 3828 per
3093 3743 3508 3828 potestatem
3557 3732 3697 3806 hu-

2228 3877 2538 3927 martam.

491 3974 656 4050 Cn».
711 3972 794 4049 V.
852 3973 942 4047 In
973 3999 1107 4072 quo
1142 3985 1476 4047 consistat
1513 3974 1623 4046 lex
1674 3971 2044 4045 naturali&
2130 3976 2292 4051 Gn.
2350 3976 2496 4051 XV.
2556 3975 2663 4050 An
2695 3975 2885 4051 Deus
2918 3978 3002 4051 de
3033 3975 3345 4073 potentia
3375 3978 3695 4054 absoluta

493 4098 656 4173 Gn».
713 4098 830 4172 VI.
888 4096 1006 4171 An
1062 4098 1172 4172 lex
1233 4096 1580 4171 naturalis
1633 4094 1724 4170 sit
1775 4095 1896 4192 lew·
1939 4094 2053 4169 di-

591 4221 755 4295 vina
781 4221 1228 4319 praeceptiva.

489 4343 652 4420 (ῙΑΡ.
710 4345 859 4420 VII.
916 4343 1023 4419 De
1085 4343 1386 4418 materia
1439 4341 1608 4439 ἱερὰς
1655 4341 2003 4418 naturalis
2024 4401 2044 4429 ,

590 4492 674 4541 ac
703 4470 788 4542 de
814 4467 965 4563 ejus
992 4465 1383 4564 proeceptis.

489 4591 652 4664 Cnv.
712 4593 893 4665 VIII.
951 4589 1070 4663 An
1106 4590 1218 4664 lex
1261 4589 1607 4663 naturalis
1647 4612 1790 4662 una
1824 4589 1940 4662 sit.

2236 4097 2637 4195 dispensare
2688 4113 2894 4197 queat
2935 4099 3011 4173 in
3044 4100 3190 4197 leye
3224 4100 3559 4176 naturali.

2131 4222 2295 4297 Cn.
2350 4223 2530 4297 XVI.
2594 4221 2841 4298 Utrum
2876 4223 2952 4296 in
3002 4223 3147 4321 leqe
3198 4225 3513 4297 naturali
3564 4225 3692 4298 ha-

2230 4346 2387 4419 beat
2430 4345 2657 4419 locum
2703 4344 2965 4442 epiilcia
3007 4369 3130 4419 seu
3173 4345 3683 4443 interpretatio.

2128 4455 2291 4542 Car.
2348 4469 2563 4544 XVII.
2625 4467 2871 4544 Utrum
2924 4468 3038 4564 ius
3072 4469 3395 4545 naturale
3438 4470 3691 4544 distin-

2225 4603 2478 4688 9uatur
2512 4616 2555 4665 a
2565 4591 2734 4689 jure
2769 4593 3102 4691 qentium.

491 4715 654 4790 Cn.
713 4715 835 4788 IX.
901 4713 1148 4789 Utrum
1177 4714 1288 4789 lex
1313 4713 1661 4788 naturalis
1695 4713 1950 4813 obliqet
1974 4712 2051 4788 in
2127 4713 2292 4789 ΟΜ».
2348 4714 2595 4790 XVIII.
2656 4714 2903 4791 Utrum
2916 4713 3042 4811 jus
3072 4713 3382 4813 qentium
3408 4713 3688 4812 aliquid

587 4835 1035 4910 conscientia.

2225 4837 2592 4934 praecipiat
2613 4838 2722 4912 vel
2740 4839 3127 4934 prohibeat.

489 4958 655 5032 CAP.
712 4961 800 5033 X.
851 4957 1096 5034 Utrum
1117 4960 1230 5033 lex
1257 4958 1602 5032 naturalis
1629 4958 1883 5055 obliqet
1908 4981 2048 5034 non
2128 4959 2291 5034 CAP.
2347 4961 2538 5035 XIX.
2599 4957 2955 5048 Quomodo
2998 4961 3124 5059 jus
3173 4959 3483 5062 qentium
3532 4959 3692 5034 dis-

585 5083 810 5157 solum
858 5083 951 5156 ad
1000 5096 1258 5168 actum,
1299 5084 1422 5158 sed
1467 5084 1561 5157 ad
1588 5084 1873 5158 modum
1907 5081 2048 5156 vir-

589 5205 776 5278 tutis·

483 5330 646 5404 ΟΜ».
704 5328 826 5401 ΧΙ.
892 5327 1138 5402 Utrum
1169 5331 1282 5402 lex
1303 5329 1650 5403 naturalis
1672 5329 2046 5428 obliqetad

584 5453 866 5526 modum
890 5453 1239 5548 operandi
1267 5475 1354 5526 ex
1382 5453 1742 5528 charitate.
1859 5493 1864 5502 ·

2231 5083 2586 5182 tinyuatur
2612 5109 2659 5158 a
2680 5083 3015 5158 naturali.

2129 5207 2292 5282 Cn».
2350 5209 2505 5281 XX.
2562 5207 2829 5305 Aliqua
2869 5206 3270 5294 corollaria,
3308 5220 3377 5282 et
3405 5231 3695 5305 quomo-

2226 5332 2313 5404 do
2355 5330 2479 5427 jus
2527 5331 2836 5429 qentium
2876 5330 3151 5427 justum
3198 5332 3292 5404 sit
3340 5345 3408 5406 et
3448 5345 3693 5404 muta-

2227 5451 2386 5526 bile.
