<?xml version="1.0" encoding="UTF-8"?>
<!DOCTYPE html PUBLIC "-//W3C//DTD XHTML 1.0 Transitional//EN"
    "http://www.w3.org/TR/xhtml1/DTD/xhtml1-transitional.dtd">
<html xmlns="http://www.w3.org/1999/xhtml" xml:lang="en" lang="en">
 <head>
  <title>
</title>
<meta http-equiv="Content-Type" content="text/html;charset=utf-8" />
  <meta name='ocr-system' content='tesseract 3.04.00' />
  <meta name='ocr-capabilities' content='ocr_page ocr_carea ocr_par ocr_line ocrx_word'/>
</head>
<body>
  <div class='ocr_page' id='page_1' title='image "./rpfranciscisuar02duvagoog_0310.png"; bbox 0 0 3976 6219; ppageno 0'>
   <div class='ocr_carea' id='block_1_1' title="bbox 578 437 699 498">
    <p class='ocr_par' dir='ltr' id='par_1_1' title="bbox 578 437 699 498">
     <span class='ocr_line' id='line_1_1' title="bbox 578 437 699 498; baseline 0 0"><span class='ocrx_word' id='word_1_1' title='bbox 578 437 699 498; x_wconf 72' lang='lat'>292</span> 
     </span>
    </p>
   </div>
   <div class='ocr_carea' id='block_1_2' title="bbox 572 533 2146 5629">
    <p class='ocr_par' dir='ltr' id='par_1_2' title="bbox 572 533 2146 2475">
     <span class='ocr_line' id='line_1_2' title="bbox 577 533 2140 619; baseline -0.003 -20"><span class='ocrx_word' id='word_1_2' title='bbox 577 540 761 619; x_wconf 89' lang='lat' dir='ltr'>plane</span> <span class='ocrx_word' id='word_1_3' title='bbox 802 536 1022 596; x_wconf 79' lang='lat' dir='ltr'>docent</span> <span class='ocrx_word' id='word_1_4' title='bbox 1062 534 1338 594; x_wconf 86' lang='lat' dir='ltr'>doctores</span> <span class='ocrx_word' id='word_1_5' title='bbox 1379 533 1629 613; x_wconf 89' lang='lat' dir='ltr'>allegati</span> <span class='ocrx_word' id='word_1_6' title='bbox 1666 552 1682 595; x_wconf 72' lang='grc' dir='ltr'>ε</span> <span class='ocrx_word' id='word_1_7' title='bbox 1728 536 1889 596; x_wconf 89' lang='lat' dir='ltr'>ratio</span> <span class='ocrx_word' id='word_1_8' title='bbox 1928 541 2140 596; x_wconf 77' lang='lat' dir='ltr'>autem</span> 
     </span>
     <span class='ocr_line' id='line_1_3' title="bbox 577 627 2143 711; baseline -0.001 -21"><span class='ocrx_word' id='word_1_9' title='bbox 577 635 776 711; x_wconf 85' lang='lat' dir='ltr'>potest</span> <span class='ocrx_word' id='word_1_10' title='bbox 797 628 1025 707; x_wconf 82' lang='lat' dir='ltr'>duplex</span> <span class='ocrx_word' id='word_1_11' title='bbox 1046 627 1223 687; x_wconf 82' lang='lat' dir='ltr'>reddi</span> <span class='ocrx_word' id='word_1_12' title='bbox 1266 645 1342 687; x_wconf 84' lang='lat' dir='ltr'>ex</span> <span class='ocrx_word' id='word_1_13' title='bbox 1371 627 1568 688; x_wconf 82' lang='lat' dir='ltr'>dictis.</span> <span class='ocrx_word' id='word_1_14' title='bbox 1601 628 1807 688; x_wconf 91' lang='lat' dir='ltr'>Prima</span> <span class='ocrx_word' id='word_1_15' title='bbox 1843 633 1959 703; x_wconf 92' lang='lat' dir='ltr'>est,</span> <span class='ocrx_word' id='word_1_16' title='bbox 1994 629 2143 706; x_wconf 89' lang='lat' dir='ltr'>quia</span> 
     </span>
     <span class='ocr_line' id='line_1_4' title="bbox 577 719 2143 800; baseline -0.001 -16"><span class='ocrx_word' id='word_1_17' title='bbox 577 730 728 785; x_wconf 90' lang='lat' dir='ltr'>tunc</span> <span class='ocrx_word' id='word_1_18' title='bbox 771 721 1202 800; x_wconf 61' lang='lat' dir='ltr'>praeciperetur</span> <span class='ocrx_word' id='word_1_19' title='bbox 1229 720 1462 780; x_wconf 80' lang='lat' dir='ltr'>directe</span> <span class='ocrx_word' id='word_1_20' title='bbox 1490 725 1662 780; x_wconf 89' lang='lat' dir='ltr'>actus</span> <span class='ocrx_word' id='word_1_21' title='bbox 1694 719 1998 781; x_wconf 90' lang='lat' dir='ltr'>internus.</span> <span class='ocrx_word' id='word_1_22' title='bbox 2031 722 2143 782; x_wconf 87' lang='lat' dir='ltr'>Pa-</span> 
     </span>
     <span class='ocr_line' id='line_1_5' title="bbox 579 813 2144 894; baseline -0.003 -16"><span class='ocrx_word' id='word_1_23' title='bbox 579 822 691 891; x_wconf 91' lang='lat' dir='ltr'>tet,</span> <span class='ocrx_word' id='word_1_24' title='bbox 718 815 867 894; x_wconf 90' lang='lat' dir='ltr'>quia</span> <span class='ocrx_word' id='word_1_25' title='bbox 894 813 995 875; x_wconf 89' lang='lat' dir='ltr'>vel</span> <span class='ocrx_word' id='word_1_26' title='bbox 1023 832 1133 892; x_wconf 88' lang='lat' dir='ltr'>per</span> <span class='ocrx_word' id='word_1_27' title='bbox 1158 813 1280 874; x_wconf 88' lang='lat' dir='ltr'>tale</span> <span class='ocrx_word' id='word_1_28' title='bbox 1312 818 1687 893; x_wconf 70' lang='lat' dir='ltr'>praeceptum</span> <span class='ocrx_word' id='word_1_29' title='bbox 1727 813 1899 893; x_wconf 90' lang='lat' dir='ltr'>prius</span> <span class='ocrx_word' id='word_1_30' title='bbox 1928 814 2144 892; x_wconf 84' lang='lat' dir='ltr'>proeci-</span> 
     </span>
     <span class='ocr_line' id='line_1_6' title="bbox 577 905 2146 990; baseline -0.001 -20"><span class='ocrx_word' id='word_1_31' title='bbox 577 916 830 990; x_wconf 90' lang='lat' dir='ltr'>peretur</span> <span class='ocrx_word' id='word_1_32' title='bbox 865 907 1131 968; x_wconf 90' lang='lat' dir='ltr'>intentio</span> <span class='ocrx_word' id='word_1_33' title='bbox 1159 906 1299 966; x_wconf 89' lang='lat' dir='ltr'>talis</span> <span class='ocrx_word' id='word_1_34' title='bbox 1325 905 1489 980; x_wconf 89' lang='lat' dir='ltr'>finis,</span> <span class='ocrx_word' id='word_1_35' title='bbox 1520 912 1591 966; x_wconf 89' lang='lat' dir='ltr'>ut</span> <span class='ocrx_word' id='word_1_36' title='bbox 1632 906 1886 967; x_wconf 90' lang='lat' dir='ltr'>tandem</span> <span class='ocrx_word' id='word_1_37' title='bbox 1922 925 2001 968; x_wconf 87' lang='lat' dir='ltr'>ex</span> <span class='ocrx_word' id='word_1_38' title='bbox 2037 907 2146 968; x_wconf 83' lang='lat' dir='ltr'>illa</span> 
     </span>
     <span class='ocr_line' id='line_1_7' title="bbox 582 998 2145 1082; baseline -0.002 -18"><span class='ocrx_word' id='word_1_39' title='bbox 582 1006 941 1082; x_wconf 85' lang='lat' dir='ltr'>sequeretur</span> <span class='ocrx_word' id='word_1_40' title='bbox 968 999 1185 1061; x_wconf 87' lang='lat' dir='ltr'>electio</span> <span class='ocrx_word' id='word_1_41' title='bbox 1200 1043 1222 1074; x_wconf 93' lang='lat'>,</span> <span class='ocrx_word' id='word_1_42' title='bbox 1252 998 1400 1078; x_wconf 89' lang='lat' dir='ltr'>quia</span> <span class='ocrx_word' id='word_1_43' title='bbox 1443 998 1708 1060; x_wconf 88' lang='lat' dir='ltr'>intentio</span> <span class='ocrx_word' id='word_1_44' title='bbox 1757 999 1899 1059; x_wconf 89' lang='lat' dir='ltr'>finis</span> <span class='ocrx_word' id='word_1_45' title='bbox 1949 1018 2029 1061; x_wconf 90' lang='lat' dir='ltr'>ex</span> <span class='ocrx_word' id='word_1_46' title='bbox 2079 1018 2145 1061; x_wconf 90' lang='lat' dir='ltr'>se</span> 
     </span>
     <span class='ocr_line' id='line_1_8' title="bbox 578 1090 2145 1167; baseline -0.003 -10"><span class='ocrx_word' id='word_1_47' title='bbox 578 1094 890 1157; x_wconf 78' lang='lat' dir='ltr'>antecedit</span> <span class='ocrx_word' id='word_1_48' title='bbox 925 1092 1288 1153; x_wconf 79' lang='lat' dir='ltr'>electionem</span> <span class='ocrx_word' id='word_1_49' title='bbox 1316 1090 1528 1167; x_wconf 90' lang='lat' dir='ltr'>medii,</span> <span class='ocrx_word' id='word_1_50' title='bbox 1560 1091 1659 1152; x_wconf 85' lang='lat' dir='ltr'>vel</span> <span class='ocrx_word' id='word_1_51' title='bbox 1682 1098 1844 1152; x_wconf 91' lang='lat' dir='ltr'>certe</span> <span class='ocrx_word' id='word_1_52' title='bbox 1873 1093 1926 1152; x_wconf 89' lang='lat' dir='ltr'>si</span> <span class='ocrx_word' id='word_1_53' title='bbox 1967 1099 2145 1154; x_wconf 89' lang='lat' dir='ltr'>actus</span> 
     </span>
     <span class='ocr_line' id='line_1_9' title="bbox 579 1184 2144 1265; baseline -0.003 -14"><span class='ocrx_word' id='word_1_54' title='bbox 579 1194 869 1252; x_wconf 88' lang='lat' dir='ltr'>externus</span> <span class='ocrx_word' id='word_1_55' title='bbox 899 1186 1102 1265; x_wconf 90' lang='lat' dir='ltr'>primo</span> <span class='ocrx_word' id='word_1_56' title='bbox 1130 1184 1504 1265; x_wconf 82' lang='lat' dir='ltr'>praecipitur,</span> <span class='ocrx_word' id='word_1_57' title='bbox 1544 1190 1607 1245; x_wconf 91' lang='lat' dir='ltr'>et</span> <span class='ocrx_word' id='word_1_58' title='bbox 1647 1184 1896 1246; x_wconf 82' lang='lat' dir='ltr'>additur</span> <span class='ocrx_word' id='word_1_59' title='bbox 1931 1191 2004 1247; x_wconf 90' lang='lat' dir='ltr'>ut</span> <span class='ocrx_word' id='word_1_60' title='bbox 2034 1185 2144 1246; x_wconf 88' lang='lat' dir='ltr'>fiat</span> 
     </span>
     <span class='ocr_line' id='line_1_10' title="bbox 578 1277 2143 1358; baseline -0.004 -13"><span class='ocrx_word' id='word_1_61' title='bbox 578 1303 656 1345; x_wconf 89' lang='lat' dir='ltr'>ex</span> <span class='ocrx_word' id='word_1_62' title='bbox 692 1281 803 1342; x_wconf 87' lang='lat' dir='ltr'>tali</span> <span class='ocrx_word' id='word_1_63' title='bbox 831 1281 1178 1341; x_wconf 86' lang='lat' dir='ltr'>intentione</span> <span class='ocrx_word' id='word_1_64' title='bbox 1223 1296 1361 1357; x_wconf 78' lang='lat' dir='ltr'>quoe</span> <span class='ocrx_word' id='word_1_65' title='bbox 1389 1277 1468 1337; x_wconf 91' lang='lat' dir='ltr'>ad</span> <span class='ocrx_word' id='word_1_66' title='bbox 1496 1278 2019 1357; x_wconf 86' lang='lat' dir='ltr'>complementum</span> <span class='ocrx_word' id='word_1_67' title='bbox 2052 1281 2143 1358; x_wconf 88' lang='lat' dir='ltr'>ip·</span> 
     </span>
     <span class='ocr_line' id='line_1_11' title="bbox 578 1371 2143 1452; baseline -0.002 -16"><span class='ocrx_word' id='word_1_68' title='bbox 578 1377 706 1436; x_wconf 90' lang='lat' dir='ltr'>sius</span> <span class='ocrx_word' id='word_1_69' title='bbox 731 1380 903 1435; x_wconf 89' lang='lat' dir='ltr'>actus</span> <span class='ocrx_word' id='word_1_70' title='bbox 930 1371 1273 1433; x_wconf 87' lang='lat' dir='ltr'>necessaria</span> <span class='ocrx_word' id='word_1_71' title='bbox 1318 1388 1447 1430; x_wconf 92' lang='lat' dir='ltr'>non</span> <span class='ocrx_word' id='word_1_72' title='bbox 1498 1376 1653 1446; x_wconf 89' lang='lat' dir='ltr'>erat,</span> <span class='ocrx_word' id='word_1_73' title='bbox 1705 1371 1886 1450; x_wconf 90' lang='lat' dir='ltr'>plane</span> <span class='ocrx_word' id='word_1_74' title='bbox 1930 1391 2044 1452; x_wconf 91' lang='lat' dir='ltr'>per</span> <span class='ocrx_word' id='word_1_75' title='bbox 2078 1390 2143 1433; x_wconf 90' lang='lat' dir='ltr'>se</span> 
     </span>
     <span class='ocr_line' id='line_1_12' title="bbox 579 1463 2144 1550; baseline -0.004 -20"><span class='ocrx_word' id='word_1_76' title='bbox 579 1468 933 1550; x_wconf 67' lang='lat' dir='ltr'>praecipitur</span> <span class='ocrx_word' id='word_1_77' title='bbox 977 1471 1148 1526; x_wconf 86' lang='lat' dir='ltr'>actus</span> <span class='ocrx_word' id='word_1_78' title='bbox 1188 1463 1292 1524; x_wconf 91' lang='lat' dir='ltr'>ille</span> <span class='ocrx_word' id='word_1_79' title='bbox 1337 1464 1619 1538; x_wconf 89' lang='lat' dir='ltr'>interior,</span> <span class='ocrx_word' id='word_1_80' title='bbox 1673 1464 1782 1542; x_wconf 90' lang='lat' dir='ltr'>qui</span> <span class='ocrx_word' id='word_1_81' title='bbox 1822 1464 2144 1526; x_wconf 90' lang='lat' dir='ltr'>addendus</span> 
     </span>
     <span class='ocr_line' id='line_1_13' title="bbox 577 1556 2144 1635; baseline -0.004 -12"><span class='ocrx_word' id='word_1_82' title='bbox 577 1567 673 1623; x_wconf 89' lang='lat' dir='ltr'>est</span> <span class='ocrx_word' id='word_1_83' title='bbox 703 1558 1014 1621; x_wconf 83' lang='lat' dir='ltr'>exteriori.</span> <span class='ocrx_word' id='word_1_84' title='bbox 1051 1557 1333 1618; x_wconf 91' lang='lat' dir='ltr'>Secunda</span> <span class='ocrx_word' id='word_1_85' title='bbox 1359 1557 1518 1616; x_wconf 91' lang='lat' dir='ltr'>ratio</span> <span class='ocrx_word' id='word_1_86' title='bbox 1545 1562 1660 1630; x_wconf 89' lang='lat' dir='ltr'>est,</span> <span class='ocrx_word' id='word_1_87' title='bbox 1701 1557 1848 1635; x_wconf 89' lang='lat' dir='ltr'>quia</span> <span class='ocrx_word' id='word_1_88' title='bbox 1887 1556 1990 1617; x_wconf 94' lang='lat' dir='ltr'>lex</span> <span class='ocrx_word' id='word_1_89' title='bbox 2026 1558 2144 1618; x_wconf 89' lang='lat' dir='ltr'>hu-</span> 
     </span>
     <span class='ocr_line' id='line_1_14' title="bbox 577 1650 2144 1729; baseline -0.004 -14"><span class='ocrx_word' id='word_1_90' title='bbox 577 1672 788 1728; x_wconf 91' lang='lat' dir='ltr'>mana,</span> <span class='ocrx_word' id='word_1_91' title='bbox 823 1658 893 1712; x_wconf 86' lang='lat' dir='ltr'>ut</span> <span class='ocrx_word' id='word_1_92' title='bbox 918 1650 1069 1725; x_wconf 85' lang='lat' dir='ltr'>dixi,</span> <span class='ocrx_word' id='word_1_93' title='bbox 1118 1669 1247 1711; x_wconf 89' lang='lat' dir='ltr'>non</span> <span class='ocrx_word' id='word_1_94' title='bbox 1274 1654 1474 1728; x_wconf 88' lang='lat' dir='ltr'>potest</span> <span class='ocrx_word' id='word_1_95' title='bbox 1513 1650 1844 1729; x_wconf 58' lang='lat' dir='ltr'>praecipere</span> <span class='ocrx_word' id='word_1_96' title='bbox 1892 1666 2144 1711; x_wconf 92' lang='lat' dir='ltr'>omnem</span> 
     </span>
     <span class='ocr_line' id='line_1_15' title="bbox 577 1741 2145 1821; baseline -0.004 -13"><span class='ocrx_word' id='word_1_97' title='bbox 577 1747 945 1819; x_wconf 89' lang='lat' dir='ltr'>bonitatem,</span> <span class='ocrx_word' id='word_1_98' title='bbox 979 1743 1086 1804; x_wconf 94' lang='lat' dir='ltr'>sed</span> <span class='ocrx_word' id='word_1_99' title='bbox 1110 1743 1282 1803; x_wconf 89' lang='lat' dir='ltr'>illam</span> <span class='ocrx_word' id='word_1_100' title='bbox 1305 1761 1442 1821; x_wconf 85' lang='lat' dir='ltr'>quae</span> <span class='ocrx_word' id='word_1_101' title='bbox 1467 1760 1579 1801; x_wconf 92' lang='lat' dir='ltr'>suo</span> <span class='ocrx_word' id='word_1_102' title='bbox 1616 1741 1729 1802; x_wconf 88' lang='lat' dir='ltr'>fini</span> <span class='ocrx_word' id='word_1_103' title='bbox 1758 1747 1821 1802; x_wconf 90' lang='lat' dir='ltr'>et</span> <span class='ocrx_word' id='word_1_104' title='bbox 1852 1743 2145 1803; x_wconf 85' lang='lat' dir='ltr'>exteriori</span> 
     </span>
     <span class='ocr_line' id='line_1_16' title="bbox 579 1835 2144 1919; baseline -0.002 -20"><span class='ocrx_word' id='word_1_105' title='bbox 579 1836 1018 1919; x_wconf 80' lang='lat' dir='ltr'>gubernationi</span> <span class='ocrx_word' id='word_1_106' title='bbox 1041 1835 1502 1896; x_wconf 88' lang='lat' dir='ltr'>accommodata</span> <span class='ocrx_word' id='word_1_107' title='bbox 1544 1841 1636 1896; x_wconf 91' lang='lat' dir='ltr'>est</span> <span class='ocrx_word' id='word_1_108' title='bbox 1667 1850 1683 1893; x_wconf 75' lang='grc' dir='ltr'>ε</span> <span class='ocrx_word' id='word_1_109' title='bbox 1716 1836 1881 1914; x_wconf 88' lang='lat' dir='ltr'>quod</span> <span class='ocrx_word' id='word_1_110' title='bbox 1932 1842 2144 1897; x_wconf 89' lang='lat' dir='ltr'>autem</span> 
     </span>
     <span class='ocr_line' id='line_1_17' title="bbox 577 1926 2145 1994; baseline -0.003 0"><span class='ocrx_word' id='word_1_111' title='bbox 577 1940 748 1994; x_wconf 90' lang='lat' dir='ltr'>actus</span> <span class='ocrx_word' id='word_1_112' title='bbox 775 1930 1041 1991; x_wconf 84' lang='lat' dir='ltr'>exterior</span> <span class='ocrx_word' id='word_1_113' title='bbox 1083 1927 1195 1988; x_wconf 89' lang='lat' dir='ltr'>fiat</span> <span class='ocrx_word' id='word_1_114' title='bbox 1224 1928 1339 1988; x_wconf 87' lang='lat' dir='ltr'>hae</span> <span class='ocrx_word' id='word_1_115' title='bbox 1368 1926 1465 1988; x_wconf 83' lang='lat' dir='ltr'>vel</span> <span class='ocrx_word' id='word_1_116' title='bbox 1496 1927 1604 1987; x_wconf 91' lang='lat' dir='ltr'>illa</span> <span class='ocrx_word' id='word_1_117' title='bbox 1644 1927 1991 1989; x_wconf 89' lang='lat' dir='ltr'>intentione</span> <span class='ocrx_word' id='word_1_118' title='bbox 2040 1947 2145 1989; x_wconf 91' lang='lat' dir='ltr'>ex-</span> 
     </span>
     <span class='ocr_line' id='line_1_18' title="bbox 575 2021 2144 2102; baseline -0.003 -13"><span class='ocrx_word' id='word_1_119' title='bbox 575 2029 867 2100; x_wconf 90' lang='lat' dir='ltr'>trinseca,</span> <span class='ocrx_word' id='word_1_120' title='bbox 897 2042 1023 2084; x_wconf 93' lang='lat' dir='ltr'>non</span> <span class='ocrx_word' id='word_1_121' title='bbox 1043 2023 1310 2102; x_wconf 88' lang='lat' dir='ltr'>pertinet</span> <span class='ocrx_word' id='word_1_122' title='bbox 1330 2022 1411 2083; x_wconf 89' lang='lat' dir='ltr'>ad</span> <span class='ocrx_word' id='word_1_123' title='bbox 1438 2021 1779 2083; x_wconf 90' lang='lat' dir='ltr'>bonitatem</span> <span class='ocrx_word' id='word_1_124' title='bbox 1803 2041 2144 2084; x_wconf 90' lang='lat' dir='ltr'>accommo-</span> 
     </span>
     <span class='ocr_line' id='line_1_19' title="bbox 578 2115 2140 2195; baseline -0.003 -13"><span class='ocrx_word' id='word_1_125' title='bbox 578 2122 790 2182; x_wconf 90' lang='lat' dir='ltr'>datam</span> <span class='ocrx_word' id='word_1_126' title='bbox 817 2116 909 2178; x_wconf 91' lang='lat' dir='ltr'>illi</span> <span class='ocrx_word' id='word_1_127' title='bbox 929 2115 1064 2190; x_wconf 86' lang='lat' dir='ltr'>fini,</span> <span class='ocrx_word' id='word_1_128' title='bbox 1081 2115 1187 2176; x_wconf 91' lang='lat' dir='ltr'>sed</span> <span class='ocrx_word' id='word_1_129' title='bbox 1215 2116 1297 2176; x_wconf 90' lang='lat' dir='ltr'>ad</span> <span class='ocrx_word' id='word_1_130' title='bbox 1316 2117 1509 2176; x_wconf 90' lang='lat' dir='ltr'>Deum</span> <span class='ocrx_word' id='word_1_131' title='bbox 1531 2117 1819 2194; x_wconf 84' lang='lat' dir='ltr'>pertinet,</span> <span class='ocrx_word' id='word_1_132' title='bbox 1841 2117 1948 2195; x_wconf 88' lang='lat' dir='ltr'>qui</span> <span class='ocrx_word' id='word_1_133' title='bbox 1972 2135 2140 2177; x_wconf 89' lang='lat' dir='ltr'>scru-</span> 
     </span>
     <span class='ocr_line' id='line_1_20' title="bbox 575 2207 2142 2287; baseline -0.004 -13"><span class='ocrx_word' id='word_1_134' title='bbox 575 2218 745 2274; x_wconf 86' lang='lat' dir='ltr'>tatur</span> <span class='ocrx_word' id='word_1_135' title='bbox 776 2209 960 2271; x_wconf 91' lang='lat' dir='ltr'>corda</span> <span class='ocrx_word' id='word_1_136' title='bbox 991 2226 1007 2269; x_wconf 89' lang='lat'>:</span> <span class='ocrx_word' id='word_1_137' title='bbox 1039 2226 1167 2268; x_wconf 93' lang='lat' dir='ltr'>non</span> <span class='ocrx_word' id='word_1_138' title='bbox 1200 2216 1293 2268; x_wconf 89' lang='lat' dir='ltr'>est</span> <span class='ocrx_word' id='word_1_139' title='bbox 1332 2225 1481 2286; x_wconf 91' lang='lat' dir='ltr'>ergo</span> <span class='ocrx_word' id='word_1_140' title='bbox 1532 2207 1639 2269; x_wconf 90' lang='lat' dir='ltr'>illa</span> <span class='ocrx_word' id='word_1_141' title='bbox 1686 2210 1948 2269; x_wconf 89' lang='lat' dir='ltr'>materia</span> <span class='ocrx_word' id='word_1_142' title='bbox 1986 2208 2142 2287; x_wconf 90' lang='lat' dir='ltr'>legis</span> 
     </span>
     <span class='ocr_line' id='line_1_21' title="bbox 573 2300 2143 2381; baseline -0.004 -13"><span class='ocrx_word' id='word_1_143' title='bbox 573 2309 886 2369; x_wconf 73' lang='lat' dir='ltr'>humanae.</span> <span class='ocrx_word' id='word_1_144' title='bbox 919 2303 997 2363; x_wconf 90' lang='lat' dir='ltr'>Et</span> <span class='ocrx_word' id='word_1_145' title='bbox 1039 2302 1129 2362; x_wconf 89' lang='lat' dir='ltr'>ita</span> <span class='ocrx_word' id='word_1_146' title='bbox 1155 2318 1517 2381; x_wconf 88' lang='lat' dir='ltr'>responsum</span> <span class='ocrx_word' id='word_1_147' title='bbox 1552 2306 1645 2362; x_wconf 91' lang='lat' dir='ltr'>est</span> <span class='ocrx_word' id='word_1_148' title='bbox 1668 2301 1746 2361; x_wconf 90' lang='lat' dir='ltr'>ad</span> <span class='ocrx_word' id='word_1_149' title='bbox 1773 2300 2143 2362; x_wconf 84' lang='lat' dir='ltr'>fundamen-</span> 
     </span>
     <span class='ocr_line' id='line_1_22' title="bbox 572 2394 1892 2475; baseline -0.006 -13"><span class='ocrx_word' id='word_1_150' title='bbox 572 2408 710 2462; x_wconf 91' lang='lat' dir='ltr'>tum</span> <span class='ocrx_word' id='word_1_151' title='bbox 743 2396 1145 2467; x_wconf 89' lang='lat' dir='ltr'>contrarium,</span> <span class='ocrx_word' id='word_1_152' title='bbox 1175 2394 1464 2472; x_wconf 91' lang='lat' dir='ltr'>negando</span> <span class='ocrx_word' id='word_1_153' title='bbox 1484 2401 1892 2475; x_wconf 89' lang='lat' dir='ltr'>assumptum.</span> 
     </span>
    </p>

    <p class='ocr_par' dir='ltr' id='par_1_3' title="bbox 573 2486 2146 5629">
     <span class='ocr_line' id='line_1_23' title="bbox 657 2486 2142 2566; baseline -0.005 -12"><span class='ocrx_word' id='word_1_154' title='bbox 657 2495 757 2554; x_wconf 88' lang='grc'>10.</span> <span class='ocrx_word' id='word_1_155' title='bbox 800 2489 896 2552; x_wconf 86' lang='lat' dir='ltr'>Ad</span> <span class='ocrx_word' id='word_1_156' title='bbox 923 2486 1277 2565; x_wconf 90' lang='lat' dir='ltr'>exemplum</span> <span class='ocrx_word' id='word_1_157' title='bbox 1299 2493 1506 2547; x_wconf 88' lang='lat' dir='ltr'>autem</span> <span class='ocrx_word' id='word_1_158' title='bbox 1530 2487 1606 2546; x_wconf 91' lang='lat' dir='ltr'>de</span> <span class='ocrx_word' id='word_1_159' title='bbox 1631 2492 1934 2566; x_wconf 66' lang='lat' dir='ltr'>praecepto</span> <span class='ocrx_word' id='word_1_160' title='bbox 1952 2504 2142 2564; x_wconf 88' lang='lat' dir='ltr'>nega·</span> 
     </span>
     <span class='ocr_line' id='line_1_24' title="bbox 580 2579 2138 2664; baseline -0.008 -14"><span class='ocrx_word' id='word_1_161' title='bbox 580 2589 727 2661; x_wconf 70' lang='lat' dir='ltr'>tim,</span> <span class='ocrx_word' id='word_1_162' title='bbox 764 2584 1037 2664; x_wconf 90' lang='lat' dir='ltr'>primum</span> <span class='ocrx_word' id='word_1_163' title='bbox 1085 2597 1245 2658; x_wconf 86' lang='lat' dir='ltr'>nego</span> <span class='ocrx_word' id='word_1_164' title='bbox 1290 2579 1620 2657; x_wconf 84' lang='lat' dir='ltr'>paritatem</span> <span class='ocrx_word' id='word_1_165' title='bbox 1670 2579 1948 2640; x_wconf 88' lang='lat' dir='ltr'>rationis.</span> <span class='ocrx_word' id='word_1_166' title='bbox 1984 2580 2138 2639; x_wconf 90' lang='lat' dir='ltr'>Nam</span> 
     </span>
     <span class='ocr_line' id='line_1_25' title="bbox 574 2670 2136 2761; baseline -0.007 -20"><span class='ocrx_word' id='word_1_167' title='bbox 574 2683 777 2761; x_wconf 86' lang='lat' dir='ltr'>potest</span> <span class='ocrx_word' id='word_1_168' title='bbox 803 2673 1071 2736; x_wconf 90' lang='lat' dir='ltr'>multum</span> <span class='ocrx_word' id='word_1_169' title='bbox 1090 2671 1400 2750; x_wconf 89' lang='lat' dir='ltr'>pertinere</span> <span class='ocrx_word' id='word_1_170' title='bbox 1423 2670 1502 2731; x_wconf 89' lang='lat' dir='ltr'>ad</span> <span class='ocrx_word' id='word_1_171' title='bbox 1523 2688 1849 2731; x_wconf 92' lang='lat' dir='ltr'>commune</span> <span class='ocrx_word' id='word_1_172' title='bbox 1876 2671 2136 2746; x_wconf 90' lang='lat' dir='ltr'>bonum,</span> 
     </span>
     <span class='ocr_line' id='line_1_26' title="bbox 576 2762 2141 2847; baseline -0.008 -14"><span class='ocrx_word' id='word_1_173' title='bbox 576 2770 749 2833; x_wconf 84' lang='lat' dir='ltr'>verbi</span> <span class='ocrx_word' id='word_1_174' title='bbox 783 2766 1005 2847; x_wconf 88' lang='lat' dir='ltr'>gratia,</span> <span class='ocrx_word' id='word_1_175' title='bbox 1040 2764 1119 2824; x_wconf 91' lang='lat' dir='ltr'>ad</span> <span class='ocrx_word' id='word_1_176' title='bbox 1148 2763 1450 2842; x_wconf 84' lang='lat' dir='ltr'>justitiam</span> <span class='ocrx_word' id='word_1_177' title='bbox 1481 2763 1846 2824; x_wconf 82' lang='lat' dir='ltr'>servandam</span> <span class='ocrx_word' id='word_1_178' title='bbox 1886 2764 1953 2823; x_wconf 92' lang='lat' dir='ltr'>in</span> <span class='ocrx_word' id='word_1_179' title='bbox 1974 2762 2141 2841; x_wconf 85' lang='lat' dir='ltr'>judi-</span> 
     </span>
     <span class='ocr_line' id='line_1_27' title="bbox 576 2855 2140 2937; baseline -0.006 -13"><span class='ocrx_word' id='word_1_180' title='bbox 576 2864 695 2937; x_wconf 90' lang='lat' dir='ltr'>ci0,</span> <span class='ocrx_word' id='word_1_181' title='bbox 728 2867 800 2921; x_wconf 90' lang='lat' dir='ltr'>ut</span> <span class='ocrx_word' id='word_1_182' title='bbox 826 2875 1010 2920; x_wconf 92' lang='lat' dir='ltr'>nemo</span> <span class='ocrx_word' id='word_1_183' title='bbox 1034 2875 1110 2918; x_wconf 93' lang='lat' dir='ltr'>ex</span> <span class='ocrx_word' id='word_1_184' title='bbox 1136 2856 1300 2930; x_wconf 90' lang='lat' dir='ltr'>odio,</span> <span class='ocrx_word' id='word_1_185' title='bbox 1333 2855 1429 2915; x_wconf 87' lang='lat' dir='ltr'>vel</span> <span class='ocrx_word' id='word_1_186' title='bbox 1472 2862 1721 2935; x_wconf 85' lang='lat' dir='ltr'>propter</span> <span class='ocrx_word' id='word_1_187' title='bbox 1746 2855 1954 2917; x_wconf 85' lang='lat' dir='ltr'>sordes</span> <span class='ocrx_word' id='word_1_188' title='bbox 1982 2855 2140 2916; x_wconf 91' lang='lat' dir='ltr'>illud</span> 
     </span>
     <span class='ocr_line' id='line_1_28' title="bbox 575 2947 2141 3028; baseline -0.006 -10"><span class='ocrx_word' id='word_1_189' title='bbox 575 2973 806 3018; x_wconf 90' lang='lat' dir='ltr'>munus</span> <span class='ocrx_word' id='word_1_190' title='bbox 827 2956 1123 3025; x_wconf 86' lang='lat' dir='ltr'>assumat,</span> <span class='ocrx_word' id='word_1_191' title='bbox 1155 2955 1218 3010; x_wconf 93' lang='lat' dir='ltr'>et</span> <span class='ocrx_word' id='word_1_192' title='bbox 1239 2947 1378 3008; x_wconf 88' lang='lat' dir='ltr'>ideo</span> <span class='ocrx_word' id='word_1_193' title='bbox 1406 2948 1473 3008; x_wconf 86' lang='lat' dir='ltr'>in</span> <span class='ocrx_word' id='word_1_194' title='bbox 1513 2947 1694 3008; x_wconf 91' lang='lat' dir='ltr'>malis</span> <span class='ocrx_word' id='word_1_195' title='bbox 1738 2948 2141 3028; x_wconf 85' lang='lat' dir='ltr'>prohibendis</span> 
     </span>
     <span class='ocr_line' id='line_1_29' title="bbox 575 3041 2141 3133; baseline -0.006 -22"><span class='ocrx_word' id='word_1_196' title='bbox 575 3054 775 3133; x_wconf 88' lang='lat' dir='ltr'>potest</span> <span class='ocrx_word' id='word_1_197' title='bbox 819 3046 924 3108; x_wconf 91' lang='lat' dir='ltr'>ille</span> <span class='ocrx_word' id='word_1_198' title='bbox 960 3044 1179 3105; x_wconf 88' lang='lat' dir='ltr'>modus</span> <span class='ocrx_word' id='word_1_199' title='bbox 1214 3041 1441 3102; x_wconf 88' lang='lat' dir='ltr'>habere</span> <span class='ocrx_word' id='word_1_200' title='bbox 1472 3042 1771 3121; x_wconf 88' lang='lat' dir='ltr'>majorem</span> <span class='ocrx_word' id='word_1_201' title='bbox 1797 3041 2141 3122; x_wconf 89' lang='lat' dir='ltr'>proportio-</span> 
     </span>
     <span class='ocr_line' id='line_1_30' title="bbox 573 3137 2142 3219; baseline -0.007 -11"><span class='ocrx_word' id='word_1_202' title='bbox 573 3164 743 3208; x_wconf 88' lang='lat' dir='ltr'>nem.</span> <span class='ocrx_word' id='word_1_203' title='bbox 774 3140 1006 3205; x_wconf 89' lang='lat' dir='ltr'>Deinde</span> <span class='ocrx_word' id='word_1_204' title='bbox 1037 3158 1223 3219; x_wconf 90' lang='lat' dir='ltr'>supra</span> <span class='ocrx_word' id='word_1_205' title='bbox 1249 3137 1378 3198; x_wconf 85' lang='lat' dir='ltr'>dixi</span> <span class='ocrx_word' id='word_1_206' title='bbox 1404 3156 1620 3198; x_wconf 86' lang='lat' dir='ltr'>revera</span> <span class='ocrx_word' id='word_1_207' title='bbox 1659 3156 1787 3199; x_wconf 92' lang='lat' dir='ltr'>non</span> <span class='ocrx_word' id='word_1_208' title='bbox 1822 3137 2142 3217; x_wconf 88' lang='lat' dir='ltr'>prohiberi</span> 
     </span>
     <span class='ocr_line' id='line_1_31' title="bbox 573 3231 2141 3318; baseline -0.006 -17"><span class='ocrx_word' id='word_1_209' title='bbox 573 3245 683 3302; x_wconf 89' lang='lat' dir='ltr'>aut</span> <span class='ocrx_word' id='word_1_210' title='bbox 716 3235 926 3318; x_wconf 90' lang='lat' dir='ltr'>puniri</span> <span class='ocrx_word' id='word_1_211' title='bbox 957 3233 1264 3295; x_wconf 84' lang='lat' dir='ltr'>malitiam</span> <span class='ocrx_word' id='word_1_212' title='bbox 1313 3232 1776 3311; x_wconf 88' lang='lat' dir='ltr'>provenientem</span> <span class='ocrx_word' id='word_1_213' title='bbox 1830 3249 1869 3291; x_wconf 93' lang='lat' dir='ltr'>a</span> <span class='ocrx_word' id='word_1_214' title='bbox 1902 3231 2016 3291; x_wconf 82' lang='lat' dir='ltr'>tali</span> <span class='ocrx_word' id='word_1_215' title='bbox 2046 3232 2141 3291; x_wconf 91' lang='lat' dir='ltr'>in-</span> 
     </span>
     <span class='ocr_line' id='line_1_32' title="bbox 574 3323 2136 3405; baseline -0.006 -11"><span class='ocrx_word' id='word_1_216' title='bbox 574 3332 873 3405; x_wconf 88' lang='lat' dir='ltr'>tentione,</span> <span class='ocrx_word' id='word_1_217' title='bbox 896 3327 1001 3389; x_wconf 87' lang='lat' dir='ltr'>sed</span> <span class='ocrx_word' id='word_1_218' title='bbox 1023 3327 1227 3405; x_wconf 90' lang='lat' dir='ltr'>ipsum</span> <span class='ocrx_word' id='word_1_219' title='bbox 1250 3330 1459 3385; x_wconf 90' lang='lat' dir='ltr'>actum</span> <span class='ocrx_word' id='word_1_220' title='bbox 1478 3329 1804 3386; x_wconf 87' lang='lat' dir='ltr'>externum</span> <span class='ocrx_word' id='word_1_221' title='bbox 1827 3323 2136 3385; x_wconf 84' lang='lat' dir='ltr'>absolute:</span> 
     </span>
     <span class='ocr_line' id='line_1_33' title="bbox 575 3416 2142 3505; baseline -0.005 -21"><span class='ocrx_word' id='word_1_222' title='bbox 575 3440 825 3505; x_wconf 88' lang='lat' dir='ltr'>poenam</span> <span class='ocrx_word' id='word_1_223' title='bbox 848 3437 996 3482; x_wconf 80' lang='lat' dir='ltr'>vero</span> <span class='ocrx_word' id='word_1_224' title='bbox 1018 3437 1147 3479; x_wconf 91' lang='lat' dir='ltr'>non</span> <span class='ocrx_word' id='word_1_225' title='bbox 1169 3416 1407 3495; x_wconf 91' lang='lat' dir='ltr'>imponi</span> <span class='ocrx_word' id='word_1_226' title='bbox 1425 3417 1557 3494; x_wconf 89' lang='lat' dir='ltr'>ipso</span> <span class='ocrx_word' id='word_1_227' title='bbox 1577 3416 1744 3494; x_wconf 89' lang='lat' dir='ltr'>jure,</span> <span class='ocrx_word' id='word_1_228' title='bbox 1760 3416 1884 3477; x_wconf 89' lang='lat' dir='ltr'>nisi</span> <span class='ocrx_word' id='word_1_229' title='bbox 1907 3416 2142 3497; x_wconf 90' lang='lat' dir='ltr'>depen-</span> 
     </span>
     <span class='ocr_line' id='line_1_34' title="bbox 576 3507 2143 3578; baseline -0.005 -1"><span class='ocrx_word' id='word_1_230' title='bbox 576 3518 796 3578; x_wconf 86' lang='lat' dir='ltr'>denter</span> <span class='ocrx_word' id='word_1_231' title='bbox 823 3530 862 3572; x_wconf 93' lang='lat' dir='ltr'>a</span> <span class='ocrx_word' id='word_1_232' title='bbox 887 3510 1000 3571; x_wconf 87' lang='lat' dir='ltr'>tali</span> <span class='ocrx_word' id='word_1_233' title='bbox 1023 3508 1412 3569; x_wconf 88' lang='lat' dir='ltr'>conditione:</span> <span class='ocrx_word' id='word_1_234' title='bbox 1438 3507 1603 3568; x_wconf 92' lang='lat' dir='ltr'>unde</span> <span class='ocrx_word' id='word_1_235' title='bbox 1626 3512 1718 3568; x_wconf 85' lang='lat' dir='ltr'>est</span> <span class='ocrx_word' id='word_1_236' title='bbox 1743 3509 1935 3569; x_wconf 84' lang='lat' dir='ltr'>etiam</span> <span class='ocrx_word' id='word_1_237' title='bbox 1966 3507 2143 3569; x_wconf 85' lang='lat' dir='ltr'>diffe-</span> 
     </span>
     <span class='ocr_line' id='line_1_35' title="bbox 574 3600 2142 3682; baseline -0.005 -13"><span class='ocrx_word' id='word_1_238' title='bbox 574 3607 779 3670; x_wconf 89' lang='lat' dir='ltr'>rentia</span> <span class='ocrx_word' id='word_1_239' title='bbox 822 3621 1011 3682; x_wconf 89' lang='lat' dir='ltr'>supra</span> <span class='ocrx_word' id='word_1_240' title='bbox 1058 3600 1395 3675; x_wconf 86' lang='lat' dir='ltr'>insinuata,</span> <span class='ocrx_word' id='word_1_241' title='bbox 1426 3600 1573 3679; x_wconf 89' lang='lat' dir='ltr'>quia</span> <span class='ocrx_word' id='word_1_242' title='bbox 1599 3601 1652 3661; x_wconf 89' lang='lat' dir='ltr'>si</span> <span class='ocrx_word' id='word_1_243' title='bbox 1682 3619 1795 3681; x_wconf 90' lang='lat' dir='ltr'>per</span> <span class='ocrx_word' id='word_1_244' title='bbox 1820 3601 2142 3662; x_wconf 84' lang='lat' dir='ltr'>affirmati·</span> 
     </span>
     <span class='ocr_line' id='line_1_36' title="bbox 577 3692 2140 3778; baseline -0.004 -16"><span class='ocrx_word' id='word_1_245' title='bbox 577 3718 727 3762; x_wconf 86' lang='lat' dir='ltr'>vum</span> <span class='ocrx_word' id='word_1_246' title='bbox 781 3699 1157 3778; x_wconf 77' lang='lat' dir='ltr'>praeceptum</span> <span class='ocrx_word' id='word_1_247' title='bbox 1210 3692 1473 3753; x_wconf 83' lang='lat' dir='ltr'>addatur</span> <span class='ocrx_word' id='word_1_248' title='bbox 1504 3693 1766 3756; x_wconf 87' lang='lat' dir='ltr'>intentio</span> <span class='ocrx_word' id='word_1_249' title='bbox 1812 3694 2140 3757; x_wconf 86' lang='lat' dir='ltr'>extrinseci</span> 
     </span>
     <span class='ocr_line' id='line_1_37' title="bbox 579 3784 2142 3867; baseline -0.003 -15"><span class='ocrx_word' id='word_1_250' title='bbox 579 3792 746 3865; x_wconf 80' lang='lat' dir='ltr'>finiS,</span> <span class='ocrx_word' id='word_1_251' title='bbox 776 3785 1129 3851; x_wconf 83' lang='lat' dir='ltr'>extenditur</span> <span class='ocrx_word' id='word_1_252' title='bbox 1163 3784 1533 3865; x_wconf 81' lang='lat' dir='ltr'>jurisdictio,</span> <span class='ocrx_word' id='word_1_253' title='bbox 1587 3791 1650 3847; x_wconf 90' lang='lat' dir='ltr'>et</span> <span class='ocrx_word' id='word_1_254' title='bbox 1688 3794 1952 3867; x_wconf 86' lang='lat' dir='ltr'>augetur</span> <span class='ocrx_word' id='word_1_255' title='bbox 1988 3787 2142 3849; x_wconf 87' lang='lat' dir='ltr'>obli·</span> 
     </span>
     <span class='ocr_line' id='line_1_38' title="bbox 581 3877 2141 3965; baseline -0.002 -20"><span class='ocrx_word' id='word_1_256' title='bbox 581 3884 748 3965; x_wconf 86' lang='lat' dir='ltr'>gatio</span> <span class='ocrx_word' id='word_1_257' title='bbox 798 3880 880 3942; x_wconf 93' lang='lat' dir='ltr'>ad</span> <span class='ocrx_word' id='word_1_258' title='bbox 923 3896 1154 3940; x_wconf 85' lang='lat' dir='ltr'>novum</span> <span class='ocrx_word' id='word_1_259' title='bbox 1203 3882 1415 3938; x_wconf 89' lang='lat' dir='ltr'>actum</span> <span class='ocrx_word' id='word_1_260' title='bbox 1454 3877 1838 3954; x_wconf 83' lang='lat' dir='ltr'>interiorem3</span> <span class='ocrx_word' id='word_1_261' title='bbox 1892 3880 2141 3960; x_wconf 85' lang='lat' dir='ltr'>quando</span> 
     </span>
     <span class='ocr_line' id='line_1_39' title="bbox 578 3970 2141 4054; baseline -0.002 -17"><span class='ocrx_word' id='word_1_262' title='bbox 578 3993 725 4037; x_wconf 83' lang='lat' dir='ltr'>vero</span> <span class='ocrx_word' id='word_1_263' title='bbox 752 3972 1012 4054; x_wconf 88' lang='lat' dir='ltr'>punitur</span> <span class='ocrx_word' id='word_1_264' title='bbox 1036 3975 1210 4031; x_wconf 89' lang='lat' dir='ltr'>actus</span> <span class='ocrx_word' id='word_1_265' title='bbox 1233 3970 1522 4044; x_wconf 86' lang='lat' dir='ltr'>exterior,</span> <span class='ocrx_word' id='word_1_266' title='bbox 1559 3971 1611 4031; x_wconf 91' lang='lat' dir='ltr'>si</span> <span class='ocrx_word' id='word_1_267' title='bbox 1639 3991 1677 4033; x_wconf 90' lang='lat' dir='ltr'>a</span> <span class='ocrx_word' id='word_1_268' title='bbox 1721 3972 1830 4032; x_wconf 86' lang='lat' dir='ltr'>tali</span> <span class='ocrx_word' id='word_1_269' title='bbox 1857 3972 2141 4034; x_wconf 89' lang='lat' dir='ltr'>interiori</span> 
     </span>
     <span class='ocr_line' id='line_1_40' title="bbox 577 4063 2140 4151; baseline -0.003 -21"><span class='ocrx_word' id='word_1_270' title='bbox 577 4068 890 4151; x_wconf 91' lang='lat' dir='ltr'>procedat,</span> <span class='ocrx_word' id='word_1_271' title='bbox 917 4065 1120 4144; x_wconf 89' lang='lat' dir='ltr'>potius</span> <span class='ocrx_word' id='word_1_272' title='bbox 1143 4063 1541 4143; x_wconf 86' lang='lat' dir='ltr'>restringitur</span> <span class='ocrx_word' id='word_1_273' title='bbox 1564 4064 1920 4143; x_wconf 78' lang='lat' dir='ltr'>prohihitiO,</span> <span class='ocrx_word' id='word_1_274' title='bbox 1949 4073 2011 4128; x_wconf 92' lang='lat' dir='ltr'>et</span> <span class='ocrx_word' id='word_1_275' title='bbox 2043 4066 2140 4144; x_wconf 89' lang='lat' dir='ltr'>ju-</span> 
     </span>
     <span class='ocr_line' id='line_1_41' title="bbox 576 4156 2141 4237; baseline -0.001 -15"><span class='ocrx_word' id='word_1_276' title='bbox 576 4159 945 4223; x_wconf 90' lang='lat' dir='ltr'>risdictionis</span> <span class='ocrx_word' id='word_1_277' title='bbox 962 4176 1133 4234; x_wconf 85' lang='lat' dir='ltr'>usus,</span> <span class='ocrx_word' id='word_1_278' title='bbox 1156 4156 1303 4236; x_wconf 85' lang='lat' dir='ltr'>quia</span> <span class='ocrx_word' id='word_1_279' title='bbox 1323 4174 1449 4218; x_wconf 90' lang='lat' dir='ltr'>non</span> <span class='ocrx_word' id='word_1_280' title='bbox 1471 4158 1731 4237; x_wconf 90' lang='lat' dir='ltr'>punitur</span> <span class='ocrx_word' id='word_1_281' title='bbox 1746 4158 1949 4219; x_wconf 89' lang='lat' dir='ltr'>omnis</span> <span class='ocrx_word' id='word_1_282' title='bbox 1967 4164 2141 4220; x_wconf 88' lang='lat' dir='ltr'>actus</span> 
     </span>
     <span class='ocr_line' id='line_1_42' title="bbox 579 4249 2140 4331; baseline -0.003 -14"><span class='ocrx_word' id='word_1_283' title='bbox 579 4252 968 4331; x_wconf 85' lang='lat' dir='ltr'>exteriorqui</span> <span class='ocrx_word' id='word_1_284' title='bbox 986 4250 1196 4331; x_wconf 88' lang='lat' dir='ltr'>puniri</span> <span class='ocrx_word' id='word_1_285' title='bbox 1218 4256 1441 4329; x_wconf 89' lang='lat' dir='ltr'>posset.</span> <span class='ocrx_word' id='word_1_286' title='bbox 1459 4250 1555 4310; x_wconf 87' lang='lat' dir='ltr'>Ad</span> <span class='ocrx_word' id='word_1_287' title='bbox 1574 4249 1743 4311; x_wconf 89' lang='lat' dir='ltr'>aliud</span> <span class='ocrx_word' id='word_1_288' title='bbox 1757 4269 1902 4312; x_wconf 81' lang='lat' dir='ltr'>vero</span> <span class='ocrx_word' id='word_1_289' title='bbox 1930 4269 2140 4313; x_wconf 88' lang='lat' dir='ltr'>exem-</span> 
     </span>
     <span class='ocr_line' id='line_1_43' title="bbox 578 4341 2141 4430; baseline -0.003 -22"><span class='ocrx_word' id='word_1_290' title='bbox 578 4349 776 4430; x_wconf 88' lang='lat' dir='ltr'>plum,</span> <span class='ocrx_word' id='word_1_291' title='bbox 810 4345 887 4405; x_wconf 90' lang='lat' dir='ltr'>dc</span> <span class='ocrx_word' id='word_1_292' title='bbox 914 4343 1258 4405; x_wconf 88' lang='lat' dir='ltr'>intentione</span> <span class='ocrx_word' id='word_1_293' title='bbox 1288 4341 1588 4403; x_wconf 84' lang='lat' dir='ltr'>offerendi</span> <span class='ocrx_word' id='word_1_294' title='bbox 1624 4342 1996 4404; x_wconf 89' lang='lat' dir='ltr'>sacrificium</span> <span class='ocrx_word' id='word_1_295' title='bbox 2027 4362 2141 4423; x_wconf 92' lang='lat' dir='ltr'>pro</span> 
     </span>
     <span class='ocr_line' id='line_1_44' title="bbox 577 4435 2142 4514; baseline -0.004 -11"><span class='ocrx_word' id='word_1_296' title='bbox 577 4443 695 4503; x_wconf 90' lang='lat' dir='ltr'>hac</span> <span class='ocrx_word' id='word_1_297' title='bbox 709 4439 807 4501; x_wconf 87' lang='lat' dir='ltr'>vel</span> <span class='ocrx_word' id='word_1_298' title='bbox 824 4437 932 4498; x_wconf 90' lang='lat' dir='ltr'>illa</span> <span class='ocrx_word' id='word_1_299' title='bbox 957 4454 1144 4497; x_wconf 90' lang='lat' dir='ltr'>causa</span> <span class='ocrx_word' id='word_1_300' title='bbox 1168 4440 1276 4497; x_wconf 89' lang='lat' dir='ltr'>aut</span> <span class='ocrx_word' id='word_1_301' title='bbox 1292 4453 1575 4514; x_wconf 91' lang='lat' dir='ltr'>persona,</span> <span class='ocrx_word' id='word_1_302' title='bbox 1588 4435 1814 4495; x_wconf 90' lang='lat' dir='ltr'>dicitur</span> <span class='ocrx_word' id='word_1_303' title='bbox 1837 4436 2142 4514; x_wconf 86' lang='lat' dir='ltr'>imprimis</span> 
     </span>
     <span class='ocr_line' id='line_1_45' title="bbox 578 4526 2142 4612; baseline -0.005 -16"><span class='ocrx_word' id='word_1_304' title='bbox 578 4532 1019 4612; x_wconf 86' lang='lat' dir='ltr'>obligationem</span> <span class='ocrx_word' id='word_1_305' title='bbox 1048 4529 1242 4603; x_wconf 88' lang='lat' dir='ltr'>illam,</span> <span class='ocrx_word' id='word_1_306' title='bbox 1263 4526 1633 4605; x_wconf 86' lang='lat' dir='ltr'>regulariter</span> <span class='ocrx_word' id='word_1_307' title='bbox 1656 4527 1988 4607; x_wconf 88' lang='lat' dir='ltr'>loquendo,</span> <span class='ocrx_word' id='word_1_308' title='bbox 2013 4546 2142 4590; x_wconf 93' lang='lat' dir='ltr'>non</span> 
     </span>
     <span class='ocr_line' id='line_1_46' title="bbox 578 4619 2141 4699; baseline -0.004 -11"><span class='ocrx_word' id='word_1_309' title='bbox 578 4624 831 4688; x_wconf 81' lang='lat' dir='ltr'>fundari</span> <span class='ocrx_word' id='word_1_310' title='bbox 861 4623 928 4683; x_wconf 90' lang='lat' dir='ltr'>in</span> <span class='ocrx_word' id='word_1_311' title='bbox 955 4620 1084 4682; x_wconf 86' lang='lat' dir='ltr'>sola</span> <span class='ocrx_word' id='word_1_312' title='bbox 1108 4619 1555 4699; x_wconf 86' lang='lat' dir='ltr'>jurisdictione,</span> <span class='ocrx_word' id='word_1_313' title='bbox 1604 4620 1710 4680; x_wconf 91' lang='lat' dir='ltr'>sed</span> <span class='ocrx_word' id='word_1_314' title='bbox 1757 4619 1857 4681; x_wconf 84' lang='lat' dir='ltr'>vel</span> <span class='ocrx_word' id='word_1_315' title='bbox 1896 4621 1965 4681; x_wconf 92' lang='lat' dir='ltr'>in</span> <span class='ocrx_word' id='word_1_316' title='bbox 1998 4627 2141 4682; x_wconf 88' lang='lat' dir='ltr'>voto</span> 
     </span>
     <span class='ocr_line' id='line_1_47' title="bbox 578 4710 2139 4791; baseline -0.005 -10"><span class='ocrx_word' id='word_1_317' title='bbox 578 4716 967 4790; x_wconf 75' lang='lat' dir='ltr'>obedientiae,</span> <span class='ocrx_word' id='word_1_318' title='bbox 995 4712 1097 4773; x_wconf 84' lang='lat' dir='ltr'>vel</span> <span class='ocrx_word' id='word_1_319' title='bbox 1131 4713 1199 4772; x_wconf 90' lang='lat' dir='ltr'>in</span> <span class='ocrx_word' id='word_1_320' title='bbox 1226 4711 1435 4790; x_wconf 86' lang='lat' dir='ltr'>aliqua</span> <span class='ocrx_word' id='word_1_321' title='bbox 1460 4710 1836 4791; x_wconf 86' lang='lat' dir='ltr'>obligatione</span> <span class='ocrx_word' id='word_1_322' title='bbox 1857 4713 2139 4791; x_wconf 72' lang='lat' dir='ltr'>justitiae,</span> 
     </span>
     <span class='ocr_line' id='line_1_48' title="bbox 579 4803 2143 4895; baseline -0.006 -19"><span class='ocrx_word' id='word_1_323' title='bbox 579 4832 692 4895; x_wconf 88' lang='lat' dir='ltr'>per</span> <span class='ocrx_word' id='word_1_324' title='bbox 724 4826 913 4893; x_wconf 87' lang='lat' dir='ltr'>quam</span> <span class='ocrx_word' id='word_1_325' title='bbox 933 4812 1133 4890; x_wconf 85' lang='lat' dir='ltr'>potest</span> <span class='ocrx_word' id='word_1_326' title='bbox 1158 4805 1381 4886; x_wconf 81' lang='lat' dir='ltr'>aliquis</span> <span class='ocrx_word' id='word_1_327' title='bbox 1403 4823 1468 4867; x_wconf 90' lang='lat' dir='ltr'>se</span> <span class='ocrx_word' id='word_1_328' title='bbox 1495 4803 1770 4884; x_wconf 85' lang='lat' dir='ltr'>obligare</span> <span class='ocrx_word' id='word_1_329' title='bbox 1804 4805 1883 4866; x_wconf 90' lang='lat' dir='ltr'>ad</span> <span class='ocrx_word' id='word_1_330' title='bbox 1906 4806 2143 4866; x_wconf 84' lang='lat' dir='ltr'>facien-</span> 
     </span>
     <span class='ocr_line' id='line_1_49' title="bbox 580 4896 2143 4983; baseline -0.006 -15"><span class='ocrx_word' id='word_1_331' title='bbox 580 4909 733 4968; x_wconf 91' lang='lat' dir='ltr'>dum</span> <span class='ocrx_word' id='word_1_332' title='bbox 759 4902 996 4983; x_wconf 90' lang='lat' dir='ltr'>aliquid</span> <span class='ocrx_word' id='word_1_333' title='bbox 1013 4901 1126 4962; x_wconf 90' lang='lat' dir='ltr'>suh</span> <span class='ocrx_word' id='word_1_334' title='bbox 1150 4901 1267 4961; x_wconf 91' lang='lat' dir='ltr'>hac</span> <span class='ocrx_word' id='word_1_335' title='bbox 1290 4898 1389 4959; x_wconf 87' lang='lat' dir='ltr'>vel</span> <span class='ocrx_word' id='word_1_336' title='bbox 1418 4899 1527 4959; x_wconf 88' lang='lat' dir='ltr'>illa</span> <span class='ocrx_word' id='word_1_337' title='bbox 1545 4897 1914 4973; x_wconf 90' lang='lat' dir='ltr'>intentione,</span> <span class='ocrx_word' id='word_1_338' title='bbox 1943 4896 2143 4958; x_wconf 87' lang='lat' dir='ltr'>maxi-</span> 
     </span>
     <span class='ocr_line' id='line_1_50' title="bbox 580 4990 2142 5061; baseline -0.007 1"><span class='ocrx_word' id='word_1_339' title='bbox 580 5018 681 5061; x_wconf 91' lang='lat' dir='ltr'>me</span> <span class='ocrx_word' id='word_1_340' title='bbox 708 5000 761 5059; x_wconf 88' lang='lat' dir='ltr'>si</span> <span class='ocrx_word' id='word_1_341' title='bbox 783 4996 862 5059; x_wconf 90' lang='lat' dir='ltr'>ad</span> <span class='ocrx_word' id='word_1_342' title='bbox 890 4994 1175 5057; x_wconf 86' lang='lat' dir='ltr'>effectum</span> <span class='ocrx_word' id='word_1_343' title='bbox 1203 4990 1459 5055; x_wconf 86' lang='lat' dir='ltr'>actionis</span> <span class='ocrx_word' id='word_1_344' title='bbox 1477 4991 1816 5054; x_wconf 88' lang='lat' dir='ltr'>necessaria</span> <span class='ocrx_word' id='word_1_345' title='bbox 1833 4992 1912 5052; x_wconf 90' lang='lat' dir='ltr'>sit</span> <span class='ocrx_word' id='word_1_346' title='bbox 1935 4990 2142 5053; x_wconf 89' lang='lat' dir='ltr'>:unde</span> 
     </span>
     <span class='ocr_line' id='line_1_51' title="bbox 581 5086 2142 5165; baseline -0.005 -12"><span class='ocrx_word' id='word_1_347' title='bbox 581 5093 829 5165; x_wconf 72' lang='lat' dir='ltr'>dicitur,</span> <span class='ocrx_word' id='word_1_348' title='bbox 859 5088 1152 5164; x_wconf 89' lang='lat' dir='ltr'>secundo,</span> <span class='ocrx_word' id='word_1_349' title='bbox 1198 5086 1371 5147; x_wconf 87' lang='lat' dir='ltr'>illam</span> <span class='ocrx_word' id='word_1_350' title='bbox 1414 5087 1824 5148; x_wconf 87' lang='lat' dir='ltr'>intentionem</span> <span class='ocrx_word' id='word_1_351' title='bbox 1858 5103 1984 5146; x_wconf 91' lang='lat' dir='ltr'>non</span> <span class='ocrx_word' id='word_1_352' title='bbox 2013 5102 2142 5145; x_wconf 82' lang='lat' dir='ltr'>esse</span> 
     </span>
     <span class='ocr_line' id='line_1_52' title="bbox 581 5177 2144 5256; baseline -0.003 -13"><span class='ocrx_word' id='word_1_353' title='bbox 581 5183 836 5243; x_wconf 90' lang='lat' dir='ltr'>omnino</span> <span class='ocrx_word' id='word_1_354' title='bbox 885 5181 1291 5243; x_wconf 88' lang='lat' dir='ltr'>extrinsecam</span> <span class='ocrx_word' id='word_1_355' title='bbox 1336 5178 1426 5239; x_wconf 91' lang='lat' dir='ltr'>illi</span> <span class='ocrx_word' id='word_1_356' title='bbox 1453 5178 1705 5252; x_wconf 89' lang='lat' dir='ltr'>actioni,</span> <span class='ocrx_word' id='word_1_357' title='bbox 1762 5177 1920 5237; x_wconf 89' lang='lat' dir='ltr'>sicut</span> <span class='ocrx_word' id='word_1_358' title='bbox 1954 5195 2144 5256; x_wconf 91' lang='lat' dir='ltr'>supra</span> 
     </span>
     <span class='ocr_line' id='line_1_53' title="bbox 581 5270 2141 5335; baseline -0.004 0"><span class='ocrx_word' id='word_1_359' title='bbox 581 5274 938 5335; x_wconf 85' lang='lat' dir='ltr'>dicebamus</span> <span class='ocrx_word' id='word_1_360' title='bbox 996 5274 1073 5335; x_wconf 93' lang='lat' dir='ltr'>de</span> <span class='ocrx_word' id='word_1_361' title='bbox 1123 5272 1468 5335; x_wconf 88' lang='lat' dir='ltr'>intentione</span> <span class='ocrx_word' id='word_1_362' title='bbox 1519 5270 1886 5332; x_wconf 89' lang='lat' dir='ltr'>conficiendi</span> <span class='ocrx_word' id='word_1_363' title='bbox 1943 5288 2141 5330; x_wconf 88' lang='lat' dir='ltr'>sacra·</span> 
     </span>
     <span class='ocr_line' id='line_1_54' title="bbox 581 5360 2144 5443; baseline -0.006 -15"><span class='ocrx_word' id='word_1_364' title='bbox 581 5372 866 5429; x_wconf 90' lang='lat' dir='ltr'>mentum</span> <span class='ocrx_word' id='word_1_365' title='bbox 898 5382 914 5425; x_wconf 87' lang='lat'>:</span> <span class='ocrx_word' id='word_1_366' title='bbox 946 5384 1092 5426; x_wconf 90' lang='lat' dir='ltr'>nam</span> <span class='ocrx_word' id='word_1_367' title='bbox 1131 5366 1277 5426; x_wconf 90' lang='lat' dir='ltr'>licet</span> <span class='ocrx_word' id='word_1_368' title='bbox 1319 5366 1384 5425; x_wconf 91' lang='lat' dir='ltr'>in</span> <span class='ocrx_word' id='word_1_369' title='bbox 1429 5364 1716 5443; x_wconf 83' lang='lat' dir='ltr'>praesenti</span> <span class='ocrx_word' id='word_1_370' title='bbox 1745 5362 1853 5423; x_wconf 91' lang='lat' dir='ltr'>illa</span> <span class='ocrx_word' id='word_1_371' title='bbox 1878 5360 2144 5423; x_wconf 90' lang='lat' dir='ltr'>intentio</span> 
     </span>
     <span class='ocr_line' id='line_1_55' title="bbox 582 5456 2144 5530; baseline -0.004 -10"><span class='ocrx_word' id='word_1_372' title='bbox 582 5479 711 5521; x_wconf 92' lang='lat' dir='ltr'>non</span> <span class='ocrx_word' id='word_1_373' title='bbox 741 5461 820 5520; x_wconf 89' lang='lat' dir='ltr'>sit</span> <span class='ocrx_word' id='word_1_374' title='bbox 861 5458 937 5518; x_wconf 86' lang='lat' dir='ltr'>de</span> <span class='ocrx_word' id='word_1_375' title='bbox 966 5459 1323 5518; x_wconf 89' lang='lat' dir='ltr'>necessitate</span> <span class='ocrx_word' id='word_1_376' title='bbox 1355 5456 1638 5517; x_wconf 88' lang='lat' dir='ltr'>sacrificii</span> <span class='ocrx_word' id='word_1_377' title='bbox 1681 5462 1752 5515; x_wconf 90' lang='lat' dir='ltr'>ut</span> <span class='ocrx_word' id='word_1_378' title='bbox 1785 5456 1895 5530; x_wconf 91' lang='lat' dir='ltr'>sic,</span> <span class='ocrx_word' id='word_1_379' title='bbox 1926 5459 2019 5515; x_wconf 87' lang='lat' dir='ltr'>est</span> <span class='ocrx_word' id='word_1_380' title='bbox 2045 5458 2144 5513; x_wconf 87' lang='lat' dir='ltr'>ta-</span> 
     </span>
     <span class='ocr_line' id='line_1_56' title="bbox 582 5547 2146 5629; baseline -0.004 -14"><span class='ocrx_word' id='word_1_381' title='bbox 582 5571 729 5615; x_wconf 86' lang='lat' dir='ltr'>men</span> <span class='ocrx_word' id='word_1_382' title='bbox 754 5550 1094 5614; x_wconf 85' lang='lat' dir='ltr'>necessaria</span> <span class='ocrx_word' id='word_1_383' title='bbox 1139 5550 1219 5610; x_wconf 87' lang='lat' dir='ltr'>ad</span> <span class='ocrx_word' id='word_1_384' title='bbox 1246 5549 1617 5629; x_wconf 89' lang='lat' dir='ltr'>completam</span> <span class='ocrx_word' id='word_1_385' title='bbox 1644 5547 2020 5610; x_wconf 87' lang='lat' dir='ltr'>oblationem</span> <span class='ocrx_word' id='word_1_386' title='bbox 2047 5562 2146 5609; x_wconf 90' lang='lat' dir='ltr'>sa-</span> 
     </span>
    </p>
   </div>
   <div class='ocr_carea' id='block_1_3' title="bbox 1582 436 2770 492">
    <p class='ocr_par' dir='ltr' id='par_1_4' title="bbox 1582 436 2770 492">
     <span class='ocr_line' id='line_1_57' title="bbox 1582 436 2770 492; baseline 0 -1"><span class='ocrx_word' id='word_1_387' title='bbox 1582 440 1696 492; x_wconf 85' lang='lat' dir='ltr'>LIB.</span> <span class='ocrx_word' id='word_1_388' title='bbox 1735 440 1820 492; x_wconf 90' lang='lat'>111.</span> <span class='ocrx_word' id='word_1_389' title='bbox 1856 438 1937 492; x_wconf 74' lang='grc' dir='ltr'>ΒΕ</span> <span class='ocrx_word' id='word_1_390' title='bbox 1968 439 2131 492; x_wconf 84' lang='lat' dir='ltr'><strong>LEGE</strong></span> <span class='ocrx_word' id='word_1_391' title='bbox 2160 436 2422 491; x_wconf 67' lang='lat' dir='ltr'>nmmu</span> <span class='ocrx_word' id='word_1_392' title='bbox 2452 438 2533 490; x_wconf 80' lang='lat' dir='ltr'>m·</span> <span class='ocrx_word' id='word_1_393' title='bbox 2565 438 2770 491; x_wconf 80' lang='lat' dir='ltr'>mvm.</span> 
     </span>
    </p>
   </div>
   <div class='ocr_carea' id='block_1_4' title="bbox 2219 533 3858 5626">
    <p class='ocr_par' dir='ltr' id='par_1_5' title="bbox 2219 533 3784 804">
     <span class='ocr_line' id='line_1_58' title="bbox 2220 533 3784 615; baseline -0.001 -17"><span class='ocrx_word' id='word_1_394' title='bbox 2220 536 2436 598; x_wconf 89' lang='lat' dir='ltr'>crificii</span> <span class='ocrx_word' id='word_1_395' title='bbox 2463 542 2525 598; x_wconf 89' lang='lat' dir='ltr'>et</span> <span class='ocrx_word' id='word_1_396' title='bbox 2575 538 2653 598; x_wconf 91' lang='lat' dir='ltr'>ad</span> <span class='ocrx_word' id='word_1_397' title='bbox 2681 536 2954 598; x_wconf 81' lang='lat' dir='ltr'>fructum</span> <span class='ocrx_word' id='word_1_398' title='bbox 2985 535 3141 615; x_wconf 90' lang='lat' dir='ltr'>ejus,</span> <span class='ocrx_word' id='word_1_399' title='bbox 3172 541 3234 598; x_wconf 92' lang='lat' dir='ltr'>et</span> <span class='ocrx_word' id='word_1_400' title='bbox 3266 535 3406 597; x_wconf 91' lang='lat' dir='ltr'>ideo</span> <span class='ocrx_word' id='word_1_401' title='bbox 3437 533 3558 615; x_wconf 83' lang='lat' dir='ltr'>qui</span> <span class='ocrx_word' id='word_1_402' title='bbox 3602 540 3784 615; x_wconf 62' lang='lat' dir='ltr'>potes·</span> 
     </span>
     <span class='ocr_line' id='line_1_59' title="bbox 2219 628 3781 710; baseline -0.001 -19"><span class='ocrx_word' id='word_1_403' title='bbox 2219 636 2413 691; x_wconf 85' lang='lat' dir='ltr'>tatem</span> <span class='ocrx_word' id='word_1_404' title='bbox 2440 630 2629 692; x_wconf 90' lang='lat' dir='ltr'>habet</span> <span class='ocrx_word' id='word_1_405' title='bbox 2649 630 3042 710; x_wconf 83' lang='lat' dir='ltr'>praecipiendi</span> <span class='ocrx_word' id='word_1_406' title='bbox 3071 628 3468 704; x_wconf 89' lang='lat' dir='ltr'>sacrificium,</span> <span class='ocrx_word' id='word_1_407' title='bbox 3497 634 3706 689; x_wconf 88' lang='lat' dir='ltr'>totum</span> <span class='ocrx_word' id='word_1_408' title='bbox 3729 629 3781 689; x_wconf 85' lang='lat' dir='ltr'>id</span> 
     </span>
     <span class='ocr_line' id='line_1_60' title="bbox 2221 723 2796 804; baseline -0.002 -20"><span class='ocrx_word' id='word_1_409' title='bbox 2221 723 2548 804; x_wconf 80' lang='lat' dir='ltr'>praecipere</span> <span class='ocrx_word' id='word_1_410' title='bbox 2577 728 2796 802; x_wconf 90' lang='lat' dir='ltr'>potest.</span> 
     </span>
    </p>

    <p class='ocr_par' dir='ltr' id='par_1_6' title="bbox 2219 815 3780 3407">
     <span class='ocr_line' id='line_1_61' title="bbox 2305 815 3780 892; baseline -0.003 -15"><span class='ocrx_word' id='word_1_411' title='bbox 2305 821 2375 877; x_wconf 88' lang='grc'>11</span> <span class='ocrx_word' id='word_1_412' title='bbox 2390 862 2405 877; x_wconf 98' lang='grc'><strong>.</strong></span> <span class='ocrx_word' id='word_1_413' title='bbox 2448 816 2543 877; x_wconf 87' lang='lat' dir='ltr'>Ad</span> <span class='ocrx_word' id='word_1_414' title='bbox 2566 816 2835 877; x_wconf 89' lang='lat' dir='ltr'>rationes</span> <span class='ocrx_word' id='word_1_415' title='bbox 2874 815 3128 877; x_wconf 89' lang='lat' dir='ltr'>alterius</span> <span class='ocrx_word' id='word_1_416' title='bbox 3158 815 3511 889; x_wconf 83' lang='lat' dir='ltr'>sententiae,</span> <span class='ocrx_word' id='word_1_417' title='bbox 3545 831 3780 892; x_wconf 87' lang='lat' dir='ltr'>respon-</span> 
     </span>
     <span class='ocr_line' id='line_1_62' title="bbox 2225 908 3778 989; baseline -0.001 -19"><span class='ocrx_word' id='word_1_418' title='bbox 2225 910 2405 970; x_wconf 89' lang='lat' dir='ltr'>detur</span> <span class='ocrx_word' id='word_1_419' title='bbox 2424 910 2730 989; x_wconf 88' lang='lat' dir='ltr'>imprimis</span> <span class='ocrx_word' id='word_1_420' title='bbox 2758 910 2825 969; x_wconf 92' lang='lat' dir='ltr'>in</span> <span class='ocrx_word' id='word_1_421' title='bbox 2853 909 2963 969; x_wconf 89' lang='lat' dir='ltr'>illa</span> <span class='ocrx_word' id='word_1_422' title='bbox 2987 909 3206 988; x_wconf 84' lang='lat' dir='ltr'>regula</span> <span class='ocrx_word' id='word_1_423' title='bbox 3233 908 3393 987; x_wconf 87' lang='lat' dir='ltr'>juris</span> <span class='ocrx_word' id='word_1_424' title='bbox 3440 924 3778 968; x_wconf 89' lang='lat' dir='ltr'>sermonem</span> 
     </span>
     <span class='ocr_line' id='line_1_63' title="bbox 2226 1000 3777 1080; baseline -0.003 -16"><span class='ocrx_word' id='word_1_425' title='bbox 2226 1020 2357 1064; x_wconf 92' lang='lat' dir='ltr'>esse</span> <span class='ocrx_word' id='word_1_426' title='bbox 2410 1002 2486 1062; x_wconf 91' lang='lat' dir='ltr'>de</span> <span class='ocrx_word' id='word_1_427' title='bbox 2539 1002 2761 1063; x_wconf 90' lang='lat' dir='ltr'>timore</span> <span class='ocrx_word' id='word_1_428' title='bbox 2808 1002 3014 1063; x_wconf 86' lang='lat' dir='ltr'>servili</span> <span class='ocrx_word' id='word_1_429' title='bbox 3059 1001 3520 1080; x_wconf 89' lang='lat' dir='ltr'>peccaminoso,</span> <span class='ocrx_word' id='word_1_430' title='bbox 3551 1000 3777 1079; x_wconf 84' lang='lat' dir='ltr'>quando</span> 
     </span>
     <span class='ocr_line' id='line_1_64' title="bbox 2224 1095 3774 1176; baseline -0.003 -20"><span class='ocrx_word' id='word_1_431' title='bbox 2224 1096 2364 1176; x_wconf 87' lang='lat' dir='ltr'>quis</span> <span class='ocrx_word' id='word_1_432' title='bbox 2405 1095 2493 1156; x_wconf 87' lang='lat' dir='ltr'>ita</span> <span class='ocrx_word' id='word_1_433' title='bbox 2540 1095 2887 1155; x_wconf 81' lang='lat' dir='ltr'>voluntarie</span> <span class='ocrx_word' id='word_1_434' title='bbox 2930 1095 3079 1154; x_wconf 83' lang='lat' dir='ltr'>facit</span> <span class='ocrx_word' id='word_1_435' title='bbox 3111 1113 3264 1173; x_wconf 89' lang='lat' dir='ltr'>opus</span> <span class='ocrx_word' id='word_1_436' title='bbox 3291 1098 3691 1173; x_wconf 62' lang='lat' dir='ltr'>praeceptum,</span> <span class='ocrx_word' id='word_1_437' title='bbox 3720 1099 3774 1153; x_wconf 88' lang='lat' dir='ltr'>nt</span> 
     </span>
     <span class='ocr_line' id='line_1_65' title="bbox 2222 1186 3772 1266; baseline -0.002 -17"><span class='ocrx_word' id='word_1_438' title='bbox 2222 1188 2504 1250; x_wconf 88' lang='lat' dir='ltr'>animum</span> <span class='ocrx_word' id='word_1_439' title='bbox 2530 1187 2760 1249; x_wconf 89' lang='lat' dir='ltr'>habeat</span> <span class='ocrx_word' id='word_1_440' title='bbox 2779 1205 2908 1248; x_wconf 91' lang='lat' dir='ltr'>non</span> <span class='ocrx_word' id='word_1_441' title='bbox 2928 1186 3216 1262; x_wconf 84' lang='lat' dir='ltr'>faciendi,</span> <span class='ocrx_word' id='word_1_442' title='bbox 3241 1187 3294 1247; x_wconf 93' lang='lat' dir='ltr'>si</span> <span class='ocrx_word' id='word_1_443' title='bbox 3311 1192 3526 1266; x_wconf 84' lang='lat' dir='ltr'>posset</span> <span class='ocrx_word' id='word_1_444' title='bbox 3550 1204 3772 1264; x_wconf 80' lang='lat' dir='ltr'>pcenam</span> 
     </span>
     <span class='ocr_line' id='line_1_66' title="bbox 2222 1279 3769 1362; baseline -0.003 -18"><span class='ocrx_word' id='word_1_445' title='bbox 2222 1284 2530 1362; x_wconf 87' lang='lat' dir='ltr'>effugere:</span> <span class='ocrx_word' id='word_1_446' title='bbox 2561 1299 2709 1343; x_wconf 93' lang='lat' dir='ltr'>nam</span> <span class='ocrx_word' id='word_1_447' title='bbox 2731 1283 2797 1342; x_wconf 92' lang='lat' dir='ltr'>in</span> <span class='ocrx_word' id='word_1_448' title='bbox 2825 1281 2932 1341; x_wconf 91' lang='lat' dir='ltr'>illo</span> <span class='ocrx_word' id='word_1_449' title='bbox 2961 1280 3146 1341; x_wconf 89' lang='lat' dir='ltr'>modo</span> <span class='ocrx_word' id='word_1_450' title='bbox 3169 1279 3471 1359; x_wconf 88' lang='lat' dir='ltr'>operandi</span> <span class='ocrx_word' id='word_1_451' title='bbox 3502 1280 3666 1340; x_wconf 81' lang='lat' dir='ltr'>deest</span> <span class='ocrx_word' id='word_1_452' title='bbox 3687 1298 3769 1340; x_wconf 83' lang='lat' dir='ltr'>vo-</span> 
     </span>
     <span class='ocr_line' id='line_1_67' title="bbox 2222 1372 3765 1452; baseline -0.003 -16"><span class='ocrx_word' id='word_1_453' title='bbox 2222 1377 2429 1437; x_wconf 86' lang='lat' dir='ltr'>luntas</span> <span class='ocrx_word' id='word_1_454' title='bbox 2479 1374 2822 1436; x_wconf 90' lang='lat' dir='ltr'>necessaria</span> <span class='ocrx_word' id='word_1_455' title='bbox 2865 1374 2945 1435; x_wconf 91' lang='lat' dir='ltr'>ad</span> <span class='ocrx_word' id='word_1_456' title='bbox 2979 1372 3370 1452; x_wconf 90' lang='lat' dir='ltr'>implendum</span> <span class='ocrx_word' id='word_1_457' title='bbox 3413 1381 3765 1451; x_wconf 84' lang='lat' dir='ltr'>praeceptum</span> 
     </span>
     <span class='ocr_line' id='line_1_68' title="bbox 2224 1464 3757 1547; baseline -0.002 -18"><span class='ocrx_word' id='word_1_458' title='bbox 2224 1468 2384 1547; x_wconf 91' lang='lat' dir='ltr'>apud</span> <span class='ocrx_word' id='word_1_459' title='bbox 2416 1469 2636 1542; x_wconf 89' lang='lat' dir='ltr'>Deum,</span> <span class='ocrx_word' id='word_1_460' title='bbox 2655 1467 2896 1527; x_wconf 88' lang='lat' dir='ltr'>etiamsi</span> <span class='ocrx_word' id='word_1_461' title='bbox 2920 1466 3189 1527; x_wconf 87' lang='lat' dir='ltr'>exterius</span> <span class='ocrx_word' id='word_1_462' title='bbox 3212 1465 3465 1544; x_wconf 87' lang='lat' dir='ltr'>impleri</span> <span class='ocrx_word' id='word_1_463' title='bbox 3488 1464 3757 1526; x_wconf 83' lang='lat' dir='ltr'>videatur.</span> 
     </span>
     <span class='ocr_line' id='line_1_69' title="bbox 2224 1556 3760 1639; baseline -0.003 -18"><span class='ocrx_word' id='word_1_464' title='bbox 2224 1563 2300 1621; x_wconf 87' lang='lat' dir='ltr'>Et</span> <span class='ocrx_word' id='word_1_465' title='bbox 2314 1562 2403 1622; x_wconf 90' lang='lat' dir='ltr'>ita</span> <span class='ocrx_word' id='word_1_466' title='bbox 2428 1566 2694 1639; x_wconf 89' lang='lat' dir='ltr'>negatur</span> <span class='ocrx_word' id='word_1_467' title='bbox 2712 1558 3050 1620; x_wconf 90' lang='lat' dir='ltr'>similitudo</span> <span class='ocrx_word' id='word_1_468' title='bbox 3069 1576 3086 1620; x_wconf 88' lang='lat'>:</span> <span class='ocrx_word' id='word_1_469' title='bbox 3109 1576 3279 1633; x_wconf 91' lang='lat' dir='ltr'>nam,</span> <span class='ocrx_word' id='word_1_470' title='bbox 3293 1558 3405 1637; x_wconf 86' lang='lat' dir='ltr'>qui</span> <span class='ocrx_word' id='word_1_471' title='bbox 3425 1556 3573 1618; x_wconf 88' lang='lat' dir='ltr'>facit</span> <span class='ocrx_word' id='word_1_472' title='bbox 3591 1563 3760 1618; x_wconf 86' lang='lat' dir='ltr'>totum</span> 
     </span>
     <span class='ocr_line' id='line_1_70' title="bbox 2225 1650 3757 1733; baseline -0.003 -19"><span class='ocrx_word' id='word_1_473' title='bbox 2225 1655 2288 1714; x_wconf 92' lang='lat' dir='ltr'>id</span> <span class='ocrx_word' id='word_1_474' title='bbox 2308 1654 2473 1733; x_wconf 89' lang='lat' dir='ltr'>quod</span> <span class='ocrx_word' id='word_1_475' title='bbox 2495 1653 2596 1714; x_wconf 84' lang='lat' dir='ltr'>lex</span> <span class='ocrx_word' id='word_1_476' title='bbox 2623 1652 2901 1712; x_wconf 90' lang='lat' dir='ltr'>humana</span> <span class='ocrx_word' id='word_1_477' title='bbox 2921 1652 3221 1732; x_wconf 89' lang='lat' dir='ltr'>praecipit,</span> <span class='ocrx_word' id='word_1_478' title='bbox 3248 1658 3310 1711; x_wconf 91' lang='lat' dir='ltr'>et</span> <span class='ocrx_word' id='word_1_479' title='bbox 3331 1669 3477 1711; x_wconf 90' lang='lat' dir='ltr'>cum</span> <span class='ocrx_word' id='word_1_480' title='bbox 3507 1650 3757 1710; x_wconf 76' lang='lat' dir='ltr'>omnibm</span> 
     </span>
     <span class='ocr_line' id='line_1_71' title="bbox 2226 1744 3755 1822; baseline -0.004 -14"><span class='ocrx_word' id='word_1_481' title='bbox 2226 1751 2499 1808; x_wconf 85' lang='lat' dir='ltr'>externis</span> <span class='ocrx_word' id='word_1_482' title='bbox 2553 1745 3031 1806; x_wconf 89' lang='lat' dir='ltr'>circumstantiis</span> <span class='ocrx_word' id='word_1_483' title='bbox 3085 1762 3238 1822; x_wconf 88' lang='lat' dir='ltr'>quas</span> <span class='ocrx_word' id='word_1_484' title='bbox 3290 1744 3592 1822; x_wconf 68' lang='lat' dir='ltr'>praecipit,</span> <span class='ocrx_word' id='word_1_485' title='bbox 3643 1744 3755 1803; x_wconf 87' lang='lat' dir='ltr'>licet</span> 
     </span>
     <span class='ocr_line' id='line_1_72' title="bbox 2223 1835 3752 1919; baseline -0.004 -19"><span class='ocrx_word' id='word_1_486' title='bbox 2223 1856 2415 1919; x_wconf 84' lang='lat' dir='ltr'>prava</span> <span class='ocrx_word' id='word_1_487' title='bbox 2435 1838 2782 1898; x_wconf 90' lang='lat' dir='ltr'>intentione</span> <span class='ocrx_word' id='word_1_488' title='bbox 2797 1836 2858 1896; x_wconf 91' lang='lat' dir='ltr'>id</span> <span class='ocrx_word' id='word_1_489' title='bbox 2878 1837 3087 1911; x_wconf 83' lang='lat' dir='ltr'>faciat,</span> <span class='ocrx_word' id='word_1_490' title='bbox 3104 1854 3229 1896; x_wconf 89' lang='lat' dir='ltr'>non</span> <span class='ocrx_word' id='word_1_491' title='bbox 3246 1835 3391 1895; x_wconf 83' lang='lat' dir='ltr'>facit</span> <span class='ocrx_word' id='word_1_492' title='bbox 3405 1835 3584 1895; x_wconf 88' lang='lat' dir='ltr'>aliter</span> <span class='ocrx_word' id='word_1_493' title='bbox 3599 1852 3752 1914; x_wconf 85' lang='lat' dir='ltr'>quam</span> 
     </span>
     <span class='ocr_line' id='line_1_73' title="bbox 2222 1928 3749 2006; baseline -0.004 -13"><span class='ocrx_word' id='word_1_494' title='bbox 2222 1932 2443 1993; x_wconf 87' lang='lat' dir='ltr'>debeat</span> <span class='ocrx_word' id='word_1_495' title='bbox 2469 1931 2668 1992; x_wconf 85' lang='lat' dir='ltr'>facere</span> <span class='ocrx_word' id='word_1_496' title='bbox 2704 1949 2779 1990; x_wconf 88' lang='lat' dir='ltr'>ex</span> <span class='ocrx_word' id='word_1_497' title='bbox 2805 1930 2868 1989; x_wconf 83' lang='lat' dir='ltr'>vi</span> <span class='ocrx_word' id='word_1_498' title='bbox 2905 1929 3070 1989; x_wconf 86' lang='lat' dir='ltr'>illius</span> <span class='ocrx_word' id='word_1_499' title='bbox 3105 1928 3262 2006; x_wconf 83' lang='lat' dir='ltr'>legis</span> <span class='ocrx_word' id='word_1_500' title='bbox 3288 1928 3599 2001; x_wconf 72' lang='lat' dir='ltr'>humente,</span> <span class='ocrx_word' id='word_1_501' title='bbox 3638 1928 3749 1988; x_wconf 85' lang='lat' dir='ltr'>licet</span> 
     </span>
     <span class='ocr_line' id='line_1_74' title="bbox 2223 2020 3743 2105; baseline -0.004 -19"><span class='ocrx_word' id='word_1_502' title='bbox 2223 2027 2407 2087; x_wconf 83' lang='lat' dir='ltr'>faciat</span> <span class='ocrx_word' id='word_1_503' title='bbox 2445 2026 2626 2087; x_wconf 87' lang='lat' dir='ltr'>aliter</span> <span class='ocrx_word' id='word_1_504' title='bbox 2665 2041 2851 2105; x_wconf 89' lang='lat' dir='ltr'>quam</span> <span class='ocrx_word' id='word_1_505' title='bbox 2892 2024 3014 2084; x_wconf 90' lang='lat' dir='ltr'>alia</span> <span class='ocrx_word' id='word_1_506' title='bbox 3053 2023 3153 2083; x_wconf 87' lang='lat' dir='ltr'>lex</span> <span class='ocrx_word' id='word_1_507' title='bbox 3200 2020 3417 2082; x_wconf 84' lang='lat' dir='ltr'>divina</span> <span class='ocrx_word' id='word_1_508' title='bbox 3448 2022 3743 2101; x_wconf 83' lang='lat' dir='ltr'>praecipiat,</span> 
     </span>
     <span class='ocr_line' id='line_1_75' title="bbox 2224 2115 3741 2199; baseline -0.004 -19"><span class='ocrx_word' id='word_1_509' title='bbox 2224 2125 2285 2180; x_wconf 95' lang='lat' dir='ltr'>et</span> <span class='ocrx_word' id='word_1_510' title='bbox 2314 2119 2452 2180; x_wconf 91' lang='lat' dir='ltr'>ideo</span> <span class='ocrx_word' id='word_1_511' title='bbox 2483 2138 2609 2180; x_wconf 94' lang='lat' dir='ltr'>non</span> <span class='ocrx_word' id='word_1_512' title='bbox 2655 2125 2868 2199; x_wconf 87' lang='lat' dir='ltr'>peccat</span> <span class='ocrx_word' id='word_1_513' title='bbox 2916 2121 3131 2176; x_wconf 91' lang='lat' dir='ltr'>eontra</span> <span class='ocrx_word' id='word_1_514' title='bbox 3175 2115 3378 2193; x_wconf 90' lang='lat' dir='ltr'>legem</span> <span class='ocrx_word' id='word_1_515' title='bbox 3421 2115 3741 2189; x_wconf 87' lang='lat' dir='ltr'>humanam,</span> 
     </span>
     <span class='ocr_line' id='line_1_76' title="bbox 2220 2207 3745 2290; baseline -0.005 -16"><span class='ocrx_word' id='word_1_516' title='bbox 2220 2213 2365 2274; x_wconf 91' lang='lat' dir='ltr'>licet</span> <span class='ocrx_word' id='word_1_517' title='bbox 2386 2211 2539 2272; x_wconf 89' lang='lat' dir='ltr'>alias</span> <span class='ocrx_word' id='word_1_518' title='bbox 2563 2216 2789 2290; x_wconf 89' lang='lat' dir='ltr'>peccet.</span> <span class='ocrx_word' id='word_1_519' title='bbox 2822 2209 2998 2270; x_wconf 91' lang='lat' dir='ltr'>Unde</span> <span class='ocrx_word' id='word_1_520' title='bbox 3044 2209 3119 2269; x_wconf 85' lang='lat' dir='ltr'>ad</span> <span class='ocrx_word' id='word_1_521' title='bbox 3157 2209 3428 2288; x_wconf 91' lang='lat' dir='ltr'>primam</span> <span class='ocrx_word' id='word_1_522' title='bbox 3464 2207 3745 2268; x_wconf 87' lang='lat' dir='ltr'>confirma-</span> 
     </span>
     <span class='ocr_line' id='line_1_77' title="bbox 2221 2301 3742 2385; baseline -0.004 -18"><span class='ocrx_word' id='word_1_523' title='bbox 2221 2306 2456 2368; x_wconf 89' lang='lat' dir='ltr'>tionem</span> <span class='ocrx_word' id='word_1_524' title='bbox 2502 2303 2910 2385; x_wconf 88' lang='lat' dir='ltr'>respondetur</span> <span class='ocrx_word' id='word_1_525' title='bbox 2959 2301 3164 2380; x_wconf 91' lang='lat' dir='ltr'>legem</span> <span class='ocrx_word' id='word_1_526' title='bbox 3205 2302 3539 2362; x_wconf 86' lang='lat' dir='ltr'>humanam</span> <span class='ocrx_word' id='word_1_527' title='bbox 3565 2302 3742 2380; x_wconf 66' lang='lat' dir='ltr'>pmci·</span> 
     </span>
     <span class='ocr_line' id='line_1_78' title="bbox 2221 2395 3740 2480; baseline -0.005 -20"><span class='ocrx_word' id='word_1_528' title='bbox 2221 2418 2367 2480; x_wconf 92' lang='lat' dir='ltr'>pere</span> <span class='ocrx_word' id='word_1_529' title='bbox 2398 2405 2605 2459; x_wconf 88' lang='lat' dir='ltr'>actum</span> <span class='ocrx_word' id='word_1_530' title='bbox 2633 2398 2709 2457; x_wconf 92' lang='lat' dir='ltr'>de</span> <span class='ocrx_word' id='word_1_531' title='bbox 2734 2415 2797 2457; x_wconf 91' lang='lat' dir='ltr'>se</span> <span class='ocrx_word' id='word_1_532' title='bbox 2830 2395 3089 2470; x_wconf 91' lang='lat' dir='ltr'>bonum,</span> <span class='ocrx_word' id='word_1_533' title='bbox 3117 2412 3222 2455; x_wconf 88' lang='lat' dir='ltr'>seu</span> <span class='ocrx_word' id='word_1_534' title='bbox 3258 2395 3364 2473; x_wconf 88' lang='lat' dir='ltr'>qui</span> <span class='ocrx_word' id='word_1_535' title='bbox 3393 2395 3465 2454; x_wconf 89' lang='lat' dir='ltr'>de</span> <span class='ocrx_word' id='word_1_536' title='bbox 3491 2413 3548 2455; x_wconf 87' lang='lat' dir='ltr'>se</span> <span class='ocrx_word' id='word_1_537' title='bbox 3571 2397 3740 2474; x_wconf 59' lang='lat' dir='ltr'>potest</span> 
     </span>
     <span class='ocr_line' id='line_1_79' title="bbox 2221 2487 3733 2566; baseline -0.006 -12"><span class='ocrx_word' id='word_1_538' title='bbox 2221 2492 2378 2554; x_wconf 89' lang='lat' dir='ltr'>bene</span> <span class='ocrx_word' id='word_1_539' title='bbox 2402 2490 2563 2566; x_wconf 88' lang='lat' dir='ltr'>fieri,</span> <span class='ocrx_word' id='word_1_540' title='bbox 2598 2509 2724 2550; x_wconf 92' lang='lat' dir='ltr'>non</span> <span class='ocrx_word' id='word_1_541' title='bbox 2753 2494 2960 2549; x_wconf 88' lang='lat' dir='ltr'>tamen</span> <span class='ocrx_word' id='word_1_542' title='bbox 2991 2488 3322 2566; x_wconf 83' lang='lat' dir='ltr'>praecipere</span> <span class='ocrx_word' id='word_1_543' title='bbox 3342 2506 3539 2548; x_wconf 89' lang='lat' dir='ltr'>omnes</span> <span class='ocrx_word' id='word_1_544' title='bbox 3556 2487 3733 2547; x_wconf 86' lang='lat' dir='ltr'>modos</span> 
     </span>
     <span class='ocr_line' id='line_1_80' title="bbox 2220 2577 3726 2657; baseline -0.007 -12"><span class='ocrx_word' id='word_1_545' title='bbox 2220 2584 2588 2645; x_wconf 87' lang='lat' dir='ltr'>necessarios</span> <span class='ocrx_word' id='word_1_546' title='bbox 2612 2588 2682 2642; x_wconf 88' lang='lat' dir='ltr'>ut</span> <span class='ocrx_word' id='word_1_547' title='bbox 2706 2582 2866 2643; x_wconf 90' lang='lat' dir='ltr'>bene</span> <span class='ocrx_word' id='word_1_548' title='bbox 2898 2579 3026 2641; x_wconf 88' lang='lat' dir='ltr'>fiat.</span> <span class='ocrx_word' id='word_1_549' title='bbox 3062 2582 3138 2640; x_wconf 90' lang='lat' dir='ltr'>Et</span> <span class='ocrx_word' id='word_1_550' title='bbox 3174 2581 3261 2639; x_wconf 83' lang='lat' dir='ltr'>ita</span> <span class='ocrx_word' id='word_1_551' title='bbox 3295 2579 3414 2641; x_wconf 84' lang='lat' dir='ltr'>fere</span> <span class='ocrx_word' id='word_1_552' title='bbox 3445 2577 3726 2657; x_wconf 85' lang='lat' dir='ltr'>respondet</span> 
     </span>
     <span class='ocr_line' id='line_1_81' title="bbox 2220 2671 3712 2755; baseline -0.006 -17"><span class='ocrx_word' id='word_1_553' title='bbox 2220 2680 2289 2738; x_wconf 92' lang='lat' dir='ltr'>D.</span> <span class='ocrx_word' id='word_1_554' title='bbox 2326 2678 2591 2738; x_wconf 92' lang='lat' dir='ltr'>Thomas</span> <span class='ocrx_word' id='word_1_555' title='bbox 2615 2680 2673 2737; x_wconf 91' lang='grc'>1.</span> <span class='ocrx_word' id='word_1_556' title='bbox 2706 2677 2768 2749; x_wconf 75' lang='lat'>2,</span> <span class='ocrx_word' id='word_1_557' title='bbox 2791 2694 2852 2755; x_wconf 86' lang='lat' dir='ltr'>q.</span> <span class='ocrx_word' id='word_1_558' title='bbox 2886 2676 2988 2749; x_wconf 86' lang='lat'>96,</span> <span class='ocrx_word' id='word_1_559' title='bbox 3020 2679 3139 2733; x_wconf 88' lang='lat' dir='ltr'>art.</span> <span class='ocrx_word' id='word_1_560' title='bbox 3176 2673 3236 2748; x_wconf 89' lang='lat'>3,</span> <span class='ocrx_word' id='word_1_561' title='bbox 3259 2674 3340 2733; x_wconf 86' lang='lat' dir='ltr'>ad.</span> <span class='ocrx_word' id='word_1_562' title='bbox 3373 2675 3424 2732; x_wconf 75' lang='lat'>2.</span> <span class='ocrx_word' id='word_1_563' title='bbox 3446 2673 3511 2731; x_wconf 89' lang='lat' dir='ltr'>Et</span> <span class='ocrx_word' id='word_1_564' title='bbox 3530 2671 3712 2731; x_wconf 86' lang='lat' dir='ltr'>eadem</span> 
     </span>
     <span class='ocr_line' id='line_1_82' title="bbox 2221 2764 3717 2848; baseline -0.007 -18"><span class='ocrx_word' id='word_1_565' title='bbox 2221 2775 2313 2830; x_wconf 91' lang='lat' dir='ltr'>est</span> <span class='ocrx_word' id='word_1_566' title='bbox 2363 2768 2678 2848; x_wconf 89' lang='lat' dir='ltr'>responsio</span> <span class='ocrx_word' id='word_1_567' title='bbox 2720 2767 2801 2829; x_wconf 91' lang='lat' dir='ltr'>ad</span> <span class='ocrx_word' id='word_1_568' title='bbox 2854 2766 3191 2828; x_wconf 91' lang='lat' dir='ltr'>secundam</span> <span class='ocrx_word' id='word_1_569' title='bbox 3232 2764 3717 2826; x_wconf 63' lang='lat' dir='ltr'>mutu-mationem.</span> 
     </span>
     <span class='ocr_line' id='line_1_83' title="bbox 2222 2854 3730 2939; baseline -0.007 -16"><span class='ocrx_word' id='word_1_570' title='bbox 2222 2863 2376 2923; x_wconf 88' lang='lat' dir='ltr'>Nam</span> <span class='ocrx_word' id='word_1_571' title='bbox 2401 2861 2502 2923; x_wconf 84' lang='lat' dir='ltr'>lex</span> <span class='ocrx_word' id='word_1_572' title='bbox 2530 2862 2805 2922; x_wconf 90' lang='lat' dir='ltr'>humana</span> <span class='ocrx_word' id='word_1_573' title='bbox 2839 2860 3118 2939; x_wconf 86' lang='lat' dir='ltr'>praecipit</span> <span class='ocrx_word' id='word_1_574' title='bbox 3160 2864 3368 2920; x_wconf 88' lang='lat' dir='ltr'>actum</span> <span class='ocrx_word' id='word_1_575' title='bbox 3405 2858 3467 2917; x_wconf 87' lang='lat' dir='ltr'>in</span> <span class='ocrx_word' id='word_1_576' title='bbox 3488 2875 3543 2916; x_wconf 80' lang='lat' dir='ltr'>se</span> <span class='ocrx_word' id='word_1_577' title='bbox 3567 2854 3730 2915; x_wconf 83' lang='lat' dir='ltr'>conti-</span> 
     </span>
     <span class='ocr_line' id='line_1_84' title="bbox 2221 2949 3733 3028; baseline -0.006 -12"><span class='ocrx_word' id='word_1_578' title='bbox 2221 2961 2474 3016; x_wconf 90' lang='lat' dir='ltr'>nentem</span> <span class='ocrx_word' id='word_1_579' title='bbox 2498 2954 2733 3015; x_wconf 89' lang='lat' dir='ltr'>cultum</span> <span class='ocrx_word' id='word_1_580' title='bbox 2758 2952 2888 3028; x_wconf 87' lang='lat' dir='ltr'>Dei,</span> <span class='ocrx_word' id='word_1_581' title='bbox 2907 2952 3006 3013; x_wconf 85' lang='lat' dir='ltr'>vel</span> <span class='ocrx_word' id='word_1_582' title='bbox 3021 2949 3733 3027; x_wconf 85' lang='lat' dir='ltr'>mediocritatemaliquam</span> 
     </span>
     <span class='ocr_line' id='line_1_85' title="bbox 2219 3042 3734 3127; baseline -0.005 -18"><span class='ocrx_word' id='word_1_583' title='bbox 2219 3048 2671 3127; x_wconf 74' lang='lat' dir='ltr'>temperantiae,</span> <span class='ocrx_word' id='word_1_584' title='bbox 2700 3051 2810 3106; x_wconf 92' lang='lat' dir='ltr'>aut</span> <span class='ocrx_word' id='word_1_585' title='bbox 2842 3045 3093 3106; x_wconf 91' lang='lat' dir='ltr'>alterius</span> <span class='ocrx_word' id='word_1_586' title='bbox 3118 3044 3371 3106; x_wconf 80' lang='lat' dir='ltr'>virtutis</span> <span class='ocrx_word' id='word_1_587' title='bbox 3403 3065 3417 3103; x_wconf 75' lang='grc' dir='ltr'><strong><em>ε</em></strong></span> <span class='ocrx_word' id='word_1_588' title='bbox 3458 3042 3612 3102; x_wconf 87' lang='lat' dir='ltr'>illam</span> <span class='ocrx_word' id='word_1_589' title='bbox 3648 3059 3734 3102; x_wconf 86' lang='lat' dir='ltr'>au·</span> 
     </span>
     <span class='ocr_line' id='line_1_86' title="bbox 2220 3137 3738 3219; baseline -0.005 -18"><span class='ocrx_word' id='word_1_590' title='bbox 2220 3147 2347 3201; x_wconf 90' lang='lat' dir='ltr'>tem</span> <span class='ocrx_word' id='word_1_591' title='bbox 2371 3146 2571 3219; x_wconf 88' lang='lat' dir='ltr'>potest</span> <span class='ocrx_word' id='word_1_592' title='bbox 2597 3138 2827 3200; x_wconf 84' lang='lat' dir='ltr'>habere</span> <span class='ocrx_word' id='word_1_593' title='bbox 2855 3144 3051 3214; x_wconf 77' lang='lat' dir='ltr'>actuS,</span> <span class='ocrx_word' id='word_1_594' title='bbox 3082 3137 3322 3200; x_wconf 85' lang='lat' dir='ltr'>etiamsi</span> <span class='ocrx_word' id='word_1_595' title='bbox 3344 3155 3421 3199; x_wconf 91' lang='lat' dir='ltr'>ex</span> <span class='ocrx_word' id='word_1_596' title='bbox 3444 3143 3603 3217; x_wconf 87' lang='lat' dir='ltr'>parte</span> <span class='ocrx_word' id='word_1_597' title='bbox 3626 3151 3738 3213; x_wconf 86' lang='lat' dir='ltr'>ope-</span> 
     </span>
     <span class='ocr_line' id='line_1_87' title="bbox 2219 3230 3740 3311; baseline -0.005 -16"><span class='ocrx_word' id='word_1_598' title='bbox 2219 3232 2415 3295; x_wconf 87' lang='lat' dir='ltr'>rantis</span> <span class='ocrx_word' id='word_1_599' title='bbox 2436 3233 2598 3295; x_wconf 92' lang='lat' dir='ltr'>male</span> <span class='ocrx_word' id='word_1_600' title='bbox 2626 3232 2734 3293; x_wconf 87' lang='lat' dir='ltr'>fiat</span> <span class='ocrx_word' id='word_1_601' title='bbox 2761 3250 2834 3292; x_wconf 89' lang='lat' dir='ltr'>ex</span> <span class='ocrx_word' id='word_1_602' title='bbox 2858 3232 2980 3292; x_wconf 90' lang='lat' dir='ltr'>alio</span> <span class='ocrx_word' id='word_1_603' title='bbox 3008 3233 3229 3309; x_wconf 91' lang='lat' dir='ltr'>capite,</span> <span class='ocrx_word' id='word_1_604' title='bbox 3250 3230 3417 3309; x_wconf 89' lang='lat' dir='ltr'>quod</span> <span class='ocrx_word' id='word_1_605' title='bbox 3438 3249 3546 3311; x_wconf 88' lang='lat' dir='ltr'>per</span> <span class='ocrx_word' id='word_1_606' title='bbox 3572 3247 3628 3289; x_wconf 88' lang='lat' dir='ltr'>se</span> <span class='ocrx_word' id='word_1_607' title='bbox 3643 3244 3740 3288; x_wconf 90' lang='lat' dir='ltr'>non</span> 
     </span>
     <span class='ocr_line' id='line_1_88' title="bbox 2221 3323 3386 3407; baseline -0.003 -18"><span class='ocrx_word' id='word_1_608' title='bbox 2221 3326 2506 3407; x_wconf 87' lang='lat' dir='ltr'>prohibet</span> <span class='ocrx_word' id='word_1_609' title='bbox 2535 3344 2648 3388; x_wconf 92' lang='lat' dir='ltr'>nec</span> <span class='ocrx_word' id='word_1_610' title='bbox 2669 3324 2944 3407; x_wconf 58' lang='lat' dir='ltr'>praecipit</span> <span class='ocrx_word' id='word_1_611' title='bbox 2960 3324 3062 3386; x_wconf 89' lang='lat' dir='ltr'>lex</span> <span class='ocrx_word' id='word_1_612' title='bbox 3087 3323 3386 3386; x_wconf 89' lang='lat' dir='ltr'>humana.</span> 
     </span>
    </p>

    <p class='ocr_par' dir='ltr' id='par_1_7' title="bbox 2221 3415 3858 5626">
     <span class='ocr_line' id='line_1_89' title="bbox 2304 3415 3742 3492; baseline -0.006 -10"><span class='ocrx_word' id='word_1_613' title='bbox 2304 3423 2403 3483; x_wconf 72' lang='lat'>12.</span> <span class='ocrx_word' id='word_1_614' title='bbox 2420 3421 2515 3482; x_wconf 86' lang='lat' dir='ltr'>Ad</span> <span class='ocrx_word' id='word_1_615' title='bbox 2535 3420 2821 3481; x_wconf 91' lang='lat' dir='ltr'>ultimam</span> <span class='ocrx_word' id='word_1_616' title='bbox 2836 3415 3742 3492; x_wconf 83' lang='lat' dir='ltr'>confirmationem,admittimus</span> 
     </span>
     <span class='ocr_line' id='line_1_90' title="bbox 2223 3506 3745 3588; baseline -0.006 -13"><span class='ocrx_word' id='word_1_617' title='bbox 2223 3532 2618 3575; x_wconf 91' lang='lat' dir='ltr'>communem</span> <span class='ocrx_word' id='word_1_618' title='bbox 2645 3520 2708 3575; x_wconf 92' lang='lat' dir='ltr'>et</span> <span class='ocrx_word' id='word_1_619' title='bbox 2735 3530 2947 3574; x_wconf 85' lang='lat' dir='ltr'>veram</span> <span class='ocrx_word' id='word_1_620' title='bbox 2974 3512 3344 3586; x_wconf 86' lang='lat' dir='ltr'>doctrinam,</span> <span class='ocrx_word' id='word_1_621' title='bbox 3370 3509 3539 3588; x_wconf 87' lang='lat' dir='ltr'>quod</span> <span class='ocrx_word' id='word_1_622' title='bbox 3564 3526 3659 3586; x_wconf 86' lang='lat' dir='ltr'>per</span> <span class='ocrx_word' id='word_1_623' title='bbox 3676 3506 3745 3566; x_wconf 84' lang='lat' dir='ltr'>le·</span> 
     </span>
     <span class='ocr_line' id='line_1_91' title="bbox 2221 3602 3748 3686; baseline -0.005 -19"><span class='ocrx_word' id='word_1_624' title='bbox 2221 3624 2366 3686; x_wconf 85' lang='lat' dir='ltr'>gem</span> <span class='ocrx_word' id='word_1_625' title='bbox 2400 3606 2742 3667; x_wconf 88' lang='lat' dir='ltr'>humanam</span> <span class='ocrx_word' id='word_1_626' title='bbox 2775 3610 2948 3665; x_wconf 89' lang='lat' dir='ltr'>actus</span> <span class='ocrx_word' id='word_1_627' title='bbox 2975 3605 3267 3684; x_wconf 83' lang='lat' dir='ltr'>praecepti</span> <span class='ocrx_word' id='word_1_628' title='bbox 3294 3602 3748 3663; x_wconf 87' lang='lat' dir='ltr'>determinantur</span> 
     </span>
     <span class='ocr_line' id='line_1_92' title="bbox 2221 3698 3748 3778; baseline -0.006 -17"><span class='ocrx_word' id='word_1_629' title='bbox 2221 3700 2301 3762; x_wconf 90' lang='lat' dir='ltr'>ad</span> <span class='ocrx_word' id='word_1_630' title='bbox 2342 3706 2576 3761; x_wconf 89' lang='lat' dir='ltr'>certam</span> <span class='ocrx_word' id='word_1_631' title='bbox 2621 3700 2887 3778; x_wconf 90' lang='lat' dir='ltr'>speciem</span> <span class='ocrx_word' id='word_1_632' title='bbox 2930 3699 3200 3758; x_wconf 83' lang='lat' dir='ltr'>virtutis.</span> <span class='ocrx_word' id='word_1_633' title='bbox 3254 3698 3390 3757; x_wconf 91' lang='lat' dir='ltr'>Non</span> <span class='ocrx_word' id='word_1_634' title='bbox 3440 3702 3535 3756; x_wconf 68' lang='lat' dir='ltr'>oet</span> <span class='ocrx_word' id='word_1_635' title='bbox 3580 3699 3748 3755; x_wconf 86' lang='lat' dir='ltr'>autem</span> 
     </span>
     <span class='ocr_line' id='line_1_93' title="bbox 2222 3787 3750 3872; baseline -0.006 -17"><span class='ocrx_word' id='word_1_636' title='bbox 2222 3811 2434 3855; x_wconf 87' lang='lat' dir='ltr'>sensus</span> <span class='ocrx_word' id='word_1_637' title='bbox 2459 3792 2625 3872; x_wconf 90' lang='lat' dir='ltr'>quod</span> <span class='ocrx_word' id='word_1_638' title='bbox 2645 3791 2745 3854; x_wconf 84' lang='lat' dir='ltr'>lex</span> <span class='ocrx_word' id='word_1_639' title='bbox 2767 3792 3044 3852; x_wconf 89' lang='lat' dir='ltr'>humana</span> <span class='ocrx_word' id='word_1_640' title='bbox 3063 3790 3376 3871; x_wconf 79' lang='lat' dir='ltr'>praecipiat</span> <span class='ocrx_word' id='word_1_641' title='bbox 3398 3789 3573 3849; x_wconf 81' lang='lat' dir='ltr'>illam</span> <span class='ocrx_word' id='word_1_642' title='bbox 3593 3787 3750 3847; x_wconf 83' lang='lat' dir='ltr'>virtu-</span> 
     </span>
     <span class='ocr_line' id='line_1_94' title="bbox 2221 3881 3748 3964; baseline -0.005 -20"><span class='ocrx_word' id='word_1_643' title='bbox 2221 3886 2300 3945; x_wconf 91' lang='lat' dir='ltr'>tis</span> <span class='ocrx_word' id='word_1_644' title='bbox 2332 3886 2598 3964; x_wconf 87' lang='lat' dir='ltr'>speeiem</span> <span class='ocrx_word' id='word_1_645' title='bbox 2626 3902 2756 3945; x_wconf 90' lang='lat' dir='ltr'>esse</span> <span class='ocrx_word' id='word_1_646' title='bbox 2794 3901 2906 3963; x_wconf 90' lang='lat' dir='ltr'>per</span> <span class='ocrx_word' id='word_1_647' title='bbox 2932 3903 2996 3944; x_wconf 89' lang='lat' dir='ltr'>se</span> <span class='ocrx_word' id='word_1_648' title='bbox 3029 3884 3334 3944; x_wconf 87' lang='lat' dir='ltr'>intentam</span> <span class='ocrx_word' id='word_1_649' title='bbox 3357 3881 3438 3943; x_wconf 90' lang='lat' dir='ltr'>ab</span> <span class='ocrx_word' id='word_1_650' title='bbox 3473 3883 3748 3961; x_wconf 82' lang='lat' dir='ltr'>operante,</span> 
     </span>
     <span class='ocr_line' id='line_1_95' title="bbox 2221 3970 3752 4055; baseline -0.003 -18"><span class='ocrx_word' id='word_1_651' title='bbox 2221 3981 2331 4037; x_wconf 89' lang='lat' dir='ltr'>aut</span> <span class='ocrx_word' id='word_1_652' title='bbox 2368 3976 2532 4055; x_wconf 86' lang='lat' dir='ltr'>quod</span> <span class='ocrx_word' id='word_1_653' title='bbox 2574 3994 2728 4055; x_wconf 90' lang='lat' dir='ltr'>pure</span> <span class='ocrx_word' id='word_1_654' title='bbox 2765 3975 2875 4035; x_wconf 89' lang='lat' dir='ltr'>fiat</span> <span class='ocrx_word' id='word_1_655' title='bbox 2920 3976 3053 4036; x_wconf 89' lang='lat' dir='ltr'>sine</span> <span class='ocrx_word' id='word_1_656' title='bbox 3108 3975 3494 4036; x_wconf 88' lang='lat' dir='ltr'>admixtione</span> <span class='ocrx_word' id='word_1_657' title='bbox 3539 3970 3752 4049; x_wconf 79' lang='lat' dir='ltr'>alicujus</span> 
     </span>
     <span class='ocr_line' id='line_1_96' title="bbox 2221 4067 3858 4146; baseline -0.005 -17"><span class='ocrx_word' id='word_1_658' title='bbox 2221 4067 2476 4129; x_wconf 60' lang='lat' dir='ltr'>malitiae</span> <span class='ocrx_word' id='word_1_659' title='bbox 2505 4084 2523 4128; x_wconf 74' lang='grc' dir='ltr'>ι</span> <span class='ocrx_word' id='word_1_660' title='bbox 2547 4067 2654 4129; x_wconf 89' lang='lat' dir='ltr'>sed</span> <span class='ocrx_word' id='word_1_661' title='bbox 2682 4085 2895 4128; x_wconf 92' lang='lat' dir='ltr'>sensus</span> <span class='ocrx_word' id='word_1_662' title='bbox 2917 4072 3009 4128; x_wconf 87' lang='lat' dir='ltr'>est</span> <span class='ocrx_word' id='word_1_663' title='bbox 3025 4067 3228 4146; x_wconf 91' lang='lat' dir='ltr'>legem</span> <span class='ocrx_word' id='word_1_664' title='bbox 3246 4067 3612 4139; x_wconf 90' lang='lat' dir='ltr'>humanam,</span> <span class='ocrx_word' id='word_1_665' title='bbox 3634 4079 3755 4142; x_wconf 79' lang='lat' dir='ltr'>prae-</span> <span class='ocrx_word' id='word_1_666' title='bbox 3857 4100 3858 4103; x_wconf 56' lang='lat'><em>=</em></span> 
     </span>
     <span class='ocr_line' id='line_1_97' title="bbox 2222 4157 3755 4241; baseline -0.005 -19"><span class='ocrx_word' id='word_1_667' title='bbox 2222 4160 2528 4241; x_wconf 89' lang='lat' dir='ltr'>cipiendo,</span> <span class='ocrx_word' id='word_1_668' title='bbox 2575 4179 2703 4221; x_wconf 91' lang='lat' dir='ltr'>non</span> <span class='ocrx_word' id='word_1_669' title='bbox 2749 4160 3068 4239; x_wconf 91' lang='lat' dir='ltr'>imponere</span> <span class='ocrx_word' id='word_1_670' title='bbox 3104 4159 3308 4220; x_wconf 92' lang='lat' dir='ltr'>solum</span> <span class='ocrx_word' id='word_1_671' title='bbox 3346 4157 3755 4236; x_wconf 89' lang='lat' dir='ltr'>obligationem</span> 
     </span>
     <span class='ocr_line' id='line_1_98' title="bbox 2221 4252 3755 4332; baseline -0.003 -18"><span class='ocrx_word' id='word_1_672' title='bbox 2221 4253 2607 4328; x_wconf 82' lang='lat' dir='ltr'>obedientiae,</span> <span class='ocrx_word' id='word_1_673' title='bbox 2621 4271 2758 4332; x_wconf 84' lang='lat' dir='ltr'>quae</span> <span class='ocrx_word' id='word_1_674' title='bbox 2771 4253 3075 4331; x_wconf 88' lang='lat' dir='ltr'>generalis</span> <span class='ocrx_word' id='word_1_675' title='bbox 3088 4257 3179 4313; x_wconf 89' lang='lat' dir='ltr'>est</span> <span class='ocrx_word' id='word_1_676' title='bbox 3190 4253 3328 4313; x_wconf 91' lang='lat' dir='ltr'>etin</span> <span class='ocrx_word' id='word_1_677' title='bbox 3339 4252 3519 4311; x_wconf 91' lang='lat' dir='ltr'>omni</span> <span class='ocrx_word' id='word_1_678' title='bbox 3531 4264 3755 4330; x_wconf 83' lang='lat' dir='ltr'>praecep-</span> 
     </span>
     <span class='ocr_line' id='line_1_99' title="bbox 2221 4343 3755 4425; baseline -0.007 -18"><span class='ocrx_word' id='word_1_679' title='bbox 2221 4353 2286 4407; x_wconf 92' lang='lat' dir='ltr'>to</span> <span class='ocrx_word' id='word_1_680' title='bbox 2324 4346 2682 4421; x_wconf 86' lang='lat' dir='ltr'>includitur,</span> <span class='ocrx_word' id='word_1_681' title='bbox 2719 4345 2825 4406; x_wconf 91' lang='lat' dir='ltr'>sed</span> <span class='ocrx_word' id='word_1_682' title='bbox 2857 4345 3045 4406; x_wconf 91' lang='lat' dir='ltr'>etiam</span> <span class='ocrx_word' id='word_1_683' title='bbox 3073 4345 3401 4425; x_wconf 63' lang='lat' dir='ltr'>praecipere</span> <span class='ocrx_word' id='word_1_684' title='bbox 3420 4343 3506 4405; x_wconf 89' lang='lat' dir='ltr'>de</span> <span class='ocrx_word' id='word_1_685' title='bbox 3532 4360 3594 4403; x_wconf 93' lang='lat' dir='ltr'>se</span> <span class='ocrx_word' id='word_1_686' title='bbox 3617 4344 3755 4401; x_wconf 86' lang='lat' dir='ltr'>actus</span> 
     </span>
     <span class='ocr_line' id='line_1_100' title="bbox 2222 4430 3757 4516; baseline -0.002 -19"><span class='ocrx_word' id='word_1_687' title='bbox 2222 4438 2608 4515; x_wconf 90' lang='lat' dir='ltr'>singularum</span> <span class='ocrx_word' id='word_1_688' title='bbox 2637 4438 2966 4513; x_wconf 86' lang='lat' dir='ltr'>virtutum,</span> <span class='ocrx_word' id='word_1_689' title='bbox 2995 4438 3165 4516; x_wconf 88' lang='lat' dir='ltr'>quia,</span> <span class='ocrx_word' id='word_1_690' title='bbox 3201 4443 3273 4497; x_wconf 91' lang='lat' dir='ltr'>ut</span> <span class='ocrx_word' id='word_1_691' title='bbox 3300 4453 3491 4514; x_wconf 87' lang='lat' dir='ltr'>supra</span> <span class='ocrx_word' id='word_1_692' title='bbox 3531 4434 3671 4507; x_wconf 86' lang='lat' dir='ltr'>dixi,</span> <span class='ocrx_word' id='word_1_693' title='bbox 3691 4430 3757 4491; x_wconf 86' lang='lat' dir='ltr'>le·</span> 
     </span>
     <span class='ocr_line' id='line_1_101' title="bbox 2223 4528 3756 4607; baseline -0.003 -18"><span class='ocrx_word' id='word_1_694' title='bbox 2223 4546 2329 4607; x_wconf 91' lang='lat' dir='ltr'>ges</span> <span class='ocrx_word' id='word_1_695' title='bbox 2354 4529 2645 4590; x_wconf 86' lang='lat' dir='ltr'>humanae</span> <span class='ocrx_word' id='word_1_696' title='bbox 2671 4530 3005 4591; x_wconf 90' lang='lat' dir='ltr'>intendunt</span> <span class='ocrx_word' id='word_1_697' title='bbox 3028 4529 3227 4590; x_wconf 81' lang='lat' dir='ltr'>facere</span> <span class='ocrx_word' id='word_1_698' title='bbox 3254 4529 3544 4589; x_wconf 89' lang='lat' dir='ltr'>homines</span> <span class='ocrx_word' id='word_1_699' title='bbox 3574 4528 3756 4586; x_wconf 71' lang='lat' dir='ltr'>hones·</span> 
     </span>
     <span class='ocr_line' id='line_1_102' title="bbox 2224 4618 3756 4700; baseline -0.005 -19"><span class='ocrx_word' id='word_1_700' title='bbox 2224 4626 2319 4681; x_wconf 90' lang='lat' dir='ltr'>tos</span> <span class='ocrx_word' id='word_1_701' title='bbox 2347 4622 2414 4681; x_wconf 91' lang='lat' dir='ltr'>in</span> <span class='ocrx_word' id='word_1_702' title='bbox 2442 4622 2614 4681; x_wconf 92' lang='lat' dir='ltr'>omni</span> <span class='ocrx_word' id='word_1_703' title='bbox 2635 4639 2862 4700; x_wconf 89' lang='lat' dir='ltr'>genere</span> <span class='ocrx_word' id='word_1_704' title='bbox 2880 4622 3148 4696; x_wconf 77' lang='lat' dir='ltr'>virtutis,</span> <span class='ocrx_word' id='word_1_705' title='bbox 3171 4626 3235 4682; x_wconf 88' lang='lat' dir='ltr'>et</span> <span class='ocrx_word' id='word_1_706' title='bbox 3259 4620 3396 4682; x_wconf 90' lang='lat' dir='ltr'>ideo</span> <span class='ocrx_word' id='word_1_707' title='bbox 3418 4618 3756 4699; x_wconf 82' lang='lat' dir='ltr'>praecipiunt</span> 
     </span>
     <span class='ocr_line' id='line_1_103' title="bbox 2223 4713 3753 4794; baseline -0.005 -20"><span class='ocrx_word' id='word_1_708' title='bbox 2223 4714 2559 4775; x_wconf 90' lang='lat' dir='ltr'>secundum</span> <span class='ocrx_word' id='word_1_709' title='bbox 2587 4732 2799 4775; x_wconf 90' lang='lat' dir='ltr'>omnes</span> <span class='ocrx_word' id='word_1_710' title='bbox 2817 4715 3052 4794; x_wconf 86' lang='lat' dir='ltr'>species</span> <span class='ocrx_word' id='word_1_711' title='bbox 3068 4715 3392 4776; x_wconf 83' lang='lat' dir='ltr'>virtutum.</span> <span class='ocrx_word' id='word_1_712' title='bbox 3416 4713 3557 4774; x_wconf 90' lang='lat' dir='ltr'>Non</span> <span class='ocrx_word' id='word_1_713' title='bbox 3581 4717 3753 4771; x_wconf 83' lang='lat' dir='ltr'>tamen</span> 
     </span>
     <span class='ocr_line' id='line_1_104' title="bbox 2224 4800 3756 4887; baseline -0.005 -22"><span class='ocrx_word' id='word_1_714' title='bbox 2224 4805 2369 4866; x_wconf 91' lang='lat' dir='ltr'>inde</span> <span class='ocrx_word' id='word_1_715' title='bbox 2394 4805 2465 4866; x_wconf 88' lang='lat' dir='ltr'>fit</span> <span class='ocrx_word' id='word_1_716' title='bbox 2493 4812 2561 4866; x_wconf 89' lang='lat' dir='ltr'>ut</span> <span class='ocrx_word' id='word_1_717' title='bbox 2578 4807 2679 4867; x_wconf 90' lang='lat' dir='ltr'>lex</span> <span class='ocrx_word' id='word_1_718' title='bbox 2706 4808 2982 4867; x_wconf 90' lang='lat' dir='ltr'>humana</span> <span class='ocrx_word' id='word_1_719' title='bbox 2998 4808 3313 4887; x_wconf 67' lang='lat' dir='ltr'>praecipiat</span> <span class='ocrx_word' id='word_1_720' title='bbox 3331 4811 3545 4867; x_wconf 82' lang='lat' dir='ltr'>actum</span> <span class='ocrx_word' id='word_1_721' title='bbox 3564 4800 3756 4863; x_wconf 85' lang='lat' dir='ltr'>studio·</span> 
     </span>
     <span class='ocr_line' id='line_1_105' title="bbox 2225 4890 3756 4977; baseline -0.002 -19"><span class='ocrx_word' id='word_1_722' title='bbox 2225 4915 2364 4958; x_wconf 89' lang='lat' dir='ltr'>sum</span> <span class='ocrx_word' id='word_1_723' title='bbox 2407 4899 2789 4977; x_wconf 91' lang='lat' dir='ltr'>simpliciter,</span> <span class='ocrx_word' id='word_1_724' title='bbox 2827 4907 2890 4961; x_wconf 89' lang='lat' dir='ltr'>et</span> <span class='ocrx_word' id='word_1_725' title='bbox 2917 4906 2987 4960; x_wconf 93' lang='lat' dir='ltr'>ut</span> <span class='ocrx_word' id='word_1_726' title='bbox 3018 4898 3284 4959; x_wconf 89' lang='lat' dir='ltr'>studiose</span> <span class='ocrx_word' id='word_1_727' title='bbox 3314 4898 3449 4972; x_wconf 87' lang='lat' dir='ltr'>fiat,</span> <span class='ocrx_word' id='word_1_728' title='bbox 3491 4897 3600 4958; x_wconf 89' lang='lat' dir='ltr'>sed</span> <span class='ocrx_word' id='word_1_729' title='bbox 3643 4890 3756 4954; x_wconf 72' lang='lat' dir='ltr'>satis</span> 
     </span>
     <span class='ocr_line' id='line_1_106' title="bbox 2224 4990 3757 5072; baseline -0.001 -20"><span class='ocrx_word' id='word_1_730' title='bbox 2224 4998 2316 5052; x_wconf 90' lang='lat' dir='ltr'>est</span> <span class='ocrx_word' id='word_1_731' title='bbox 2362 4992 2528 5071; x_wconf 88' lang='lat' dir='ltr'>quod</span> <span class='ocrx_word' id='word_1_732' title='bbox 2576 4994 2892 5072; x_wconf 67' lang='lat' dir='ltr'>praecipiat</span> <span class='ocrx_word' id='word_1_733' title='bbox 2924 4993 3267 5053; x_wconf 88' lang='lat' dir='ltr'>studiosum</span> <span class='ocrx_word' id='word_1_734' title='bbox 3310 5009 3385 5053; x_wconf 84' lang='lat' dir='ltr'>ex</span> <span class='ocrx_word' id='word_1_735' title='bbox 3431 5006 3673 5069; x_wconf 88' lang='lat' dir='ltr'>genere,</span> <span class='ocrx_word' id='word_1_736' title='bbox 3711 4990 3757 5044; x_wconf 76' lang='lat' dir='ltr'>et</span> 
     </span>
     <span class='ocr_line' id='line_1_107' title="bbox 2223 5082 3758 5163; baseline -0.001 -19"><span class='ocrx_word' id='word_1_737' title='bbox 2223 5085 2651 5146; x_wconf 89' lang='lat' dir='ltr'>constituendo</span> <span class='ocrx_word' id='word_1_738' title='bbox 2675 5086 2797 5146; x_wconf 93' lang='lat' dir='ltr'>tale</span> <span class='ocrx_word' id='word_1_739' title='bbox 2835 5086 3110 5146; x_wconf 91' lang='lat' dir='ltr'>medium</span> <span class='ocrx_word' id='word_1_740' title='bbox 3138 5086 3206 5145; x_wconf 92' lang='lat' dir='ltr'>in</span> <span class='ocrx_word' id='word_1_741' title='bbox 3232 5084 3344 5146; x_wconf 84' lang='lat' dir='ltr'>tali</span> <span class='ocrx_word' id='word_1_742' title='bbox 3371 5084 3579 5163; x_wconf 91' lang='lat' dir='ltr'>specie</span> <span class='ocrx_word' id='word_1_743' title='bbox 3602 5082 3758 5143; x_wconf 64' lang='lat' dir='ltr'>virtu-</span> 
     </span>
     <span class='ocr_line' id='line_1_108' title="bbox 2223 5167 3759 5256; baseline -0.001 -20"><span class='ocrx_word' id='word_1_744' title='bbox 2223 5177 2325 5252; x_wconf 90' lang='lat' dir='ltr'>tis,</span> <span class='ocrx_word' id='word_1_745' title='bbox 2365 5183 2436 5237; x_wconf 90' lang='lat' dir='ltr'>ut</span> <span class='ocrx_word' id='word_1_746' title='bbox 2463 5184 2634 5256; x_wconf 90' lang='lat' dir='ltr'>patet</span> <span class='ocrx_word' id='word_1_747' title='bbox 2666 5178 2825 5239; x_wconf 89' lang='lat' dir='ltr'>clare</span> <span class='ocrx_word' id='word_1_748' title='bbox 2853 5179 2920 5238; x_wconf 87' lang='lat' dir='ltr'>in</span> <span class='ocrx_word' id='word_1_749' title='bbox 2953 5178 3213 5239; x_wconf 89' lang='lat' dir='ltr'>materia</span> <span class='ocrx_word' id='word_1_750' title='bbox 3244 5178 3541 5256; x_wconf 80' lang='lat' dir='ltr'>justitiae3</span> <span class='ocrx_word' id='word_1_751' title='bbox 3584 5167 3759 5253; x_wconf 79' lang='lat' dir='ltr'>praeci·</span> 
     </span>
     <span class='ocr_line' id='line_1_109' title="bbox 2224 5262 3756 5349; baseline -0.003 -20"><span class='ocrx_word' id='word_1_752' title='bbox 2224 5270 2317 5348; x_wconf 91' lang='lat' dir='ltr'>pit</span> <span class='ocrx_word' id='word_1_753' title='bbox 2343 5272 2512 5330; x_wconf 92' lang='lat' dir='ltr'>enim</span> <span class='ocrx_word' id='word_1_754' title='bbox 2541 5276 2746 5331; x_wconf 89' lang='lat' dir='ltr'>actum</span> <span class='ocrx_word' id='word_1_755' title='bbox 2778 5271 2936 5349; x_wconf 88' lang='lat' dir='ltr'>ejus,</span> <span class='ocrx_word' id='word_1_756' title='bbox 2964 5269 3394 5332; x_wconf 88' lang='lat' dir='ltr'>constituendo</span> <span class='ocrx_word' id='word_1_757' title='bbox 3423 5262 3756 5329; x_wconf 86' lang='lat' dir='ltr'>mediumin</span> 
     </span>
     <span class='ocr_line' id='line_1_110' title="bbox 2223 5359 3757 5442; baseline -0.004 -23"><span class='ocrx_word' id='word_1_758' title='bbox 2223 5362 2482 5421; x_wconf 88' lang='lat' dir='ltr'>materia</span> <span class='ocrx_word' id='word_1_759' title='bbox 2501 5362 2685 5437; x_wconf 83' lang='lat' dir='ltr'>iuius,</span> <span class='ocrx_word' id='word_1_760' title='bbox 2709 5381 2831 5442; x_wconf 86' lang='lat' dir='ltr'>quo</span> <span class='ocrx_word' id='word_1_761' title='bbox 2857 5369 3100 5423; x_wconf 83' lang='lat' dir='ltr'>servato</span> <span class='ocrx_word' id='word_1_762' title='bbox 3123 5381 3250 5423; x_wconf 92' lang='lat' dir='ltr'>non</span> <span class='ocrx_word' id='word_1_763' title='bbox 3268 5365 3561 5440; x_wconf 86' lang='lat' dir='ltr'>peccatur</span> <span class='ocrx_word' id='word_1_764' title='bbox 3577 5359 3757 5417; x_wconf 82' lang='lat' dir='ltr'>contra</span> 
     </span>
     <span class='ocr_line' id='line_1_111' title="bbox 2222 5446 3758 5534; baseline -0.003 -21"><span class='ocrx_word' id='word_1_765' title='bbox 2222 5452 2394 5514; x_wconf 92' lang='lat' dir='ltr'>illam</span> <span class='ocrx_word' id='word_1_766' title='bbox 2426 5455 2652 5534; x_wconf 92' lang='lat' dir='ltr'>legem,</span> <span class='ocrx_word' id='word_1_767' title='bbox 2682 5456 2923 5517; x_wconf 89' lang='lat' dir='ltr'>etiamsi</span> <span class='ocrx_word' id='word_1_768' title='bbox 2946 5474 3024 5516; x_wconf 87' lang='lat' dir='ltr'>ex</span> <span class='ocrx_word' id='word_1_769' title='bbox 3064 5456 3323 5516; x_wconf 85' lang='lat' dir='ltr'>avaritia</span> <span class='ocrx_word' id='word_1_770' title='bbox 3348 5453 3447 5514; x_wconf 83' lang='lat' dir='ltr'>vel</span> <span class='ocrx_word' id='word_1_771' title='bbox 3478 5452 3604 5513; x_wconf 84' lang='lat' dir='ltr'>alio</span> <span class='ocrx_word' id='word_1_772' title='bbox 3634 5446 3758 5509; x_wconf 80' lang='lat' dir='ltr'>vitio</span> 
     </span>
     <span class='ocr_line' id='line_1_112' title="bbox 2222 5547 2686 5626; baseline 0.006 -19"><span class='ocrx_word' id='word_1_773' title='bbox 2222 5547 2360 5624; x_wconf 85' lang='lat' dir='ltr'>quis</span> <span class='ocrx_word' id='word_1_774' title='bbox 2382 5554 2686 5626; x_wconf 89' lang='lat' dir='ltr'>operetur.</span> 
     </span>
    </p>
   </div>
   <div class='ocr_carea' id='block_1_5' title="bbox 3856 3740 3861 4377">
    <p class='ocr_par' dir='ltr' id='par_1_8' title="bbox 3856 3740 3861 4377">
     <span class='ocr_line' id='line_1_113' title="bbox 3856 3740 3861 4377; baseline 0 0"><span class='ocrx_word' id='word_1_775' title='bbox 3856 3740 3861 4377; x_wconf 95' lang='lat' dir='ltr'> </span> 
     </span>
    </p>
   </div>
  </div>
 </body>
</html>
