3976 6219
489 504 768 567 absolute
795 509 857 565 et
884 503 952 565 in
972 521 1060 580 se,
1090 504 1158 565 in
1180 502 1395 565 ordine
1427 504 1507 565 ad
1525 503 1837 582 judicium
1878 522 2051 566 cons-

489 598 751 659 cientiae.
801 596 1189 658 Antecedcns
1237 602 1406 677 patet
1450 615 1528 659 ex
1567 597 1731 659 dicta
1766 597 1810 659 1.
1853 598 2052 660 Pacta

487 707 621 770 quoe
637 694 865 766 contra,
897 707 954 749 c.
986 689 1063 751 de
1081 690 1304 766 Factis,
1332 690 1443 750 ubi
1468 690 1697 751 dicitur
1715 696 1896 770 pacta
1911 708 2052 769 quae

486 787 703 843 contra
727 782 930 861 legem
953 780 1113 844 fiunt
1139 783 1370 845 nullam
1396 784 1520 846 vim
1541 784 1776 859 habere,
1814 784 2053 845 indubi-

488 876 609 938 tati
617 876 794 954 juris
811 876 896 938 sit
922 901 946 936 .·
968 893 1117 936 nam
1144 875 1289 936 licet
1313 875 1423 936 illa
1450 876 1636 938 etiam
1661 878 1739 938 sit
1756 876 1857 938 lex
1876 876 2054 939 Codi-

487 967 593 1042 cis,
629 967 749 1027 fuit
770 967 874 1028 lex
911 968 1213 1029 Antonini
1252 969 1641 1048 imperatoris
1668 970 1865 1031 multo
1892 970 2052 1031 anti-

488 1059 745 1138 quioris,
788 1066 851 1120 ct
883 1060 1086 1121 adhuc
1123 1062 1192 1122 in
1234 1062 1450 1123 eadem
1488 1062 1627 1140 lege
1668 1062 2054 1141 significatur

483 1151 587 1232 jus
612 1151 768 1211 illud
797 1170 929 1214 esse
954 1154 1292 1233 antiquius,
1328 1173 1471 1215 cum
1499 1155 1723 1216 dicitur
1753 1155 2053 1235 explorati

474 1243 652 1323 jmis
670 1263 811 1307 esse.
835 1247 1045 1325 Neque
1068 1247 1192 1307 dici
1212 1253 1413 1326 potest
1428 1248 1632 1327 legem
1646 1249 1723 1315 N
1720 1266 1792 1310 on
1806 1248 2053 1312 dubium

487 1340 735 1398 tantum
771 1337 957 1399 fuisse
997 1338 1430 1401 declarativam
1471 1341 1627 1420 juris
1672 1340 1941 1420 antiqui,
1991 1347 2054 1403 et

488 1446 618 1490 non
654 1431 1115 1493 constitutivam
1141 1432 1290 1493 novi
1312 1433 1493 1512 juris,
1527 1452 1677 1495 nam
1697 1434 2052 1514 oppositum

487 1520 766 1584 indicant
789 1524 988 1585 multa
1023 1524 1212 1587 verba
1256 1526 1530 1605 ejusdem
1568 1527 1744 1606 legis,
1793 1533 1864 1589 ut
1895 1527 2053 1589 illud

492 1616 658 1695 apud
695 1614 1109 1679 Theodosium
1140 1641 1155 1680 :
1204 1620 1344 1684 Hac
1376 1627 1671 1701 perpetua
1697 1623 1822 1702 2090
1850 1623 2055 1687 sanei-

488 1726 665 1781 mus,·
690 1715 753 1770 et
778 1709 971 1773 illud:
1003 1713 1267 1779 Nullum
1297 1719 1542 1792 pactum
1567 1715 1763 1778 videri
1783 1716 2056 1780 colmam

491 1802 865 1867 subsecutum
880 1827 909 1874 ,·
929 1809 992 1867 et
1029 1804 1225 1866 illud:
1265 1805 1637 1872 Generaliter
1661 1807 2057 1887 imperamus,-

489 1892 598 1954 illa
618 1895 790 1956 enim
807 1895 995 1958 verba
1007 1898 1301 1976 volwmus,
1321 1901 1710 1979 imperamus,
1729 1901 2056 1964 manifeste

490 1993 636 2048 sunt
660 1988 980 2050 condentis
999 2008 1233 2052 novum
1246 1991 1372 2070 jus.

573 2082 671 2141 12.
703 2079 797 2141 Ad
836 2082 1106 2145 similem
1131 2084 1542 2163 objectionem
1569 2086 1694 2148 late
1724 2088 2057 2167 respondet

489 2172 807 2251 Mendoza,
844 2178 1159 2256 supposita
1184 2196 1300 2238 sua
1335 2178 1864 2259 interpretatione,
1895 2187 1958 2242 et
1986 2183 2054 2243 in

488 2265 746 2327 Summa
771 2267 920 2328 dicit
945 2286 1022 2330 ex
1052 2270 1117 2331 vi
1143 2271 1308 2349 juris
1351 2272 1717 2353 antiquioris
1747 2273 1938 2335 fuisse
1967 2275 2055 2335 ir-

487 2357 610 2418 rita
635 2358 799 2420 facta
824 2366 1040 2423 contra
1064 2361 1269 2442 legem
1290 2382 1573 2446 expresse
1594 2366 2050 2446 prohibentem,

489 2469 617 2512 non
647 2458 858 2513 tamen
883 2453 1048 2515 facta
1074 2455 1143 2516 in
1178 2456 1460 2519 fraudem
1501 2459 1657 2538 legis
1700 2466 1948 2522 tantum
1992 2467 2055 2523 et

488 2561 618 2605 non
660 2551 874 2607 contra
904 2546 1093 2609 verba
1137 2549 1292 2627 ejus,
1333 2557 1404 2611 ut
1450 2552 1580 2630 ipse
1627 2552 1813 2632 longe
1860 2554 2054 2633 petito

489 2638 794 2718 principio
826 2639 1095 2701 declarat
1118 2657 1135 2701 ε
1161 2641 1364 2721 legem
1388 2651 1598 2705 autem
1640 2648 1712 2712 N
1713 2665 1787 2709 on
1809 2648 2055 2710 dubium

487 2732 792 2794 addidisse
819 2734 1230 2798 irritationem
1257 2744 1510 2799 actuum
1532 2741 1639 2819 qui
1669 2741 1738 2801 in
1769 2741 2054 2803 fraudem

487 2822 643 2902 legis
668 2823 852 2900 fiunt,
885 2833 947 2888 et
975 2828 1066 2888 ita
1091 2846 1207 2889 nec
1231 2848 1360 2891 esse
1390 2831 1764 2909 superfluam
1804 2851 1922 2894 nec
1949 2834 2054 2895 de-

488 2914 848 2978 clarativam
895 2923 1143 2981 tantum
1165 2965 1185 2996 ,
1230 2921 1338 2982 sed
1394 2924 1856 2986 constitutivam
1904 2927 2054 2987 novi

481 3006 662 3085 juris.
703 3010 850 3081 Quae
876 3013 1190 3090 responsio
1217 3013 1545 3077 subsistere
1577 3023 1781 3096 posset
1808 3018 2052 3080 etiamsi

487 3118 617 3161 non
659 3101 928 3165 admissa
971 3105 1164 3185 priori
1205 3107 1737 3188 interpretatione,
1788 3109 2051 3174 dicendo

485 3193 691 3272 legem
705 3197 784 3261 N
778 3215 852 3258 on
874 3198 1121 3262 dubim
1139 3206 1203 3261 et
1218 3219 1544 3264 renovasse
1566 3205 1898 3285 antiquum
1921 3207 2049 3287 jus,

489 3290 552 3346 et
583 3286 734 3347 illud
774 3289 1041 3369 amplius
1080 3292 1444 3371 declarasse,
1477 3301 1540 3357 et
1564 3302 1862 3376 praeterea
1896 3298 2053 3360 illud

487 3379 832 3442 extendisse
865 3381 1027 3444 dicto
1054 3387 1261 3448 modo.
1296 3389 1742 3451 Verumtamen
1769 3391 2055 3452 existimo

485 3475 950 3554 responsionem
974 3478 1150 3541 illam
1180 3488 1400 3544 neutro
1425 3484 1612 3545 modo
1634 3502 1761 3546 esse
1780 3504 2054 3547 necessa-

487 3565 648 3626 riam
658 3582 680 3644 3
709 3586 840 3629 non
867 3571 1037 3632 enim
1059 3591 1311 3652 poenam
1332 3574 1507 3637 illam
1530 3582 1593 3638 et
1616 3577 2049 3655 irritationem,

487 3666 673 3738 prout
699 3660 826 3721 lata
860 3669 954 3723 est
981 3664 1115 3744 ipso
1151 3666 1313 3727 facto
1347 3686 1459 3747 per
1499 3668 1702 3747 legem
1752 3671 1900 3735 Non
1945 3671 2054 3733 dw-

491 3750 653 3812 bium
667 3752 736 3812 in
754 3754 1089 3833 antiquiori
1103 3759 1248 3837 jure
1264 3759 1547 3839 reperiri,
1566 3760 1889 3838 nimirum,
1906 3780 2053 3824 cum

489 3842 598 3903 illo
619 3842 829 3905 addito
861 3863 878 3908 z
921 3849 1005 3912 Ut
1027 3866 1096 3911 ea
1114 3869 1247 3931 quae
1266 3857 1475 3915 contra
1503 3853 1687 3933 loyem
1711 3854 1874 3931 fiunt
1908 3856 2053 3918 inu-

490 3933 634 3996 tilia
660 3942 717 4000 et
736 3954 851 4015 pro
882 3939 1130 4018 infectis
1169 3943 1522 4022 habeantur,
1564 3945 1702 4009 licet
1740 3947 2057 4027 loaislator

365 4071 370 4074 -
479 4028 864 4106 prohibuerit
889 4038 1147 4112 tantum,
1177 4055 1282 4100 noo
1298 4037 1641 4117 specialiter
1663 4040 1892 4103 dixerit
1917 4042 2056 4104 inu-

491 4119 600 4183 tile
633 4140 758 4185 esso
781 4123 978 4189 debore
1008 4129 1165 4207 quod
1187 4132 1423 4207 factm
1466 4137 1574 4198 esc.
1610 4133 1738 4194 Hoc
1764 4133 1934 4196 enim
1961 4142 2057 4198 est

490 4214 813 4293 proprium
854 4217 1348 4285 additamentum
1375 4224 1545 4286 illius
1585 4225 1761 4304 legis,
1804 4234 2056 4308 propter

492 4305 659 4384 quod
706 4310 1130 4391 principaliter
1167 4317 1416 4378 condita
1459 4316 1726 4395 videtur,
1767 4321 1935 4400 quod
1986 4321 2057 4383 in

489 4396 666 4459 nullo
688 4398 826 4478 jure
855 4405 1192 4485 antiquiori
1224 4410 1550 4488 reperitur.
1581 4412 1737 4472 Nam
1777 4412 1943 4492 quod
1964 4420 2057 4475 at-

490 4488 653 4551 tinet
696 4492 776 4552 ad
813 4495 956 4572 jura
994 4499 1407 4578 Digestorum,
1451 4503 1599 4564 licet
1643 4520 1804 4584 saepe
1845 4504 2056 4568 dicant

490 4771 589 4829 tra
623 4768 818 4833 bonos
855 4791 1057 4837 mores
1078 4777 1326 4840 inutilia
1353 4799 1506 4859 esse,
1534 4782 1578 4845 1.
1615 4782 1960 4864 Stipulatio
1985 4786 2055 4848 in

491 4860 599 4924 Ιιοσ
618 4865 810 4940 modo,
826 4864 869 4927 1.
903 4867 1100 4945 Titia,
1136 4871 1355 4933 eodem
1381 4873 1506 4950 tit„
1534 4880 1596 4936 et
1623 4875 1669 4936 l.
1697 4875 1783 4939 Si
1801 4877 1943 4957 quis
1958 4877 2055 4940 in—

490 4953 777 5033 quilinos,
812 4957 1016 5037 §ult.,
1040 4961 1108 5024 ff.
1133 4963 1209 5025 de
1230 4965 1442 5043 Legat.
1449 5011 1470 5041 ,
1504 4969 1534 5027 1
1541 4966 1703 5043 ,2ubi
1731 4968 1919 5028 etiam
1948 4968 2055 5029 ad·

491 5044 664 5107 ditur
681 5048 740 5111 si
767 5053 910 5131 quir
933 5056 1248 5134 scripse-it
1266 5063 1473 5121 contra
1493 5060 1675 5139 legem
1690 5061 1948 5141 aliquid,
1966 5062 2058 5125 vd

492 5144 700 5203 contra
732 5143 988 5209 edictvm
1006 5150 1319 5227 praetoris,
1354 5169 1474 5213 non
1507 5154 1726 5228 valere,
1751 5152 1897 5214 licet
1923 5153 2056 5216 haec

497 5230 797 5311 (inquam)
826 5242 890 5298 et
920 5238 1149 5302 similia
1188 5241 1316 5303 sint
1347 5244 1590 5325 antiqui
1627 5245 1811 5323 juris,
1854 5246 1923 5306 in
1965 5248 2056 5308 eis

493 5327 706 5386 tamen
728 5345 1071 5410 numquam
1094 5335 1439 5415 explicatur
1472 5338 1665 5399 solam
1691 5339 2056 5419 prohibitio-

495 5433 644 5479 nem
667 5417 826 5500 legis
852 5423 1127 5490 sufficere
1154 5427 1235 5490 ad
1266 5430 1643 5493 irritandum
1679 5438 1888 5494 actum
1922 5433 2057 5513 ipso

489 5510 659 5595 jure,
683 5511 870 5582 modo
906 5519 1247 5602 explicato:
1275 5528 1414 5586 tum
1458 5524 1607 5607 quia
1651 5542 1796 5588 cum
1839 5524 2059 5587 dicunt

1395 400 1512 457 Lm.
1549 402 1610 458 V.
1643 401 1725 456 DE
1756 398 2120 456 namus
2149 398 2359 454 mem!
2390 398 2798 453 nummum.

2130 517 2259 563 esse
2295 499 2546 562 inutilia
2581 499 2680 561 vel
2713 517 2840 560 non
2886 496 3115 576 valere,
3152 499 3421 581 intelligi
3449 509 3717 583 poaeunt

2129 594 2330 656 solum
2344 594 2411 654 in
2426 592 2645 654 ordine
2661 591 2743 652 ad
2764 590 3012 653 civilem
3025 591 3492 672 obligationem,
3508 596 3613 658 vel
3626 596 3713 657 ad

2132 688 2405 749 dandam
2443 686 2754 748 actionem
2795 684 3044 746 civilem
3070 701 3093 762 3
3138 690 3276 747 tum
3318 688 3511 750 etiam
3553 690 3716 770 quia

2130 783 2241 844 illa
2276 784 2427 861 jura
2461 798 2706 860 semper
2734 779 3077 860 loquuntur
3115 779 3194 841 de
3229 781 3467 844 actibus
3505 784 3716 846 inclu-

2134 876 2423 938 dentibus
2457 872 2936 954 turpitudinem,
2974 876 3047 933 ut
3072 878 3218 933 sunt
3251 872 3345 934 illi
3376 874 3486 954 qui
3510 877 3717 957 respi-

2131 971 2309 1032 ciunt
2334 967 2779 1047 obligationem
2799 966 2869 1027 in
2895 965 3201 1043 futurum,
3233 973 3297 1029 et
3324 967 3607 1047 obligant
3624 971 3713 1033 ad

2131 1062 2369 1143 aliquid
2391 1061 2705 1140 agendum
2747 1058 2915 1139 quod
2954 1059 3036 1120 sit
3059 1064 3246 1139 turpe
3272 1060 3373 1122 vel
3397 1060 3535 1141 lege
3559 1082 3711 1144 pro-

2129 1156 2437 1234 hibitum3
2461 1153 2602 1216 talis
2630 1153 2800 1215 enim
2819 1152 3021 1232 pactio
3041 1152 3231 1215 etiam
3253 1172 3329 1216 ex
3349 1161 3575 1218 natura
3609 1158 3709 1219 rei

2130 1249 2308 1312 irrita
2335 1255 2448 1324 est,
2473 1265 2601 1309 non
2624 1246 2691 1307 in
2709 1262 2982 1325 poenam,
3003 1245 3111 1307 sed
3127 1246 3274 1326 quia
3289 1248 3551 1310 materia
3568 1250 3711 1330 ipsa

2133 1348 2228 1405 est
2243 1343 2509 1422 incapax
2533 1339 2673 1401 talis
2697 1337 3109 1417 obligationis.
3138 1340 3315 1413 Quod
3342 1347 3513 1421 patet
3538 1361 3618 1404 ex
3655 1343 3702 1405 1.

2145 1436 2364 1512 Veluti,
2391 1452 2529 1513 quse
2551 1430 2953 1511 subjungitur
2971 1436 3109 1511 post
3127 1431 3359 1494 dictam
3368 1433 3416 1496 l.
3443 1434 3713 1501 Genera-

2132 1527 2299 1605 liter,
2353 1526 2421 1589 ff.
2474 1526 2552 1588 de
2597 1523 2858 1586 Verbor.
2911 1523 3165 1603 obligat.
3175 1570 3197 1601 ,
3234 1525 3345 1586 ubi
3380 1534 3710 1607 ponuntur

2134 1620 2418 1701 exempla
2443 1618 2644 1699 turpis
2681 1616 2849 1699 pacti
2887 1631 2906 1677 ε
2946 1617 3144 1683 Veluti
3182 1619 3242 1682 si
3281 1619 3420 1700 quis
3454 1621 3710 1684 homici-

2135 1715 2304 1778 dium
2323 1714 2416 1777 vol
2458 1712 2846 1791 saon-iterim
2872 1727 2934 1773 so
2968 1711 3425 1775 commissurum
3446 1714 3709 1792 promit-

2135 1812 2249 1871 tat.
2282 1808 2358 1867 Et
2385 1804 2615 1867 similia
2638 1810 2786 1865 sunt
2807 1810 2989 1884 pacta
3014 1809 3233 1865 contra
3248 1804 3444 1866 bonos
3471 1822 3703 1884 mores,

2134 1902 2212 1964 de
2231 1898 2458 1980 quibus
2485 1898 2623 1959 aliae
2644 1897 2813 1977 leges
2841 1897 3204 1977 loquuntur.

2217 1994 2315 2055 13.
2361 1991 2832 2055 promissionem
2875 1995 3086 2053 contra
3129 1991 3304 2054 bonos
3327 2008 3523 2054 mores
3559 1991 3707 2054 nuz-

2135 2088 2261 2151 lam
2294 2084 2737 2151 me.—Solum
2768 2088 3010 2163 oportet
3025 2083 3344 2146 advertere
3370 2083 3704 2164 aliquando

2134 2198 2264 2241 esse
2305 2195 2482 2259 pooee
2521 2176 2990 2257 promissionem
3037 2182 3255 2237 contra
3279 2176 3475 2238 bonos
3501 2195 3706 2239 mores

2134 2272 2468 2347 naturales,
2500 2275 2564 2332 et
2594 2275 2747 2331 tunc
2791 2268 3048 2330 omnino
3083 2268 3323 2330 nullam
3369 2287 3538 2344 esse3
3584 2269 3705 2331 ali-

2133 2366 2381 2446 quando
2419 2381 2568 2426 vero
2611 2367 2825 2424 contra
2850 2360 3059 2423 civiles
3103 2366 3349 2422 tantum
3376 2378 3605 2439 mores,
3643 2367 3707 2424 et

2133 2463 2282 2519 tunc
2296 2457 2443 2517 satis
2465 2474 2594 2518 esse
2612 2455 2779 2536 quod
2794 2454 2874 2515 sit
2890 2454 3060 2515 nulla
3079 2454 3344 2516 civiliter
3354 2470 3376 2533 3
3400 2472 3545 2516 cum
3563 2473 3705 2535 pro-

2133 2550 2416 2631 portione
2443 2549 2616 2611 enim
2640 2546 3116 2626 intelligendum
3144 2554 3259 2607 est.
3294 2548 3372 2607 Et
3395 2547 3482 2608 sic
3512 2547 3705 2609 etiam

2135 2644 2203 2704 in
2231 2642 2393 2704 dicto
2421 2642 2458 2722 ξ
2481 2641 2595 2702 ult.
2627 2635 2817 2719 (quod
2858 2638 2935 2700 de
2957 2640 3333 2700 testamentis
3360 2644 3425 2700 et
3474 2639 3708 2717 legatis

2131 2738 2375 2813 tractat)
2397 2741 2548 2795 tunc
2568 2733 2797 2794 dicitur
2816 2731 3051 2812 aliquid
3071 2749 3196 2793 esse
3221 2731 3526 2810 scriptum
3551 2749 3708 2792 con-

2132 2835 2232 2890 tra
2269 2829 2498 2909 legem,
2530 2827 2781 2908 quando
2811 2832 3065 2889 testator
3099 2826 3273 2907 jubet
3298 2825 3535 2905 aliquid
3564 2824 3704 2887 fieri

2134 2927 2351 2983 contra
2387 2919 2615 3000 legem,
2665 2920 2830 3000 quod
2877 2918 3245 2983 mandatum
3289 2918 3524 2979 nullius
3566 2936 3701 2980 mo-

2134 3014 2332 3076 menti
2362 3020 2475 3077 est.
2509 3016 2584 3076 Et
2613 3013 2703 3074 ita
2748 3014 2814 3074 in
2855 3013 2953 3074 his
2996 3012 3242 3091 juribus
3279 3030 3410 3073 non
3436 3010 3701 3073 habetur

2131 3107 2397 3170 irritatio
2422 3106 2706 3187 poenalis,
2724 3105 2832 3169 sed
2867 3106 3047 3187 quasi
3073 3105 3410 3168 intrinseca
3435 3111 3498 3167 ct
3516 3113 3702 3166 natu-

2133 3201 2282 3264 ralis
2309 3201 2672 3281 explicatur.
2717 3202 2795 3262 Et
2825 3201 3043 3263 eodem
3088 3200 3275 3262 modo
3301 3199 3582 3279 intelligo
3611 3198 3702 3260 le-

2134 3310 2277 3373 gem
2307 3294 2505 3356 Pacta
2526 3312 2659 3374 quoe
2680 3300 2911 3370 contra,
2959 3313 3014 3355 c.
3059 3291 3138 3355 de
3184 3293 3409 3369 Pactis,
3461 3293 3530 3353 in
3576 3309 3702 3371 qua

2135 3385 2273 3447 ideo
2300 3385 2416 3447 hoc
2444 3385 2673 3448 dicitur
2690 3404 2819 3448 esse
2846 3384 3181 3447 indubitati
3204 3384 3388 3464 juris,
3427 3384 3577 3464 quia
3609 3390 3702 3445 est

2134 3479 2333 3558 magis
2360 3478 2644 3540 naturale
2690 3497 2882 3558 quam
2918 3478 3274 3560 positivum,
3304 3485 3368 3539 et
3397 3477 3544 3556 quia
3570 3495 3700 3538 non

2133 3577 2228 3633 est
2252 3571 2521 3652 poenalc,
2551 3572 2658 3633 sed
2692 3572 3096 3634 intrinsecum
3142 3569 3332 3631 actui.
3363 3571 3441 3630 Et
3480 3569 3570 3630 ita
3610 3568 3702 3629 vi-

2135 3662 2361 3724 dentur
2388 3664 2615 3743 exponi
2642 3663 2871 3726 similia
2894 3666 3038 3746 jura
3072 3663 3140 3725 in
3176 3682 3231 3725 c.
3254 3662 3368 3724 ult.
3395 3662 3585 3723 Extra
3622 3661 3700 3722 de

2131 3761 2321 3836 pact„
2347 3756 2458 3816 ubi
2484 3755 2681 3818 Gloss.
2715 3757 2838 3820 late
2883 3757 2949 3818 id
2989 3756 3283 3831 declarat,
3313 3761 3378 3816 et
3402 3759 3568 3816 recte
3593 3753 3701 3815 ad-

2132 3849 2594 3928 vertitpactum
2633 3854 2815 3930 turpe
2863 3849 2989 3911 dici
3034 3849 3137 3911 vel
3184 3848 3333 3928 quia
3377 3852 3471 3910 est
3509 3846 3587 3907 de
3629 3863 3698 3908 re

2131 3940 2303 4021 turpi
2334 3941 2538 4021 quoad
2574 3941 2810 4004 factum
2848 3943 3057 4024 ipsum
3085 3940 3387 4018 absolute,
3423 3939 3523 4001 vel
3549 3938 3696 4020 quia

2134 4040 2228 4098 est
2271 4035 2346 4097 de
2384 4053 2454 4096 re
2485 4053 2675 4115 quam
2706 4055 2836 4098 non
2883 4035 3060 4098 decet
3099 4052 3219 4096 nec
3267 4033 3516 4113 expedit
3560 4031 3695 4093 fleri

2133 4145 2212 4191 ex
2232 4133 2436 4208 pacto,
2457 4128 2559 4190 vel
2578 4128 2977 4210 obligatione,
3008 4133 3081 4190 ut
3097 4127 3266 4190 datio
3291 4126 3385 4188 rei
3413 4125 3698 4206 spiritua-

2132 4220 2231 4297 lis,
2266 4226 2329 4283 et
2353 4221 2609 4298 similes,
2638 4221 2715 4284 de
2755 4220 2983 4302 quibus
3010 4221 3137 4283 late
3167 4219 3438 4281 diximus
3464 4219 3532 4280 in
3564 4218 3609 4281 1.
3655 4219 3697 4279 2

2135 4314 2213 4375 de
2238 4314 2478 4376 Juram.
2509 4314 2779 4376 Irritatio
2800 4332 2950 4394 ergo
2973 4313 3237 4395 poenalis
3256 4314 3387 4393 ipso
3413 4311 3580 4373 facto
3603 4311 3699 4372 in-

2134 4406 2318 4468 ducta
2344 4425 2455 4486 per
2478 4407 2681 4486 legem
2702 4413 2951 4470 tantum
2978 4407 3409 4487 prohibentem
3436 4423 3565 4466 non
3605 4411 3697 4467 est

2133 4499 2374 4580 antiqui
2396 4501 2576 4580 juris,
2605 4500 2713 4562 sed
2746 4518 2858 4581 per
2891 4500 3096 4579 legem
3132 4501 3282 4565 Non
3321 4499 3566 4562 dubium
3592 4498 3696 4558 in-

2133 4592 2319 4654 ducta
2343 4598 2459 4671 est,
2492 4611 2632 4673 quae
2654 4593 2860 4673 quoad
2893 4593 3014 4654 hoc
3029 4597 3093 4653 et
3116 4610 3280 4653 nova
3312 4597 3376 4653 et
3400 4591 3696 4652 constitu-

2027 4724 2054 4737 ·
2134 4686 2287 4762 tiva,
2336 4691 2401 4747 et
2445 4704 2572 4747 non
2616 4690 2866 4747 tantum
2911 4684 3290 4748 declarativa
3326 4683 3467 4745 fuit.
3497 4685 3575 4746 Et
3614 4683 3695 4744 ad

2132 4780 2250 4841 hoc
2274 4778 2772 4842 confirmandum
2799 4777 3005 4840 valere
3042 4783 3299 4858 possunt
3325 4777 3492 4838 dicta
3510 4777 3694 4857 juris-

2134 4872 2557 4934 consultorum
2583 4889 2721 4951 quae
2762 4871 2887 4933 late
2928 4869 3117 4933 refert
3141 4869 3441 4933 Mendoza
3470 4888 3689 4950 supr-⁸3

2136 4964 2471 5027 censebant
2495 4965 2664 5027 enim
2688 4963 2893 5044 legem
2922 4962 3378 5044 imperfectam,
3407 4981 3547 5043 quae
3584 4962 3695 5023 ali-

2136 5057 2286 5138 quid
2331 5057 2468 5119 fieri
2494 5056 2765 5133 vetabat,
2786 5062 2847 5118 et
2871 5056 3106 5118 factum
3130 5074 3260 5117 non
3286 5053 3689 5130 rescindebat,

2134 5150 2234 5212 vel
2276 5150 2399 5211 alia
2441 5169 2627 5230 poena
2669 5149 2990 5230 puniebat.
3020 5150 3188 5228 Ergo
3224 5148 3478 5228 signum
3504 5153 3599 5209 est
3618 5164 3696 5209 ex

2134 5244 2197 5305 vi
2212 5244 2369 5323 juris
2395 5243 2636 5324 antiqui
2675 5243 2871 5305 solam
2916 5241 3403 5323 prohibitionem
3442 5259 3571 5301 non
3600 5239 3696 5301 in-

2135 5337 2377 5398 duxisse
2408 5353 2659 5417 poenam
2679 5335 3068 5412 irritationis,
3098 5335 3219 5397 nisi
3246 5334 3422 5396 illam
3453 5352 3700 5415 expres-

2135 5431 2350 5507 sisset3
2394 5429 2513 5491 fuit
2545 5428 2736 5508 igitur
2763 5429 2881 5491 hoc
2912 5446 3148 5491 novum
3168 5428 3294 5507 jus.

2164 5541 2177 5548 ⁴
2215 5526 2317 5588 14.
2366 5523 2582 5590 Por-tia
2632 5522 3199 5605 offatim—Tunc
3235 5539 3383 5586 vero
3431 5519 3700 5584 occurrit
