3976 6219
497 394 617 455 524

496 518 669 563 mare
685 499 845 579 illas,
870 508 932 562 et
953 503 1176 568 addere
1199 508 1653 575 solemnitatem
1686 515 1874 577 etiam
1905 513 2058 575 alte-

495 612 566 653 ro
585 601 908 671 renuente,
935 597 1188 660 alterius
1215 608 1307 664 est
1333 606 1858 668 considerationis.
1887 606 2057 668 Idem

498 703 716 746 censeo
746 688 822 748 de
856 689 1257 754 electionibus
1304 715 1432 758 non
1472 699 1592 759 rite
1639 700 1815 760 factis
1860 717 2058 778 quan-

495 778 727 838 tumvis
746 780 974 843 electus
998 784 1223 862 dignus
1250 787 1351 864 sit,
1376 809 1491 852 nec
1519 797 1668 872 puto
1695 809 1871 871 posse
1893 790 2057 851 bona

496 871 869 934 conscientia
916 877 1183 941 retinere
1233 899 1460 943 munus
1494 884 1594 945 vel
1632 883 2054 963 praebendam,

494 962 617 1023 nisi
640 963 911 1027 defectus
928 968 1137 1049 aliquo
1155 975 1340 1035 modo
1357 977 1732 1056 suppleatur.
1751 978 1846 1038 Sic
1870 977 2060 1038 etiam

495 1060 938 1120 testamentum
987 1064 1195 1125 minus
1225 1067 1500 1130 solemne
1534 1088 1783 1149 prorsus
1813 1070 2060 1130 irritum

496 1154 588 1209 est
610 1169 625 1209 :
653 1167 736 1210 an
756 1170 901 1213 vero
926 1154 1212 1218 voluntas
1233 1162 1543 1222 testatoris
1569 1162 1851 1223 irritetur
1872 1161 2061 1223 etiam

496 1258 609 1319 per
660 1241 847 1321 legeS,
878 1245 1129 1309 alterius
1178 1253 1685 1316 considerationis
1730 1259 1844 1316 est.
1878 1253 2060 1315 Deni-

498 1352 619 1412 que
672 1338 835 1415 quod
877 1340 953 1400 de
998 1342 1373 1420 professione
1406 1347 1699 1426 religiosa
1742 1346 2060 1408 dicebatur

496 1426 901 1506 improbabile
928 1435 1184 1496 omnino
1211 1445 1302 1499 est
1333 1459 1348 1498 ε
1382 1458 1529 1500 nam
1533 1485 1554 1515 ,
1588 1441 1641 1500 si
1667 1440 1938 1501 defectus
1963 1456 2059 1499 so-

496 1518 833 1584 lemnitatis
855 1525 1271 1591 substantialis
1300 1541 1514 1594 contra
1541 1533 1706 1611 leges
1746 1532 2059 1594 ecclesias-

495 1611 650 1674 ticas
667 1614 1063 1696 interveniat,
1088 1623 1293 1685 valida
1313 1643 1442 1686 non
1470 1626 1609 1702 erit,
1636 1625 1878 1688 etiamsi
1900 1625 2062 1705 opti·

497 1723 603 1766 ma
616 1706 736 1769 fide
752 1715 814 1770 et
831 1728 974 1771 cum
996 1716 1284 1777 omnibus
1303 1718 1778 1780 circumstantiis
1788 1719 1932 1797 jure
1952 1735 2062 1778 na-

496 1799 683 1859 turali
700 1801 1144 1869 sufficientibus
1164 1809 1328 1871 facta
1343 1811 1555 1888 fuerit,
1576 1817 1648 1873 ut
1660 1816 1871 1892 aperte
1889 1829 2059 1872 nunc

497 1898 739 1954 constat
783 1914 861 1958 ex
911 1899 1181 1963 Concilio
1229 1905 1615 1967 Tridentino.
1680 1907 1890 1984 Neque
1928 1905 2061 1983 jam

498 1982 662 2045 ullus
688 1987 805 2049 hoc
830 1998 1039 2069 negat.
1077 1996 1205 2056 Imo
1233 2014 1351 2057 nec
1379 1997 1543 2058 Glos.
1575 1997 1676 2058 vel
1715 1996 2057 2057 Panormit.

498 2076 566 2137 in
595 2079 743 2141 dict.
779 2101 911 2162 cap.
945 2087 1299 2152 Porrectum
1333 2091 1677 2170 loquuntur
1704 2090 1780 2151 de
1818 2088 2063 2151 defectu

497 2172 713 2233 formae
735 2175 1177 2255 substantialis,
1206 2183 1312 2243 sed
1340 2183 1736 2246 accidentalis
1770 2182 2061 2244 solemni-

496 2265 664 2341 tatis,
694 2273 766 2326 ut
797 2267 1030 2347 legenti
1057 2275 1376 2338 constabit.

1043 2457 1292 2521 CAPUT
1330 2460 1514 2521 XXV.

497 2660 701 2707 unum
728 2660 904 2705 OMNIS
934 2659 1049 2706 LEX
1076 2661 1395 2709 PROmBENs
1423 2663 1572 2708 rm
1600 2663 1675 2709 Ac
1703 2663 2066 2710 sturnorum

578 2753 778 2798 Anum
821 2754 898 2798 Eo
942 2754 1063 2800 lrso
1098 2755 1337 2802 mmmm
1376 2757 1572 2815 mtm,
1607 2757 1711 2802 ITA
1761 2757 1837 2802 ΠΤ
1887 2757 2064 2803 OMNIS

580 2845 763 2891 AGTUS
831 2846 1050 2892 umus
1111 2847 1339 2894 CONTRA
1394 2849 1592 2895 LEGEM
1652 2849 2065 2896 PROHIBENTEM

581 2939 795 2985 NULLUS
836 2938 945 2984 SIT.

587 3115 614 3171 1
629 3155 645 3171 .
691 3108 1092 3171 Distinximus
1117 3108 1186 3170 in
1218 3109 1635 3189 superioribus
1671 3109 1824 3172 duos
1850 3109 2066 3172 modos

501 3203 715 3283 legum
737 3204 1153 3280 irritantium3
1188 3204 1472 3284 quasdam
1496 3205 1666 3266 enim
1698 3206 1948 3266 irritant
1973 3207 2066 3266 di-

500 3303 668 3358 recte
696 3297 1102 3376 prohibendo,
1125 3297 1261 3357 aliae
1280 3297 1690 3377 praecipiendo
1719 3316 1825 3359 seu
1862 3299 2066 3359 dando

504 3396 737 3452 certam
786 3390 1050 3451 formam
1103 3389 1268 3450 actui
1293 3412 1311 3463 3
1357 3389 1424 3450 in
1461 3391 1740 3470 utrisque
1785 3408 1932 3469 ergo
1960 3410 2068 3453 ne-

503 3483 837 3545 cessarium
885 3488 976 3543 est
1021 3500 1328 3560 exponere
1386 3482 1635 3561 quando
1689 3482 1788 3542 vel
1844 3484 2070 3563 quibus

505 3576 709 3637 verbis
729 3576 793 3635 id
815 3576 1068 3637 faciant.
1099 3577 1168 3635 In
1196 3575 1482 3653 praesenti
1513 3581 1723 3637 autem
1762 3576 1962 3637 solum
1995 3577 2073 3638 de

506 3668 978 3750 prohibentibus
1005 3668 1247 3746 agimus
1262 3683 1283 3743 3
1333 3667 1400 3727 in
1448 3666 1534 3728 eis
1580 3669 1749 3728 enim
1795 3668 2075 3748 specialis

507 3769 598 3824 ωε
623 3760 956 3822 difficultas
991 3777 1131 3839 quae
1174 3759 1481 3838 praecipue
1509 3760 1707 3820 oritur
1732 3779 1808 3822 ex
1834 3761 1879 3822 l.
1927 3762 2076 3828 Non

507 3856 773 3928 dubium,
795 3871 929 3932 cap.
955 3852 1032 3912 de
1059 3850 1345 3929 Legibus,
1371 3851 1479 3911 ubi
1516 3852 1852 3931 imperator
1874 3852 2073 3914 decla-

504 3955 604 4009 rat
632 3963 848 4009 omnes
869 3948 1221 4006 contractus
1248 3951 1308 4004 et
1331 3949 1501 4004 actus
1528 3943 1758 4007 similes
1778 3946 1886 4024 qui
1913 3945 2075 4005 fiunt

507 4048 722 4105 contra
746 4041 952 4118 legem
979 4036 1409 4117 prohibentem
1433 4055 1561 4098 esse
1585 4037 1912 4114 invalidos,
1933 4038 2075 4099 inu-

506 4136 666 4212 tiles,
710 4140 770 4194 et
801 4150 913 4212 pro
942 4130 1185 4192 infectis
1212 4129 1426 4191 haberi
1441 4145 1462 4207 3
1512 4135 1574 4191 et
1602 4129 1923 4209 subjungit
1954 4131 2073 4190 hoc

508 4227 840 4309 procedere
872 4224 1116 4287 etiamsi
1144 4222 1246 4284 lex
1277 4241 1407 4283 non
1434 4223 1601 4284 dicat
1638 4231 1709 4285 ut
1749 4230 1918 4285 actus
1945 4243 2074 4285 non

509 4324 735 4397 valeat,
756 4319 865 4381 sed
886 4317 1089 4380 solum
1131 4321 1203 4376 ut
1232 4334 1361 4377 non
1387 4314 1517 4377 fiat.
1548 4316 1793 4378 Dicetur
1820 4316 2073 4378 fortasse

509 4417 674 4477 hanc
703 4415 907 4492 legem
943 4427 1073 4472 esse
1117 4407 1386 4479 civilem,
1432 4413 1495 4469 et
1535 4424 1663 4469 non
1690 4408 1963 4487 obligare
2008 4409 2078 4471 in

512 4505 909 4572 conscientia.
942 4503 1061 4565 Sed
1089 4506 1305 4564 contra
1348 4502 1467 4562 hoc
1512 4506 1625 4561 est.
1668 4501 1899 4577 Primo,
1931 4503 2079 4582 quia

512 4603 704 4666 etiam
723 4599 827 4660 lex
855 4595 1052 4658 civilis
1071 4594 1305 4673 obligat
1331 4593 1399 4654 in
1427 4592 1797 4654 conscientia
1807 4610 1827 4671 3
1854 4593 2080 4656 deinde

512 4692 841 4758 efficaciter
882 4694 1174 4768 operatur
1202 4686 1368 4766 quod
1409 4685 1699 4761 intendit,
1742 4693 1803 4748 et
1830 4704 1907 4749 ex
1944 4688 2080 4766 ipso

514 4789 737 4851 effectu
762 4780 1124 4845 irritationis
1152 4781 1427 4860 sequitur
1452 4798 1530 4842 ex
1553 4786 1780 4842 natura
1816 4781 1905 4842 rei
1929 4781 2083 4841 obli-

513 4880 681 4961 gatio
726 4877 793 4937 in
838 4872 1233 4947 conscientia,
1277 4877 1348 4933 ut
1376 4872 1752 4953 explicatum
1779 4878 1890 4936 est.
1924 4875 2083 4934 Proe-

511 4980 682 5035 terea
712 4970 813 5030 lex
841 4966 949 5027 illa
971 4964 1330 5027 canonizata
1352 4971 1446 5027 est
1472 4984 1581 5045 per
1611 4967 1867 5045 Gregor.
1900 4968 2076 5046 Pap„

515 5066 628 5128 lib.
660 5066 722 5140 7,
747 5062 815 5123 in
842 5060 990 5121 dict.
1015 5061 1075 5135 2,
1106 5058 1297 5138 Epist.
1325 5060 1386 5134 7,
1402 5058 1667 5119 habetur
1693 5059 1760 5119 in
1788 5077 1923 5138 cap.
1950 5061 2081 5121 Im-

511 5156 760 5240 periali,
790 5154 892 5231 25,
925 5157 1137 5232 quaest.
1169 5153 1232 5228 2,
1259 5157 1322 5213 et
1344 5152 1673 5214 concordat
1692 5151 1907 5231 regula
1921 5152 2081 5231 juris

517 5248 800 5315 canonici
817 5249 921 5323 64,
956 5246 1024 5308 in
1047 5249 1121 5310 6:
1148 5246 1293 5321 Quoe
1309 5247 1638 5326 contrusus
1666 5247 1850 5324 fiunt,
1881 5248 2083 5311 debent

514 5365 627 5427 pro
655 5341 904 5420 insectis
939 5340 1169 5403 haberi.
1200 5340 1346 5414 Quas
1381 5347 1628 5419 sumpta
1651 5340 1897 5402 videtur
1932 5358 2010 5403 ex
2034 5340 2077 5403 l.

524 5441 723 5504 Pacta
758 5451 890 5515 quoe
925 5437 1155 5509 contra,
1186 5450 1243 5493 c.
1285 5432 1362 5493 de
1403 5434 1622 5494 Paetis.
1656 5434 1956 5510 Secundo,
1988 5452 2086 5494 ar-

521 5531 741 5611 guitur
766 5526 1126 5589 inductione
1152 5542 1170 5589 :
1207 5543 1357 5587 nam
1383 5526 1690 5608 imprimis
1709 5525 1812 5588 lex
1838 5530 2087 5595 natura-

1395 409 1509 462 LIB.
1546 412 1606 463 V.
1643 412 1724 464 DE
1755 410 2113 464 VARIETATE
2143 410 2354 464 mmm
2384 409 2793 463 HUMANARUM.

2136 513 2214 574 lis
2242 513 2626 593 prohibendo
2674 517 2883 574 actum
2914 512 3063 573 facit
3103 512 3281 574 illum
3324 514 3599 589 irritum,
3631 520 3704 575 ut

2137 623 2323 685 supra
2348 606 2551 666 visum
2571 611 2681 667 est.
2715 606 2947 666 Deinde
2973 604 3142 683 leges
3170 606 3453 667 Ecclesiae
3491 607 3701 685 prohi-

2134 700 2350 761 bentes
2378 700 2778 761 matrimonia
2801 700 2965 761 inter
3009 700 3519 777 consanguineos»,
3566 700 3704 760 irri-

2135 796 2273 852 tant
2324 792 2456 866 illa,
2510 792 2790 871 quamvis
2836 810 2964 852 non
3024 791 3295 852 habeant
3349 792 3471 852 alia
3514 792 3703 853 verba

2135 890 2359 964 praeter
2386 884 2731 963 simplicem
2753 883 3260 962 prohibitionem.
3289 884 3458 943 Idem
3493 884 3702 945 videre

2135 976 2345 1038 licebit
2371 976 2439 1037 in
2467 976 2738 1055 antiquis
2766 976 3025 1037 decretis
3059 974 3530 1056 prohibentibus
3571 994 3701 1037 ma-

2137 1070 2434 1132 trimonia
2504 1069 2939 1148 religiosorum
3002 1087 3196 1148 usque
3261 1069 3339 1130 ad
3408 1070 3700 1129 Innocen-

2138 1164 2302 1225 tium
2328 1165 2403 1238 II,
2456 1180 2596 1242 quae
2644 1181 2772 1223 non
2816 1162 3131 1223 habebant
3175 1160 3367 1221 verba
3393 1161 3700 1222 irritantia

2138 1262 2363 1338 praeter
2399 1255 2741 1337 simplicem
2786 1255 3291 1336 prohibitionem.
3327 1256 3556 1330 Tertio,
3602 1274 3701 1315 ar-

2138 1354 2584 1430 gumentamur
2610 1350 2873 1425 ratione,
2904 1349 3052 1427 quia
3081 1347 3367 1409 voluntas
3390 1347 3701 1408 inferioris

2139 1462 2267 1505 non
2294 1448 2496 1523 potest
2521 1460 2652 1504 esse
2689 1442 2905 1504 efficax
2931 1446 3147 1502 contra
3192 1440 3576 1501 voluntatem
3602 1458 3703 1499 su-

2138 1537 2430 1616 perioris3
2463 1534 2570 1597 sed
2610 1534 2858 1615 quando
2889 1534 2991 1595 lex
3029 1532 3389 1613 simpliciter
3420 1532 3704 1612 prohibet

2139 1635 2370 1705 actum,
2400 1627 2627 1689 resistit
2674 1627 2768 1688 illi
2812 1626 3098 1688 voluntas
3129 1625 3504 1705 superioris;
3555 1643 3702 1704 ergo

2139 1740 2268 1784 non
2295 1727 2497 1802 potest
2529 1740 2659 1784 esse
2706 1722 2948 1782 efficax.
2983 1722 3061 1782 Et
3094 1720 3240 1781 facit
3271 1739 3328 1781 c.
3374 1720 3699 1793 Venientes,

2139 1816 2217 1878 de
2256 1816 2546 1895 Jur.jur.,
2578 1815 2688 1875 ubi
2741 1814 2970 1876 dicitur
2995 1830 3125 1875 non
3167 1831 3343 1893 posse
3384 1812 3702 1891 juramen-

2138 1915 2274 1970 tum
2306 1908 2616 1970 inferioris
2641 1908 2916 1986 obligare
2944 1911 3159 1967 contra
3184 1905 3565 1967 voluntatem
3593 1923 3703 1965 seu

2141 2002 2459 2065 decretum
2481 2001 2835 2081 superioris·
2865 1999 3035 2061 Idem
3057 1998 3370 2077 colligitur
3395 2015 3472 2058 ex
3499 2016 3631 2076 cap.
3663 1998 3702 2056 2

2141 2096 2218 2157 de
2247 2095 2548 2156 Testibus.
2580 2095 2753 2168 Quod
2798 2094 3138 2173 praesertim
3163 2108 3384 2152 verum
3409 2091 3595 2151 habet
3634 2091 3703 2151 in

2140 2188 2577 2263 contractibus,
2608 2192 2671 2248 et
2698 2187 3005 2247 similibus
3031 2184 3377 2247 actionibus
3402 2202 3536 2263 quae
3566 2185 3703 2244 sine

2140 2281 2517 2343 adminiculo
2546 2281 2708 2360 juris
2751 2280 2971 2341 validae
3012 2296 3140 2340 non
3185 2283 3332 2339 sunt
3346 2294 3366 2355 ;
3409 2295 3556 2338 nam
3601 2277 3704 2357 jus

2141 2394 2270 2437 non
2299 2383 2664 2454 cooperatur
2691 2373 2787 2434 his
2815 2372 3053 2434 actibus
3085 2372 3195 2451 qui
3237 2376 3457 2431 contra
3502 2371 3703 2449 legem

2142 2469 2326 2530 fiunt.
2379 2467 2656 2529 Tandem
2702 2485 2780 2528 ex
2819 2466 3057 2528 actione
3099 2464 3530 2543 peccaminosa
3577 2481 3702 2523 non

2142 2567 2341 2642 potest
2376 2560 2600 2639 aliquis
2629 2558 2919 2638 consequi
2961 2557 3254 2630 finctum,
3285 2573 3486 2634 neque
3529 2555 3705 2615 effec-

2143 2660 2281 2715 tum
2296 2670 2316 2731 3
2348 2652 2454 2714 sed
2477 2653 2575 2712 hae
2601 2651 2873 2711 actiones
2903 2649 3243 2729 prohibitas,
3274 2648 3327 2706 si
3345 2646 3524 2716 fiant,
3559 2652 3709 2706 sunt

2145 2746 2360 2825 gravia
2408 2749 2695 2825 peccata3
2735 2759 2884 2821 ergo
2921 2760 2993 2804 eo
3036 2742 3164 2821 ipso
3204 2745 3351 2800 sunt
3389 2740 3583 2801 etiam
3626 2738 3711 2799 ir-

2141 2839 2300 2901 ritae.

2224 2932 2287 2992 2.
2346 2930 2558 3008 Leqom
2613 2927 2973 3006 simpliciter
3026 2923 3430 3004 prohibentem
3480 2927 3703 2996 actum,

2147 3023 2284 3086 licet
2301 3022 2395 3083 nil
2413 3021 2589 3084 aliud
2602 3021 2808 3093 addat,
2833 3019 3089 3080 irritare
3113 3017 3274 3078 illud
3292 3016 3545 3078 seruiunt
3560 3015 3696 3092 plu·

2142 3136 2261 3180 res.
2290 3149 2373 3162 —
2390 3118 2645 3194 Propter
2675 3114 2828 3189 haec,
2874 3112 3183 3173 sententia
3217 3109 3485 3189 plurium
3511 3109 3705 3186 juris-

2145 3209 2486 3290 peritorum
2526 3213 2617 3268 est
2645 3206 2850 3285 legem
2888 3203 3248 3283 simpliciter
3280 3201 3707 3281 prohibentem

2145 3308 2377 3376 actum,
2422 3298 2663 3361 etiamsi
2703 3297 2863 3357 nihil
2892 3296 3064 3357 aliud
3099 3294 3308 3370 addat,
3351 3295 3594 3355 irritare
3635 3293 3709 3353 il-

2148 3395 2306 3455 lum.
2338 3394 2428 3454 Ita
2460 3393 2647 3453 sentit
2670 3393 2837 3451 Bart.
2862 3390 2933 3450 in
2959 3390 3023 3450 d.
3054 3388 3099 3449 l.
3135 3388 3281 3453 Non
3307 3388 3576 3460 dubium,
3600 3385 3708 3475 ubi

2149 3491 2336 3552 Jason
2359 3488 2566 3567 plures
2593 3486 2744 3547 alios
2771 3485 2997 3561 refert3
3018 3483 3187 3545 idem
3208 3484 3375 3542 Bart.
3398 3480 3529 3542 inl.
3559 3480 3712 3543 Cum

2154 3584 2271 3658 leat,
2315 3582 2383 3643 ff.
2424 3579 2502 3641 de
2537 3576 3047 3657 FidejussoribuS,
3078 3594 3147 3635 n.
3180 3576 3220 3634 4
3252 3581 3314 3634 et
3343 3575 3383 3634 6
3396 3589 3416 3650 3
3450 3572 3613 3634 Glos.
3649 3575 3707 3648 1,

2153 3676 2221 3736 in
2249 3693 2382 3753 cap.
2415 3674 2581 3735 Licet
2614 3689 2823 3745 canon,
2863 3669 2940 3730 de
2973 3668 3189 3743 Elect.,
3219 3668 3286 3726 in
3313 3667 3392 3740 6;
3427 3667 3713 3726 Panorm.

2154 3785 2295 3828 cum
2337 3764 2475 3826 aliis
2516 3764 2584 3824 in
2630 3781 2765 3841 cap.
2812 3760 3024 3836 Nulli,
3064 3759 3142 3820 de
3183 3758 3387 3819 Rebus
3432 3757 3719 3818 Ecclesiae

2153 3878 2280 3921 non
2294 3855 2604 3919 alienand.
2632 3855 2801 3915 Idem
2816 3853 2881 3913 in
2907 3870 3040 3930 cap.
3061 3850 3165 3913 Ad
3184 3849 3616 3929 Apostolioam,
3639 3849 3717 3909 de

2154 3950 2472 4030 Regular.,
2516 3968 2581 4009 n.
2628 3948 2737 4021 103
2783 3944 2989 4023 Tiraq.
3028 3942 3299 4004 referens
3326 3941 3529 4022 plures
3553 3941 3621 4000 in
3661 3941 3707 4002 1.

2152 4045 2266 4106 ult.
2301 4040 2801 4113 Connubialium,
2827 4037 2990 4098 Glos,
3023 4038 3086 4111 4,
3123 4053 3191 4094 n.
3228 4036 3267 4095 5
3310 4040 3371 4095 et
3409 4035 3484 4109 63
3537 4038 3601 4094 et
3644 4033 3715 4093 in

2152 4139 2312 4199 hanc
2344 4133 2716 4197 sententiam
2741 4128 3044 4190 inclinare
3080 4126 3376 4187 videntur
3404 4126 3618 4187 Covar.
3649 4126 3718 4184 in

2153 4252 2204 4294 c.
2238 4229 2524 4305 Quamvis
2539 4229 2808 4306 pactum,
2837 4226 2996 4301 part.
3028 4221 3091 4296 2,
3114 4218 3232 4299 §4,
3260 4236 3327 4278 n.
3359 4220 3399 4279 6
3422 4239 3440 4293 ;
3461 4219 3716 4296 Gregor.

2154 4326 2331 4402 Lop.,
2358 4322 2424 4382 in
2452 4320 2498 4380 l.
2532 4319 2634 4393 28,
2666 4322 2714 4377 t.
2752 4318 2851 4390 11,
2879 4318 3037 4393 part.
3079 4313 3139 4387 5,
3172 4329 3238 4372 n.
3272 4313 3333 4386 7,
3365 4309 3474 4370 ubi
3503 4309 3721 4371 eodem

2157 4416 2342 4479 modo
2385 4410 2680 4488 intelligit
2723 4408 2898 4470 illam
2940 4405 3167 4485 legem.
3216 4405 3292 4464 Et
3322 4402 3475 4463 alios
3515 4403 3583 4464 in
3627 4420 3727 4464 se-

2157 4507 2490 4592 quentibus
2518 4504 2877 4565 referemus.

2239 4606 2300 4665 3.
2347 4601 2475 4667 Um·
2523 4596 2812 4676 difficilis
2841 4590 3143 4672 proediota
3186 4588 3480 4652 sortientia
3524 4586 3729 4648 indis-

2161 4700 2342 4764 tincte
2366 4697 2629 4771 sumpta.
2654 4720 2737 4736 —
2759 4688 2903 4747 Haec
2929 4681 3236 4745 sententia
3253 4681 3342 4741 ita
3367 4678 3730 4739 indistincte

2160 4796 2408 4872 sumpta
2424 4784 2689 4848 difficilis
2716 4786 2839 4842 est:
2865 4795 3014 4840 nam
3040 4776 3100 4837 ei
3127 4774 3329 4836 obstat
3355 4772 3525 4834 aliud
3551 4771 3731 4851 prin-

2163 4886 2394 4965 cipium
2434 4881 2582 4942 satis
2625 4879 2943 4953 receptum
2984 4870 3052 4930 in
3090 4869 3229 4948 jure
3262 4886 3277 4926 ε
3330 4865 3537 4928 Multa
3578 4863 3733 4940 fieri

2153 4978 2570 5061 prohibentor,
2601 4987 2732 5051 quoe
2760 4972 2958 5030 tamon
2981 4964 3154 5040 sacta
3185 4963 3401 5033 tonent,
3440 4975 3577 5035 cap.
3624 4955 3740 5016 Aa

2159 5068 2591 5152 Apostolicam,
2626 5062 2702 5122 de
2734 5056 3054 5136 Regular.,
3084 5051 3251 5133 quod
3278 5049 3492 5111 multis
3518 5065 3738 5110 exem-

2160 5165 2278 5247 plis
2316 5159 2495 5223 facile
2534 5150 2891 5218 confirmari
2932 5152 3152 5230 potest.
3206 5146 3364 5206 Nam
3408 5141 3739 5202 matrimo-

2163 5258 2342 5320 nium
2379 5248 2742 5333 prohibetur
2766 5241 3023 5305 habenti
3057 5246 3273 5300 votum
3300 5234 3559 5313 simplex
3598 5250 3741 5293 cas·

2163 5349 2380 5423 titatis,
2405 5350 2469 5407 et
2496 5350 2709 5405 tamen
2727 5336 3006 5399 validum
3033 5338 3145 5409 est,
3172 5348 3305 5410 cap.
3329 5329 3592 5401 Rursus,
3610 5324 3744 5397 Qui

2167 5442 2372 5504 clerici
2401 5437 2502 5500 vel
2530 5437 2848 5506 voventeS,
2879 5447 3014 5508 cap.
3066 5426 3240 5491 Unio.
3268 5423 3347 5483 de
3365 5422 3543 5494 Voto,
3567 5419 3634 5479 in
3667 5419 3737 5480 6.

2167 5537 2321 5602 Item
2342 5531 2451 5617 qui
2466 5529 2654 5596 habet
2678 5531 2897 5590 votum
2922 5515 3313 5604 ingrediendi
3330 5514 3609 5577 strictam
3633 5529 3747 5579 re-
