3976 6219
436 377 558 437 216

519 483 578 544 3.
604 478 881 544 Secunda
906 478 1199 542 sententia
1211 478 1410 542 dicens
1440 480 1623 560 legem
1643 479 1877 543 civilem
1905 499 2001 543 so-

438 573 564 636 lum
580 590 752 651 posse
777 571 938 648 ferri
966 571 1033 633 iu
1056 572 1310 633 materia
1322 572 1704 650 justilioe.-
1719 572 2001 634 Secunda

437 665 744 726 sententia
761 664 977 724 referri
1006 669 1226 743 potest,
1251 682 1413 741 quae,
1443 664 1588 724 licet
1610 663 1877 725 fateatur
1897 667 2001 744 jus

438 757 615 819 civile
638 757 838 817 solum
865 757 1098 817 versari
1125 756 1191 816 in
1220 757 1481 817 materia
1522 757 1803 832 honesta,
1835 757 2001 818 limi·

436 857 529 912 tat
563 857 776 913 tamen
813 850 985 910 illam
1033 850 1112 910 ad
1149 851 1474 910 materiam
1506 850 1786 928 justitiae,
1823 851 2004 911 dicit-

439 963 561 1025 que
592 945 795 1022 legem
827 942 1071 1003 civilem
1111 942 1311 1003 solum
1338 960 1512 1021 posse
1540 942 1687 1003 ferri
1714 944 1781 1002 in
1809 949 2004 1004 mate-

437 1039 532 1099 ria
560 1038 819 1116 justitiae
845 1036 1259 1117 praecipiendo
1283 1036 1472 1114 justa,
1518 1042 1578 1096 et
1618 1036 2002 1114 prohibendo

440 1150 510 1192 ac
554 1131 870 1210 puniendo
904 1130 1189 1208 injurias,
1219 1147 1346 1189 non
1365 1129 1671 1208 pertinere
1691 1135 1896 1190 autem
1922 1129 2002 1190 ad

438 1224 644 1300 illam,
689 1223 786 1284 vel
830 1223 908 1283 ad
952 1227 1316 1302 potestatem
1359 1220 1605 1283 civilem
1643 1222 1718 1282 de
1765 1222 2003 1282 actibus

438 1317 703 1379 aliarum
735 1317 1038 1376 virtutum
1079 1315 1410 1376 moralium
1447 1315 1791 1395 disponere.
1839 1316 2006 1376 Solet

439 1411 570 1473 haec·
599 1409 904 1471 sententia
926 1408 1115 1469 tribui
1137 1409 1458 1469 Francisco
1486 1410 1684 1470 Sarm.
1716 1413 1897 1469 tract.
1928 1407 2006 1468 de

440 1504 643 1566 Redit.
675 1502 1006 1565 ecclesiast.
1033 1521 1095 1581 p.
1128 1505 1189 1579 4,
1223 1520 1357 1581 cap.
1392 1504 1451 1563 5.
1488 1502 1605 1564 Sed
1631 1502 1721 1562 ibi
1751 1520 1878 1562 non
1910 1519 2008 1560 so-

441 1596 576 1657 lum
605 1596 681 1657 de
706 1597 842 1675 lege
871 1595 1036 1657 civili
1063 1595 1362 1675 loquitur,
1407 1596 1746 1657 sedetiam
1789 1595 1865 1656 de
1911 1613 2010 1656 ca-

442 1691 668 1751 nonica
694 1707 710 1751 ε
735 1691 864 1750 imo
893 1689 968 1750 de
986 1688 1103 1749 hac
1119 1689 1450 1767 praecipue,
1475 1689 1622 1768 quia
1639 1689 1852 1750 omnia
1871 1706 2012 1767 quae

444 1782 699 1844 adducit
737 1784 804 1843 in
857 1782 967 1844 illa
1010 1782 1399 1861 potissimum
1428 1782 1632 1842 locum
1663 1781 1918 1856 habent,
1944 1785 2007 1841 et

444 1876 588 1937 ideo
615 1877 778 1938 infra
807 1877 1124 1938 tractando
1153 1876 1228 1936 de
1257 1875 1394 1954 lege
1427 1876 1726 1937 canonica
1756 1875 1850 1934 illi
1884 1893 2008 1935 res-

445 1971 877 2050 pondebimuS.
927 1972 1102 2031 Nunc
1143 1969 1489 2049 specialiter
1542 1970 1618 2030 de
1662 1969 1830 2029 civili
1865 1969 2009 2047 jure

446 2063 512 2123 id
549 2064 794 2125 suaderi
837 2069 1036 2144 potest
1060 2081 1139 2124 ex
1178 2061 1355 2124 dictis
1385 2081 1516 2143 cap.
1555 2062 1814 2142 praeced.
1853 2064 2010 2123 Nam

450 2155 593 2216 finis
622 2158 936 2236 potestatis
967 2157 1165 2217 civilis
1193 2163 1285 2218 est
1310 2175 1431 2235 pax
1467 2162 1530 2217 et
1568 2155 1826 2216 felicitas
1854 2160 2012 2217 tem-

449 2249 676 2329 poralis
709 2249 1063 2330 reipublicae
1108 2250 1442 2311 humanae:
1483 2267 1631 2328 ergo
1664 2250 1861 2310 solum
1899 2267 2008 2328 po-

422 2346 570 2404 test
595 2328 760 2422 leges
794 2343 955 2404 serre
998 2344 1077 2404 ad
1114 2362 1328 2424 pacem
1358 2343 1519 2405 banc
1560 2349 1621 2404 et
1649 2342 2010 2404 felicitatem

451 2437 931 2498 conservandam
938 2454 958 2514 3
975 2438 1080 2498 sed
1102 2437 1463 2517 hujusmodi
1479 2444 1571 2499 est
1598 2436 1859 2498 materia
1880 2438 2014 2514 jus-

450 2530 605 2589 titiae
643 2536 705 2590 et
737 2548 866 2590 non
912 2531 1178 2591 aliarum
1209 2534 1516 2593 virtutum
1526 2547 1546 2608 3
1588 2548 1734 2608 ergo
1767 2535 2014 2590 tantum

451 2624 519 2684 in
548 2623 657 2682 illa
686 2623 944 2683 materia
972 2630 1173 2702 potest
1210 2623 1376 2703 leges
1415 2624 1597 2686 ferre.
1626 2623 1828 2684 Minor
1852 2620 2016 2682 sumi

455 2721 656 2796 potest
691 2733 769 2776 ex
794 2716 953 2793 Aug.
981 2716 1092 2777 lib.
1125 2719 1164 2776 2
1199 2717 1274 2778 de
1302 2718 1458 2793 Civ.,
1490 2735 1624 2796 cap.
1656 2718 1759 2789 21,
1784 2714 1891 2775 ubi
1937 2732 2012 2774 ex

455 2810 731 2870 Ciceron.
771 2811 962 2870 refert
1015 2812 1389 2873 concordiam
1438 2828 1558 2872 esse
1604 2809 2017 2871 arctissimum

458 2908 634 2982 atque
654 2905 943 2982 optimum
969 2905 1038 2966 in
1065 2905 1225 2966 omui
1257 2905 1559 2983 republica
1584 2904 1886 2965 vinculum
1913 2904 2016 2965 iu-

458 2997 850 3072 columitatis,
895 3015 1132 3078 eamque
1171 2999 1299 3060 siue
1328 2998 1589 3076 justitia
1639 2996 1802 3057 nullo
1840 3001 2016 3075 pacto

460 3108 581 3153 esse
609 3109 809 3171 posse,
839 3089 1193 3168 significans
1232 3108 1370 3152 cum
1424 3090 1530 3151 illa
1562 3107 1691 3151 esse
1719 3107 1916 3170 posse,
1956 3094 2020 3150 et

456 3184 629 3246 illam
667 3185 860 3245 solam
902 3184 1178 3246 sufficere
1228 3184 1306 3244 ad
1355 3184 1535 3244 illum
1583 3183 1796 3246 finem.
1846 3182 2020 3256 Quod

458 3278 646 3338 etiam
674 3277 985 3356 colligitur
1015 3296 1092 3338 ex
1144 3277 1503 3339 definitione
1547 3276 1783 3356 populi,
1831 3293 2021 3355 quam

459 3389 537 3431 ex
565 3370 782 3431 eodem
814 3372 1020 3445 refert,
1054 3371 1306 3444 scilicet,
1350 3371 1635 3449 populum
1663 3388 1784 3432 esse
1810 3374 2021 3432 coetum

443 3463 622 3542 juris
663 3480 964 3532 consensu,
994 3468 1048 3524 et
1070 3462 1367 3524 utilitatis
1394 3462 1792 3523 communione
1829 3460 2021 3522 socia-

460 3561 632 3617 tum:
658 3572 807 3614 nam
841 3554 958 3615 hoc
986 3559 1184 3615 totum
1211 3553 1464 3614 habebit
1485 3553 1746 3633 populus
1768 3554 1818 3613 si
1842 3553 2020 3631 justi-

459 3647 548 3707 tia
570 3647 735 3707 inter
759 3647 920 3707 cives
947 3653 1224 3708 servetur
1252 3667 1265 3706 τ
1295 3664 1444 3723 ergo
1470 3646 1578 3706 illa
1605 3645 1734 3705 sola
1760 3652 1852 3706 est
1877 3662 2018 3723 pro·

460 3739 599 3818 pria
639 3739 898 3799 materia
932 3739 1086 3817 legis
1127 3738 1346 3799 civiliS.
1389 3740 1519 3799 Hoc
1568 3738 1720 3799 item
1773 3738 2020 3798 videtur

461 3833 715 3894 suadere
765 3852 912 3895 usus
960 3833 1172 3913 legum
1221 3833 1498 3894 'civilium
1527 3855 1542 3893 :
1575 3851 1817 3912 semper
1849 3832 2019 3893 enim

461 3931 784 3987 versantur
810 3926 877 3987 in
907 3927 1168 3987 materia
1198 3926 1474 4006 justitiae,
1508 3931 1569 3987 et
1598 3926 1674 3987 de
1706 3926 1844 3986 aliis
1889 3943 2020 3986 non

460 4019 796 4098 disponunt
839 4020 958 4081 nisi
994 4021 1062 4080 in
1094 4018 1311 4082 ordine
1337 4020 1417 4081 ad
1461 4020 1813 4099 aequitatem
1856 4018 2022 4080 inter

461 4113 625 4173 cives
678 4112 1046 4173 servandam
1065 4161 1083 4187 ,
1146 4118 1208 4174 et
1256 4119 1327 4173 ut
1371 4113 1716 4174 occasiones
1760 4112 1822 4172 in
1825 4112 2020 4190 ¹iuria-

459 4222 601 4268 rum
631 4205 960 4265 evitentur.
993 4205 1376 4284 Argumento
1408 4204 1455 4265 l.
1486 4206 1628 4268 Hac
1655 4206 1800 4284 leae,
1832 4204 1897 4265 C.
1942 4202 2020 4264 de

460 4304 619 4378 pact.
652 4304 935 4359 convent.
967 4298 1093 4358 ibi:
1131 4299 1417 4373 Quamvis
1440 4298 1594 4360 euim
1623 4297 1834 4359 bonum
1861 4301 2015 4370 erat,

460 4392 792 4468 mulierem,
820 4410 950 4472 quce
997 4392 1257 4470 seipsam
1291 4392 1514 4452 marito
1544 4390 1881 4461 committit,
1922 4407 2022 4451 res

462 4486 644 4548 etiam
670 4486 928 4564 ejusdem
957 4486 1105 4564 pari
1144 4484 1403 4546 arbitrio
1443 4483 1771 4561 culeo-nari
1799 4507 1822 4541 .·
1852 4486 2020 4543 atta-

459 4597 593 4640 men
633 4579 914 4659 quoniam
963 4578 1293 4641 conditores
1322 4576 1519 4656 legum
1546 4575 1855 4655 aequitatis
1887 4591 2021 4636 con-

459 4672 624 4735 venit
648 4689 770 4735 esse
789 4674 1084 4749 fautores,
1111 4671 1274 4732 nullo
1298 4671 1463 4731 modo
1491 4670 1782 4744 volumus,
1815 4672 1934 4728 etc.

540 4766 603 4825 4.
652 4762 982 4826 Conclusio.
997 4764 1298 4841 —Leyem
1318 4762 1548 4824 civilem
1576 4764 1768 4824 solum
1786 4759 2022 4822 versari

460 4859 530 4920 in
561 4858 818 4920 materia
841 4857 1105 4931 honesta,
1135 4857 1227 4917 vel
1245 4855 1643 4935 praecipiendo
1691 4856 2018 4929 honestum,

459 4953 551 5014 vel
565 4951 928 5031 prohibendo
946 4950 1305 5025 malum,vel
1338 4949 1497 5011 illud
1517 4967 1635 5010 non
1667 4949 2021 5027 praecipien-

461 5049 555 5109 do.
581 5078 663 5091 —
680 5046 864 5107 Ratio
888 5062 928 5105 a
944 5044 1253 5123 priori.—
1271 5042 1445 5102 Prior
1470 5059 1547 5102 ex
1574 5040 1673 5101 his
1699 5040 2022 5102 sententiis

460 5139 717 5199 omnino
744 5137 897 5197 falsa
925 5142 988 5198 et
1021 5154 1280 5198 erronea
1317 5140 1451 5197 est:
1484 5133 1652 5196 unde
1693 5133 2022 5194 dicendum

460 5232 663 5311 primo
701 5236 793 5291 est
823 5230 988 5308 leges
1015 5230 1223 5292 civiles
1248 5229 1450 5290 solum
1478 5246 1650 5308 posse
1696 5227 1926 5288 versari
1952 5226 2022 5286 in

460 5324 724 5386 materia
747 5322 1005 5383 honesta
1031 5341 1172 5384 cum
1209 5321 1628 5403 proportione,
1656 5320 1721 5380 id
1767 5325 1880 5396 est,
1924 5318 2023 5381 vel

461 5415 875 5498 praecipiendo
903 5413 1254 5491 honestum,
1286 5416 1383 5476 vel
1428 5413 1809 5494 prohibendo
1857 5412 2022 5492 quod

460 5508 698 5570 malum
731 5514 847 5584 est,
875 5506 975 5568 vel
1001 5506 1220 5569 saltem
1246 5508 1398 5568 illud
1424 5525 1552 5568 non
1572 5506 2017 5587 praecipiendo:

1440 383 1556 435 LlB.
1592 384 1675 436 111.
1712 384 1791 435 DE
1823 383 1984 437 LEGE
2017 384 2277 438 HUMANA
2307 385 2388 440 ΕΤ
2423 385 2625 440 cmm.

2078 481 2297 563 loquor
2345 488 2553 544 autem
2599 483 2675 543 de
2723 486 3025 563 potestate
3057 483 3238 562 juriS,
3269 503 3399 547 non
3444 485 3638 546 facti:

2080 593 2228 636 nam
2256 594 2366 655 per
2397 594 2668 636 errorem
2696 594 2856 654 saepe
2884 576 3282 654 magistratus
3305 578 3504 638 civilis
3533 596 3647 658 po-

2080 675 2200 730 test
2231 670 2564 749 praecipere
2582 670 2820 749 aliquid
2847 670 3173 748 injustum,
3190 671 3287 732 vel
3314 672 3641 733 illicitum:

2075 763 2216 841 jure
2263 769 2473 823 tamen
2505 780 2632 822 non
2669 766 2866 841 potest
2900 784 2913 822 :
2950 781 3062 823 nec
3099 763 3222 824 tale
3264 770 3642 844 praeceptum

2082 856 2306 933 poterit
2331 866 2558 915 veram·
2576 856 2881 915 rationem
2910 854 3064 933 legis
3089 855 3341 932 habere,
3370 859 3516 935 quia
3539 858 3644 919 lex

2082 947 2314 1026 injusta
2334 949 2432 1008 vel
2471 947 2670 1027 turpis
2719 967 2846 1008 non
2882 954 2974 1009 est
3024 948 3148 1024 lex,
3198 957 3267 1010 ut
3311 969 3495 1028 supra
3521 949 3568 1010 1.
3609 954 3635 1011 1

2084 1040 2315 1100 dictum
2345 1046 2438 1101 est
2481 1059 2625 1101 cum
2660 1040 2941 1120 August„
2989 1041 3033 1101 l.
3076 1046 3101 1102 1
3141 1043 3216 1103 de
3248 1042 3441 1103 libero
3465 1043 3645 1103 Arbi-

2085 1133 2228 1207 trio,
2260 1152 2393 1213 cap.
2428 1136 2485 1194 5.
2519 1135 2680 1195 Vera
2719 1152 2866 1212 ergo
2910 1134 3011 1194 lex
3054 1135 3246 1195 civilis
3273 1154 3402 1195 nou
3444 1141 3645 1214 potest

2084 1244 2210 1286 esse
2239 1226 2315 1286 de
2341 1226 2507 1305 turpi
2536 1248 2549 1285 :
2585 1227 2740 1286 ratio
2770 1245 2808 1286 a
2847 1227 3038 1304 priori
3065 1234 3176 1304 cst,
3208 1229 3354 1306 quia
3390 1228 3491 1288 lex
3536 1247 3646 1289 na-

2086 1319 2300 1380 turalis
2326 1319 2611 1398 prohibet
2632 1318 2930 1398 quidquid
2956 1324 3047 1380 est
3068 1326 3282 1400 turpe:
3311 1320 3408 1381 lex
3438 1326 3644 1382 autem

2088 1412 2280 1472 civilis
2316 1431 2443 1473 non
2488 1417 2686 1491 potest
2731 1412 2932 1490 legem
2978 1413 3329 1475 naturalem
3377 1414 3644 1489 auferre,

2089 1524 2202 1567 nec
2234 1506 2422 1566 homo
2468 1511 2669 1584 potest
2712 1505 2895 1565 simul
2931 1505 3194 1584 obligari
3234 1505 3475 1584 legibus
3503 1525 3650 1567 con-

2088 1598 2295 1659 trariis
2323 1616 2339 1660 :
2370 1616 2516 1677 ergo
2539 1598 2915 1676 impossibile
2943 1604 3035 1659 est
3057 1603 3128 1657 ut
3155 1596 3296 1658 talis
3325 1598 3428 1658 lex
3454 1598 3649 1659 civilis

2091 1691 2170 1750 sit
2196 1709 2342 1751 vera
2362 1691 2486 1768 lex,
2518 1698 2628 1752 aut
2658 1691 2907 1770 obliget.
2941 1692 3136 1770 Major
3161 1696 3398 1751 constat
3419 1709 3496 1751 ex
3522 1689 3650 1750 dic-

2087 1783 2168 1842 tis
2199 1782 2307 1843 lib.
2338 1786 2376 1844 Ξ
2418 1800 2434 1843 :
2488 1784 2693 1844 minor
2727 1784 2935 1863 quoad
2972 1784 3371 1862 posteriorem
3407 1789 3650 1862 partem

2089 1894 2201 1954 per
2234 1895 2298 1936 se
2325 1882 2471 1937 nota
2515 1882 2627 1937 est.
2665 1877 2877 1950 Quoad
2905 1877 3174 1956 priorem
3211 1895 3359 1937 vero
3388 1884 3645 1955 constat,

2088 1974 2223 2028 tum
2253 1970 2399 2048 quia
2438 1970 2695 2030 inferior
2733 1988 2862 2030 non
2897 1975 3097 2049 potest
3123 1970 3421 2048 abrogare
3446 1971 3652 2049 legem

2091 2062 2443 2141 superioriS,
2476 2063 2706 2124 necilli
2734 2063 3032 2141 derogare
3065 2081 3081 2124 ι
3112 2062 3276 2125 unde
3307 2065 3409 2143 jus
3432 2069 3652 2143 praeto-

2092 2155 2258 2214 rium
2283 2156 2351 2214 in
2382 2155 2521 2235 jure
2549 2155 2714 2216 civili
2748 2174 2877 2217 non
2910 2156 3074 2216 valet
3094 2162 3310 2218 contra
3327 2158 3428 2237 jus
3456 2158 3654 2237 impe-

2093 2248 2316 2308 ratoris
2331 2292 2351 2323 ,
2403 2248 2448 2308 l.
2500 2250 2562 2325 Ξ,
2617 2249 2681 2309 C.
2730 2249 2807 2309 de
2854 2249 3015 2309 offic.
3074 2249 3351 2311 Praefecti
3398 2252 3649 2311 Praetor.

2094 2341 2353 2418 Orient.,
2376 2342 2525 2402 etin
2550 2342 2911 2402 universum
2938 2342 3039 2402 lex
3059 2343 3367 2404 inferioris
3394 2362 3521 2404 non
3547 2361 3655 2404 va-

2093 2433 2179 2493 let
2206 2440 2421 2495 contra
2456 2434 2658 2512 legem
2697 2435 3110 2515 imperatoriS,
3148 2436 3191 2497 l.
3234 2435 3443 2517 Caffa,
3479 2437 3544 2496 C.
3576 2436 3655 2496 de

2097 2528 2329 2588 Sacros,
2362 2528 2586 2589 Eccles.
2625 2550 2639 2588 ε
2673 2547 2822 2607 ergo
2851 2547 2966 2590 nec
2998 2528 3101 2591 lex
3127 2530 3518 2609 imperatoris
3545 2535 3656 2590 aut

2094 2622 2257 2700 regis
2282 2621 2487 2684 valere
2525 2628 2725 2702 potest
2752 2629 2969 2684 contra
2995 2623 3197 2702 legem
3234 2624 3361 2699 Dei,
3398 2631 3464 2684 ut
3490 2630 3655 2685 recte

2095 2714 2331 2792 colligit
2355 2717 2737 2794 Augustinus
2764 2735 2946 2778 serm.
2980 2719 3018 2777 6
3044 2717 3120 2778 de
3143 2717 3360 2778 Verbis
3383 2719 3651 2794 Domini,

2096 2814 2158 2867 et
2183 2808 2456 2888 Epistola
2493 2810 2632 2882 106,
2664 2815 2726 2869 et
2753 2808 3017 2870 babetur
3053 2810 3120 2869 in
3153 2828 3207 2871 c.
3239 2810 3358 2884 Qui
3393 2812 3653 2886 resistit,

2098 2918 2237 2960 cum
2278 2901 2621 2980 sequentib.
2662 2904 2762 2977 11,
2801 2920 2864 2980 q.
2903 2903 2941 2961 3
2953 2918 2973 2979 ;
3004 2921 3146 2963 cum
3175 2920 3322 2981 ergo
3346 2902 3450 2965 lex
3475 2910 3654 2964 natu-

2097 2994 2243 3054 ralis
2273 2995 2353 3055 sit
2385 2995 2487 3056 lex
2536 2995 2667 3070 Dei,
2709 3000 2779 3056 ut
2810 3014 2998 3075 supra
3040 3003 3354 3058 ostensum
3384 3003 3498 3073 est,
3527 3016 3655 3058 non

2098 3092 2297 3166 potest
2322 3088 2422 3148 lex
2445 3086 2638 3149 civilis
2658 3094 2869 3150 contra
2885 3089 3056 3150 illam
3079 3089 3409 3169 praevalere
3433 3114 3447 3151 ε
3475 3090 3659 3152 debet

2100 3199 2246 3259 ergo
2270 3199 2397 3242 esse
2426 3181 2502 3242 de
2549 3200 2617 3243 re
2657 3181 2936 3258 honesta,
2986 3201 3093 3243 seu
3123 3189 3533 3246 consentanea
3558 3204 3659 3247 ra-

2100 3274 2258 3333 tioni
2283 3273 2579 3350 naturali,
2606 3275 2759 3335 alias
2783 3275 2885 3335 lex
2926 3293 3054 3334 non
3081 3276 3218 3336 erit.
3689 3335 3692 3338 .

2181 3369 2240 3427 5.
2286 3366 2460 3427 Addo
2494 3368 2799 3429 rationem
2840 3368 3002 3429 hanc
3028 3368 3389 3431 concludere
3423 3368 3499 3430 de
3526 3388 3661 3431 om-

2099 3458 2284 3518 nibus
2322 3459 2557 3519 actibus
2596 3478 2703 3520 seu
2746 3461 3023 3521 materiis
3054 3462 3375 3522 contrariis
3407 3461 3531 3540 legi
3569 3461 3661 3521 di-

2098 3552 2280 3627 vinas,
2303 3553 2490 3612 etiam
2508 3553 2980 3631 supernaturali,
3002 3554 3100 3613 vel
3118 3554 3307 3614 etiam
3325 3554 3657 3629 canonicae,

2099 3651 2171 3705 ut
2205 3646 2369 3705 intra
2400 3647 2691 3707 dicemus.
2735 3648 2805 3707 In
2848 3646 3137 3707 omnibus
3179 3648 3347 3708 enim
3388 3666 3533 3709 vera
3571 3652 3665 3708 est

2098 3736 2205 3798 illa
2237 3739 2542 3799 sententia
2581 3739 3017 3818 Apostolorum
3053 3740 3261 3801 Actor.
3306 3742 3383 3802 5:
3421 3741 3666 3803 obedire

2099 3837 2325 3909 oportet
2355 3833 2479 3893 Deo
2509 3833 2712 3911 maqis
2742 3850 2922 3911 quam
2949 3833 3309 3909 homiuibus,
3349 3834 3476 3894 sive
3503 3834 3664 3893 Deus

2098 3942 2210 4003 per
2235 3923 2445 3985 lumen
2492 3925 2773 3999 rationiS,
2813 3925 2942 3986 sive
2969 3943 3080 4004 per
3122 3925 3335 3986 lumen
3374 3925 3520 3985 fidei
3560 3926 3662 3985 lo·-

2100 4024 2364 4096 quatur:
2396 4035 2544 4078 nam
2570 4017 2846 4097 Apostoli
2878 4017 2954 4078 de
2981 4018 3230 4096 negotio
3259 4017 3400 4078 fidei
3428 4024 3491 4077 et
3515 4017 3659 4078 reli-

2099 4111 2300 4189 gionis
2318 4111 2664 4172 christianae
2678 4110 2993 4190 potissime
3012 4110 3437 4189 loquebantur.
3458 4109 3656 4182 Quam

2099 4204 2424 4264 veritatem
2463 4212 2593 4264 tam
2629 4203 3021 4264 manifestam
3048 4221 3176 4264 esse
3208 4201 3658 4282 supponebant,

2100 4300 2172 4355 ut
2216 4296 2520 4373 judicium
2569 4296 2734 4356 illius
2783 4295 3150 4356 adversariis
3203 4295 3663 4356 committerent

2101 4406 2154 4448 c.
2186 4391 2226 4448 4
2254 4388 2560 4449 dicentes:
2597 4388 2935 4467 Sijmtum
2975 4393 3062 4450 est
3095 4389 3164 4450 in
3202 4393 3509 4465 conspectu
3545 4387 3665 4448 Dei

2099 4499 2202 4542 vos
2225 4481 2433 4558 potius
2460 4481 2671 4543 audire
2708 4498 2888 4560 quam
2931 4480 3145 4554 Deum,
3169 4480 3457 4558 judicate.
3490 4478 3665 4540 Unde

2100 4578 2337 4634 constat
2364 4572 2641 4652 politicos
2677 4573 2787 4652 qui
2819 4572 3163 4633 doctrinam
3205 4572 3379 4632 illam
3405 4572 3668 4633 suadent

2100 4666 2480 4745 principibus
2499 4666 2901 4742 secularibuS,
2928 4667 2979 4726 si
2999 4667 3271 4727 sentiant
3289 4666 3354 4725 id
3376 4666 3463 4727 eis
3484 4664 3667 4726 licere

2101 4766 2164 4820 et
2203 4761 2346 4838 jure
2390 4778 2564 4839 posse
2611 4760 2760 4821 talia
2803 4761 2964 4822 ferre
3006 4764 3313 4839 praecepta
3358 4776 3497 4838 quae
3543 4759 3670 4818 sint

2102 4852 2411 4913 contraria
2443 4852 2729 4931 religioni
2756 4870 2917 4913 verae
2946 4853 3044 4930 (de
3079 4852 3178 4912 his
3218 4851 3387 4912 enim
3428 4851 3669 4930 legibus

2100 4945 2193 5005 illi
2227 4945 2613 5025 potissimum
2643 4945 3122 5024 loquebantur),
3154 4943 3477 5004 haereticos
3508 4961 3666 5018 esse,

2100 5039 2201 5099 vel
2242 5044 2406 5100 certe
2449 5039 2684 5114 atheoS,
2728 5039 2894 5118 quod
2929 5037 3324 5100 verisimilius
3365 5042 3477 5097 est.
3513 5039 3672 5098 Nam

2102 5133 2211 5211 qui
2241 5131 2438 5194 credit
2468 5134 2663 5192 Deum
2702 5150 2833 5194 esse
2872 5150 2999 5193 non
3028 5136 3228 5211 potest
3254 5148 3382 5191 non
3422 5130 3669 5191 credere

2101 5230 2405 5306 praecepta
2447 5226 2579 5303 ejus
2620 5244 2748 5287 esse
2789 5224 3171 5305 praeferenda
3214 5223 3525 5283 mandatis
3559 5223 3674 5284 ho-

2103 5318 2369 5392 minum,
2396 5336 2539 5378 cum
2563 5318 2673 5380 Dei
2685 5317 3034 5397 jurisdictio
3058 5317 3138 5377 sit
3154 5315 3339 5393 longe
3363 5315 3663 5393 superior.

2102 5412 2186 5472 De
2213 5430 2336 5491 quo
2358 5411 2557 5471 videri
2578 5416 2836 5490 possunt
2857 5410 3054 5470 multa
3078 5409 3242 5488 apud
3260 5408 3536 5470 Gratian.
3566 5411 3663 5480 11,

2102 5524 2162 5585 q.
2212 5509 2279 5581 3,
2312 5513 2374 5567 et
2414 5505 2646 5585 optime
2673 5505 2904 5567 Urban.
2938 5506 3105 5585 Papa
3130 5504 3199 5565 in
3224 5522 3361 5582 cap.
3401 5501 3516 5563 ult.
3565 5504 3665 5579 15,
