3976 6219
527 404 645 464 554

525 504 791 568 sentiunt
813 504 1542 585 antiquis-contrariam
1564 506 1954 582 sententiam,
1971 504 2087 567 sci-

524 597 690 674 licet,
723 603 932 658 actum
984 597 1191 659 vitiari
1241 606 1303 661 et
1334 600 1566 661 irritari
1592 618 1669 661 ex
1696 616 2086 679 quacumque

525 690 851 753 omissione
883 689 1097 751 formae
1124 692 1538 754 substantialis
1566 693 1665 755 vel
1696 692 1886 772 partis
1926 692 2083 769 ejus,

526 789 742 846 tenent
794 784 1001 863 plures
1035 785 1276 864 antiqui
1320 803 1474 865 quos
1499 803 1687 865 supra
1725 784 1915 846 refert
1939 782 2087 845 Gre-

526 895 664 956 gor.
699 879 848 957 Lop.
893 895 1056 957 sup.,
1087 877 1350 953 Albert.‚
1375 878 1626 958 Angel.,
1649 880 1826 940 Joan.
1860 876 2083 952 Andr„

523 970 593 1031 in
639 988 902 1049 quorum
958 971 1328 1031 sententiam
1380 971 1511 1050 ipse
1565 971 1843 1032 inclinat.
1895 969 2089 1032 Tenet

527 1063 718 1124 etiam
749 1062 957 1138 Azor.‚
990 1068 1039 1124 t.
1069 1066 1128 1138 1,
1153 1063 1197 1123 l.
1220 1065 1282 1140 5,
1314 1082 1368 1124 c.
1393 1065 1494 1141 28,
1522 1063 2085 1144 §Animadverten-

527 1157 690 1218 dwm.
709 1155 1006 1235 Exempla
1015 1174 1162 1217 vero
1184 1158 1385 1236 ponit,
1396 1158 1448 1217 si
1466 1157 1533 1218 in
1546 1160 1914 1219 testamento
1922 1173 2087 1216 unus

525 1248 722 1324 testis,
752 1248 853 1309 vel
877 1248 945 1307 in
970 1248 1270 1311 electione
1305 1268 1467 1310 unus
1491 1268 1568 1311 ex
1595 1248 1956 1311 electoribus
1980 1249 2089 1310 de-

527 1339 719 1401 ficiat.
751 1342 897 1415 Quae
923 1342 1176 1421 quidem
1213 1342 1564 1403 indubitata
1597 1348 1764 1417 sunt,
1794 1347 1864 1403 ut
1891 1360 2002 1421 per
2024 1359 2088 1402 se

534 1439 792 1509 constat,
824 1440 887 1495 et
918 1435 1107 1495 tradit
1131 1435 1274 1495 Dec.
1305 1435 1431 1497 inl.
1455 1436 1599 1498 Hac
1614 1436 2084 1511 conmcltissima,

529 1544 583 1586 c.
633 1526 750 1599 Qui
790 1532 1156 1589 testamenta
1182 1526 1384 1589 facere
1417 1533 1693 1607 possunt,
1719 1546 1784 1587 n.
1823 1529 1932 1602 123
1962 1544 2089 1587 res-

529 1619 789 1698 ponderi
814 1626 1026 1681 tamen
1055 1639 1181 1681 non
1200 1620 1514 1682 immerito
1539 1626 1736 1699 potest
1758 1619 1930 1680 illam
1960 1637 2090 1679 non

528 1711 793 1790 judicari
835 1713 1173 1792 prudenter
1215 1714 1416 1775 levem
1445 1714 1936 1788 solemnitatem,
1981 1711 2091 1773 sed

531 1804 712 1865 valde
747 1822 1024 1883 gravem.
1053 1806 1235 1867 Aliud
1264 1808 1615 1887 exemplum
1642 1811 1753 1881 est,
1792 1824 1949 1885 pura
1993 1806 2089 1866 in-

532 1899 731 1959 versio
767 1900 1001 1960 ordinis
1041 1901 1373 1981 praescripti
1402 1902 1482 1963 ad
1509 1900 1990 1981 procedendum,
2021 1905 2093 1961 ut

532 1990 601 2051 in
629 1993 892 2070 petendo
920 1992 1173 2054 consilio
1202 1999 1346 2055 ante
1373 1995 1473 2056 vel
1501 2000 1637 2074 post
1663 1999 1907 2068 actum3
1943 2010 2094 2054 nam

533 2084 780 2145 videtur
804 2084 956 2146 levis
996 2087 1291 2160 defectus„
1340 2095 1402 2149 et
1444 2087 1851 2148 nihilominus
1889 2087 2095 2149 irritat

533 2181 764 2253 actum,
792 2178 974 2255 juxta
1001 2197 1054 2241 c.
1091 2180 1241 2242 Cum
1273 2182 1513 2256 dilecta,
1552 2181 1629 2241 de
1657 2180 1924 2259 Rescrip.
1975 2181 2094 2242 Sed

532 2269 665 2330 haec
684 2271 872 2331 etiam
900 2289 1046 2333 non.
1055 2273 1441 2351 reputabitur
1465 2273 1620 2334 levis
1650 2273 1922 2350 omissio,
1948 2275 2096 2354 quia

532 2370 788 2443 propter
824 2365 1150 2425 consilium
1190 2367 1487 2446 potuisset
1513 2367 1819 2428 sententia
1839 2368 2094 2444 mutari,

534 2460 606 2514 ut
632 2456 870 2516 notavit
905 2456 1077 2519 Felin
1107 2460 1174 2518 in
1203 2477 1257 2520 c.
1287 2459 1399 2520 Em
1424 2465 1622 2538 parte,
1667 2477 1853 2538 supra
1883 2460 2091 2522 citato,

533 2547 721 2607 Aliud
764 2550 1117 2629 exemplum
1161 2556 1359 2629 potest
1401 2552 1565 2612 sumi
1606 2570 1680 2613 ex
1731 2551 1777 2612 l.
1826 2550 1978 2615 Cum
2004 2552 2094 2627 hi,

536 2639 573 2720 ξ
618 2640 701 2703 Si
724 2647 973 2718 proetor,
1005 2642 1071 2703 ff.
1098 2643 1175 2704 de
1197 2645 1645 2721 Transaction.,
1689 2644 1796 2705 ubi
1841 2663 1969 2706 non
2003 2663 2100 2705 so-

535 2732 670 2792 lum
702 2733 927 2805 dicitur
952 2753 1082 2796 esse
1109 2738 1442 2798 transactio
1477 2738 1652 2798 nulla
1669 2740 1920 2817 quando
1940 2757 2098 2818 prae·

535 2829 634 2884 tor
660 2843 799 2886 eam
826 2828 1131 2905 permittit
1169 2829 1301 2890 sine
1341 2847 1536 2891 causae
1574 2831 1947 2907 cognitione,
1996 2832 2101 2893 sed

537 2917 720 2979 etiam
772 2917 1045 2997 (inquit)
1085 2921 1145 2982 si
1185 2937 1303 2981 non
1329 2922 1397 2982 do
1437 2923 1708 2984 omnibus
1746 2923 2099 3002 inquisierit

536 3026 668 3088 quoe
695 3012 889 3072 oratio
913 3013 1186 3086 mandat,
1216 3013 1321 3074 Ιιοσ
1341 3018 1450 3087 est,
1480 3014 1549 3075 de
1577 3031 1784 3091 causa,
1817 3015 1885 3077 de
1903 3017 2096 3091 moda,

536 3104 606 3166 do
635 3106 933 3183 personis,
978 3106 1254 3186 quamvis
1276 3106 1344 3169 de
1375 3108 1730 3193 quibusdam
1763 3111 2095 3190 quoesieoit.

534 3197 719 3275 Ergo,
750 3198 1052 3277 quidquid
1086 3200 1592 3279 praetermittatur
1617 3202 1695 3262 de
1729 3201 1929 3264 forma
1955 3202 2100 3264 sub-

536 3289 830 3366 stantiali,
843 3291 1098 3351 vitiatur
1112 3298 1306 3353 actus.
1335 3294 1411 3353 Et
1429 3293 1508 3353 ad
1524 3293 1644 3353 hoc
1669 3293 1870 3354 facere
1896 3299 2098 3373 potest

535 3382 699 3460 quod
738 3385 1001 3445 essentia
1046 3384 1137 3446 rei
1184 3385 1459 3447 consistit
1491 3385 1561 3446 in
1605 3386 2001 3463 indivisibili,
2028 3393 2101 3448 ut

536 3475 888 3556 philosophi
915 3477 1131 3539 dicunt
1161 3498 1176 3538 z
1211 3478 1297 3538 sic
1317 3496 1465 3558 ergo
1491 3479 1693 3540 forma
1723 3479 2002 3540 consistit
2032 3478 2099 3539 in

535 3567 928 3647 integritate3
975 3575 1037 3631 et
1084 3570 1224 3632 ideo
1250 3590 1477 3651 parvus
1504 3571 1776 3633 defectus
1808 3571 1981 3633 vitiat
2019 3571 2100 3632 il-

537 3660 689 3737 lam,
715 3665 787 3719 ut
812 3660 1189 3740 significavit
1225 3663 1416 3725 etiam
1446 3663 1618 3725 Bald.
1663 3663 1730 3724 in
1766 3682 1902 3744 cap.
1946 3663 2100 3728 Cum

538 3755 686 3830 ali0,
715 3754 792 3815 de
824 3753 1175 3834 Rescriptis,
1202 3774 1267 3817 n.
1303 3758 1358 3817 4.

620 3848 719 3907 10.
767 3844 1085 3909 Sententia
1125 3848 1798 3912 securim—Mutatio
1827 3867 2100 3914 coro-nm—

532 3955 682 4019 pms
707 3955 943 4001 sen-mon
979 3938 1289 4003 vorborum
1336 3959 1565 4022 sempor
1603 3941 1826 4006 irritat
1864 3949 2096 4020 actum,

539 4031 675 4094 licet
701 4032 788 4094 sit
812 4033 1070 4095 mutatio
1092 4033 1276 4096 unius
1312 4038 1547 4097 tantum
1591 4033 1831 4098 littoroe.
1857 4066 1938 4080 --
1959 4037 2100 4099 Haec

538 4143 688 4203 ergo
701 4126 1008 4187 sententia
1022 4126 1269 4189 videtur
1294 4128 1557 4208 practice
1587 4129 1881 4205 securior,
1902 4130 2101 4191 maxi-

537 4236 639 4279 me
662 4218 810 4298 quia
852 4219 906 4280 si
931 4219 1048 4280 hoc
1074 4220 1447 4300 relinquitur
1467 4221 1723 4282 arbitrio
1749 4223 2095 4301 prudentis,

537 4310 809 4372 multum
836 4318 1211 4374 enervantur
1235 4312 1403 4391 leges
1436 4313 1705 4375 formam
1733 4314 2101 4377 substantia·-

537 4402 662 4465 lem
685 4404 1115 4466 instituentes:
1141 4405 1248 4466 vix
1274 4411 1483 4467 autem
1510 4412 1711 4486 potest
1736 4406 1860 4467 alia
1885 4408 2103 4486 regula

538 4497 696 4572 dari,
739 4498 790 4557 si
832 4498 1025 4560 semel
1057 4497 1241 4559 datur
1267 4496 1438 4559 locus
1463 4516 1572 4560 seu
1596 4499 1846 4561 licentia
1866 4500 2102 4579 aliquid

540 4590 912 4669 excipiendi.
981 4592 1116 4652 Non
1178 4591 1456 4672 displicet
1513 4597 1724 4655 autem
1790 4593 2103 4657 distinctio

542 4702 729 4764 quam
756 4684 949 4745 tradit
975 4684 1171 4746 Felin.
1203 4704 1282 4747 ex
1299 4687 1464 4747 Bart.
1489 4692 1552 4748 et
1569 4685 1742 4748 lmol.
1775 4686 1842 4747 in
1866 4705 1922 4747 c.
1952 4687 2105 4751 Cum

541 4779 779 4853 dilecta,
805 4776 884 4839 de
915 4778 1268 4858 Rescriptis,
1300 4797 1364 4840 n.
1389 4781 1450 4855 6,
1472 4778 1510 4859 ἓ
1533 4779 1808 4843 Tertium
1833 4780 2101 4860 siquam,

539 4869 792 4946 scilicet,
829 4869 940 4931 ubi
966 4876 1206 4931 constat
1249 4870 1533 4932 ordinem
1578 4889 1710 4933 esse
1734 4870 2105 4934 substantia-

541 4961 690 5038 lem,
705 4961 1099 5023 omissionem
1118 4962 1251 5042 ejus
1267 4962 1621 5025 indistincte
1643 4964 1863 5025 vitiare
1872 4970 2101 5041 actum,

541 5054 673 5116 sive
693 5054 828 5116 leve
845 5055 974 5117 sive
991 5072 1179 5134 grave
1200 5055 1632 5136 praejudicium
1659 5074 1872 5135 parere
1901 5057 2107 5118 videa·

449 5213 452 5218 ,
542 5152 647 5208 ιιιι·
673 5168 688 5207 :
726 5146 777 5208 si
800 5153 1013 5209 autem
1037 5166 1255 5210 sumus
1282 5149 1350 5209 in
1372 5148 1585 5225 dubio,
1609 5153 1757 5209 tunc
1782 5166 1960 5228 posse
1987 5150 2108 5210 dis-

542 5239 748 5318 tingui
774 5241 938 5301 inter
970 5241 1105 5302 leve
1132 5247 1194 5302 et
1229 5259 1419 5320 grave
1450 5241 1899 5321 praejudicium.
1936 5242 2106 5304 Idem

545 5333 714 5393 enim
741 5333 966 5394 merito
994 5333 1113 5395 dici
1140 5340 1339 5415 potest
1368 5335 1435 5395 in
1462 5335 1637 5396 omni
1661 5334 1852 5396 dubio
1876 5333 1953 5396 de
1983 5334 2108 5394 for-

544 5444 650 5488 ma
678 5425 1089 5488 substantiali.
1129 5427 1440 5508 Applicari
1490 5429 1681 5489 etiam
1725 5426 1792 5488 in
1821 5425 2109 5507 proesenti

545 5523 748 5600 potest
776 5537 919 5583 cum
958 5520 1356 5602 proportione
1378 5520 1660 5583 doctrina
1685 5537 1827 5601 quse
1861 5519 1937 5582 de
1969 5537 2108 5581 mu-

1417 407 1536 462 Lm.
1571 409 1629 463 V.
1668 410 1750 463 DE
1780 407 2138 461 VAROETATE
2168 407 2381 462 moun
2411 406 2819 461 nummatum.

2162 505 2397 567 tatione
2436 504 2504 565 in
2539 504 2743 565 forma
2769 497 3138 563 sacramenti
3167 496 3329 558 tradi
3358 497 3551 574 solet;
3585 516 3747 560 nam

2162 599 2213 660 si
2242 599 2320 659 sit
2347 597 2649 674 formalis,
2676 600 2747 656 ut
2779 594 2869 655 sic
2901 593 3130 667 dicam,
3159 609 3403 671 semper
3425 593 3608 653 vitiat
3639 609 3746 651 ac-

2162 697 2325 767 tum,
2363 691 2428 751 id
2474 696 2587 765 est,
2635 689 2687 749 si
2717 691 2941 762 mutet,
2973 684 3072 746 vel
3097 690 3451 765 corrumpat
3478 702 3748 745 sensum

2160 784 2514 859 verborum,
2552 781 2797 844 etiamsi
2847 779 2966 841 hoc
3018 777 3338 855 contingat
3385 796 3495 856 per
3542 776 3748 837 unius

2163 882 2412 938 tantum
2451 876 2672 937 litterae
2698 872 3149 949 mutationem3
3174 870 3228 930 si
3258 887 3407 931 vero
3448 871 3527 930 sit
3558 887 3744 930 mere

2168 971 2530 1046 materialis,
2551 988 2680 1031 non
2701 968 2902 1043 vitiat,
2922 966 2986 1028 id
3007 972 3122 1042 est,
3151 965 3204 1025 si
3226 964 3419 1028 verba
3444 965 3744 1026 eamdem

2169 1064 2686 1144 significationem
2719 1061 3012 1123 retinent.
3055 1060 3230 1120 Tunc
3268 1058 3440 1119 enim
3489 1074 3746 1138 semper

2168 1159 2433 1220 mutatio
2471 1157 2573 1219 vel
2600 1155 2851 1218 omissio
2890 1152 3097 1233 gravis
3134 1157 3248 1228 est,
3286 1151 3533 1212 etiamsi
3570 1150 3745 1210 circa

2166 1269 2302 1313 rem
2340 1268 2595 1331 parvam
2640 1266 2771 1310 esse
2802 1246 3090 1308 videatur
3118 1266 3133 1305 z
3167 1262 3204 1305 e
3233 1244 3542 1305 contrario
3586 1260 3742 1303 vero

2166 1345 2468 1426 posterior
2500 1342 2761 1405 mutatio
2791 1341 2912 1402 dici
2938 1343 3139 1419 potest
3167 1337 3343 1412 levis,
3388 1336 3635 1398 etiamsi
3662 1336 3744 1401 in

2164 1457 2235 1501 re
2275 1438 2550 1500 sensibili
2568 1437 2770 1515 major
2807 1440 3120 1514 appareat.
3162 1433 3253 1491 Ita
3280 1449 3427 1509 ergo
3472 1431 3542 1490 in
3580 1447 3747 1508 prae-

2166 1532 2352 1607 senti,
2394 1531 2449 1590 si
2485 1529 2736 1591 omissio
2762 1527 2832 1587 in
2871 1544 2940 1587 re
2981 1542 3119 1605 quae
3145 1524 3391 1585 videtur
3436 1540 3631 1602 parva
3664 1520 3747 1580 fit

2166 1629 2379 1684 contra
2400 1623 2807 1683 intentionem
2835 1624 2897 1680 et
2914 1623 3187 1678 mentem
3205 1616 3383 1693 legiS,
3399 1620 3551 1675 tunc
3570 1631 3742 1674 sem-

2168 1735 2279 1796 per
2308 1716 2509 1791 vitiat,
2550 1719 2612 1775 et
2635 1731 2763 1774 non
2790 1725 2882 1773 est
2903 1710 3209 1772 censenda
3238 1708 3411 1784 levis,
3449 1707 3557 1768 sed
3592 1724 3737 1784 gra-

2170 1809 2286 1885 vis,
2319 1808 2468 1887 quia
2492 1807 2760 1867 multum
2808 1804 3101 1865 interesse
3130 1806 3395 1882 potest:
3429 1800 3481 1860 si
3521 1804 3741 1860 autem

2172 1921 2300 1964 non
2318 1902 2519 1962 solum
2542 1905 2634 1961 est
2655 1897 3057 1960 materialiter
3081 1896 3234 1956 levis
3250 1891 3739 1965 circumstantia,

2172 1995 2278 2057 sed
2319 1995 2508 2055 etiam
2536 2009 2758 2072 parum
2784 1990 3031 2052 videtur
3060 1988 3291 2049 referre
3312 1985 3391 2046 ad
3419 1984 3611 2045 finem
3650 1983 3744 2043 le-

2177 2088 2294 2168 gis,
2328 2092 2479 2147 tunc
2506 2104 2635 2146 non
2660 2084 2905 2145 videtur
2931 2082 3175 2155 vitiare,
3207 2079 3354 2158 quia
3377 2077 3553 2157 quasi
3578 2073 3741 2135 nihil

2175 2188 2517 2261 reputatur.
2545 2182 2621 2241 Et
2638 2180 2725 2239 ita
2743 2182 3002 2258 possunt
3026 2174 3340 2236 conciliari
3363 2171 3511 2233 dicti
3532 2174 3743 2230 aucto-

2174 2293 2273 2336 res
2322 2290 2339 2334 :
2387 2290 2536 2334 nam
2587 2271 2639 2333 si
2677 2275 2911 2332 attente
2943 2268 3409 2330 considerentur
3455 2260 3747 2339 exempla

2175 2385 2314 2447 quae
2334 2367 2627 2442 afferunt,
2647 2383 2755 2426 seu
2773 2363 3123 2425 occasiones
3145 2362 3213 2421 in
3231 2360 3456 2440 quibus
3471 2356 3747 2434 loquun-

2176 2468 2303 2540 tur,
2332 2462 2625 2523 videntur
2655 2460 2725 2520 in
2769 2458 3059 2538 praedicto
3086 2474 3271 2518 sensu
3304 2454 3497 2514 fuisse
3519 2446 3742 2511 locuti.

2683 2638 2931 2701 CAPUT
2972 2634 3231 2696 XXXIII.

2179 2785 2409 2840 QUANDO
2430 2784 2546 2833 m
2565 2784 2834 2830 marmus
2861 2782 3111 2829 mmmm·
3138 2776 3419 2826 menan
3446 2774 3608 2822 HUNC
3634 2772 3753 2818 Rr-

2562 2879 2795 2926 mermi
2824 2875 3131 2923 mmmm
3155 2873 3357 2920 AGTUS.

2263 3020 2292 3078 1
2307 3060 2322 3077 .
2348 3016 2473 3079 Les
2488 3014 2753 3078 irritans
2764 3019 2852 3077 est
2866 3011 3166 3093 quaerulis
3184 3006 3399 3088 requla
3416 3004 3745 3078 admunt,

2179 3115 2234 3174 ec
2274 3109 2528 3189 proinde
2579 3109 2740 3172 debet
2785 3125 2906 3170 osse
2947 3104 3260 3185 publicata
3310 3104 3380 3162 ιιι
3417 3098 3747 3177 obligant.—

2177 3203 2468 3277 Quamvis
2494 3202 2776 3282 superius
2792 3201 3026 3262 dictum
3049 3198 3130 3258 sit
3147 3196 3225 3257 de
3246 3192 3742 3274 promulgatione

2177 3297 2356 3376 legis,
2400 3302 2634 3372 tamen,
2681 3295 2831 3375 quia
2882 3291 3197 3354 nonnullae
3230 3289 3401 3366 leges
3426 3285 3741 3346 irritantes

2177 3395 2505 3451 censentur
2524 3389 2591 3449 in
2613 3388 2731 3449 hoc
2747 3386 2977 3448 habere
2994 3383 3228 3463 aliquid
3244 3378 3529 3462 speciale,
3550 3376 3742 3457 expli-

2176 3483 2444 3546 candum
2485 3482 2553 3542 in
2598 3480 2885 3561 praesenti
2916 3477 3185 3540 breviter
3212 3481 3325 3537 est.
3359 3473 3565 3533 Primo
3591 3486 3742 3548 ergo

2178 3593 2459 3656 suppono
2485 3574 2690 3653 legem
2721 3573 3069 3634 irritantem
3108 3586 3235 3629 non
3274 3564 3600 3628 annullare
3641 3580 3742 3623 ac-

2175 3674 2314 3729 tum
2345 3668 2540 3729 donec
2577 3665 2936 3728 solemniter
2959 3660 3351 3744 promulgata
3378 3659 3480 3719 sit.
3520 3658 3592 3717 In
3623 3655 3741 3716 boc

2176 3777 2391 3822 omnes
2421 3759 2843 3833 conveniunt3
2875 3763 2938 3819 et
2964 3756 3123 3819 ratio
3167 3759 3282 3829 est,
3300 3752 3449 3832 quia
3476 3755 3624 3811 ante
3649 3754 3740 3809 ta-

2175 3853 2300 3915 lem
2310 3852 2869 3934 promulgationem
2887 3868 3016 3911 non
3035 3853 3126 3909 est
3144 3846 3269 3908 lex.
3286 3846 3460 3905 Dices
3472 3844 3590 3904 hoc
3608 3858 3741 3904 esse

2174 3964 2396 4009 verum
2413 3945 2618 4025 quoad
2648 3943 2773 4005 vim
2795 3941 3133 4020 obligandi,
3162 3940 3312 4019 quia
3336 3936 3630 4015 obligatio
3664 3934 3743 3994 fit

2177 4040 2489 4102 mediante
2507 4037 2731 4099 notitia
2741 4055 2880 4116 quoe
2907 4053 3018 4116 per
3043 4032 3603 4115 promulgationem
3623 4028 3740 4088 da·

2178 4138 2311 4211 tur3
2342 4150 2469 4193 non
2491 4136 2585 4192 est
2610 4136 2822 4192 autem
2847 4129 3014 4189 idem
3053 4127 3131 4188 de
3170 4128 3398 4187 virtute
3420 4120 3739 4196 irritandi,

2179 4226 2327 4306 quia
2370 4223 2635 4287 imitatio
2672 4240 2800 4283 non
2824 4221 3052 4302 pendet
3076 4238 3116 4281 a
3140 4219 3385 4293 notitia,
3414 4222 3477 4278 et
3502 4216 3642 4277 ideo
3666 4214 3742 4275 fit

2180 4319 2370 4380 etiam
2410 4322 2626 4379 contra
2661 4316 3041 4394 ignorantes,
3094 4319 3166 4374 ut
3209 4330 3401 4391 supra
3443 4309 3738 4370 diximus.

2180 4412 2629 4492 Respondetur,
2661 4408 2947 4488 quamvis
2966 4406 3035 4467 in
3061 4406 3177 4468 hoc
3201 4405 3283 4466 sit
3308 4403 3519 4484 aliqua
3543 4403 3745 4463 diver-

2182 4506 2352 4582 sitas,
2400 4505 2547 4584 quia
2584 4503 2850 4565 irritatio
2874 4502 2945 4562 in
2970 4500 3327 4581 particulari
3363 4517 3491 4560 non
3522 4497 3596 4558 fit
3635 4514 3747 4576 per

2182 4597 2657 4703 applicationem
2710 4595 3148 4670 conscientias,
3205 4594 3366 4653 sicut
3405 4591 3739 4668 obligatio·
3721 4633 3744 4665 ,

2181 4690 2589 4752 nihilominus
2626 4688 2693 4749 in
2729 4687 2847 4749 hoc
2873 4687 3248 4748 conveniunt
3277 4686 3443 4765 quod
3479 4690 3750 4761 utraque

2179 4781 2319 4844 fieri
2339 4781 2523 4843 debet
2543 4799 2655 4862 per
2677 4779 2990 4860 publicam
3012 4783 3076 4840 et
3101 4778 3410 4840 notoriam
3434 4774 3746 4853 regulam,

2182 4880 2245 4935 et
2294 4878 2738 4953 consequenter
2781 4870 3070 4933 omnibus
3114 4869 3493 4950 propositam
3515 4911 3535 4942 ,
3579 4864 3749 4944 quod

2182 4985 2311 5029 non
2339 4965 2414 5027 fit
2431 4966 2556 5027 nisi
2577 4983 2687 5045 per
2714 4962 3299 5050 promulgationem.
3323 4962 3403 5022 Et
3440 4959 3599 5020 ratio
3625 4962 3749 5032 oet,

2182 5058 2331 5138 quia
2357 5058 2546 5119 etiam
2572 5056 2673 5118 lex
2700 5056 2951 5117 irritans
2977 5060 3072 5117 est
3092 5053 3398 5134 generalis
3417 5049 3634 5128 regula
3648 5067 3754 5109 ac-

2185 5151 2427 5211 tionum
2453 5150 2896 5223 humanarum,
2938 5152 3003 5207 et
3030 5147 3171 5207 ideo
3201 5165 3313 5226 per
3338 5163 3403 5205 se
3435 5141 3756 5222 loquendo

2185 5242 2366 5303 debet
2411 5258 2541 5302 esse
2586 5241 2756 5319 justa
2804 5258 2876 5300 ac
2924 5238 3187 5299 subinde
3224 5237 3472 5319 publice
3524 5234 3754 5313 posita,

2187 5334 2376 5395 etiam
2402 5339 2475 5394 ut
2502 5333 2770 5407 irritans,
2801 5333 2948 5410 quia
2979 5331 3394 5392 necessarium
3422 5332 3514 5390 est
3540 5332 3612 5386 ut
3637 5325 3757 5387 lio-

2188 5427 2389 5488 mines
2423 5426 2619 5487 sciant
2646 5423 2952 5504 quomodo
2977 5422 3212 5503 possint
3243 5441 3317 5484 ac
3357 5420 3625 5482 debeant
3657 5436 3757 5480 ao-

2187 5519 2397 5584 tiones
2404 5535 2547 5581 suas
2568 5518 2772 5581 facere
2792 5522 2867 5579 ut
2890 5515 3118 5579 validae
3127 5516 3277 5594 sint,
3301 5513 3580 5596 alioquin
3615 5508 3762 5572 infl-
