3976 6219
784 404 918 457 GAP.
954 404 1081 456 vm.
1119 404 1200 457 DE
1231 402 1442 456 POENAE.
1469 399 1826 454 PRWATIVAE
1854 399 2250 454 Exi-:eunoun
2279 401 2446 454 ANTE
2477 400 2887 456 SENTENTIAM.
3321 399 3443 459 445

243 507 453 572 diendi
479 504 952 586 acquisitionem
981 504 1239 566 dominii
1258 549 1280 581 ,
1330 504 1611 583 sequitur
1634 502 1799 563 ohli-

242 602 410 681 gatio
451 597 843 661 restituendi.
892 598 1122 677 Estque
1164 595 1364 658 simile
1411 596 1560 656 huic
1592 610 1801 657 exem-

242 694 416 774 plum
436 693 502 753 in
521 692 703 753 Conc.
731 689 929 766 Trid.,
953 707 1098 751 sesS.
1128 691 1230 766 23,
1257 709 1310 751 c.
1340 693 1371 752 1
1395 688 1471 751 de
1494 688 1767 750 Reform.
1775 732 1797 763 ,

241 786 350 847 ubi
392 785 468 847 de
512 782 906 846 beneficiario
954 801 1082 845 non
1128 783 1433 845 residente
1477 781 1662 844 modo
1711 779 1801 840 ibi

244 877 596 959 praescripto
641 876 870 938 dicitur
898 897 914 936 ε
973 876 1219 941 Statuit
1261 881 1472 941 sancta
1515 876 1799 956 synodus,

242 989 373 1034 eum
385 988 499 1051 pro
522 976 663 1032 rata
688 970 972 1049 temporis
989 970 1254 1034 absentie
1269 971 1514 1047 fructus
1531 988 1670 1033 suos
1685 987 1804 1031 non

240 1066 460 1141 facore,
491 1080 594 1126 neo
619 1067 752 1125 tuta
775 1061 1155 1136 conscientia,
1186 1063 1318 1125 alia
1338 1062 1521 1124 etiam
1539 1062 1804 1125 declam-

241 1157 400 1220 tione
420 1175 539 1219 uon
559 1160 782 1233 secuta,
814 1155 956 1220 illos
977 1174 1175 1220 omnes
1193 1155 1314 1218 sibi
1334 1156 1590 1219 dotium
1598 1172 1794 1235 posse,

240 1255 358 1311 ete.

322 1343 421 1403 12.
455 1343 754 1407 Bcctmsio
769 1342 1078 1422 proediotoe
1101 1342 1328 1422 roquloe
1345 1343 1428 1404 ad
1438 1359 1647 1422 poenas
1667 1355 1799 1421 quoe

232 1434 513 1514 prosim
529 1437 784 1515 privant
806 1434 1037 1498 actione
1060 1434 1348 1507 humana,
1380 1451 1450 1497 σω
1469 1451 1590 1514 qua
1607 1433 1800 1513 sequi-

240 1531 346 1589 tur
373 1527 642 1608 afflictio
671 1528 959 1607 corporis.
980 1558 1063 1573 -—
1083 1526 1283 1606 Atque
1301 1545 1378 1588 ex
1405 1526 1584 1588 dictis
1600 1526 1666 1586 in
1683 1525 1802 1586 hoc

238 1620 426 1681 tertio
448 1619 731 1700 exemplo
754 1665 776 1695 ,
813 1619 1083 1698 intelligi
1109 1624 1310 1699 potest
1334 1620 1497 1681 hanc
1518 1619 1800 1699 regulam

237 1713 507 1793 positam
533 1714 611 1775 de
637 1713 838 1793 poenis
860 1713 1331 1775 consistentibus
1357 1713 1585 1775 directe
1608 1712 1675 1773 in
1698 1730 1800 1773 ac-

240 1805 410 1866 tione
436 1806 724 1882 hominis,
759 1825 904 1867 cum
938 1807 1336 1888 proportione
1366 1806 1801 1887 applicandam

237 1916 371 1959 esse
397 1898 477 1959 ad
517 1917 731 1979 poenas
763 1918 901 1979 quae
941 1900 1224 1979 proxime
1269 1901 1517 1980 privant
1560 1899 1800 1960 actione

234 1990 536 2067 humana,
586 2011 664 2054 ex
690 2010 816 2072 qua
850 1993 1196 2073 privatione
1239 1994 1515 2073 sequitur
1539 1992 1801 2072 poenalis

235 2081 495 2143 afflictio
543 2085 854 2164 corporis3
899 2104 1047 2146 nam
1090 2085 1189 2147 hae
1235 2104 1457 2166 poenae,
1508 2091 1580 2146 ut
1613 2102 1801 2166 supra

235 2176 390 2251 dixi,
418 2176 735 2238 moraliter
759 2178 1132 2257 aequivalent
1159 2179 1282 2239 illis
1310 2197 1447 2259 quse
1465 2179 1533 2240 in
1559 2179 1800 2240 actione

233 2269 601 2346 consistunt,
634 2276 697 2331 et
722 2270 861 2331 ideo
884 2271 1101 2332 eadem
1128 2271 1408 2333 doctrina
1441 2271 1522 2332 ad
1543 2271 1683 2332 illas
1710 2276 1803 2332 est

232 2362 629 2441 applicanda.
686 2363 1053 2444 Exemplum
1094 2373 1187 2426 est
1225 2365 1294 2425 in
1330 2382 1516 2445 poena
1553 2363 1798 2444 jejunii,

234 2472 382 2533 quae
431 2473 558 2517 non
611 2461 743 2517 tam
793 2455 1034 2537 agendo
1037 2501 1058 2532 ,
1116 2475 1306 2537 quam
1353 2458 1645 2533 carendo,
1695 2475 1804 2518 seu

233 2546 612 2608 abstinendo
658 2549 972 2629 impletur.
1023 2550 1167 2610 Haec
1203 2567 1350 2611 vero
1390 2567 1518 2610 non
1551 2558 1682 2610 tam
1713 2555 1806 2611 est

232 2657 427 2720 poena
454 2642 651 2703 civilis
687 2661 876 2723 quam
903 2643 1200 2704 canonica
1231 2658 1252 2720 3
1305 2648 1366 2704 et
1396 2642 1804 2704 nihilominus

233 2751 370 2794 non
409 2735 661 2796 invenio
688 2754 825 2798 eam
856 2737 989 2815 ipso
1022 2737 1165 2814 jure
1187 2735 1544 2815 impositam
1566 2736 1635 2796 in
1655 2736 1799 2815 jure

234 2830 561 2889 canonico.
612 2831 766 2891 Nam
795 2830 941 2891 licet
972 2830 1176 2905 Cord.,
1220 2830 1283 2889 d.
1324 2848 1387 2908 q.
1421 2831 1520 2904 36,
1572 2830 1652 2890 ad
1683 2829 1801 2892 hoc

232 2920 491 2999 alleget,
514 2940 567 2983 c.
587 2922 969 3002 Quicumque,
988 2924 1050 2999 6,
1070 2940 1132 3001 q.
1162 2925 1222 2997 1,
1248 2927 1311 2982 et
1328 2939 1380 2982 c.
1416 2923 1498 2985 Ut
1513 2940 1803 2985 mensuroe

234 3012 314 3074 de
339 3014 569 3093 Empti.
592 3019 654 3075 et
678 3014 941 3089 vendit„
964 3020 1025 3075 et
1045 3033 1100 3075 c.
1119 3012 1445 3093 Accepisti,
1468 3012 1545 3074 de
1566 3014 1804 3093 Sponsa

233 3104 542 3180 duorum3
570 3106 637 3166 in
660 3105 758 3167 his
782 3112 844 3168 et
860 3105 1164 3167 similibus
1181 3103 1423 3185 juribus
1444 3105 1690 3166 nullum
1712 3111 1804 3167 est

233 3198 505 3258 verbum
529 3198 811 3260 indicans
838 3199 1027 3260 talem
1055 3198 1524 3277 obligationem,
1549 3196 1649 3259 vel
1668 3215 1802 3259 sen-

231 3291 501 3351 tentiam
528 3291 719 3352 latam
731 3308 753 3369 3
778 3292 979 3353 solum
1007 3292 1174 3352 enim
1202 3290 1449 3366 dicitur,
1473 3296 1544 3353 ut
1566 3296 1802 3354 contra·

231 3383 386 3445 kens
418 3401 550 3446 oum
577 3385 807 3447 duabus
824 3429 845 3460 ,
895 3390 952 3447 et
971 3385 1261 3464 pem‘urus
1280 3431 1298 3457 ,
1347 3388 1402 3446 et
1429 3384 1804 3459 defraudans

211 3477 468 3555 justam
490 3495 851 3555 menam-am,
881 3479 1293 3559 quadraqinm
1319 3478 1445 3539 dies
1476 3477 1544 3538 in
1564 3495 1719 3557 pane
1745 3483 1800 3541 et

226 3587 399 3650 aqua
416 3573 700 3650 paniteat
717 3597 743 3644 ,·
766 3590 905 3652 quae
927 3571 1117 3633 verba
1134 3589 1262 3632 non
1283 3568 1564 3648 obligant
1588 3570 1798 3631 statim

224 3662 313 3722 ad
344 3662 520 3724 illam
551 3665 984 3743 poenitentiam
1011 3663 1339 3742 agendam,
1377 3661 1572 3723 donec
1598 3662 1795 3743 impo-

223 3760 447 3832 natur,
495 3761 567 3816 ut
610 3756 687 3817 de
726 3758 998 3838 perJurio
1045 3756 1312 3836 explicui
1348 3755 1391 3816 l.
1441 3756 1483 3816 4
1522 3757 1791 3832 Juram.,

223 3868 284 3912 c.
321 3848 442 3909 ult.
449 3895 470 3926 ,
501 3850 567 3909 in
590 3849 715 3911 fine
729 3870 747 3926 3
778 3855 841 3911 et
867 3850 1084 3911 eadem
1108 3849 1267 3910 ratio
1286 3852 1383 3910 est
1408 3848 1486 3910 de
1511 3849 1790 3929 reliquis.

227 3944 440 4022 Igitur
465 3944 533 4004 in
559 3944 705 4023 jure
741 3945 1060 4006 communi
1099 3963 1227 4005 non
1266 3942 1568 4004 habemus
1608 3942 1796 4021 huJus

221 4037 323 4098 rei
346 4038 739 4117 exemplum3
766 4044 977 4100 tamen
995 4038 1064 4098 in
1091 4036 1323 4115 regulis
1343 4034 1643 4112 religiosis
1659 4053 1798 4114 pos-

224 4136 327 4192 set
369 4129 551 4192 facile
598 4130 881 4210 reperiri,
933 4130 1001 4190 in
1048 4130 1275 4208 quibus
1312 4127 1615 4188 servanda
1654 4134 1800 4189 sunt

227 4239 384 4302 quae
406 4240 593 4302 supra
618 4223 696 4284 de
716 4221 854 4282 aliis
881 4220 1229 4283 actionibus
1261 4217 1606 4299 poenalibus
1630 4218 1797 4280 dixi-

221 4333 403 4376 mus.

310 4411 343 4467 1
356 4409 415 4468 3.
440 4408 533 4469 De
542 4422 714 4487 pana
736 4408 930 4483 famis
952 4424 1136 4488 usque
1158 4409 1241 4469 ad
1256 4405 1799 4470 mortem—Aliud

219 4498 591 4578 exemplum
613 4498 801 4579 hujus
827 4518 1027 4580 poenae
1055 4505 1149 4561 est
1179 4499 1255 4561 de
1281 4499 1469 4576 fame,
1501 4504 1564 4561 et
1588 4517 1800 4562 caren-

213 4593 316 4655 tia
370 4593 494 4654 cihi
544 4593 903 4656 sustinenda
946 4612 1139 4674 usque
1182 4594 1262 4655 ad
1295 4600 1560 4656 mortem
1584 4610 1607 4673 3
1635 4594 1798 4655 hanc

213 4686 403 4749 enim
432 4704 683 4766 poenam
707 4686 1024 4748 interdum
1058 4686 1226 4766 leges
1261 4687 1635 4767 imponunt:
1664 4693 1796 4748 tam

210 4779 455 4842 acerba
471 4786 678 4841 autem
708 4785 822 4857 est,
854 4785 924 4841 ut
951 4797 1078 4841 non
1106 4780 1297 4860 possit
1328 4779 1461 4860 ipso
1491 4779 1653 4841 facto
1679 4781 1796 4842 im-

209 4870 404 4956 poni.
425 4873 556 4933 Imo
579 4873 769 4934 etiam
785 4872 969 4934 credo
982 4891 1096 4934 nec
1111 4890 1224 4953 per
1245 4873 1616 4934 sententiam
1632 4873 1796 4952 judi-

208 4967 310 5029 cis
341 4963 609 5044 obligari
634 4966 953 5028 hominem
997 4967 1066 5027 in
1111 4966 1484 5028 conscientia
1505 4966 1584 5027 ad
1617 4966 1792 5027 illam

204 5057 633 5138 implendam,
665 5058 719 5120 si
747 5059 1067 5120 comedere
1113 5059 1323 5139 possit.
1372 5057 1541 5120 Solet
1580 5064 1792 5120 autem

205 5152 487 5236 quaestio
515 5170 644 5215 esse
670 5171 752 5214 an
777 5159 928 5214 tunc
953 5152 1142 5233 possit
1167 5171 1296 5214 non
1337 5153 1680 5230 comedere,
1729 5158 1793 5215 et

204 5248 433 5311 sinere
456 5264 521 5307 se
544 5246 728 5323 mori,
746 5245 799 5306 si
820 5245 1083 5307 facultas
1102 5250 1389 5326 suppetat
1405 5246 1787 5322 comedendi,

203 5357 365 5423 quae
387 5338 468 5399 ad
494 5340 821 5400 materiam
854 5338 931 5400 de
960 5338 1297 5400 homicidio
1325 5343 1578 5419 spectat.
1584 5383 1606 5415 ,
1637 5340 1697 5400 2.
1725 5340 1789 5415 2,

201 5454 274 5516 q.
308 5432 420 5494 64.
453 5432 639 5493 Aliud
674 5432 941 5512 denique
974 5431 1327 5511 exemplum
1360 5437 1451 5494 est
1489 5431 1565 5493 de
1608 5449 1795 5511 poena

202 5524 639 5610 permanendi
663 5524 732 5589 in
767 5542 1034 5605 carcere,
1063 5524 1164 5590 vel
1190 5524 1399 5610 aliquo
1438 5524 1573 5591 loco
1582 5539 1606 5606 3
1643 5541 1795 5592 nam

1878 501 1985 562 illa
2010 502 2199 564 etiam
2227 502 2564 564 sustinetur
2589 520 2701 581 per
2721 501 3136 582 privationem
3156 502 3440 579 actionis,

1879 595 2129 670 scilicet,
2155 614 2283 657 non
2314 594 2635 674 fugiendo,
2669 600 2730 657 et
2754 595 2889 656 haec
2916 594 3103 656 etiam
3131 612 3260 654 non
3288 595 3444 657 solet

1879 687 2119 768 imponi
2142 706 2252 768 per
2268 689 2495 768 legem,
2510 688 2618 750 sed
2636 705 2747 768 per
2764 688 3128 749 mandatum
3145 686 3439 765 hominis3

1883 780 1960 842 de
1988 799 2114 861 quo
2140 781 2389 861 quando
2417 781 2671 861 ponitur
2702 781 2770 842 in
2801 780 2993 842 solam
3028 797 3303 860 poenam,
3342 779 3445 842 vel

1883 873 1952 935 in
1968 874 2185 936 ordine
2205 874 2286 936 ad
2309 874 2502 935 solam
2528 874 2939 954 punitionem,
2964 873 3224 935 dubium
3249 878 3341 935 est
3360 892 3443 935 an

1881 968 2071 1046 possit
2117 967 2391 1045 obligare
2431 968 2499 1027 in
2541 966 2935 1042 conscientia,
2971 967 3047 1029 de
3093 985 3215 1047 quo
3264 966 3438 1030 alias·

1883 1060 2040 1120 Nam
2071 1060 2236 1139 quod
2263 1060 2341 1121 ad
2369 1078 2481 1121 nos
2506 1060 2750 1136 attinet,
2795 1059 2963 1139 leges
2989 1077 3100 1139 per
3129 1078 3193 1121 se
3220 1060 3302 1121 ad
3327 1059 3446 1121 hoc

1879 1171 2008 1214 non
2035 1153 2313 1232 obligant
2338 1153 2405 1213 in
2439 1154 2834 1229 conscientia,
2884 1153 3154 1214 maxime
3194 1152 3453 1233 quando·

1877 1264 2066 1326 grave
2109 1247 2411 1308 damnum
2437 1246 2584 1308 inde
2636 1248 2932 1325 timetur-3
2961 1246 3238 1309 absolute
3272 1247 3444 1308 enim

1879 1339 2164 1400 existimo
2205 1358 2333 1400 non
2360 1357 2489 1401 esse
2515 1340 2582 1399 in
2611 1357 2728 1400 usu
2763 1339 2916 1400 tales
2952 1339 3142 1417 legeS,
3174 1344 3251 1400 ,et
3303 1338 3443 1400 ideo

1878 1431 2039 1493 nihil
2061 1432 2326 1512 amplius
2346 1431 2421 1493 de
2444 1432 2567 1492 illis
2590 1433 2658 1492 in
2672 1432 2955 1511 praesenti
2979 1431 3179 1493 dicere
3198 1447 3444 1492 necesse

1878 1529 1993 1587 est.
2029 1527 2182 1587 Nam
2210 1543 2348 1604 quae
2374 1525 2625 1586 tractari
2653 1523 2854 1586 solent
2879 1524 2955 1585 de
2976 1525 3145 1602 justa
3170 1523 3443 1603 punitio-

1880 1636 1961 1680 ne
1983 1618 2075 1680 rei
2106 1617 2405 1697 fugientis
2439 1637 2474 1681 e
2503 1636 2742 1681 carcere
2769 1618 2836 1678 in
2864 1619 2925 1680 2.
2958 1620 2997 1679 2
3032 1618 3266 1680 hahent
3299 1633 3444 1697 pro-

1879 1710 2088 1791 prium
2113 1710 2344 1788 locum,
2375 1731 2438 1792 q.
2463 1712 2566 1787 69,
2590 1717 2709 1774 art.
2735 1713 2798 1773 4.

2439 1899 2688 1961 CAPUT
2723 1900 2881 1962 vlu.

1878 2100 1995 2148 mx
2045 2101 2334 2148 mromffls
2382 2102 2602 2149 mmm
2650 2098 3043 2149 Parvartvffl-
3068 2100 3192 2148 11’80
3230 2101 3438 2162 new,

1959 2194 2190 2248 QUANDO
2229 2196 2472 2242 onmem·
2509 2196 2572 2242 IN
2616 2195 2993 2242 GONscnmm
3016 2195 3099 2241 An
3127 2194 3445 2241 mumo-

1959 2288 2088 2336 Nm
2116 2289 2253 2335 Esus
2275 2289 2434 2337 ANTE
2458 2289 2856 2336 summm.

1965 2461 2022 2519 1.
2043 2457 2283 2533 Quoties
2301 2459 2369 2522 in
2392 2477 2608 2523 canone
2616 2477 2923 2523 censuram
2933 2460 3158 2537 serente
3170 2460 3440 2534 additur,

1883 2548 2015 2629 ipso
2029 2550 2194 2629 jure,
2219 2549 2319 2612 vel
2354 2550 2488 2631 ipso
2517 2551 2699 2629 fact0,
2732 2558 2841 2613 aut
2870 2552 3019 2632 quid
3053 2551 3277 2627 simile,
3324 2570 3446 2616 osso

1883 2660 2159 2705 canonem
2181 2644 2326 2706 latoe
2347 2644 2954 2706 sententia—Venio
2981 2644 3061 2704 ad
3088 2661 3301 2722 poenas
3318 2645 3446 2724 pri-

1878 2735 2117 2796 vativas
2159 2738 2251 2814 (ut
2279 2736 2690 2797 communiter
2726 2735 3143 2815 appellantur)
3171 2754 3309 2816 quae
3335 2755 3446 2817 per

1878 2827 2078 2906 ipsam
2101 2827 2304 2906 legem
2332 2828 2691 2889 immediate
2727 2827 2859 2889 fieri
2895 2834 3170 2907 possunt,
3202 2847 3355 2908 quas
3377 2830 3445 2889 in

1879 2925 2006 2981 tres
2039 2920 2260 2981 classes
2299 2919 2635 2998 distinguo.
2677 2922 2747 2981 In
2776 2921 2978 3000 prima
3019 2937 3184 3000 pono
3229 2939 3446 2982 censu-

1882 3029 2014 3087 ras3
2039 3012 2105 3072 in
2133 3012 2400 3072 secunda
2420 3012 2797 3091 privationes
2812 3013 3137 3093 quasdam,
3160 3032 3297 3092 quse
3315 3031 3445 3075 non

1881 3111 2343 3183 consequuntur
2367 3123 2549 3166 suum
2578 3103 2836 3185 plenum
2875 3106 3161 3167 effectum
3182 3107 3316 3168 sine
3344 3126 3444 3167 ac-

1879 3197 2052 3258 tione
2069 3197 2364 3272 hominis,
2386 3202 2455 3258 ut
2482 3204 2627 3258 sunt
2645 3198 2908 3277 privatio
2934 3198 3219 3259 beneficii
3238 3200 3442 3278 acqui-

1880 3292 2006 3368 siti,
2032 3292 2134 3354 vel
2160 3292 2552 3371 propriorum
2589 3292 2925 3368 bonorum3
2956 3293 3023 3354 in
3056 3293 3242 3354 tertia
3269 3311 3441 3353 cons-

1882 3384 2041 3446 tituo
2064 3384 2364 3464 quasdam
2393 3385 2791 3464 privationes,
2816 3404 2955 3465 quoe
2982 3404 3093 3465 per
3112 3384 3315 3465 legem
3346 3404 3442 3447 so—

1878 3476 2006 3538 lam
2036 3478 2278 3557 integre
2329 3477 2511 3552 fiunt,
2559 3483 2623 3539 et
2669 3495 2797 3539 non
2847 3479 3173 3557 requirunt
3220 3497 3332 3558 per
3377 3498 3442 3541 se

1876 3570 2150 3651 aliquam
2170 3570 2475 3632 actionem
2503 3571 2797 3647 hominis,
2832 3589 2947 3633 nec
2979 3571 3058 3633 ad
3081 3572 3254 3632 illam
3289 3572 3444 3633 ohli-

1876 3670 2051 3744 gant,
2082 3665 2190 3726 sed
2216 3663 2417 3725 solum
2444 3663 2522 3724 ad
2551 3664 2990 3726 abstinendum
3010 3664 3089 3726 ab
3115 3665 3324 3745 aliqua
3344 3684 3443 3727 re-

1875 3758 2179 3837 ceptione,
2210 3757 2311 3820 vel
2348 3757 2610 3833 actione,
2635 3763 2707 3819 ut
2733 3756 3093 3819 inhabilitas
3120 3757 3199 3819 ad
3230 3759 3443 3820 matri-

1874 3852 2181 3925 monium,
2213 3851 2292 3912 ad
2334 3849 2727 3926 beneficium,
2757 3851 2837 3912 ad
2869 3851 3197 3913 ferendum
3227 3852 3444 3915 suffra-

1876 3942 2073 4021 gium,
2097 3947 2160 4003 et
2181 3942 2428 4004 similia.
2460 3943 2537 4003 Et
2563 3943 2630 4003 in
2652 3942 2769 4003 hoc
2799 3945 2982 4004 tertio
3002 3945 3218 4005 ordine
3242 3953 3444 4025 posset

1878 4035 2320 4114 comprehendi
2345 4035 2766 4114 irregularitas
2778 4051 2800 4112 3
2831 4035 3005 4096 illam
3025 4054 3174 4098 vero
3195 4039 3439 4114 omitto,

1877 4128 2046 4207 quia,
2088 4140 2158 4188 ut
2198 4145 2384 4205 supra
2431 4127 2583 4203 dixi,
2633 4127 3058 4205 irregularitas
3091 4129 3232 4190 talis
3258 4147 3444 4210 poena

1878 4225 1991 4296 est,
2039 4224 2111 4280 ut
2140 4236 2465 4298 nunquam
2512 4220 2635 4279 nisi
2676 4220 2808 4300 ipso
2855 4220 3017 4282 facto
3062 4222 3440 4298 incurratur,

1878 4320 1939 4376 et
1972 4315 2124 4376 ideo
2157 4314 2733 4394 quomodocumque
2785 4315 3021 4377 feratur
3039 4363 3061 4394 ,
3112 4317 3245 4396 ipso
3299 4319 3442 4397 jure

1877 4408 2119 4487 imponi
2165 4413 2472 4484 censetur,
2516 4412 2580 4469 et
2621 4407 2854 4468 incurri
2883 4419 3027 4471 ante
3069 4410 3443 4471 sententiam

1879 4500 2367 4577 declaratoriam,
2408 4501 2530 4561 nisi
2566 4502 2907 4562 necessaria
2937 4502 3038 4579 sit,
3081 4508 3154 4563 ut
3181 4503 3442 4564 infamia

1879 4595 2280 4673 compleatur,
2323 4598 2395 4653 ut
2421 4593 2488 4656 in
2520 4594 2771 4673 propria
2803 4594 3064 4656 materia
3104 4594 3287 4656 latius
3314 4596 3441 4656 dic-

1874 4692 2011 4748 tum
2032 4692 2145 4749 est.
2176 4688 2262 4749 De
2285 4686 2556 4747 censuris
2584 4687 2772 4747 etiam
2799 4688 2868 4749 in
2901 4687 3259 4768 particulari
3284 4687 3442 4748 dixi-

1875 4798 2015 4846 mus
2042 4786 2088 4842 t.
2128 4783 2189 4857 5,
2218 4780 2288 4840 111
2325 4781 2364 4841 3
2396 4797 2486 4859 p.,
2532 4778 2687 4859 disp.
2721 4782 2781 4856 3,
2818 4786 2967 4842 sect.
3007 4782 3069 4858 3,
3111 4780 3221 4841 ubi
3255 4798 3443 4860 gene-

1873 4873 2087 4935 raliter
2112 4872 2405 4948 diximus,
2433 4872 2599 4934 inter
2625 4890 2841 4934 omnes
2869 4892 3083 4953 poenas
3104 4873 3441 4953 privativas

1870 4983 2157 5028 censuras
2179 4983 2332 5040 esse,
2355 4983 2492 5046 quae
2510 4966 2738 5027 certius
2764 4971 2826 5028 et
2851 4966 3441 5028 faciliusincurrun-

1870 5065 1975 5121 tur
1992 5065 2296 5140 quantum
2314 5059 2393 5120 ad
2411 5059 2851 5120 conscientiam
2868 5060 3061 5139 ipsius
3078 5059 3442 5140 delinquen-

1869 5153 1951 5214 tis
1974 5153 2108 5232 ipso
2126 5151 2291 5213 facto
2314 5158 2377 5213 et
2402 5158 2548 5214 ante
2567 5170 2819 5214 omnem
2838 5153 3209 5214 sententiam
3240 5152 3440 5215 decla-

1871 5247 2169 5308 ratoriam
2191 5245 2507 5323 criminis3
2537 5245 2801 5325 ideoque
2829 5246 3069 5326 quoties
3108 5246 3177 5306 in
3205 5264 3439 5308 canone

1874 5357 2199 5402 censuram
2226 5339 2463 5402 ferente
2494 5337 2744 5399 additur
2783 5339 2913 5419 ipso
2931 5339 3101 5418 jan-o,
3140 5339 3260 5413 vel,
3306 5340 3438 5420 ipso

1874 5436 2065 5511 sacto,
2090 5437 2199 5493 aut
2229 5431 2379 5510 quid
2406 5430 2631 5506 simile,
2663 5448 2793 5493 esse
2821 5449 3122 5494 canonem
3139 5431 3279 5493 latae
3303 5450 3441 5493 sen-

1874 5524 2104 5589 tentiae.
2138 5524 2288 5600 Quae
2306 5529 2399 5589 est
2424 5524 2775 5589 communis
2814 5524 3095 5590 doctrina
3131 5524 3263 5589 fere
3305 5524 3439 5589 sine
