3976 6219
897 441 1032 497 cAr.
1067 443 1241 497 xxvl.
1277 440 1498 508 omnus
1529 440 1749 497 vERms
1781 438 1908 495 Am·
1941 437 2128 495 noms
2158 440 2281 495 Lex
2312 429 2673 506 cucumam,
2708 440 2842 494 mc.

251 544 473 607 omnia
500 562 638 624 quae
666 551 880 606 contra
912 564 1305 607 communem
1328 547 1698 607 sententiam
1721 544 1828 605 ad-

251 638 574 698 duximus,
629 639 815 700 Recte
833 656 982 716 ergo
1004 638 1393 699 concluditur
1413 638 1614 717 legem
1638 639 1825 698 latam

146 797 150 800 ,
251 749 373 810 per
400 730 598 791 solum
632 730 786 790 illud
813 731 1073 792 verbum
1103 749 1176 791 ex
1206 737 1430 792 natura
1469 730 1561 791 rei
1590 748 1713 790 non
1747 730 1829 789 ir-

251 825 449 884 ritare
476 829 683 885 actum
711 841 897 904 quem
923 823 1228 903 prohibet.

339 918 442 977 24.
487 917 571 978 In
621 918 844 979 odiosis
877 934 946 980 ao
983 917 1236 995 proinde
1282 917 1350 977 in
1376 915 1829 978 irritationibus

256 1026 383 1071 esse
413 1009 893 1088 restrinyondam
922 1010 1119 1089 quoad
1134 1012 1329 1087 potest
1347 1007 1516 1069 intra
1557 1009 1830 1087 proprie·

259 1108 444 1165 tatem
487 1103 817 1164 verborwm.
848 1136 931 1148 —
952 1103 1029 1162 Et
1075 1101 1429 1162 confirmari
1472 1107 1672 1180 potest
1699 1102 1830 1164 haec

257 1195 421 1256 ratio
453 1213 528 1255 ex
551 1194 657 1254 illo
684 1194 988 1274 principio
1010 1194 1190 1254 valde
1218 1199 1630 1255 consentaneo
1649 1200 1831 1256 natu-

259 1287 383 1347 rali
409 1286 658 1355 lumini,
692 1287 939 1367 quodin
967 1286 1226 1347 materia
1245 1284 1456 1346 odiosa
1477 1284 1667 1347 verba
1687 1292 1833 1347 sunt

261 1381 693 1458 restringenda
742 1380 944 1460 quoad
987 1380 1122 1441 fieri
1171 1379 1359 1459 possit
1400 1380 1566 1440 intra
1615 1397 1831 1441 eorum

263 1473 667 1552 proprietates
685 1519 704 1547 ,
761 1474 965 1553 potius
1010 1489 1200 1552 quam
1244 1472 1666 1547 extendenda3
1727 1470 1833 1532 sed

265 1565 531 1626 irritatio
564 1572 737 1626 actus
767 1572 858 1626 est
887 1566 1065 1627 valde
1108 1565 1316 1626 odiosa
1352 1570 1414 1626 et
1441 1564 1618 1626 valde
1642 1584 1833 1644 repu-

265 1676 466 1737 gnans
487 1665 750 1734 naturae,
772 1658 919 1738 quia
941 1657 1395 1738 quodammodo
1418 1657 1620 1719 aufert
1641 1657 1835 1737 quod-

264 1751 411 1811 dam
440 1752 723 1813 naturale
744 1752 870 1830 jus,
901 1751 1084 1812 modo
1109 1752 1175 1811 in
1197 1750 1614 1830 superioribus
1636 1750 1834 1829 expli-

266 1849 440 1921 cato3
494 1863 641 1923 ergo
698 1863 825 1905 non
877 1844 1061 1906 debet
1108 1843 1357 1905 extendi
1390 1844 1651 1904 verbum
1694 1861 1836 1924 pro-

265 1936 523 1997 hibendi
569 1939 646 1998 ad
695 1939 861 1999 hunc
906 1938 1192 1999 effectum
1244 1954 1431 2017 quem
1472 1936 1550 1998 de
1596 1955 1660 1998 se
1708 1954 1835 1997 non

267 2030 596 2108 significat,
644 2031 764 2091 nisi
791 2032 913 2092 alia
943 2032 1155 2106 verba,
1193 2030 1293 2091 vel
1320 2030 1592 2091 materiae
1632 2046 1839 2091 neces-

271 2122 418 2182 sitas
455 2129 654 2201 cogat.
688 2124 875 2184 Juvat
911 2124 1102 2184 etiam
1135 2123 1214 2184 ad
1242 2123 1359 2183 hoc
1400 2121 1668 2183 secundo
1691 2140 1839 2183 con-

268 2213 646 2275 firmandum
694 2215 909 2294 regula
948 2219 1051 2292 75,
1094 2216 1161 2275 111
1190 2217 1268 2276 6:
1309 2213 1534 2278 Contra
1575 2233 1705 2276 mm
1733 2215 1839 2295 qui

270 2308 451 2386 leyem
490 2308 680 2370 dicere
713 2311 918 2387 potuit
962 2310 1256 2387 apertiaS,
1304 2312 1390 2369 est
1422 2308 1838 2385 interpretatio

273 2400 578 2475 facienda,
617 2418 752 2478 quse
775 2401 985 2478 juvari
1014 2401 1203 2462 etiam
1233 2400 1300 2460 in
1324 2400 1624 2480 praesenti
1641 2405 1841 2479 potest

271 2510 348 2553 ex
367 2494 582 2571 regula
603 2496 680 2554 30
705 2516 718 2553 :
757 2495 839 2555 In
867 2496 1131 2556 obscuris
1151 2495 1467 2556 minimum
1492 2499 1577 2556 est
1605 2512 1842 2575 sequen-

273 2587 435 2648 dum.
473 2585 541 2646 ln
573 2587 862 2665 praesenti
896 2587 1064 2646 enim
1100 2604 1229 2645 non
1274 2592 1363 2647 cst
1392 2586 1652 2646 dubium
1688 2588 1841 2665 quin

273 2680 572 2758 potuisset
596 2679 907 2758 legislator
934 2678 1279 2758 exprimere
1299 2678 1526 2738 clarius
1550 2678 1843 2739 irritatio-

273 2790 442 2847 nem,
496 2773 547 2831 si
590 2790 727 2831 eam
765 2771 1172 2846 intendebat3
1214 2770 1427 2830 debuit
1471 2787 1619 2848 ergo
1656 2769 1721 2830 id
1747 2771 1840 2831 fa-

276 2881 410 2924 cere
452 2863 598 2941 quia
635 2863 834 2923 solum
862 2861 1123 2923 verbum
1160 2860 1590 2940 prohibitionis
1617 2862 1695 2921 ad
1722 2863 1840 2922 mi-

275 2956 518 3015 nimum
550 2961 642 3016 est
673 2955 1040 3034 ambiguum
1066 2970 1087 3031 3
1127 2971 1274 3032 ergo
1317 2953 1370 3012 si
1413 2951 1478 3011 id
1516 2970 1644 3012 non
1672 2953 1839 3030 fecit,

278 3049 501 3109 merito
551 3047 1034 3128 interpretamur
1086 3046 1151 3106 id
1200 3063 1327 3105 non
1373 3042 1734 3121 intendisse,
1782 3049 1846 3106 et

278 3143 610 3203 minimum
648 3142 964 3221 sequimur
1002 3138 1327 3201 tribuendo
1361 3137 1454 3198 illi
1492 3138 1617 3216 legi
1659 3138 1845 3198 mini-

278 3253 450 3295 mum
479 3234 767 3295 effectum
801 3251 988 3313 quem
1022 3249 1100 3293 ex
1123 3232 1188 3292 vi
1216 3230 1356 3291 talis
1396 3229 1573 3290 verbi
1614 3228 1846 3291 habere

276 3328 521 3407 poterit.
556 3326 926 3388 Confirmari
951 3325 1070 3385 hoc
1097 3323 1286 3384 etiam
1320 3326 1541 3400 potest,
1587 3322 1736 3401 quia
1763 3323 1847 3382 ir-

279 3420 484 3481 ritatio
507 3439 645 3500 quse
667 3425 918 3500 propter
957 3418 1160 3496 legem
1186 3415 1481 3478 violatam
1508 3413 1848 3476 incurritur

281 3514 538 3591 poenalis
568 3519 682 3589 est,
719 3531 904 3593 poena
931 3516 1142 3572 autem
1179 3527 1305 3570 non
1349 3505 1683 3568 incurritur
1711 3507 1845 3585 ipso

280 3604 459 3682 fact0,
496 3606 617 3667 nisi
638 3606 704 3666 in
732 3606 868 3683 lege
895 3604 1301 3683 exprimatur,
1329 3617 1477 3678 ergo
1506 3616 1621 3659 nec
1642 3600 1847 3660 irrita-

282 3699 390 3758 tio.
413 3700 593 3773 Nam,
622 3704 694 3759 ut
712 3704 876 3758 recte
898 3697 1054 3758 dixit
1083 3696 1291 3756 Innoc.
1319 3694 1388 3753 in
1416 3709 1551 3770 cap.
1581 3690 1664 3755 Si
1685 3709 1841 3768 vere,

282 3791 357 3852 de
380 3792 658 3852 Sentent.
693 3808 1026 3863 excomm„
1070 3807 1137 3848 n.
1165 3790 1227 3861 Ξ,
1254 3804 1381 3846 11011
1421 3789 1514 3845 est
1545 3783 1846 3844 naturalis

282 3900 465 3964 poena
490 3883 989 3943 contrahentium
1017 3884 1231 3941 contra
1246 3878 1474 3955 legem,
1505 3875 1605 3935 vel
1633 3879 1848 3936 contra

281 3974 646 4036 mandatum
689 3974 1018 4053 principis,
1061 3978 1133 4032 ut
1182 3970 1430 4029 irritum
1483 3967 1563 4027 sit
1611 3966 1847 4027 factum

282 4074 493 4130 contra
537 4069 663 4146 jus.
714 4065 889 4139 Quod
949 4063 1339 4124 verissimum
1385 4065 1498 4134 est,
1544 4058 1846 4138 quidquid

282 4162 441 4222 Deci.
497 4165 559 4220 et
604 4158 778 4218 Bald.
825 4173 1011 4234 supra
1055 4153 1226 4214 citati
1253 4153 1485 4226 dicant,
1525 4156 1662 4211 tum
1699 4151 1849 4230 quia

281 4251 456 4313 nulla
491 4250 652 4310 ratio
680 4249 821 4309 talis
857 4245 1387 4308 connaturalitatis
1428 4243 1615 4322 hujus
1647 4261 1846 4322 poenae

284 4342 454 4405 reddi
498 4347 722 4422 potest,
768 4346 906 4400 tum
956 4339 1145 4400 etiam
1195 4337 1343 4416 quia
1391 4337 1492 4398 lex
1541 4335 1845 4398 naturalis

283 4436 479 4497 multa
517 4433 804 4516 prohibet
828 4431 964 4493 fieri
997 4449 1133 4511 quae
1165 4448 1293 4491 non
1338 4429 1580 4506 irritat3
1623 4429 1749 4487 imo
1775 4432 1848 4489 ut

284 4529 502 4605 irritet,
544 4544 789 4590 necesse
823 4531 915 4587 est
955 4531 1024 4586 ut
1056 4523 1317 4585 materia
1340 4529 1539 4601 cogat,
1569 4526 1640 4581 ut
1662 4539 1848 4600 supra

285 4623 483 4683 visum
508 4629 598 4683 est
626 4637 646 4698 3
678 4637 826 4699 ergo
854 4619 1021 4680 idem
1053 4617 1256 4678 dicere
1289 4616 1584 4677 debemus
1611 4614 1688 4676 de
1709 4615 1847 4693 lege

283 4717 547 4796 positiva
575 4733 650 4775 ex
678 4718 901 4774 natura
922 4711 1015 4773 rei
1034 4709 1364 4790 loquendo.

360 4812 460 4871 25.
510 4807 770 4884 Satissit
797 4805 1029 4868 rationi
1056 4803 1371 4867 dubitandi
1378 4802 1687 4880 .—Neque
1698 4819 1846 4862 con-

286 4908 380 4963 tra
400 4901 837 4962 resolutionem
854 4898 1013 4959 hanc
1031 4898 1306 4977 procedit
1323 4897 1524 4976 prima
1546 4896 1703 4956 ratio
1730 4895 1846 4955 du-

283 4992 522 5054 bitandi
546 4993 612 5052 in
639 4991 943 5070 principio
962 4989 1182 5069 posita,
1213 4989 1359 5068 quia
1384 4992 1515 5048 tota
1545 4986 1846 5047 fundatur

285 5087 350 5146 in
378 5087 516 5164 jure
539 5083 828 5164 positivo,
866 5082 942 5143 de
971 5100 1094 5161 quo
1127 5086 1338 5161 postea
1369 5080 1700 5141 dicendum
1728 5085 1840 5140 est.

285 5177 376 5238 Ad
412 5178 836 5238 inductionem
870 5182 1077 5236 autem
1105 5193 1240 5254 quoe
1263 5173 1333 5234 fit
1351 5174 1417 5234 in
1448 5172 1716 5234 secundo
1748 5191 1847 5233 ar·

285 5275 603 5348 gument0,
647 5267 880 5348 patebit
918 5268 1231 5347 responsio
1271 5285 1347 5328 ex
1370 5266 1609 5327 duobus
1633 5265 1848 5345 capiti-

285 5362 396 5422 bus
430 5360 848 5440 sequentibuS.
881 5360 974 5420 Ad
1012 5360 1320 5420 rationem
1347 5376 1493 5419 vero
1510 5360 1693 5419 tertio
1713 5359 1847 5418 loco

283 5455 679 5534 propositam,
711 5453 1117 5531 respondetur
1132 5453 1511 5513 voluntatem
1541 5451 1849 5512 inferioris

286 5565 410 5608 non
455 5548 788 5628 praevalere
843 5553 1057 5607 contra
1097 5546 1480 5608 voluntatem
1523 5546 1851 5625 superioris

1905 542 1976 603 in
2006 561 2078 604 eo
2107 542 2175 604 in
2199 561 2321 623 quo
2343 543 2437 605 illi
2454 542 2706 619 resistit,
2729 540 2832 603 sed
2855 537 3057 601 solum
3077 538 3146 601 in
3167 557 3241 604 eo
3259 542 3328 603 in
3350 563 3474 624 quo

1907 636 2186 715 superior
2212 655 2341 698 non
2366 636 2597 698 resistit
2626 652 2645 714 3
2676 641 2747 696 ut
2767 635 2836 695 111
2855 634 3165 714 praesenti,
3196 637 3346 715 quia
3372 656 3474 699 su-

1906 730 2114 810 perior
2155 730 2441 808 prohibet
2483 735 2714 805 actum,
2757 746 2885 790 non
2917 733 3118 808 potest
3149 728 3241 790 illi
3265 730 3477 791 subdi-

1907 828 2007 883 tus
2043 822 2323 884 resistere
2356 824 2510 903 quin
2533 826 2764 903 peccet,
2801 827 2863 884 et
2888 820 3175 893 similiter
3210 822 3263 884 si
3295 841 3475 905 supe-

1908 915 2039 976 rior
2064 914 2336 977 irritaret
2357 921 2589 992 actum,
2620 934 2747 977 non
2778 922 2982 997 posset
3006 915 3264 979 inferior
3292 917 3475 980 illum

1908 1006 2113 1069 valide
2159 1008 2420 1070 efficere.
2462 1010 2720 1086 Tamen,
2751 1009 2898 1089 quia
2932 1026 3045 1088 per
3084 1008 3288 1089 legem
3319 1029 3474 1091 pure

1910 1099 2340 1179 prohibentem
2391 1120 2469 1164 ex
2512 1106 2737 1163 natura
2786 1100 2878 1164 rei
2925 1102 3207 1182 superior
3248 1103 3479 1165 resistit

1911 1193 2218 1256 honestati
2248 1201 2312 1257 et
2334 1195 2608 1257 libertati
2640 1200 2834 1271 actus,
2864 1212 2992 1256 non
3016 1200 3228 1258 tamen
3253 1196 3473 1276 valori,

1911 1286 2074 1362 iden,
2120 1287 2266 1348 licet
2304 1293 2477 1349 actus
2504 1288 2667 1350 male
2708 1287 2841 1364 fiat,
2877 1286 3117 1349 validus
3144 1294 3237 1350 est
3258 1305 3280 1367 3
3304 1290 3480 1370 quia

1912 1385 1983 1441 111
2014 1386 2184 1442 actus
2205 1381 2408 1443 valeat
2432 1399 2561 1443 non
2584 1387 2675 1443 est
2702 1381 3137 1459 necessarium,
3166 1401 3279 1463 per
3304 1401 3369 1445 se
3390 1384 3481 1445 lo-

1913 1473 2184 1554 quondo,
2240 1480 2312 1534 ut
2352 1475 2682 1554 superioris
2708 1475 2995 1536 voluntas
3012 1474 3112 1536 vel
3132 1475 3481 1538 humanum

1906 1566 2011 1645 jus
2030 1566 2210 1644 juvet
2247 1566 2348 1627 vel
2387 1567 2625 1628 assistat
2650 1566 2743 1627 illi
2771 1568 3054 1646 positive,
3084 1568 3190 1630 sed
3217 1569 3363 1629 satis
3391 1574 3483 1630 est

1914 1658 2082 1737 quod
2104 1677 2232 1720 non
2254 1660 2497 1720 resistat
2522 1659 2844 1721 irritando.
2872 1661 3027 1734 Quia
3047 1661 3333 1722 voluntas
3367 1661 3484 1721 hu-

1914 1768 2103 1812 mana
2144 1769 2221 1813 ex
2250 1752 2395 1830 jure
2430 1758 2668 1813 naturae
2698 1752 2886 1813 habet
2913 1753 3075 1813 hanc
3120 1758 3485 1832 potestatem

1915 1843 2345 1919 contrahendi,
2380 1843 2677 1920 donandi,
2705 1850 2766 1906 et
2792 1845 2916 1906 alia
2947 1844 3173 1906 similia
3192 1845 3483 1923 faciendi,

1916 1935 2195 2014 quandiu
2235 1954 2348 2016 per
2381 1936 2757 2016 superiorem
2784 1936 2916 2015 ejus
2945 1935 3203 1998 facultas
3238 1956 3367 1999 non
3395 1943 3489 2000 est

1917 2027 2147 2104 ablata,
2184 2028 2284 2090 vel
2324 2029 2645 2109 impedita,
2692 2030 2880 2091 etiam
2913 2030 3117 2110 quoad
3143 2029 3340 2110 ipsam
3373 2049 3488 2110 po-

1915 2127 2207 2183 testatem
2232 2127 2294 2184 et
2321 2123 2594 2184 valorem
2639 2128 2832 2184 actus.
2865 2123 2941 2183 Et
2966 2122 3107 2184 ideo
3129 2141 3259 2184 non
3287 2124 3490 2186 obstat

1919 2215 2086 2294 quod
2118 2220 2287 2276 actus
2317 2214 2518 2276 malus
2556 2216 2667 2275 sit:
2708 2232 2857 2276 nam
2880 2232 2990 2294 per
3014 2220 3224 2277 actum
3251 2217 3490 2278 malum

1920 2312 2178 2385 possunt
2221 2305 2452 2368 similes
2493 2306 2747 2368 eflectus
2781 2305 2984 2367 valide
3011 2305 3171 2383 fieri,
3192 2311 3265 2368 ut
3289 2325 3400 2387 per
3425 2325 3493 2370 se

1920 2405 2202 2474 constat3
2250 2399 2378 2460 imo
2420 2418 2578 2479 saepe
2630 2400 2733 2478 jus
2779 2405 2841 2461 et
2884 2400 3042 2461 Deus
3080 2401 3210 2480 ipse
3265 2402 3494 2462 assistit

1921 2493 2088 2553 actui
2131 2492 2334 2571 quoad
2383 2492 2656 2553 valorem
2699 2497 2761 2553 et
2805 2491 3090 2553 effectum
3138 2492 3295 2571 ejus,
3348 2493 3494 2555 licet

1920 2603 2050 2646 non
2079 2584 2321 2645 assistat
2359 2584 2637 2660 malitias,
2685 2584 2846 2645 sicut
2876 2591 3044 2664 patet
3072 2584 3140 2645 in
3178 2603 3494 2649 consecra-

1920 2678 2226 2753 tionibus,
2271 2678 2685 2738 matrimoniis
2723 2683 2786 2738 et
2824 2677 3305 2757 professionibus
3353 2699 3496 2760 pec-

1918 2770 2230 2831 caminose
2262 2770 2458 2831 factis.
2492 2770 2590 2830 An
2617 2787 2763 2830 vero
2790 2770 3105 2832 interdum
3129 2772 3368 2834 malitia
3393 2792 3494 2835 ac·

1919 2866 2020 2921 tus
2066 2862 2367 2941 impediat
2400 2861 2677 2924 valorem
2720 2862 2877 2941 61115,
2923 2881 3003 2926 ex
3045 2865 3348 2946 capitibus
3400 2884 3494 2929 se-

1921 2954 2254 3033 quentibus
2290 2955 2613 3017 constabit.

2453 3139 2704 3202 CAPUT
2742 3141 2955 3204 XXVI.

1955 3336 2160 3390 omnus
2186 3337 2402 3385 vnnms
2428 3339 2548 3386 Am·
2574 3340 2747 3386 Moms
2773 3342 2888 3387 mx
2912 3341 3235 3400 Paommts
3262 3342 3461 3391 AG‘rtm

2478 3433 2716 3482 murm·
2742 3435 2971 3482 mum«
2994 3394 3110 3487 [35

2008 3604 2067 3661 1.
2111 3600 2483 3680 Priusquam
2521 3601 2602 3662 ad
2637 3602 2741 3680 jus
2784 3571 3489 3682 positivutfiffaeclaran-

1927 3693 2080 3754 dum
2108 3694 2496 3770 accedamuS,
2519 3699 2760 3773 oportet
2786 3713 3093 3775 exponere
3110 3699 3262 3778 quid
3283 3697 3362 3761 sit
3384 3720 3494 3764 ne-

1925 3787 2258 3847 cessarium
2294 3803 2371 3847 ex
2407 3791 2631 3848 natura
2659 3787 2750 3848 rei
2783 3788 2946 3849 ultra
2979 3790 3484 3872 prohibitionem,

1926 3883 1999 3939 111
2019 3877 2123 3938 lex
2150 3878 2483 3958 prohibens
2512 3885 2719 3939 actum
2736 3881 2960 3941 irritet.
2992 3884 3146 3944 Cum
3168 3886 3339 3947 enim
3360 3887 3489 3949 dic-

1926 3975 2063 4030 tum
2091 3971 2170 4031 sit
2205 3970 2406 4031 solum
2445 3970 2706 4032 verbum
2747 3972 3118 4050 prohibendi
3154 3995 3281 4037 non
3317 3981 3487 4040 suffi-

1926 4079 2065 4122 cere
2090 4108 2104 4134 ,
2152 4067 2394 4141 oportet
2419 4081 2724 4142 exponere
2749 4082 2887 4143 quae
2912 4065 3104 4126 verba
3133 4066 3285 4147 legis
3317 4071 3486 4132 suffl-

1924 4156 2091 4217 ciant
2117 4161 2188 4216 ut
2226 4174 2338 4236 per
2371 4173 2445 4218 ea
2477 4157 2813 4237 explicetur
2841 4159 3103 4221 irritatio
3138 4168 3308 4224 actus
3343 4184 3486 4245 pro·
3570 4210 3574 4214 -

1924 4247 2110 4309 bibiti
2125 4263 2147 4326 3
2195 4254 2259 4310 et
2293 4267 2420 4309 non
2460 4249 2704 4328 agimus
2744 4250 2820 4312 de
2857 4252 3273 4332 prohibitione
3314 4264 3486 4321 actus

1925 4346 2176 4420 propter
2192 4341 2502 4403 defectum
2519 4342 2757 4421 formae,
2788 4343 2865 4405 de
2880 4344 2998 4406 hac
3020 4346 3188 4407 enim
3211 4349 3486 4413 dicemus

1926 4432 1996 4492 in
2041 4433 2240 4513 capite
2285 4434 2588 4513 sequenti,
2647 4435 2754 4497 sed
2798 4436 2877 4499 de
2924 4437 3269 4501 irritatione
3313 4448 3485 4505 actus

1929 4524 2291 4604 simpliciter
2337 4527 2654 4607 prohibiti.
2700 4528 2792 4589 Ad
2837 4529 2955 4591 hoc
2992 4549 3139 4611 ergo
3177 4533 3489 4614 explican-

1926 4616 2079 4677 dum
2103 4637 2348 4680 necesse
2369 4625 2459 4680 est
2482 4621 2860 4700 distinguere
2885 4622 3050 4684 inter
3073 4624 3485 4691 irritationem

1926 4710 2259 4790 poenalem,
2278 4717 2340 4774 et
2356 4731 2484 4774 non
2503 4714 2834 4793 poenalem,
2852 4717 2957 4777 sed
2975 4736 3086 4797 per
3099 4737 3161 4779 se
3179 4720 3489 4785 intentam

1925 4810 2176 4884 propter
2211 4804 2446 4867 bonum
2469 4825 2814 4870 commune.
2861 4810 3134 4890 Itemque
3161 4812 3229 4872 in
3256 4815 3489 4892 poenali

1926 4895 2438 4976 distinguendum
2462 4905 2556 4961 est
2576 4900 2740 4961 inter
2760 4900 2935 4962 illam
2960 4922 3100 4983 quae
3122 4909 3212 4965 est
3237 4911 3488 4970 tantum

1924 4989 2201 5067 ferenda,
2214 4992 2362 5070 quia
2376 4992 2576 5053 solum
2591 4992 2726 5055 fieri
2739 4996 3112 5075 praecipitur,
3130 5002 3194 5057 et
3207 5016 3342 5077 quoe
3354 4999 3489 5079 ipso

1924 5081 2087 5143 facto
2100 5083 2462 5163 imponitur.
2476 5085 3065 5148 Cimairritationem
3086 5107 3233 5168 ergo
3243 5094 3490 5154 tantum

1924 5174 2245 5236 ferendam
2274 5176 2340 5235 in
2363 5195 2638 5256 poenam,
2672 5178 2831 5239 nihil
2856 5178 2985 5241 fere
3016 5181 3164 5241 novi
3200 5188 3292 5242 est
3323 5184 3491 5263 quod

1926 5265 2227 5343 dicamuS,
2267 5268 2414 5347 quia
2440 5269 2581 5330 talis
2599 5270 2863 5332 irritatio
2885 5271 3056 5333 nullo
3076 5275 3259 5335 modo
3281 5276 3490 5337 statim

1929 5358 2001 5419 fit
2027 5377 2137 5439 per
2161 5363 2389 5438 legem,
2434 5361 2540 5422 sed
2577 5382 2688 5441 per
2729 5364 2999 5444 judicem
3028 5364 3163 5427 fieri
3192 5367 3397 5445 debet,
3429 5375 3492 5430 et

1929 5471 2041 5532 per
2066 5471 2129 5513 se
2156 5453 2463 5532 loquendo
2487 5455 2685 5516 solum
2710 5457 2779 5517 fit
2802 5476 2839 5518 a
2868 5464 3143 5539 tempore
3172 5463 3491 5523 sententiae

1930 5544 2071 5606 latae
2086 5561 2107 5622 3
2162 5551 2224 5606 et
2266 5552 2415 5609 tunc
2476 5567 2603 5609 non
2667 5558 3074 5615 retractantur
3132 5555 3444 5634 praeterita
3467 5599 3487 5630 ‚
