3976 6219
517 377 632 435 170

511 478 817 556 gentium,
838 486 908 541 ut
930 480 1171 544 sedium
1198 478 1537 558 occupatio,
1559 478 1840 555 aedificia,
1865 479 2067 539 muni·

514 570 621 645 tio,
662 589 807 632 usus
847 573 1123 652 pecuniae
1177 594 1192 633 :
1247 576 1592 633 contractus
1645 573 1832 632 etiam
1886 571 2069 631 multi

511 663 910 741 particulares
951 671 1206 746 possunt
1249 664 1366 725 hoc
1415 664 1600 725 modo
1644 665 1767 725 dici
1806 664 1883 725 de
1929 665 2070 743 jure

510 757 816 834 gentium,
833 764 903 819 ut
923 760 1153 838 emptio
1175 765 1238 820 et
1258 758 1554 833 venditio,
1575 763 1637 818 et
1663 757 1910 833 similia,
1934 757 2071 837 qui-

509 847 626 908 bus
654 850 936 912 nationes
980 851 1241 930 singulae
1270 851 1437 910 intra
1462 869 1526 911 se
1564 856 1846 924 utuntur,
1889 855 1952 910 et
1992 848 2070 910 ad

510 943 798 1003 cumdem
827 945 1084 1006 modum
1110 945 1311 1006 refero
1335 944 1735 1024 postliminia,
1758 944 1808 1003 si
1834 962 1981 1005 vera
2001 943 2068 1004 in

507 1033 631 1094 illis
659 1041 752 1095 est
784 1038 1214 1098 convenientia
1248 1038 1410 1097 inter
1447 1037 1766 1097 nationes:
1797 1054 1946 1096 nam
1978 1038 2072 1114 (ut

508 1127 661 1204 dixi)
694 1130 975 1208 proxime
1007 1130 1299 1191 videntur
1331 1135 1604 1208 spectare
1630 1129 1834 1208 potius
1866 1129 1942 1189 ad
1966 1129 2070 1207 jus

509 1221 712 1281 civile.
747 1222 1037 1301 Idemque
1078 1223 1301 1302 majori
1327 1222 1567 1283 ratione
1604 1239 1807 1283 assero
1831 1222 1905 1284 de
1928 1241 2069 1302 pro-

505 1313 814 1377 hibitione
848 1316 1280 1396 conjugiorum
1307 1334 1449 1378 cum
1471 1315 1837 1395 alienigenis
1877 1316 1945 1376 in
1972 1335 2070 1377 re-

506 1406 739 1484 ligione
766 1426 782 1470 z
816 1427 965 1470 nam
987 1428 1055 1472 re
1081 1428 1230 1471 vera
1256 1408 1365 1469 ubi
1408 1415 1497 1470 est
1524 1409 1663 1469 talis
1705 1408 2062 1488 prohibitio,

506 1519 634 1561 non
670 1503 917 1581 respicit
944 1503 1297 1581 generalem
1328 1502 1974 1577 communicationem,
2006 1507 2069 1562 et

509 1595 861 1654 societatem
890 1598 1134 1675 generis
1159 1596 1443 1671 humani,
1473 1596 1575 1655 sed
1607 1595 1922 1674 propriam
1949 1595 2069 1654 uti-

506 1686 747 1748 litatem
774 1689 942 1749 illius
966 1689 1427 1750 communitatis
1445 1689 1513 1748 in
1537 1705 1660 1767 qua
1681 1687 1751 1748 fit
1769 1688 1909 1748 talis
1931 1706 2071 1766 pro-

507 1778 730 1840 hibitio
765 1799 781 1842 ε
813 1787 874 1841 et
911 1781 961 1842 si
990 1782 1057 1841 in
1094 1782 1210 1842 hac
1237 1780 1650 1861 prohibitione
1700 1786 1792 1841 est
1839 1798 2070 1859 magna

507 1872 848 1934 similitudo
876 1874 1040 1935 inter
1085 1874 1364 1935 nationes
1407 1873 1594 1953 (quod
1622 1875 1776 1934 mihi
1801 1874 1946 1934 satis
1973 1874 2068 1933 in-

506 1970 743 2025 certum
771 1966 910 2043 est),
937 1984 1014 2027 ex
1054 1968 1293 2027 ratione
1321 1967 1546 2046 poterit
1584 1964 1690 2026 illa
1734 1964 1949 2026 referri
1991 1964 2070 2025 ad

505 2057 604 2134 jus
643 2059 947 2136 gentium.
986 2060 1078 2119 Ex
1127 2059 1224 2119 his
1273 2077 1422 2137 ergo
1470 2060 1616 2119 satis
1657 2058 1964 2118 declarata
2008 2062 2070 2118 et

506 2150 765 2228 probata
792 2158 1003 2213 manet
1025 2158 1236 2213 nostra
1268 2152 1592 2213 sententia.

1071 2337 1321 2403 CAPUT
1362 2339 1491 2399 XX.

502 2548 857 2594 GOROLLARIA
899 2549 979 2593 Ex
1020 2548 1319 2594 SUPERIORI
1363 2547 1670 2606 DOCTRINA,
1698 2547 1773 2592 ΕΤ
1799 2547 2066 2599 QUOMODO

584 2641 679 2686 Jus
721 2641 982 2687 GENTmM
1023 2641 1099 2688 ET
1140 2641 1360 2688 ,IUSTUM
1401 2641 1513 2699 SIT,
1550 2641 1627 2685 ΕΤ
1664 2639 1977 2687 MUTABILE.

586 2812 642 2870 1.
694 2808 985 2882 Quomodo
994 2810 1109 2888 jus
1127 2809 1394 2889 ,qmtium
1417 2810 1501 2872 sit
1521 2810 1793 2872 omnibus
1814 2830 2067 2875 commu-

501 2920 594 2974 ne,
631 2906 685 2963 et
726 2907 922 2966 tamen
960 2919 1078 2963 non
1102 2902 1186 2964 sit
1214 2902 1514 2968 natwrale.
1535 2936 1617 2949 —-
1638 2904 1729 2963 Ex
1771 2903 1947 2965 dictis
1968 2906 2067 2967 fa-

503 2994 619 3056 cile
662 3005 753 3056 est
779 2993 1036 3055 definire
1078 3001 1296 3056 caetera
1322 3015 1460 3076 quse
1497 2997 1572 3060 de
1597 2997 1738 3076 jure
1780 2999 2063 3076 gentium

501 3088 836 3151 desiderari
864 3095 1140 3169 possunt.
1168 3092 1244 3151 Et
1270 3090 1471 3171 primo
1499 3090 1867 3171 intelligitur
1884 3092 2063 3157 facile

500 3184 811 3263 quomodo
837 3184 1028 3263 possit
1051 3185 1152 3264 jus
1187 3184 1304 3246 hoc
1332 3203 1462 3247 esse
1493 3204 1822 3247 commune
1863 3188 2063 3249 omni-

501 3278 617 3339 bus
633 3278 945 3357 gentibuS,
971 3278 1117 3339 licet
1138 3281 1418 3341 naturale
1440 3298 1567 3340 non
1589 3281 1689 3355 sit,
1720 3286 1783 3341 et
1805 3281 2065 3343 solvitur

500 3369 828 3431 difficultas
854 3371 1137 3448 quaedam
1166 3372 1233 3432 in
1271 3373 1568 3450 superiori
1598 3373 1796 3452 capite
1822 3373 2057 3436 relicta.

503 3463 658 3523 Nam
702 3463 753 3521 si
794 3480 994 3523 sermo
1046 3463 1124 3523 sit
1171 3463 1247 3523 de
1298 3463 1548 3543 proprio
1595 3464 1734 3543 jure
1779 3466 2064 3543 gentium

499 3554 692 3634 priori
711 3554 897 3614 modo
918 3553 1315 3629 declaratum,
1337 3554 1513 3616 facile
1534 3561 1771 3617 constat
1793 3558 2063 3635 potuisse

506 3647 638 3725 ipso
652 3664 769 3706 usu
781 3652 842 3706 et
851 3646 1204 3721 traditione,
1219 3647 1286 3706 in
1295 3647 1583 3708 universo
1595 3648 1898 3710 introduci
1911 3668 2063 3728 pau-

503 3737 714 3812 latim,
742 3744 802 3798 et
836 3757 946 3817 per
975 3739 1441 3814 successionem,
1466 3742 1973 3820 propagationem
2006 3749 2067 3804 et

509 3830 922 3890 imitationem
942 3836 1222 3891 mutuam
1249 3831 1643 3911 populorum,
1664 3834 1795 3895 sine
1819 3835 2066 3913 speciali

451 3996 457 4002 ς
504 3927 811 3982 conventu
826 3923 924 3984 vel
941 3941 1241 3984 consensu
1256 3924 1536 3984 omnium
1551 3925 1921 4003 populorum
1937 3945 2065 3986 uno

501 4018 782 4092 tempore
825 4014 987 4076 facto
1016 4031 1032 4077 ε
1060 4021 1151 4077 est
1178 4016 1349 4077 enim
1376 4017 1493 4077 hoc
1516 4018 1619 4096 jus
1652 4024 1781 4078 tam
1813 4019 2064 4098 propin·

500 4124 697 4186 quum
717 4113 978 4184 naturae,
1006 4114 1221 4170 ettam
1244 4110 1617 4172 conveniens
1644 4111 1931 4172 omnibus
1954 4131 2064 4174 na-

499 4198 776 4259 tionibus
795 4206 857 4261 et
887 4201 1162 4264 societati
1181 4220 1422 4279 earum,
1450 4208 1522 4263 ut
1541 4203 1673 4266 fere
1695 4204 2064 4266 naturaliter

498 4299 909 4370 propagatum
925 4294 1113 4355 fuerit
1130 4313 1273 4355 cum
1285 4294 1565 4356 humano
1584 4314 1832 4374 genere,
1848 4303 1909 4358 et
1922 4297 2063 4358 ideo

501 4381 802 4462 scriptum
833 4404 961 4446 non
989 4393 1101 4462 est,
1133 4388 1278 4466 quia
1322 4405 1360 4447 a
1387 4387 1562 4447 nullo
1588 4388 1934 4466 legislatore
1972 4396 2064 4450 est

504 4474 830 4552 dictatum,
856 4478 963 4537 sed
979 4496 1096 4538 usu
1111 4477 1443 4539 convaluit.
1469 4480 1551 4539 De
1568 4479 1689 4539 alio
1713 4497 1860 4542 vero
1874 4481 2060 4541 modo

495 4566 656 4646 juris
710 4569 989 4647 gentium
1038 4570 1221 4631 facile
1267 4570 1558 4650 explicari
1601 4576 1800 4650 potest
1822 4616 1844 4647 ,
1896 4573 2062 4634 unde

500 4665 641 4720 orta
666 4660 735 4720 in
768 4659 876 4721 illo
898 4662 979 4722 sit
1006 4680 1235 4741 magna
1259 4661 1597 4724 similitudo
1627 4664 1791 4726 inter
1820 4671 2057 4743 genteS,

497 4750 643 4813 licet
669 4752 822 4814 alias
843 4773 954 4833 per
975 4773 1039 4816 se
1063 4755 1241 4816 civile
1269 4755 1347 4817 sit
1375 4772 1390 4817 ε
1415 4756 1574 4817 ratio
1596 4756 1764 4817 enim
1788 4763 1901 4833 est,
1927 4764 2061 4817 tum

501 4845 648 4925 quia
676 4846 808 4907 haec
837 4847 1178 4909 similitudo
1218 4867 1345 4910 non
1373 4866 1615 4929 semper
1642 4855 1735 4911 est
1764 4850 2054 4930 perfecta,

500 4938 606 5000 sed
637 4944 881 5000 tantum
910 4939 978 5000 in
1001 4940 1210 5021 aliqua
1228 4942 1468 5003 ratione
1491 4942 1767 5021 generali
1795 4948 1857 5003 et
1897 4961 2062 5004 com·

503 5031 703 5105 muni,
738 5037 810 5092 ut
836 5033 1135 5113 explicavi
1150 5050 1173 5113 3
1203 5040 1339 5095 tum
1367 5035 1554 5095 etiam
1580 5036 1750 5114 quia,
1775 5036 1918 5096 licet
1944 5036 2062 5097 hu·

494 5122 771 5200 jusmodi
814 5127 975 5188 ratio
1024 5126 1371 5188 communis
1407 5146 1535 5188 non
1582 5128 1661 5188 sit
1706 5127 2063 5207 simpliciter

502 5215 578 5275 de
599 5217 739 5295 jure
767 5225 1027 5296 naturoe,
1063 5227 1154 5282 est
1176 5226 1388 5282 tamen
1429 5220 1583 5283 adeo
1615 5221 1958 5301 propinqua
2003 5227 2062 5280 ct

506 5309 660 5369 adeo
689 5319 1122 5390 consentanea,
1173 5315 1273 5375 vel
1323 5315 1646 5376 commoda
1689 5318 1950 5391 naturae,
1994 5320 2062 5374 ut

501 5401 680 5463 facile
712 5405 985 5481 potuerit
1012 5407 1284 5485 singulas
1323 5409 1605 5470 nationes
1628 5409 1705 5468 ad
1735 5408 1883 5469 talia
1917 5410 2061 5489 jura

500 5494 842 5575 inclinare;
887 5502 1021 5559 tum
1071 5499 1339 5583 denique
1384 5504 1531 5586 quia
1576 5504 1780 5588 potuit
1821 5504 1888 5565 in
1939 5505 2059 5566 hoc

1146 382 1258 433 LlB.
1298 384 1356 435 11.
1393 383 1473 433 DE
1506 382 1665 435 LEGE
1694 382 1978 446 .·ETF.RNA,
2016 382 2095 435 ET
2128 382 2458 447 NATURALI,
2494 383 2574 434 AC
2604 384 2755 435 mm:
2789 384 3079 438 GENTIUM.

2148 481 2336 540 etiam
2372 481 2748 542 intervenire
2785 481 3059 557 traditio,
3093 486 3154 542 et
3191 487 3409 541 mutua
3442 480 3710 542 imitatio

2148 572 2437 633 inchoata
2490 593 2528 634 a
2557 574 2863 653 principio
2886 575 3143 652 ‘generis
3171 574 3454 648 humani,
3480 581 3543 634 et
3567 593 3709 635 cum

2150 665 2255 725 illo
2279 671 2456 726 aucta
2478 671 2542 727 et
2568 665 2843 727 dilatata.
3415 676 3440 698 ⁶

2229 761 2290 820 2.
2328 759 2618 833 Quomodo
2641 759 3024 837 empliwndus
3047 759 3129 819 D.
3167 758 3427 820 Thomas
3446 759 3587 819 dwm
3611 776 3712 821 as-

2150 855 2298 917 serit
2329 856 2626 931 proeoepta
2642 851 2818 931 juris
2854 851 3120 931 ymtium
3161 868 3282 912 esse
3312 851 3711 914 conclusiones

2150 948 2427 1010 deduaas
2459 962 2530 1007 ex
2563 944 2892 1022 principiis
2923 943 3101 1022 juris
3126 942 3452 1004 naturalis.
3489 975 3574 988 —
3605 944 3710 1004 Se-

2150 1039 2377 1112 cundo,
2402 1037 2773 1116 intelligitur
2804 1055 2927 1116 quo
2960 1054 3144 1097 sensu
3174 1035 3603 1115 accipiendum
3630 1038 3711 1098 sit

2149 1134 2313 1213 quod
2354 1134 2426 1193 D.
2465 1131 2756 1206 ThomaS,
2811 1130 2977 1191 dicta
3014 1148 3075 1208 q.
3122 1131 3226 1204 95,
3275 1135 3392 1191 art.
3428 1132 3492 1205 4,
3533 1130 3704 1206 dicit,

2150 1232 2450 1308 praecepta
2484 1225 2645 1304 juris
2687 1224 2969 1303 gentium
2997 1240 3124 1284 esse
3153 1223 3572 1284 conclusiones
3602 1224 3710 1285 de·

2149 1320 2364 1380 ductas
2388 1336 2465 1379 ex
2490 1317 2805 1397 principiis
2826 1315 2987 1395 juris
3010 1315 3333 1392 naturalis,
3365 1321 3427 1377 et
3459 1315 3709 1378 differre

2150 1433 2188 1475 a
2210 1414 2352 1492 jure
2387 1411 2554 1471 civili
2585 1410 2733 1488 quia
2759 1409 2895 1487 ejus
2920 1409 3088 1488 leges
3114 1426 3242 1469 non
3279 1414 3425 1469 sunt
3459 1409 3709 1470 conclu-

2148 1507 2350 1568 siones
2404 1504 2510 1566 sed
2574 1502 3121 1564 determinationes
3172 1501 3330 1580 juris
3378 1502 3703 1564 naturalis

2151 1602 2300 1674 Quae
2351 1597 2631 1658 doctrina
2670 1596 2976 1675 praecipue
3023 1595 3293 1655 traditur
3334 1594 3410 1655 de
3457 1596 3708 1674 proprio

2141 1693 2284 1771 jure
2340 1690 2620 1769 gentium
2681 1688 2998 1748 communi
3066 1693 3130 1748 et
3186 1687 3457 1765 generali
3516 1688 3708 1766 priori

2150 1785 2332 1845 modo
2355 1782 2662 1842 declarato
2666 1796 2687 1856 3
2718 1787 2780 1840 et
2800 1780 2944 1841 licet
2964 1798 3002 1840 a
3020 1780 3296 1842 Conrado
3323 1780 3710 1856 intelligatur

2148 1895 2277 1939 esse
2305 1877 2448 1936 data
2472 1875 2648 1953 juxta
2683 1873 2932 1932 modum
2966 1872 3258 1951 loquendi
3295 1873 3656 1951 juristarum
3681 1919 3702 1949 ,

2149 1969 2371 2030 melius
2398 1984 2540 2028 cum
2564 1967 2708 2027 Soto
2731 1971 2794 2025 et
2816 1964 2955 2025 aliis
2975 1965 3382 2042 intelligimus
3406 1972 3708 2045 praecepta

2144 2063 2305 2142 juris
2331 2061 2613 2139 gentium
2642 2058 2849 2119 vocari
2888 2057 3304 2117 conclusiones
3333 2058 3493 2136 juris
3525 2064 3706 2118 natu-

2147 2156 2317 2232 raIiS,
2345 2173 2476 2215 non
2507 2152 2783 2213 absolute
2812 2157 2874 2212 et
2905 2169 3018 2229 per
3042 2151 3451 2212 necessariam
3483 2150 3709 2211 illatio-

2148 2241 2316 2325 nem',
2340 2247 2445 2308 sed
2468 2245 2930 2324 comparatione
2952 2243 3113 2304 facta
3136 2244 3214 2304 ad
3244 2244 3708 2304 determinatio-

2146 2359 2291 2402 nem
2317 2340 2479 2418 juris
2506 2338 2699 2399 civilis
2727 2342 2789 2398 et
2810 2337 3059 2416 privati.
3102 2335 3258 2397 Nam
3283 2337 3351 2396 in
3369 2337 3509 2415 jure
3537 2336 3705 2397 civili

2145 2432 2509 2513 seujprivato
2527 2431 2597 2491 fit
2618 2430 3050 2491 determinatio
3064 2429 3160 2490 vel
3176 2447 3341 2490 mere
3354 2428 3704 2505 arbitraria,

2145 2527 2223 2587 de
2251 2543 2373 2605 qua
2399 2525 2634 2586 dictum
2664 2530 2790 2597 est,
2822 2524 2977 2602 quod
2987 2523 3260 2600 principi
3284 2523 3555 2601 placuit,
3587 2524 3705 2584 ha-

2146 2621 2236 2682 bet
2287 2619 2438 2698 Zeqis
2495 2619 2759 2697 viyorem
2790 2661 2809 2692 ,
2860 2633 2986 2675 non
3035 2615 3183 2694 quia
3244 2615 3372 2675 sola
3421 2615 3705 2675 voluntas

2147 2730 2260 2793 pro
2299 2711 2541 2772 ratione
2596 2709 2884 2781 sufficiat,
2933 2707 3038 2768 sed
3086 2708 3233 2786 quia
3274 2707 3704 2768 determinatio

2147 2805 2256 2867 illa
2296 2804 2550 2865 diversis
2581 2802 2781 2862 modis
2808 2801 2972 2861 facta
2999 2806 3156 2860 esset
3195 2800 3597 2875 rationabilis,
3643 2806 3704 2861 et

2148 2917 2307 2978 saepe
2335 2897 2508 2958 nulla
2535 2902 2626 2958 est
2653 2897 2811 2957 ratio
2831 2895 2909 2955 ob
2938 2913 3124 2973 quam
3152 2895 3356 2973 potius
3379 2894 3497 2954 hoc
3520 2894 3701 2955 modo

2148 3010 2337 3071 quam
2362 2990 2470 3051 illo
2493 2990 2623 3064 fiat,
2654 2995 2715 3049 et
2737 2988 2823 3048 ita
2847 2988 3072 3047 dicitur
3094 2986 3227 3047 fieri
3252 2987 3567 3048 voluntate
3595 3005 3700 3065 po-

2143 3086 2266 3147 tius
2290 3101 2478 3165 quam
2501 3082 2741 3145 ratione
2767 3098 2782 3142 :
2812 3081 2911 3143 vel
2932 3087 3093 3143 certe
3114 3081 3223 3142 ubi
3248 3081 3458 3161 aliqua
3475 3080 3703 3161 specia-

2143 3180 2220 3241 lis
2241 3179 2399 3240 ratio
2426 3177 2751 3239 intercedit
2772 3222 2792 3253 ,
2850 3176 3271 3236 consideratur
3287 3178 3356 3237 in
3380 3177 3595 3237 ordine
3622 3176 3700 3237 ad

2142 3271 2545 3353 particulares
2586 3276 2648 3331 et
2693 3270 2871 3348 quasi
2913 3268 3260 3329 materiales
3299 3269 3700 3329 circumstan-

2143 3368 2282 3442 tias,
2314 3371 2499 3445 atque
2539 3365 2629 3424 ita
2657 3369 2749 3425 est
2785 3364 3217 3424 determinatio
3246 3364 3447 3441 magis
3479 3363 3548 3423 in
3586 3364 3700 3423 cir-

2144 3458 2533 3519 cumstantiis
2578 3474 2767 3536 quam
2797 3456 2881 3532 ‘in
2922 3455 3282 3516 substantia.
3325 3456 3406 3517 At
3451 3473 3598 3518 vero
3634 3456 3699 3516 in

2137 3551 2280 3629 jure
2309 3551 2590 3629 gentium
2618 3554 2922 3628 praecepta
2951 3556 3094 3609 sunt
3134 3549 3334 3627 magis
3349 3548 3699 3628 generalia,

2145 3645 2290 3723 quia
2317 3645 2385 3706 in
2404 3645 2492 3705 eis
2518 3643 2942 3704 consideratur
2966 3641 3202 3704 utilitas
3227 3642 3416 3703 totius
3439 3649 3700 3718 naturae,

2147 3742 2210 3797 et
2232 3735 2626 3797 conformitas
2653 3736 2731 3795 ad
2760 3736 2962 3814 prima
2989 3740 3051 3796 et
3078 3734 3450 3797 universalia
3475 3735 3703 3814 princi·

2145 3830 2250 3909 pia
2280 3834 2543 3903 naturae,
2570 3828 2829 3907 ideoque
2857 3832 3157 3888 vocantur
3174 3826 3598 3887 conclusiones
3625 3846 3702 3887 ex

2147 3923 2272 3983 illis
2301 3922 2539 3998 elicitae,
2559 3921 2705 3999 quia
2734 3939 2810 3981 ex
2833 3921 2894 3980 vi
2922 3920 3221 3981 naturalis
3247 3920 3555 3980 discursus
3583 3925 3703 3980 sta-

2143 4016 2259 4076 tim
2299 4019 2554 4094 apparet
2581 4013 3035 4088 convenientia,
3081 4023 3144 4074 et
3183 4012 3434 4073 moralis
3465 4012 3703 4072 utilitas

2146 4108 2361 4168 talium
2385 4113 2857 4186 praeceptorum,
2885 4122 3021 4185 quse
3044 4106 3328 4167 homines
3354 4105 3601 4166 induxit
3623 4104 3702 4165 ad

2144 4201 2296 4263 tales
2331 4219 2534 4262 mores
2574 4199 3071 4275 introducendos,
3111 4200 3310 4277 magis
3344 4199 3701 4259 necessitate

2145 4298 2465 4374 exigente,
2489 4312 2675 4374 quam
2696 4294 3013 4355 voluntate
3029 4340 3051 4371 ,
3073 4300 3145 4355 ut
3169 4294 3203 4354 J
3209 4294 3557 4355 ustinianus
3586 4294 3703 4353 im-

2146 4393 2391 4469 perator
2414 4387 2595 4447 dixit.

2224 4481 2282 4540 3.
2340 4480 2552 4545 Veram
2575 4478 2916 4559 oequitatem
2939 4483 2994 4540 et
3003 4478 3323 4557 justitiam
3349 4481 3705 4541 servandam

2143 4590 2265 4636 esse
2292 4572 2521 4650 injure
2554 4572 2843 4649 gentium·
2889 4604 2971 4615 ——
3005 4571 3380 4650 Differentia
3409 4571 3569 4633 inter
3587 4572 3704 4650 jus

2140 4664 2407 4742 gentium
2438 4668 2493 4725 st
2517 4663 2819 4725 naturale.
2840 4663 3161 4737 —Tertio,
3193 4681 3269 4723 ex
3293 4663 3471 4723 dictis
3502 4663 3702 4725 infero

2141 4757 2208 4816 in
2257 4755 2584 4835 praeceptis
2628 4756 2769 4833 jure
2821 4754 3102 4834 gentium
3156 4755 3520 4816 servandam
3572 4774 3702 4818 esse

2142 4848 2492 4927 aequitatem
2523 4854 2587 4910 et
2620 4848 2922 4928 justitiam
2962 4869 2976 4907 ε
3022 4848 3139 4908 hoc
3176 4849 3345 4909 enim
3378 4853 3470 4908 est
3496 4847 3572 4909 de
3605 4867 3703 4909 ra-

2141 4941 2310 5002 tione
2346 4941 2548 5002 omnis
2587 4941 2742 5019 legis
2769 4959 2909 5021 quae
2946 4941 3024 5001 sit
3049 4959 3198 5018 vera
3222 4941 3323 5002 lex
3343 4990 3360 5016 ,
3410 4946 3482 5002 ut
3518 4960 3704 5020 supra

2142 5041 2453 5096 ostensum
2472 5040 2592 5109 est;
2625 5035 2792 5116 leges
2813 5041 3023 5096 autem
3046 5035 3122 5095 ad
3139 5035 3242 5113 jus
3265 5035 3544 5113 gentium
3565 5052 3703 5112 per-

2143 5128 2409 5189 tinentes
2429 5145 2589 5188 verae
2606 5127 2772 5206 leges
2794 5133 2959 5203 sunt,
2983 5133 3052 5187 ut
3072 5127 3445 5207 explicatum
3466 5131 3696 5201 manet,

2143 5228 2204 5282 et
2232 5222 2700 5301 propinquiores
2724 5227 2869 5282 sunt
2890 5221 3014 5300 legi
3036 5222 3304 5282 naturali
3324 5239 3511 5301 quam
3532 5219 3701 5298 leges

2143 5314 2373 5389 civilem,
2401 5314 2658 5393 ideoque
2685 5315 3059 5394 impossibile
3092 5320 3184 5376 est
3211 5334 3338 5376 esse
3364 5314 3703 5376 contrarias

2143 5408 2417 5488 aequitati
2454 5408 2722 5469 naturali
2750 5453 2770 5484 ,
2820 5415 2889 5470 ut
2925 5409 3082 5470 bene
3136 5409 3373 5470 notavit
3412 5409 3656 5469 Covarr.
3680 5452 3700 5482 ,

2140 5500 2250 5567 lib.
2284 5502 2323 5562 2
2349 5500 2612 5574 Variar„
2643 5520 2699 5562 c.
2727 5504 2788 5580 3,
2815 5521 2879 5566 n.
2912 5505 2972 5566 2.
3002 5502 3177 5565 Addo
3205 5519 3351 5564 vero
3377 5519 3504 5564 esse
3532 5498 3707 5561 diffe-
