3976 6219
496 330 579 390 98

494 441 551 497 et
579 447 748 511 reyes
777 434 942 494 Deus
965 432 1286 494 distribuit
1325 431 1531 510 ymeri
1558 431 1840 492 humano.
1873 431 2053 504 Item,

494 526 605 586 lib.
646 528 684 585 2
728 525 804 584 dc
844 523 1022 584 liber.
1051 523 1253 585 Arbit.
1302 541 1435 601 cap.
1474 525 1538 598 9,
1569 523 1697 583 ait:
1742 523 1932 588 Nihil
1971 526 2060 584 est

495 622 565 682 in
606 618 919 697 temporali
948 619 1072 697 leffe
1097 619 1364 696 justum,
1400 618 1554 696 quod
1584 634 1655 678 ecc
1683 615 1806 694 leffe
1837 621 2060 678 esterna

493 731 612 775 non
652 713 976 774 derivetur.
1028 711 1223 787 Idem,
1283 729 1344 789 q.
1407 711 1484 770 67
1532 709 1601 769 in
1652 708 1891 769 Exod.:
1936 709 2061 770 Leo}

499 805 747 884 (inquit)
780 811 1005 866 aeterna
1033 805 1152 866 Dei
1180 809 1290 879 est,
1321 820 1499 883 quam
1526 802 1841 864 consulunt
1867 818 2064 862 omnes

490 899 617 977 pioe
635 903 873 970 mentes,
897 902 965 959 ut
989 899 1145 977 quod
1159 898 1225 958 in
1245 913 1312 957 ea
1327 895 1680 969 invenerint,
1693 895 1783 956 vel
1796 894 2058 970 faciant,

492 990 585 1051 vel
598 989 876 1068 jubeant,
898 990 988 1051 vel
1016 994 1228 1051 vetent.
1253 988 1372 1048 Ubi
1392 986 1594 1047 obiter
1612 985 2063 1047 advertendum

493 1087 586 1142 est
626 1099 754 1141 non
797 1099 1012 1141 omnes
1049 1080 1335 1141 homines
1363 1085 1526 1140 recte
1564 1084 1886 1158 operantes
1915 1096 2061 1138 con-

492 1174 692 1234 sulere
714 1172 920 1251 legem
949 1179 1247 1234 aeternam
1273 1173 1341 1231 in
1369 1190 1433 1232 se
1461 1172 1617 1250 ipsa,
1645 1189 1755 1231 seu
1784 1175 1967 1249 prout
1992 1171 2059 1229 in

494 1267 619 1326 Deo
643 1271 768 1326 est:
797 1284 947 1326 nam
975 1265 1227 1326 fortasse
1262 1264 1455 1342 aliqui
1479 1269 1755 1324 carentes
1779 1263 1900 1323 fide
1921 1279 2060 1323 eam

490 1357 561 1418 in
587 1376 651 1418 se
679 1376 807 1418 non
835 1363 1246 1437 cognoscunt3
1285 1356 1470 1417 multi
1498 1357 1687 1418 etiam
1714 1355 1889 1416 illam
1912 1361 2057 1416 actu

493 1468 624 1511 non
642 1450 1057 1526 considerant,
1091 1449 1342 1530 quando
1362 1454 1530 1511 recte
1566 1453 1926 1527 operantur,
1957 1446 2058 1509 vel

492 1541 746 1604 honeste
774 1543 1179 1623 praecipiunt:
1212 1543 1509 1602 dicuntur
1531 1558 1680 1620 ergo
1710 1540 1883 1599 illam
1911 1557 2058 1600 con-

492 1635 715 1711 sulere,
751 1636 851 1697 vel
891 1637 961 1696 in
1004 1653 1092 1710 se,
1122 1633 1221 1695 vel
1263 1636 1330 1695 in
1369 1635 1577 1712 aliqua
1602 1634 1697 1693 sui
1734 1631 2058 1712 participa-

490 1730 683 1804 tione,
715 1729 916 1808 qualis
945 1733 1037 1789 est
1071 1729 1369 1789 naturalis
1392 1728 1572 1802 ratio,
1599 1733 1706 1788 aut
1736 1726 1950 1786 lumen
1987 1724 2059 1786 fi-

493 1822 616 1898 dei,
650 1828 721 1882 ut
749 1824 819 1882 D.
858 1822 1125 1882 Thomas
1151 1839 1340 1900 supra
1382 1821 1686 1900 exposuit,
1731 1824 1851 1879 art.
1894 1819 1955 1893 2,
1998 1823 2060 1878 et

491 1915 753 1990 AlensiS,
795 1913 1026 1974 memb.
1070 1915 1129 1974 2.
1179 1913 1360 1974 Multi
1386 1931 1534 1974 vero
1563 1931 1640 1974 ex
1678 1911 2060 1990 philosophis

493 2006 696 2085 legem
742 2012 1036 2066 aeternam
1077 2006 1145 2065 111
1189 2006 1315 2067 Deo
1354 2006 1489 2085 ipso
1540 2005 1905 2065 existentem
1946 2020 2060 2082 per

492 2099 742 2160 effectus
785 2097 1046 2158 assecuti
1088 2103 1256 2172 sunt,
1297 2103 1359 2158 et
1396 2102 1843 2176 consequenter
1870 2113 2062 2199 agno-

489 2196 718 2252 verunt
759 2207 1010 2250 omnem
1061 2195 1320 2263 rectam,
1362 2207 1471 2250 seu
1510 2207 1723 2249 veram
1751 2187 1954 2265 legem
1994 2186 2063 2246 in

490 2282 850 2344 hominibus
870 2283 1238 2343 existentem
1259 2282 1337 2342 ab
1355 2287 1590 2342 aeterna
1615 2281 1752 2359 lege
1779 2297 2060 2354 manare,

491 2375 591 2435 vel
627 2374 1010 2450 immediate,
1053 2380 1127 2434 ut
1156 2373 1360 2452 legem
1391 2374 1765 2448 naturalem,
1803 2370 1903 2432 vel
1937 2389 2065 2432 me-

492 2467 702 2529 diante
733 2468 883 2541 ista,
928 2471 1000 2526 ut
1038 2465 1206 2545 leges
1245 2466 1574 2526 111111161165.
1623 2463 1798 2525 Unde
1827 2464 2061 2539 Cicero,

487 2560 600 2621 lib.
650 2562 690 2620 2
732 2560 808 2620 de
855 2557 1098 2636 Legib.,
1152 2564 1481 2637 postquam
1513 2558 1852 2637 prinoipem
1889 2557 2066 2618 illam

493 2655 700 2733 leyem,
731 2653 796 2713 id
826 2659 942 2727 est,
975 2658 1273 2713 aeternam
1305 2651 1784 2725 commendavit,
1815 2649 2058 2710 subdit:

492 2746 604 2808 Ea:
660 2762 781 2825 qua
824 2745 937 2806 illa
984 2745 1079 2806 lea>
1110 2789 1130 2818 ‚
1183 2761 1362 2822 quam
1405 2744 1497 2806 dii
1548 2743 1805 2804 humano
1860 2742 2066 2820 ymeri

495 2839 798 2908 dederunt,
836 2841 989 2898 recte
1019 2842 1104 2900 ost
1137 2835 1407 2910 laudata,
1435 2840 1498 2896 et
1524 2840 1765 2911 caetera,
1797 2834 1903 2913 qui
1928 2853 2069 2914 proc

496 2929 815 3007 sequitur:
860 2932 923 2987 et
959 2927 1025 2987 111
1063 2927 1389 3006 Philippic.
1430 2928 1470 2986 2
1510 2926 1701 2987 dixit:
1745 2926 1869 2989 Lex
1906 2927 2070 2987 nihil

497 3022 672 3084 aliud
691 3026 776 3084 est
811 3021 938 3082 nisi
965 3025 1149 3095 recta,
1181 3025 1237 3081 ec
1273 3036 1311 3080 a
1351 3019 1594 3080 numine
1631 3020 1872 3081 deorum
1899 3024 2066 3080 trao-

495 3120 561 3176 ta
596 3115 781 3189 ratio,
820 3115 1128 3191 imperans
1171 3112 1438 3185 honesta,
1465 3111 1896 3191 prohibensque
1935 3129 2069 3174 con-

495 3208 720 3270 traria.
774 3207 949 3267 Unde
989 3206 1181 3266 etiam
1220 3205 1562 3281 Demosth.,
1593 3210 1662 3266 ut
1695 3204 1885 3266 refert
1906 3205 2066 3265 Mar-

495 3300 649 3361 tian.
693 3302 740 3360 1.
781 3300 825 3359 C
861 3299 927 3358 in
961 3297 1051 3357 lib
1095 3298 1179 3372 2,
1227 3296 1292 3358 ff.
1341 3297 1418 3357 de
1471 3298 1645 3374 Leg„
1692 3297 1887 3357 dixit:
1937 3298 2064 3358 Lea>

500 3397 587 3455 est
627 3393 725 3454 cui
775 3408 970 3452 omnes
1015 3389 1280 3451 homines
1342 3390 1543 3451 debent
1589 3388 1818 3451 obedire
1839 3433 1860 3465 ,
1913 3390 2064 3469 quia

502 3484 696 3546 omnis
726 3482 822 3545 lex
856 3481 1118 3543 inventio
1160 3481 1431 3559 quaedam
1467 3485 1523 3542 ot
1550 3482 1765 3543 donum
1800 3480 1920 3543 Dei
1951 3485 2059 3543 esc.

583 3579 641 3637 5.
686 3574 866 3635 Ratio
897 3579 1111 3634 autem
1138 3572 1442 3650 generalis
1473 3572 1647 3633 reddi
1664 3577 1885 3652 potest,
1919 3574 2066 3652 quia

498 3668 601 3729 lex
627 3673 858 3727 aeterna
876 3671 968 3726 est
994 3664 1095 3725 lex
1118 3682 1227 3743 per
1249 3665 1604 3740 essentiam,
1632 3669 1696 3725 et
1722 3665 1923 3726 omnis
1942 3665 2067 3726 alia

502 3766 596 3820 est
631 3777 742 3838 per
781 3756 1359 3837 participationem3
1403 3773 1551 3835 ergo
1598 3775 1843 3820 necesse
1879 3765 1970 3819 oet
1997 3764 2068 3820 ut

505 3853 706 3914 omnis
731 3851 855 3911 alia
877 3850 977 3911 lex
1007 3850 1087 3911 sit
1106 3849 1356 3911 effectus
1383 3848 1538 3928 legis
1560 3856 1824 3912 aeternae.
1857 3851 2066 3913 Decla-

504 3951 679 4005 ratur
700 3949 1016 4023 praeterea,
1049 3944 1195 4022 quia
1233 3942 1333 4003 lex
1376 3942 1498 4004 duo
1531 3944 1815 4023 requirit,
1842 3961 2063 4021 unum,

504 4044 578 4098 ut
618 4038 696 4097 sit
727 4037 895 4115 justa
939 4041 1003 4097 et
1028 4034 1256 4096 rationi
1284 4041 1692 4096 consentanea
1715 4052 1736 4113 ;
1766 4036 1960 4112 aliud,
1996 4042 2070 4097 ut

506 4131 587 4190 sit
617 4130 835 4192 efficax
869 4128 948 4189 ad
998 4127 1447 4207 obligandum3
1506 4128 1611 4189 sed
1661 4128 1863 4189 omnis
1900 4135 2069 4190 recta

505 4222 665 4283 ratio
699 4226 904 4282 creata
929 4230 1021 4281 est
1047 4238 1120 4282 ex
1161 4220 1630 4299 participatione
1658 4220 1854 4281 divini
1883 4220 2068 4282 lumi·

506 4315 626 4389 nis,
663 4314 828 4394 quod
873 4313 1188 4391 signatum
1229 4317 1319 4373 est
1340 4313 1408 4372 in
1434 4313 1634 4387 nobis,
1657 4318 1719 4374 et
1739 4313 1940 4373 omnis
1961 4331 2071 4392 po-

504 4415 691 4469 testas
725 4407 1053 4469 hominum
1087 4406 1348 4485 desuper
1378 4406 1561 4468 datur
1585 4454 1601 4480 ,
1639 4412 1701 4467 et
1736 4424 1773 4466 a
1811 4408 2071 4469 Domino

506 4502 630 4561 Deo
652 4506 743 4561 est
767 4522 784 4575 3
816 4517 963 4578 ergo
990 4499 1193 4559 omnis
1213 4498 1316 4559 lex
1338 4499 1405 4559 in
1432 4498 1788 4559 hominibus
1805 4500 2072 4561 existens

507 4598 601 4655 est
629 4611 706 4653 ex
735 4592 872 4670 lege
916 4596 1168 4653 aeterna.
1223 4591 1299 4651 Et
1341 4597 1675 4671 utrumque
1703 4591 2073 4670 significavit

508 4685 722 4746 divina
754 4683 1078 4763 sapientia,
1110 4700 1253 4744 cum
1282 4682 1439 4742 dixit
1465 4699 1482 4743 ι
1509 4685 1636 4745 Per
1658 4702 1752 4745 me
1785 4701 1952 4763 reyes
1978 4703 2073 4747 re·

508 4782 721 4856 ynant,
742 4776 958 4854 utique
976 4780 1280 4855 quantum
1300 4775 1375 4835 ad
1398 4781 1784 4855 potestatem,
1808 4783 1863 4839 et
1877 4777 2074 4856 layum

510 4872 839 4933 conditores
877 4869 1059 4947 justa
1108 4869 1421 4932 demunt
1440 4914 1461 4946 ,
1513 4869 1820 4947 videlicet,
1870 4871 2074 4951 quoad

505 4968 739 5024 rectam
769 4962 1098 5023 rationem.

591 5055 651 5113 6.
674 5055 868 5132 Magis
882 5059 1093 5115 autem
1107 5052 1549 5134 explicabimus
1560 5054 1868 5117 rationem
1885 5056 2068 5134 hanc,

509 5146 878 5207 declarando
906 5147 1030 5208 duo
1057 5147 1339 5207 membra
1376 5147 1444 5206 in
1481 5148 1720 5209 ratione
1747 5149 2074 5210 dubitandi

508 5239 730 5318 posita.
780 5238 966 5315 Cujus
1011 5239 1281 5317 priorem
1318 5245 1559 5318 partem
1586 5240 1662 5303 de
1697 5240 1833 5320 1636
1861 5243 2076 5303 divina

507 5332 716 5409 attigit
753 5331 1078 5407 Cajetanus
1094 5375 1114 5405 ,
1145 5331 1311 5392 dicto
1343 5338 1461 5393 art.
1517 5334 1554 5393 3
1574 5380 1591 5407 ,
1644 5340 1708 5395 61
1746 5336 2077 5414 respondet

507 5422 814 5486 rationem
843 5422 1373 5499 supernaturalem
1401 5442 1530 5485 esse
1552 5424 1754 5504 legem
1768 5427 2072 5504 divinam,

1134 332 1250 382 LIB.
1287 332 1349 384 11.
1385 330 1466 382 DE
1498 329 1660 383 LEGE
1693 329 1978 392 AETERNA‚
2013 328 2094 379 ET
2126 326 2464 392 NATURALI,
2496 328 2576 380 AC
2608 329 2760 382 JURE
2793 329 3086 383 GENTIUM.

2137 434 2198 489 et
2224 428 2395 489 illam
2431 447 2558 490 esse
2592 429 3124 508 participationem
3152 435 3216 490 et
3238 430 3527 491 effectum
3552 431 3711 511 legis

2138 527 2407 597 aeternae,
2437 523 2616 600 juxta
2646 529 2920 582 mentem
2941 524 3013 583 D.
3036 523 3311 598 Thomae,
3339 543 3403 602 q.
3430 525 3534 597 91,
3555 543 3615 584 a.
3643 528 3708 599 4,

2140 615 2218 675 ad
2261 617 2318 676 3.
2370 616 2543 677 Unde
2589 617 2777 676 etiam
2828 616 2996 675 addit
3025 616 3229 694 legem
3268 617 3546 676 divinam
3579 636 3712 678 non

2141 726 2269 769 esse
2295 709 2600 768 rationem
2629 709 2995 768 existentem
3021 709 3090 768 in
3111 709 3236 769 Deo
3258 724 3279 785 3
3311 710 3417 769 sed
3445 711 3716 770 existen-

2140 807 2269 861 tem
2302 802 2369 860 in
2396 801 2649 861 homine
2677 799 2756 860 ad
2777 818 2841 862 56
2861 801 2960 861 vel
2981 801 3059 861 ad
3086 800 3238 861 alios
3277 807 3713 879 supernatura-

2140 893 2282 954 liter
2315 893 2768 970 gubernandOS.
2805 892 2978 966 Quod
3006 893 3083 953 de
3115 892 3252 970 lege
3290 892 3504 952 divina
3528 898 3708 953 natu-

2143 985 2257 1045 rali
2283 1003 2425 1045 cum
2447 986 2842 1065 proportione
2871 984 3137 1062 inteUigi
3157 989 3377 1063 potest.
3402 985 3481 1045 Ut
3499 990 3709 1044 autem

2145 1077 2361 1138 melius
2392 1079 2796 1156 intelligatur,
2827 1078 3273 1139 advertendum
3301 1083 3413 1151 est,
3449 1078 3613 1156 quod
3640 1077 3708 1138 in

2140 1171 2445 1250 principio
2465 1171 2865 1250 praecedentis
2891 1170 3036 1231 libri
3062 1171 3294 1245 notavi,
3336 1170 3539 1248 legem
3566 1188 3707 1230 con-

2140 1263 2399 1324 siderari
2427 1282 2625 1343 posse,
2651 1263 2753 1324 vel
2778 1265 2843 1323 in
2873 1264 3245 1341 legislatore,
3270 1262 3370 1323 vel
3395 1263 3464 1322 in
3500 1263 3707 1323 subdi-

2139 1357 2242 1431 tis,
2273 1357 2425 1417 etin
2459 1356 2565 1416 1116
2585 1375 2717 1417 6556
2749 1357 2992 1436 proprie
3017 1374 3089 1418 66
3114 1355 3458 1416 formaliter
3471 1372 3492 1432 3
3522 1357 3591 1415 in
3608 1356 3707 1417 his

2136 1467 2284 1510 vero
2309 1455 2609 1528 tanquam
2643 1450 2711 1509 in
2740 1449 3087 1528 applicante
3124 1449 3327 1528 legem
3359 1466 3471 1528 per
3502 1449 3709 1528 aliqua

2139 1543 2318 1620 513116
2343 1541 2529 1601 illius.
2578 1541 2702 1602 Lex
2738 1559 2886 1619 ergo
2924 1541 3138 1601 divina
3178 1546 3482 1620 quatenus
3510 1546 3603 1601 est
3641 1542 3708 1601 in

2138 1634 2510 1712 legislatore,
2530 1633 2598 1692 in
2619 1635 2751 1712 ipso
2781 1635 2901 1695 Deo
2925 1638 3040 1708 est,
3072 1633 3219 1712 quia
3246 1632 3375 1711 ipse
3413 1631 3580 1693 solus
3615 1639 3707 1694 est

2137 1728 2426 1808 proprius
2468 1726 2781 1804 legislator
2828 1726 2968 1786 talis
3001 1725 3190 1804 legis:
3230 1725 3299 1784 111
3346 1725 3701 1787 hominibus

2139 1826 2348 1881 autem
2379 1825 2471 1880 est
2503 1825 2801 1898 tanquam
2825 1819 2891 1879 in
2909 1818 3192 1894 subditiS,
3226 1818 3470 1879 etiamsi
3505 1819 3701 1878 consi-

2139 1914 2388 1973 deretur
2407 1917 2593 1992 prout
2610 1917 2700 1972 est
2722 1912 2787 1971 in
2802 1910 3158 1971 hominibus
3177 1909 3693 1988 gubernantibus:

2142 2023 2289 2065 nam
2318 2005 2507 2064 etiam
2538 2003 2624 2063 illi
2645 2003 2877 2063 subditi
2906 2009 3053 2063 sunt
3079 2002 3204 2080 legi
3223 2002 3470 2078 divinae,
3499 2008 3701 2063 etres-

2142 2102 2327 2178 pectu
2342 2095 2606 2156 aliorum
2626 2095 2823 2155 solum
2844 2112 2908 2156 se
2928 2093 3164 2156 habent
3186 2100 3260 2154 ut
3275 2099 3697 2174 proponentes»,

2142 2195 2205 2249 et
2231 2187 2612 2249 declarantes
2640 2187 2866 2265 legem,
2910 2205 3049 2266 quae
3083 2187 3151 2247 in
3190 2186 3315 2247 Deo
3361 2192 3474 2246 est.
3510 2187 3584 2246 Et
3620 2187 3705 2246 sic

2144 2282 2370 2342 dieitur
2394 2281 2496 2342 lex
2515 2287 2690 2342 vetus
2713 2281 2857 2341 data
2885 2299 2994 2360 per
3025 2282 3323 2360 Moysem,
3353 2281 3531 2340 Joan.
3564 2283 3623 2356 1,
3647 2285 3709 2340 61

2145 2374 2262 2452 ipsi
2294 2375 2491 2452 Moysi
2519 2373 2663 2434 data
2694 2373 2918 2434 dicitur
2944 2390 3077 2453 per·
3097 2373 3387 2452 Angelos,
3435 2372 3618 2444 Actor
3647 2375 3707 2432 7.

2145 2468 2381 2527 Tamen
2425 2466 2529 2543 jus
2582 2464 2897 2543 obligandi
2950 2484 3079 2526 non
3127 2471 3260 2526 erat
3309 2483 3348 2524 a
3391 2462 3711 2525 voluntate

2145 2558 2396 2637 Moysis,
2425 2557 2523 2618 vel
2553 2557 2955 2636 Angelorum,
3009 2558 3116 2619 sed
3145 2556 3501 2618 immediate
3535 2574 3575 2616 a
3606 2575 3712 2618 vo·

2144 2650 2383 2710 luntate
2417 2650 2549 2725 Dei,
2596 2655 2656 2711 et
2685 2649 2823 2709 ideo
2852 2650 2919 2709 in
2948 2650 3082 2729 ipso
3109 2649 3237 2710 solo
3258 2655 3411 2724 erat,
3441 2654 3513 2708 ut
3535 2649 3604 2709 in
3623 2648 3712 2709 le-

2146 2742 2433 2821 gislatore
2456 2764 2474 2816 ;
2524 2747 2586 2802 et
2616 2742 2782 2803 idem
2813 2749 2904 2804 est
2930 2748 3173 2804 servata
3209 2742 3602 2823 proportione
3632 2742 3709 2803 de

2146 2834 2283 2913 lege
2313 2834 2526 2913 gratiae
2548 2840 2609 2894 et
2626 2835 2703 2896 de
2718 2835 2853 2913 lege
2877 2835 3164 2896 naturali.

2232 2930 2292 2987 7.
2339 2926 2515 2988 Unde
2541 2926 2634 3004 fit,
2674 2932 2746 2986 ut
2793 2927 2895 2988 lex
2923 2928 3157 3003 divina,
3188 2932 3495 3005 quatenus
3518 2926 3585 2986 in
3612 2927 3709 2988 le·-

2146 3020 2434 3099 gislatore
2459 3025 2573 3095 est,
2602 3038 2730 3080 non
2755 3021 2834 3082 sit
2851 3019 3103 3082 effectus
3133 3020 3290 3098 legis
3317 3027 3586 3094 seternae,
3602 3020 3708 3081 sed

2146 3114 2347 3191 potius
2387 3114 2521 3193 ipsa
2571 3115 2672 3174 lex
2703 3120 2934 3175 aeterna
2978 3113 3326 3193 secundum!
3374 3113 3707 3193 quemdam

2146 3215 2506 3284 conceptum
2542 3206 3004 3285 inadaequatum
3042 3207 3199 3284 ejus.
3233 3208 3561 3266 Possumus
3600 3223 3711 3266 au-

2144 3302 2272 3358 tem
2322 3299 2473 3359 duas
2520 3298 3052 3373 denominationes
3087 3298 3153 3359 iu
3193 3315 3266 3359 ea
3298 3297 3706 3376 distinguere,

2144 3408 2359 3466 unam,
2390 3397 2694 3470 quatenus
2720 3397 2951 3452 aeterna
2977 3397 3090 3467 est,
3129 3408 3270 3470 quae
3312 3396 3385 3450 ut
3431 3391 3515 3450 sic
3555 3408 3711 3469 prae-

2146 3483 2371 3544 scindit
2391 3483 2470 3543 ab
2499 3490 2755 3545 externa
2777 3483 3295 3563 promulgatione,
3329 3488 3392 3543 et
3414 3501 3541 3543 non
3561 3482 3712 3543 dicit

2145 3582 2490 3654 respectum
2518 3577 2597 3637 ad
2625 3583 2933 3638 creaturas
2954 3585 3096 3637 actu
3109 3577 3437 3637 existentes
3459 3591 3476 3636 t
3495 3576 3708 3651 aliam,

2146 3674 2330 3746 prout
2356 3674 2446 3729 est
2471 3670 2606 3746 jam
2625 3676 2768 3730 actu
2791 3668 3184 3748 promulgata
3214 3675 3277 3730 et
3302 3667 3605 3746 obligans,
3649 3674 3714 3729 et

2146 3768 2595 3840 consequenter
2616 3762 2825 3823 dicens
2842 3768 3190 3842 respectum
3207 3761 3610 3841 temporalem
3628 3761 3710 3822 ad

2145 3859 2453 3915 creaturas
2485 3862 2626 3917 actu
2642 3857 2777 3935 jam
2802 3856 3153 3931 existentes,
3197 3861 3259 3917 et
3286 3860 3356 3915 ut
3391 3856 3477 3916 sic
3510 3860 3714 3935 potest

2148 3946 2538 4010 denominari
2556 3949 2768 4011 divina
2791 3965 2807 4009 ε
2830 3949 2920 4010 ita
2940 3956 3011 4010 ut
3038 3950 3152 4010 sub
3173 3949 3291 4010 hac
3319 3967 3469 4010 voce
3487 3967 3716 4010 (1111116-

2147 4045 2235 4101 161
2248 4042 2413 4101 1111116
2434 4048 2663 4103 statum
2688 4042 3047 4103 sufficientis
3060 4041 3634 4103 communicationis
3651 4047 3717 4101 et

2147 4133 2662 4214 promulgationis
2687 4135 2767 4196 ad
2803 4140 2999 4197 extra.
3019 4135 3308 4214 Proprius
3327 4150 3477 4194 vero
3489 4133 3717 4193 dicitur

2149 4224 2249 4286 lex
2263 4225 2496 4302 divina,
2523 4226 2627 4287 lex
2652 4229 2784 4306 ipsa
2796 4228 2876 4288 ad
2894 4233 3068 4289 extra
3081 4228 3348 4289 existens
3370 4227 3438 4286 in
3453 4225 3715 4286 subditis

2150 4319 2249 4381 vel
2285 4320 2584 4381 ministris
2607 4321 2738 4397 Dei,
2770 4339 2878 4382 seu
2910 4321 2977 4380 in
3000 4320 3374 4400 cognitione,
3404 4318 3505 4380 vel
3534 4319 3716 4397 signo

2149 4412 2426 4492 quolibet
2459 4432 2569 4492 per
2602 4413 2767 4492 quod
2795 4414 2883 4475 eis
2909 4414 3281 4474 sufficienter
3307 4412 3713 4492 proponitur.

2151 4510 2213 4567 et
2240 4505 2355 4567 hoc
2376 4506 2560 4566 modo
2581 4506 2842 4566 dicimus
2867 4506 3070 4585 legem
3092 4505 3368 4567 divinam
3394 4521 3524 4565 esse
3551 4502 3717 4582 parti

2152 4598 2522 4677 cipationem
2562 4598 2719 4676 16315
2753 4605 2999 4660 aeternae
3040 4597 3534 4661 excellentiorem
3564 4612 3716 4674 qua-

2152 4708 2412 4769 cumque
2435 4691 2591 4752 alia:
2608 4695 2745 4751 tum
2766 4692 2910 4770 quia
2932 4690 3291 4769 perfectius
3278 4708 3344 4749 111
3370 4706 3444 4749 ea
3465 4688 3718 4767 partici-

2152 4788 2336 4862 patur
2352 4784 2453 4845 lex
2485 4789 2746 4845 aeterna:
2774 4789 2909 4845 tum
2934 4784 3123 4845 etiam
3136 4780 3717 4862 quiaimmediatius

2154 4876 2234 4936 ab
2253 4876 2386 4955 ipsa
2405 4881 2618 4937 manat
2627 4893 2647 4954 3
2667 4889 2804 4937 tum
2819 4877 3080 4955 denique
3103 4876 3251 4955 quia
3268 4874 3561 4953 obligatio
3579 4872 3719 4950 ejus

2154 4967 2510 5030 immediate
2537 4974 2628 5029 est
2649 4967 2729 5029 ab
2749 4970 2964 5030 eadem
2985 4969 3195 5029 divina
3221 4966 3607 5028 auctoritate.
3639 4965 3720 5024 Et

2154 5060 2241 5121 sic
2269 5060 2648 5122 satisfactum
2689 5066 2780 5122 est
2804 5062 2998 5140 priori
3025 5061 3187 5140 parti
3219 5058 3616 5119 difficultatis,

2236 5155 2297 5214 8.
2341 5154 2718 5234 Differentia
2741 5154 2899 5216 inter
2926 5152 3110 5232 zeqem
3136 5157 3422 5214 oetmam
3444 5150 3722 5211 divinam

2157 5252 2211 5308 et
2238 5246 2393 5323 leqes
2420 5246 2737 5308 humanae.
2773 5278 2856 5291 —
2880 5245 2976 5306 Ad
3002 5244 3264 5304 alteram
3294 5260 3441 5303 vero
3473 5246 3721 5320 partem

2156 5337 2440 5415 neganda
2463 5343 2558 5399 est
2594 5338 2788 5399 illatio
2832 5338 2922 5399 ibi
2950 5337 3134 5410 facta,
3182 5335 3508 5408 nimirum,
3548 5331 3723 5411 quod

2158 5429 2454 5509 obligatio
2497 5430 2653 5510 legis
2696 5430 2990 5493 humanae
3020 5429 3235 5490 divina
3277 5428 3378 5489 sit.
3404 5428 3511 5487 Est
3545 5424 3723 5488 enim
