<?xml version="1.0" encoding="UTF-8"?>
<!DOCTYPE html PUBLIC "-//W3C//DTD XHTML 1.0 Transitional//EN"
    "http://www.w3.org/TR/xhtml1/DTD/xhtml1-transitional.dtd">
<html xmlns="http://www.w3.org/1999/xhtml" xml:lang="en" lang="en">
 <head>
  <title>
</title>
<meta http-equiv="Content-Type" content="text/html;charset=utf-8" />
  <meta name='ocr-system' content='tesseract 3.04.00' />
  <meta name='ocr-capabilities' content='ocr_page ocr_carea ocr_par ocr_line ocrx_word'/>
</head>
<body>
  <div class='ocr_page' id='page_1' title='image "./rpfranciscisuar02duvagoog_0403.png"; bbox 0 0 3976 6219; ppageno 0'>
   <div class='ocr_carea' id='block_1_1' title="bbox 761 438 2791 503">
    <p class='ocr_par' dir='ltr' id='par_1_1' title="bbox 761 438 2791 503">
     <span class='ocr_line' id='line_1_1' title="bbox 761 438 2791 503; baseline -0.001 -8"><span class='ocrx_word' id='word_1_1' title='bbox 761 443 896 495; x_wconf 71' lang='lat' dir='ltr'><strong>cAP.</strong></span> <span class='ocrx_word' id='word_1_2' title='bbox 931 442 1061 495; x_wconf 83' lang='lat' dir='ltr'><strong>xm.</strong></span> <span class='ocrx_word' id='word_1_3' title='bbox 1097 441 1317 496; x_wconf 73' lang='lat' dir='ltr'><strong>mmm</strong></span> <span class='ocrx_word' id='word_1_4' title='bbox 1345 440 1472 494; x_wconf 76' lang='lat' dir='ltr'><strong>mx</strong></span> <span class='ocrx_word' id='word_1_5' title='bbox 1504 438 1811 492; x_wconf 57' lang='lat' dir='ltr'><strong>&amp;41¹0ch</strong></span> <span class='ocrx_word' id='word_1_6' title='bbox 1841 438 2056 492; x_wconf 75' lang='lat' dir='ltr'><strong>Possm·</strong></span> <span class='ocrx_word' id='word_1_7' title='bbox 2089 439 2620 503; x_wconf 54' lang='lat' dir='ltr'><strong>concom&#39;rANTEm</strong></span> <span class='ocrx_word' id='word_1_8' title='bbox 2656 439 2791 492; x_wconf 82' lang='lat' dir='ltr'><strong>ETC.</strong></span> 
     </span>
    </p>
   </div>
   <div class='ocr_carea' id='block_1_2' title="bbox 3248 434 3366 496">
    <p class='ocr_par' dir='ltr' id='par_1_2' title="bbox 3248 434 3366 496">
     <span class='ocr_line' id='line_1_2' title="bbox 3248 434 3366 496; baseline 0.008 -1"><span class='ocrx_word' id='word_1_9' title='bbox 3248 434 3366 496; x_wconf 80' lang='lat'><strong>385</strong></span> 
     </span>
    </p>
   </div>
   <div class='ocr_carea' id='block_1_3' title="bbox 142 533 3372 902">
    <p class='ocr_par' dir='ltr' id='par_1_3' title="bbox 142 533 3372 902">
     <span class='ocr_line' id='line_1_3' title="bbox 149 533 3365 645; baseline -0.001 -40"><span class='ocrx_word' id='word_1_10' title='bbox 149 563 229 607; x_wconf 82' lang='lat' dir='ltr'><strong>se</strong></span> <span class='ocrx_word' id='word_1_11' title='bbox 264 533 484 606; x_wconf 85' lang='grc' dir='ltr'>ιιοιίιιιι</span> <span class='ocrx_word' id='word_1_12' title='bbox 527 549 640 606; x_wconf 87' lang='lat' dir='ltr'><strong>est.</strong></span> <span class='ocrx_word' id='word_1_13' title='bbox 688 544 766 604; x_wconf 92' lang='lat' dir='ltr'><strong>Et</strong></span> <span class='ocrx_word' id='word_1_14' title='bbox 802 543 1149 605; x_wconf 81' lang='lat' dir='ltr'><strong>declaratur</strong></span> <span class='ocrx_word' id='word_1_15' title='bbox 1194 541 1527 622; x_wconf 85' lang='lat' dir='ltr'><strong>exemplo.</strong></span> <span class='ocrx_word' id='word_1_16' title='bbox 1582 557 1731 602; x_wconf 90' lang='lat' dir='ltr'><strong>nam</strong></span> <span class='ocrx_word' id='word_1_17' title='bbox 1806 539 1911 600; x_wconf 90' lang='lat' dir='ltr'><strong>bet</strong></span> <span class='ocrx_word' id='word_1_18' title='bbox 1937 539 2204 645; x_wconf 83' lang='lat' dir='ltr'><strong>speciem</strong></span> <span class='ocrx_word' id='word_1_19' title='bbox 2223 539 2393 616; x_wconf 90' lang='lat' dir='ltr'><strong>boni,</strong></span> <span class='ocrx_word' id='word_1_20' title='bbox 2431 546 2502 600; x_wconf 92' lang='lat' dir='ltr'><strong>ut</strong></span> <span class='ocrx_word' id='word_1_21' title='bbox 2529 540 2957 618; x_wconf 71' lang='lat' dir='ltr'><strong>eleemosynae,</strong></span> <span class='ocrx_word' id='word_1_22' title='bbox 2977 538 3068 601; x_wconf 82' lang='lat' dir='ltr'><strong>vel</strong></span> <span class='ocrx_word' id='word_1_23' title='bbox 3095 538 3365 619; x_wconf 83' lang='lat' dir='ltr'><strong>religiosi</strong></span> 
     </span>
     <span class='ocr_line' id='line_1_4' title="bbox 146 632 3368 716; baseline -0.001 -17"><span class='ocrx_word' id='word_1_24' title='bbox 146 638 435 699; x_wconf 79' lang='lat' dir='ltr'><strong>Ecclesia</strong></span> <span class='ocrx_word' id='word_1_25' title='bbox 465 643 687 716; x_wconf 83' lang='lat' dir='ltr'><strong>potest,</strong></span> <span class='ocrx_word' id='word_1_26' title='bbox 728 636 903 699; x_wconf 89' lang='lat' dir='ltr'><strong>verbi</strong></span> <span class='ocrx_word' id='word_1_27' title='bbox 929 637 1149 716; x_wconf 87' lang='lat' dir='ltr'><strong>gratia,</strong></span> <span class='ocrx_word' id='word_1_28' title='bbox 1194 634 1731 698; x_wconf 85' lang='lat' dir='ltr'><strong>excommunicare</strong></span> <span class='ocrx_word' id='word_1_29' title='bbox 1808 632 2068 708; x_wconf 74' lang='lat' dir='ltr'><strong>cultuS,</strong></span> <span class='ocrx_word' id='word_1_30' title='bbox 2099 633 2346 693; x_wconf 89' lang='lat' dir='ltr'><strong>animus</strong></span> <span class='ocrx_word' id='word_1_31' title='bbox 2390 651 2538 695; x_wconf 89' lang='lat' dir='ltr'><strong>vero</strong></span> <span class='ocrx_word' id='word_1_32' title='bbox 2580 639 2674 694; x_wconf 91' lang='lat' dir='ltr'><strong>est</strong></span> <span class='ocrx_word' id='word_1_33' title='bbox 2716 633 3107 709; x_wconf 88' lang='lat' dir='ltr'><strong>simoniacus,</strong></span> <span class='ocrx_word' id='word_1_34' title='bbox 3140 639 3203 695; x_wconf 91' lang='lat' dir='ltr'><strong>et</strong></span> <span class='ocrx_word' id='word_1_35' title='bbox 3228 635 3368 697; x_wconf 90' lang='lat' dir='ltr'><strong>ideo</strong></span> 
     </span>
     <span class='ocr_line' id='line_1_5' title="bbox 142 707 3370 810; baseline -0.002 -17"><span class='ocrx_word' id='word_1_36' title='bbox 142 749 413 793; x_wconf 90' lang='lat' dir='ltr'><strong>omnem</strong></span> <span class='ocrx_word' id='word_1_37' title='bbox 439 731 619 792; x_wconf 89' lang='lat' dir='ltr'><strong>illum</strong></span> <span class='ocrx_word' id='word_1_38' title='bbox 643 731 752 810; x_wconf 87' lang='lat' dir='ltr'><strong>qui</strong></span> <span class='ocrx_word' id='word_1_39' title='bbox 775 747 962 810; x_wconf 87' lang='lat' dir='ltr'><strong>grave</strong></span> <span class='ocrx_word' id='word_1_40' title='bbox 992 730 1384 809; x_wconf 88' lang='lat' dir='ltr'><strong>sacrilegium</strong></span> <span class='ocrx_word' id='word_1_41' title='bbox 1411 707 1731 790; x_wconf 88' lang='lat' dir='ltr'><strong>commise-</strong></span> <span class='ocrx_word' id='word_1_42' title='bbox 1808 730 2014 786; x_wconf 84' lang='lat' dir='ltr'><strong>textus</strong></span> <span class='ocrx_word' id='word_1_43' title='bbox 2042 724 2133 785; x_wconf 91' lang='lat' dir='ltr'><strong>illi</strong></span> <span class='ocrx_word' id='word_1_44' title='bbox 2160 726 2557 804; x_wconf 89' lang='lat' dir='ltr'><strong>procedunt</strong></span> <span class='ocrx_word' id='word_1_45' title='bbox 2539 745 2607 786; x_wconf 87' lang='lat'><strong>111</strong></span> <span class='ocrx_word' id='word_1_46' title='bbox 2638 725 2839 807; x_wconf 88' lang='lat' dir='ltr'><strong>specie</strong></span> <span class='ocrx_word' id='word_1_47' title='bbox 2864 727 3060 788; x_wconf 85' lang='lat' dir='ltr'><strong>tertiae</strong></span> <span class='ocrx_word' id='word_1_48' title='bbox 3087 730 3370 789; x_wconf 89' lang='lat' dir='ltr'><strong>assertio-</strong></span> 
     </span>
     <span class='ocr_line' id='line_1_6' title="bbox 146 818 3372 902; baseline -0 -18"><span class='ocrx_word' id='word_1_49' title='bbox 146 825 302 902; x_wconf 84' lang='lat' dir='ltr'><strong>1·it;</strong></span> <span class='ocrx_word' id='word_1_50' title='bbox 333 824 385 883; x_wconf 90' lang='lat' dir='ltr'><strong>si</strong></span> <span class='ocrx_word' id='word_1_51' title='bbox 412 842 560 902; x_wconf 86' lang='lat' dir='ltr'><strong>ergo</strong></span> <span class='ocrx_word' id='word_1_52' title='bbox 597 829 846 884; x_wconf 89' lang='lat' dir='ltr'><strong>tantum</strong></span> <span class='ocrx_word' id='word_1_53' title='bbox 896 824 1387 885; x_wconf 78' lang='lat' dir='ltr'><strong>excommunicet</strong></span> <span class='ocrx_word' id='word_1_54' title='bbox 1430 840 1576 883; x_wconf 91' lang='lat' dir='ltr'><strong>eum</strong></span> <span class='ocrx_word' id='word_1_55' title='bbox 1625 819 1733 899; x_wconf 89' lang='lat' dir='ltr'><strong>qui</strong></span> <span class='ocrx_word' id='word_1_56' title='bbox 1811 819 1931 894; x_wconf 75' lang='lat' dir='ltr'><strong>nia,</strong></span> <span class='ocrx_word' id='word_1_57' title='bbox 1984 825 2048 880; x_wconf 91' lang='lat' dir='ltr'><strong>et</strong></span> <span class='ocrx_word' id='word_1_58' title='bbox 2084 818 2258 880; x_wconf 92' lang='lat' dir='ltr'><strong>illam</strong></span> <span class='ocrx_word' id='word_1_59' title='bbox 2300 819 2692 894; x_wconf 89' lang='lat' dir='ltr'><strong>confirmant,</strong></span> <span class='ocrx_word' id='word_1_60' title='bbox 2721 818 2868 880; x_wconf 91' lang='lat' dir='ltr'><strong>huic</strong></span> <span class='ocrx_word' id='word_1_61' title='bbox 2899 827 3107 881; x_wconf 90' lang='lat' dir='ltr'><strong>autem</strong></span> <span class='ocrx_word' id='word_1_62' title='bbox 3135 828 3372 901; x_wconf 83' lang='lat' dir='ltr'><strong>quartae</strong></span> 
     </span>
    </p>
   </div>
   <div class='ocr_carea' id='block_1_4' title="bbox 151 914 1742 2186">
    <p class='ocr_par' dir='ltr' id='par_1_4' title="bbox 151 914 1742 2186">
     <span class='ocr_line' id='line_1_7' title="bbox 151 914 1734 993; baseline -0.003 -16"><span class='ocrx_word' id='word_1_63' title='bbox 151 917 425 979; x_wconf 87' lang='lat' dir='ltr'><strong>scienter</strong></span> <span class='ocrx_word' id='word_1_64' title='bbox 447 917 602 977; x_wconf 91' lang='lat' dir='ltr'><strong>illud</strong></span> <span class='ocrx_word' id='word_1_65' title='bbox 636 917 1037 992; x_wconf 78' lang='lat' dir='ltr'><strong>commiserit,</strong></span> <span class='ocrx_word' id='word_1_66' title='bbox 1062 935 1189 980; x_wconf 93' lang='lat' dir='ltr'><strong>non</strong></span> <span class='ocrx_word' id='word_1_67' title='bbox 1225 921 1415 993; x_wconf 80' lang='lat' dir='ltr'><strong>auget</strong></span> <span class='ocrx_word' id='word_1_68' title='bbox 1441 914 1543 975; x_wconf 89' lang='lat' dir='ltr'><strong>sed</strong></span> <span class='ocrx_word' id='word_1_69' title='bbox 1577 919 1734 974; x_wconf 91' lang='lat' dir='ltr'><strong>tem-</strong></span> 
     </span>
     <span class='ocr_line' id='line_1_8' title="bbox 152 1010 1734 1090; baseline -0.003 -18"><span class='ocrx_word' id='word_1_70' title='bbox 152 1017 342 1090; x_wconf 86' lang='lat' dir='ltr'><strong>perat</strong></span> <span class='ocrx_word' id='word_1_71' title='bbox 381 1011 654 1088; x_wconf 91' lang='lat' dir='ltr'><strong>rigorem</strong></span> <span class='ocrx_word' id='word_1_72' title='bbox 697 1017 759 1071; x_wconf 88' lang='lat' dir='ltr'><strong>et</strong></span> <span class='ocrx_word' id='word_1_73' title='bbox 800 1028 926 1071; x_wconf 80' lang='lat' dir='ltr'><strong>suae</strong></span> <span class='ocrx_word' id='word_1_74' title='bbox 964 1010 1411 1088; x_wconf 87' lang='lat' dir='ltr'><strong>jurisdictionis</strong></span> <span class='ocrx_word' id='word_1_75' title='bbox 1438 1026 1643 1084; x_wconf 89' lang='lat' dir='ltr'><strong>usum,</strong></span> <span class='ocrx_word' id='word_1_76' title='bbox 1670 1013 1734 1070; x_wconf 88' lang='lat' dir='ltr'><strong>et</strong></span> 
     </span>
     <span class='ocr_line' id='line_1_9' title="bbox 156 1101 1735 1182; baseline -0.002 -18"><span class='ocrx_word' id='word_1_77' title='bbox 156 1109 382 1165; x_wconf 84' lang='lat' dir='ltr'><strong>tamen</strong></span> <span class='ocrx_word' id='word_1_78' title='bbox 413 1102 717 1182; x_wconf 88' lang='lat' dir='ltr'><strong>particula</strong></span> <span class='ocrx_word' id='word_1_79' title='bbox 742 1102 849 1164; x_wconf 91' lang='lat' dir='ltr'><strong>illa</strong></span> <span class='ocrx_word' id='word_1_80' title='bbox 879 1103 1130 1166; x_wconf 72' lang='lat' dir='ltr'><strong>scienter</strong></span> <span class='ocrx_word' id='word_1_81' title='bbox 1155 1102 1416 1163; x_wconf 89' lang='lat' dir='ltr'><strong>includit</strong></span> <span class='ocrx_word' id='word_1_82' title='bbox 1436 1101 1735 1162; x_wconf 86' lang='lat' dir='ltr'><strong>conditio-</strong></span> 
     </span>
     <span class='ocr_line' id='line_1_10' title="bbox 157 1195 1735 1270; baseline -0.003 -11"><span class='ocrx_word' id='word_1_83' title='bbox 157 1216 314 1259; x_wconf 87' lang='lat' dir='ltr'><strong>nem</strong></span> <span class='ocrx_word' id='word_1_84' title='bbox 347 1197 425 1258; x_wconf 91' lang='lat' dir='ltr'><strong>de</strong></span> <span class='ocrx_word' id='word_1_85' title='bbox 451 1202 593 1258; x_wconf 91' lang='lat' dir='ltr'><strong>actu</strong></span> <span class='ocrx_word' id='word_1_86' title='bbox 626 1195 930 1270; x_wconf 89' lang='lat' dir='ltr'><strong>interiori,</strong></span> <span class='ocrx_word' id='word_1_87' title='bbox 974 1195 1038 1255; x_wconf 92' lang='lat' dir='ltr'><strong>id</strong></span> <span class='ocrx_word' id='word_1_88' title='bbox 1077 1201 1192 1270; x_wconf 92' lang='lat' dir='ltr'><strong>est,</strong></span> <span class='ocrx_word' id='word_1_89' title='bbox 1226 1197 1278 1256; x_wconf 92' lang='lat' dir='ltr'><strong>si</strong></span> <span class='ocrx_word' id='word_1_90' title='bbox 1322 1196 1518 1256; x_wconf 90' lang='lat' dir='ltr'><strong>sciens</strong></span> <span class='ocrx_word' id='word_1_91' title='bbox 1545 1200 1607 1256; x_wconf 88' lang='lat' dir='ltr'><strong>et</strong></span> <span class='ocrx_word' id='word_1_92' title='bbox 1629 1212 1735 1255; x_wconf 89' lang='lat' dir='ltr'><strong>vo·</strong></span> 
     </span>
     <span class='ocr_line' id='line_1_11' title="bbox 162 1286 1739 1353; baseline -0.002 -2"><span class='ocrx_word' id='word_1_93' title='bbox 162 1290 309 1353; x_wconf 89' lang='lat' dir='ltr'><strong>lens</strong></span> <span class='ocrx_word' id='word_1_94' title='bbox 344 1290 571 1351; x_wconf 87' lang='lat' dir='ltr'><strong>directe</strong></span> <span class='ocrx_word' id='word_1_95' title='bbox 616 1288 734 1350; x_wconf 93' lang='lat' dir='ltr'><strong>hoc</strong></span> <span class='ocrx_word' id='word_1_96' title='bbox 771 1288 1007 1350; x_wconf 85' lang='lat' dir='ltr'><strong>fecerit.</strong></span> <span class='ocrx_word' id='word_1_97' title='bbox 1051 1289 1210 1350; x_wconf 88' lang='lat' dir='ltr'><strong>Hinc</strong></span> <span class='ocrx_word' id='word_1_98' title='bbox 1238 1288 1427 1349; x_wconf 90' lang='lat' dir='ltr'><strong>etiam</strong></span> <span class='ocrx_word' id='word_1_99' title='bbox 1476 1286 1739 1349; x_wconf 80' lang='lat' dir='ltr'><strong>Ecclesia</strong></span> 
     </span>
     <span class='ocr_line' id='line_1_12' title="bbox 167 1381 1738 1462; baseline -0.001 -19"><span class='ocrx_word' id='word_1_100' title='bbox 167 1384 447 1462; x_wconf 80' lang='lat' dir='ltr'><strong>graviori</strong></span> <span class='ocrx_word' id='word_1_101' title='bbox 471 1385 565 1459; x_wconf 93' lang='grc' dir='ltr'>(ιιι</span> <span class='ocrx_word' id='word_1_102' title='bbox 587 1382 673 1442; x_wconf 91' lang='lat' dir='ltr'><strong>sic</strong></span> <span class='ocrx_word' id='word_1_103' title='bbox 691 1381 913 1458; x_wconf 90' lang='lat' dir='ltr'><strong>dicam)</strong></span> <span class='ocrx_word' id='word_1_104' title='bbox 939 1381 1042 1443; x_wconf 89' lang='lat' dir='ltr'><strong>sed</strong></span> <span class='ocrx_word' id='word_1_105' title='bbox 1064 1382 1262 1461; x_wconf 90' lang='lat' dir='ltr'><strong>magis</strong></span> <span class='ocrx_word' id='word_1_106' title='bbox 1280 1381 1562 1442; x_wconf 89' lang='lat' dir='ltr'><strong>restricta</strong></span> <span class='ocrx_word' id='word_1_107' title='bbox 1587 1382 1738 1441; x_wconf 91' lang='lat' dir='ltr'><strong>irre-</strong></span> 
     </span>
     <span class='ocr_line' id='line_1_13' title="bbox 172 1473 1737 1555; baseline -0.002 -19"><span class='ocrx_word' id='word_1_108' title='bbox 172 1476 444 1554; x_wconf 82' lang='lat' dir='ltr'><strong>gularite</strong></span> <span class='ocrx_word' id='word_1_109' title='bbox 461 1477 642 1555; x_wconf 87' lang='lat' dir='ltr'><strong>punit</strong></span> <span class='ocrx_word' id='word_1_110' title='bbox 661 1474 1065 1535; x_wconf 89' lang='lat' dir='ltr'><strong>homicidium</strong></span> <span class='ocrx_word' id='word_1_111' title='bbox 1079 1473 1525 1549; x_wconf 85' lang='lat' dir='ltr'><strong>voluntarium,</strong></span> <span class='ocrx_word' id='word_1_112' title='bbox 1548 1491 1737 1552; x_wconf 89' lang='lat' dir='ltr'><strong>quam</strong></span> 
     </span>
     <span class='ocr_line' id='line_1_14' title="bbox 165 1566 1739 1647; baseline -0.003 -17"><span class='ocrx_word' id='word_1_113' title='bbox 165 1569 447 1630; x_wconf 80' lang='lat' dir='ltr'><strong>casuale:</strong></span> <span class='ocrx_word' id='word_1_114' title='bbox 472 1584 612 1646; x_wconf 82' lang='lat' dir='ltr'><strong>quae</strong></span> <span class='ocrx_word' id='word_1_115' title='bbox 634 1573 847 1628; x_wconf 90' lang='lat' dir='ltr'><strong>tamen</strong></span> <span class='ocrx_word' id='word_1_116' title='bbox 867 1585 1026 1647; x_wconf 82' lang='lat' dir='ltr'><strong>saepe</strong></span> <span class='ocrx_word' id='word_1_117' title='bbox 1046 1585 1172 1628; x_wconf 92' lang='lat' dir='ltr'><strong>non</strong></span> <span class='ocrx_word' id='word_1_118' title='bbox 1199 1566 1514 1640; x_wconf 84' lang='lat' dir='ltr'><strong>differunt,</strong></span> <span class='ocrx_word' id='word_1_119' title='bbox 1536 1567 1653 1626; x_wconf 88' lang='lat' dir='ltr'><strong>nisi</strong></span> <span class='ocrx_word' id='word_1_120' title='bbox 1672 1567 1739 1626; x_wconf 92' lang='grc' dir='ltr'><strong>ιιι</strong></span> 
     </span>
     <span class='ocr_line' id='line_1_15' title="bbox 173 1659 1741 1741; baseline -0.001 -18"><span class='ocrx_word' id='word_1_121' title='bbox 173 1663 535 1741; x_wconf 81' lang='lat' dir='ltr'><strong>cognitione</strong></span> <span class='ocrx_word' id='word_1_122' title='bbox 554 1667 615 1722; x_wconf 87' lang='lat' dir='ltr'><strong>et</strong></span> <span class='ocrx_word' id='word_1_123' title='bbox 632 1660 977 1721; x_wconf 88' lang='lat' dir='ltr'><strong>intentione</strong></span> <span class='ocrx_word' id='word_1_124' title='bbox 994 1661 1258 1721; x_wconf 88' lang='lat' dir='ltr'><strong>interna.</strong></span> <span class='ocrx_word' id='word_1_125' title='bbox 1278 1659 1434 1734; x_wconf 87' lang='lat' dir='ltr'><strong>Quia</strong></span> <span class='ocrx_word' id='word_1_126' title='bbox 1453 1660 1520 1719; x_wconf 92' lang='lat' dir='ltr'><strong>in</strong></span> <span class='ocrx_word' id='word_1_127' title='bbox 1537 1659 1741 1737; x_wconf 87' lang='lat' dir='ltr'><strong>rigore</strong></span> 
     </span>
     <span class='ocr_line' id='line_1_16' title="bbox 174 1751 1740 1834; baseline -0.002 -18"><span class='ocrx_word' id='word_1_128' title='bbox 174 1755 447 1816; x_wconf 78' lang='lat' dir='ltr'><strong>Ecclesia</strong></span> <span class='ocrx_word' id='word_1_129' title='bbox 477 1759 680 1834; x_wconf 87' lang='lat' dir='ltr'><strong>posset</strong></span> <span class='ocrx_word' id='word_1_130' title='bbox 714 1759 1051 1832; x_wconf 86' lang='lat' dir='ltr'><strong>utrumque</strong></span> <span class='ocrx_word' id='word_1_131' title='bbox 1081 1752 1488 1814; x_wconf 87' lang='lat' dir='ltr'><strong>homicidium</strong></span> <span class='ocrx_word' id='word_1_132' title='bbox 1516 1751 1740 1832; x_wconf 78' lang='lat' dir='ltr'><strong>aequali</strong></span> 
     </span>
     <span class='ocr_line' id='line_1_17' title="bbox 174 1845 1739 1926; baseline 0 -19"><span class='ocrx_word' id='word_1_133' title='bbox 174 1848 635 1926; x_wconf 81' lang='lat' dir='ltr'><strong>irregularitate</strong></span> <span class='ocrx_word' id='word_1_134' title='bbox 676 1846 920 1907; x_wconf 85' lang='lat' dir='ltr'><strong>afficere</strong></span> <span class='ocrx_word' id='word_1_135' title='bbox 954 1863 970 1905; x_wconf 89' lang='lat'>:</span> <span class='ocrx_word' id='word_1_136' title='bbox 1005 1864 1081 1907; x_wconf 84' lang='lat' dir='ltr'><strong>ex</strong></span> <span class='ocrx_word' id='word_1_137' title='bbox 1120 1845 1502 1923; x_wconf 81' lang='lat' dir='ltr'><strong>benignitate</strong></span> <span class='ocrx_word' id='word_1_138' title='bbox 1529 1852 1739 1907; x_wconf 88' lang='lat' dir='ltr'><strong>autem</strong></span> 
     </span>
     <span class='ocr_line' id='line_1_18' title="bbox 170 1937 1742 2019; baseline -0.002 -18"><span class='ocrx_word' id='word_1_139' title='bbox 170 1941 372 2001; x_wconf 85' lang='lat' dir='ltr'><strong>voluit</strong></span> <span class='ocrx_word' id='word_1_140' title='bbox 420 1941 692 2019; x_wconf 90' lang='lat' dir='ltr'><strong>rigorem</strong></span> <span class='ocrx_word' id='word_1_141' title='bbox 740 1946 1084 2019; x_wconf 86' lang='lat' dir='ltr'><strong>temperare</strong></span> <span class='ocrx_word' id='word_1_142' title='bbox 1121 1987 1134 2010; x_wconf 91' lang='lat'><strong>,</strong></span> <span class='ocrx_word' id='word_1_143' title='bbox 1181 1938 1430 2018; x_wconf 90' lang='lat' dir='ltr'><strong>quando</strong></span> <span class='ocrx_word' id='word_1_144' title='bbox 1482 1937 1742 1999; x_wconf 88' lang='lat' dir='ltr'><strong>homici-</strong></span> 
     </span>
     <span class='ocr_line' id='line_1_19' title="bbox 173 2031 1742 2112; baseline 0.001 -20"><span class='ocrx_word' id='word_1_145' title='bbox 173 2033 353 2093; x_wconf 90' lang='lat' dir='ltr'><strong>dium</strong></span> <span class='ocrx_word' id='word_1_146' title='bbox 386 2051 513 2094; x_wconf 90' lang='grc' dir='ltr'>ιιοιι</span> <span class='ocrx_word' id='word_1_147' title='bbox 541 2038 634 2094; x_wconf 89' lang='lat' dir='ltr'><strong>est</strong></span> <span class='ocrx_word' id='word_1_148' title='bbox 660 2051 771 2112; x_wconf 89' lang='lat' dir='ltr'><strong>per</strong></span> <span class='ocrx_word' id='word_1_149' title='bbox 795 2050 859 2094; x_wconf 91' lang='lat' dir='ltr'><strong>se</strong></span> <span class='ocrx_word' id='word_1_150' title='bbox 887 2032 1223 2108; x_wconf 84' lang='lat' dir='ltr'><strong>intentum,</strong></span> <span class='ocrx_word' id='word_1_151' title='bbox 1249 2051 1357 2094; x_wconf 91' lang='lat' dir='ltr'><strong>seu</strong></span> <span class='ocrx_word' id='word_1_152' title='bbox 1383 2031 1613 2093; x_wconf 88' lang='lat' dir='ltr'><strong>directe</strong></span> <span class='ocrx_word' id='word_1_153' title='bbox 1634 2049 1742 2093; x_wconf 87' lang='lat' dir='ltr'><strong>vo·-</strong></span> 
     </span>
     <span class='ocr_line' id='line_1_20' title="bbox 169 2125 543 2186; baseline 0 -1"><span class='ocrx_word' id='word_1_154' title='bbox 169 2125 543 2186; x_wconf 90' lang='lat' dir='ltr'><strong>luntarium.</strong></span> 
     </span>
    </p>
   </div>
   <div class='ocr_carea' id='block_1_5' title="bbox 258 2216 1746 2298">
    <p class='ocr_par' dir='ltr' id='par_1_5' title="bbox 258 2216 1746 2298">
     <span class='ocr_line' id='line_1_21' title="bbox 258 2216 1746 2298; baseline 0.001 -20"><span class='ocrx_word' id='word_1_155' title='bbox 258 2220 362 2278; x_wconf 71' lang='lat'><strong>21.</strong></span> <span class='ocrx_word' id='word_1_156' title='bbox 395 2219 501 2277; x_wconf 88' lang='lat' dir='ltr'><strong>Est</strong></span> <span class='ocrx_word' id='word_1_157' title='bbox 521 2216 711 2277; x_wconf 90' lang='lat' dir='ltr'><strong>etiam</strong></span> <span class='ocrx_word' id='word_1_158' title='bbox 731 2217 1035 2297; x_wconf 91' lang='lat' dir='ltr'><strong>optimum</strong></span> <span class='ocrx_word' id='word_1_159' title='bbox 1058 2218 1437 2298; x_wconf 86' lang='lat' dir='ltr'><strong>exemplum,</strong></span> <span class='ocrx_word' id='word_1_160' title='bbox 1462 2217 1628 2298; x_wconf 89' lang='lat' dir='ltr'><strong>quod</strong></span> <span class='ocrx_word' id='word_1_161' title='bbox 1655 2224 1746 2279; x_wconf 89' lang='lat' dir='ltr'><strong>to-</strong></span> 
     </span>
    </p>
   </div>
   <div class='ocr_carea' id='block_1_6' title="bbox 1814 912 3393 2301">
    <p class='ocr_par' dir='ltr' id='par_1_6' title="bbox 1814 912 3385 2093">
     <span class='ocr_line' id='line_1_22' title="bbox 1814 912 3369 995; baseline 0.003 -23"><span class='ocrx_word' id='word_1_162' title='bbox 1814 912 1973 972; x_wconf 90' lang='lat' dir='ltr'><strong>nihil</strong></span> <span class='ocrx_word' id='word_1_163' title='bbox 2001 912 2271 973; x_wconf 86' lang='lat' dir='ltr'><strong>obstant.</strong></span> <span class='ocrx_word' id='word_1_164' title='bbox 2302 914 2372 974; x_wconf 92' lang='grc' dir='ltr'><strong>Ιιι</strong></span> <span class='ocrx_word' id='word_1_165' title='bbox 2399 931 2451 975; x_wconf 91' lang='lat' dir='ltr'><strong>c.</strong></span> <span class='ocrx_word' id='word_1_166' title='bbox 2478 923 2689 975; x_wconf 89' lang='lat' dir='ltr'><strong>autem</strong></span> <span class='ocrx_word' id='word_1_167' title='bbox 2722 913 3145 991; x_wconf 76' lang='lat' dir='ltr'><strong>Venerabilom,</strong></span> <span class='ocrx_word' id='word_1_168' title='bbox 3170 915 3369 995; x_wconf 53' lang='lat' dir='ltr'><strong>gula,</strong></span> 
     </span>
     <span class='ocr_line' id='line_1_23' title="bbox 1814 1005 3374 1087; baseline 0.003 -21"><span class='ocrx_word' id='word_1_169' title='bbox 1814 1006 1978 1086; x_wconf 86' lang='lat' dir='ltr'><strong>quod</strong></span> <span class='ocrx_word' id='word_1_170' title='bbox 2022 1007 2273 1068; x_wconf 91' lang='lat' dir='ltr'><strong>Navarr.</strong></span> <span class='ocrx_word' id='word_1_171' title='bbox 2321 1006 2571 1085; x_wconf 89' lang='lat' dir='ltr'><strong>allegat,</strong></span> <span class='ocrx_word' id='word_1_172' title='bbox 2617 1005 2777 1066; x_wconf 89' lang='lat' dir='ltr'><strong>nihil</strong></span> <span class='ocrx_word' id='word_1_173' title='bbox 2802 1006 3053 1067; x_wconf 88' lang='lat' dir='ltr'><strong>invenio</strong></span> <span class='ocrx_word' id='word_1_174' title='bbox 3093 1007 3259 1087; x_wconf 90' lang='lat' dir='ltr'><strong>quod</strong></span> <span class='ocrx_word' id='word_1_175' title='bbox 3294 1009 3374 1070; x_wconf 90' lang='lat' dir='ltr'><strong>ad</strong></span> 
     </span>
     <span class='ocr_line' id='line_1_24' title="bbox 1816 1098 3376 1181; baseline 0.002 -22"><span class='ocrx_word' id='word_1_176' title='bbox 1816 1117 2064 1160; x_wconf 89' lang='lat' dir='ltr'><strong>causam</strong></span> <span class='ocrx_word' id='word_1_177' title='bbox 2096 1099 2301 1160; x_wconf 84' lang='lat' dir='ltr'><strong>faciat.</strong></span> <span class='ocrx_word' id='word_1_178' title='bbox 2349 1101 2441 1159; x_wconf 87' lang='lat' dir='ltr'><strong>Ex</strong></span> <span class='ocrx_word' id='word_1_179' title='bbox 2482 1100 2753 1180; x_wconf 75' lang='lat' dir='ltr'><strong>§autem</strong></span> <span class='ocrx_word' id='word_1_180' title='bbox 2798 1098 2915 1159; x_wconf 83' lang='lat' dir='ltr'><strong>ult.</strong></span> <span class='ocrx_word' id='word_1_181' title='bbox 2952 1117 3139 1179; x_wconf 92' lang='lat' dir='ltr'><strong>quem</strong></span> <span class='ocrx_word' id='word_1_182' title='bbox 3188 1119 3376 1181; x_wconf 91' lang='lat' dir='ltr'><strong>supra</strong></span> 
     </span>
     <span class='ocr_line' id='line_1_25' title="bbox 1819 1190 3376 1273; baseline 0.001 -19"><span class='ocrx_word' id='word_1_183' title='bbox 1819 1192 2111 1272; x_wconf 82' lang='lat' dir='ltr'><strong>allegavi,</strong></span> <span class='ocrx_word' id='word_1_184' title='bbox 2147 1193 2347 1254; x_wconf 92' lang='lat' dir='ltr'><strong>solum</strong></span> <span class='ocrx_word' id='word_1_185' title='bbox 2384 1199 2584 1272; x_wconf 87' lang='lat' dir='ltr'><strong>potest</strong></span> <span class='ocrx_word' id='word_1_186' title='bbox 2632 1190 2838 1270; x_wconf 83' lang='lat' dir='ltr'><strong>colligi</strong></span> <span class='ocrx_word' id='word_1_187' title='bbox 2882 1194 3156 1254; x_wconf 90' lang='lat' dir='ltr'><strong>revocari</strong></span> <span class='ocrx_word' id='word_1_188' title='bbox 3201 1212 3376 1273; x_wconf 90' lang='lat' dir='ltr'><strong>posse</strong></span> 
     </span>
     <span class='ocr_line' id='line_1_26' title="bbox 1816 1286 3381 1366; baseline 0.001 -19"><span class='ocrx_word' id='word_1_189' title='bbox 1816 1287 1885 1347; x_wconf 89' lang='lat' dir='ltr'><strong>in</strong></span> <span class='ocrx_word' id='word_1_190' title='bbox 1909 1286 2195 1362; x_wconf 90' lang='lat' dir='ltr'><strong>dubium,</strong></span> <span class='ocrx_word' id='word_1_191' title='bbox 2225 1305 2306 1346; x_wconf 92' lang='lat' dir='ltr'><strong>an</strong></span> <span class='ocrx_word' id='word_1_192' title='bbox 2333 1286 2413 1347; x_wconf 87' lang='lat' dir='ltr'><strong>sit</strong></span> <span class='ocrx_word' id='word_1_193' title='bbox 2429 1286 2671 1364; x_wconf 88' lang='lat' dir='ltr'><strong>justum</strong></span> <span class='ocrx_word' id='word_1_194' title='bbox 2704 1291 3077 1365; x_wconf 83' lang='lat' dir='ltr'><strong>praeceptum</strong></span> <span class='ocrx_word' id='word_1_195' title='bbox 3108 1289 3381 1366; x_wconf 89' lang='lat' dir='ltr'><strong>superio-</strong></span> 
     </span>
     <span class='ocr_line' id='line_1_27' title="bbox 1816 1378 3380 1460; baseline 0.001 -20"><span class='ocrx_word' id='word_1_196' title='bbox 1816 1381 1902 1440; x_wconf 91' lang='lat' dir='ltr'><strong>ris</strong></span> <span class='ocrx_word' id='word_1_197' title='bbox 1936 1379 2321 1458; x_wconf 89' lang='lat' dir='ltr'><strong>prohibentis</strong></span> <span class='ocrx_word' id='word_1_198' title='bbox 2352 1385 2561 1440; x_wconf 87' lang='lat' dir='ltr'><strong>actum</strong></span> <span class='ocrx_word' id='word_1_199' title='bbox 2595 1379 2671 1439; x_wconf 92' lang='lat' dir='ltr'><strong>de</strong></span> <span class='ocrx_word' id='word_1_200' title='bbox 2702 1397 2765 1440; x_wconf 90' lang='lat' dir='ltr'><strong>se</strong></span> <span class='ocrx_word' id='word_1_201' title='bbox 2787 1378 3045 1455; x_wconf 89' lang='lat' dir='ltr'><strong>honum,</strong></span> <span class='ocrx_word' id='word_1_202' title='bbox 3076 1388 3380 1460; x_wconf 88' lang='lat' dir='ltr'><strong>quatenus</strong></span> 
     </span>
     <span class='ocr_line' id='line_1_28' title="bbox 1819 1472 3381 1554; baseline 0.001 -21"><span class='ocrx_word' id='word_1_203' title='bbox 1819 1473 1907 1534; x_wconf 91' lang='lat' dir='ltr'><strong>ibi</strong></span> <span class='ocrx_word' id='word_1_204' title='bbox 1948 1473 2351 1551; x_wconf 87' lang='lat' dir='ltr'><strong>permittitur,</strong></span> <span class='ocrx_word' id='word_1_205' title='bbox 2379 1477 2450 1531; x_wconf 89' lang='grc' dir='ltr'><strong>ιιι</strong></span> <span class='ocrx_word' id='word_1_206' title='bbox 2476 1478 2891 1551; x_wconf 88' lang='lat' dir='ltr'><strong>transgressor</strong></span> <span class='ocrx_word' id='word_1_207' title='bbox 2916 1472 3057 1533; x_wconf 81' lang='lat' dir='ltr'><strong>talis</strong></span> <span class='ocrx_word' id='word_1_208' title='bbox 3095 1475 3381 1554; x_wconf 81' lang='lat' dir='ltr'><strong>praecepti</strong></span> 
     </span>
     <span class='ocr_line' id='line_1_29' title="bbox 1817 1564 3381 1646; baseline 0.001 -20"><span class='ocrx_word' id='word_1_209' title='bbox 1817 1564 2171 1626; x_wconf 86' lang='lat' dir='ltr'><strong>absolvatur</strong></span> <span class='ocrx_word' id='word_1_210' title='bbox 2205 1565 2285 1625; x_wconf 90' lang='lat' dir='ltr'><strong>ad</strong></span> <span class='ocrx_word' id='word_1_211' title='bbox 2330 1564 2633 1625; x_wconf 89' lang='lat' dir='ltr'><strong>cautelam</strong></span> <span class='ocrx_word' id='word_1_212' title='bbox 2677 1586 2692 1624; x_wconf 73' lang='grc' dir='ltr'>ε</span> <span class='ocrx_word' id='word_1_213' title='bbox 2723 1564 3003 1627; x_wconf 86' lang='lat' dir='ltr'><strong>absolute</strong></span> <span class='ocrx_word' id='word_1_214' title='bbox 3038 1571 3251 1627; x_wconf 87' lang='lat' dir='ltr'><strong>tamen</strong></span> <span class='ocrx_word' id='word_1_215' title='bbox 3274 1585 3381 1646; x_wconf 93' lang='lat' dir='ltr'><strong>po-</strong></span> 
     </span>
     <span class='ocr_line' id='line_1_30' title="bbox 1819 1657 3384 1739; baseline 0.001 -20"><span class='ocrx_word' id='word_1_216' title='bbox 1819 1659 1943 1719; x_wconf 89' lang='lat' dir='ltr'><strong>tius</strong></span> <span class='ocrx_word' id='word_1_217' title='bbox 1974 1659 2343 1736; x_wconf 85' lang='lat' dir='ltr'><strong>supponitur</strong></span> <span class='ocrx_word' id='word_1_218' title='bbox 2368 1657 2492 1718; x_wconf 82' lang='lat' dir='ltr'><strong>tale</strong></span> <span class='ocrx_word' id='word_1_219' title='bbox 2518 1664 2895 1737; x_wconf 69' lang='lat' dir='ltr'><strong>praeceptum</strong></span> <span class='ocrx_word' id='word_1_220' title='bbox 2930 1660 3221 1739; x_wconf 67' lang='lat' dir='ltr'><strong>praesumi</strong></span> <span class='ocrx_word' id='word_1_221' title='bbox 3250 1660 3384 1737; x_wconf 88' lang='lat' dir='ltr'><strong>jus-</strong></span> 
     </span>
     <span class='ocr_line' id='line_1_31' title="bbox 1818 1751 3385 1831; baseline 0.002 -19"><span class='ocrx_word' id='word_1_222' title='bbox 1818 1757 1979 1826; x_wconf 89' lang='lat' dir='ltr'><strong>tum,</strong></span> <span class='ocrx_word' id='word_1_223' title='bbox 2003 1751 2145 1811; x_wconf 89' lang='lat' dir='ltr'><strong>licet</strong></span> <span class='ocrx_word' id='word_1_224' title='bbox 2171 1751 2434 1811; x_wconf 89' lang='lat' dir='ltr'><strong>intentio</strong></span> <span class='ocrx_word' id='word_1_225' title='bbox 2461 1751 2871 1831; x_wconf 85' lang='lat' dir='ltr'><strong>praecipientis</strong></span> <span class='ocrx_word' id='word_1_226' title='bbox 2896 1752 3129 1813; x_wconf 86' lang='lat' dir='ltr'><strong>occulta</strong></span> <span class='ocrx_word' id='word_1_227' title='bbox 3156 1753 3257 1815; x_wconf 88' lang='lat' dir='ltr'><strong>sit.</strong></span> <span class='ocrx_word' id='word_1_228' title='bbox 3278 1754 3385 1814; x_wconf 86' lang='lat' dir='ltr'><strong>Co-</strong></span> 
     </span>
     <span class='ocr_line' id='line_1_32' title="bbox 1821 1843 3384 1924; baseline -0.001 -18"><span class='ocrx_word' id='word_1_229' title='bbox 1821 1843 2074 1906; x_wconf 89' lang='lat' dir='ltr'><strong>rollaria</strong></span> <span class='ocrx_word' id='word_1_230' title='bbox 2101 1850 2336 1920; x_wconf 84' lang='lat' dir='ltr'><strong>autem,</strong></span> <span class='ocrx_word' id='word_1_231' title='bbox 2360 1863 2496 1924; x_wconf 85' lang='lat' dir='ltr'><strong>quae</strong></span> <span class='ocrx_word' id='word_1_232' title='bbox 2524 1844 2611 1905; x_wconf 90' lang='lat' dir='ltr'><strong>ibi</strong></span> <span class='ocrx_word' id='word_1_233' title='bbox 2647 1844 3022 1920; x_wconf 87' lang='lat' dir='ltr'><strong>inferuntur,</strong></span> <span class='ocrx_word' id='word_1_234' title='bbox 3066 1862 3212 1904; x_wconf 89' lang='lat' dir='ltr'><strong>vera</strong></span> <span class='ocrx_word' id='word_1_235' title='bbox 3256 1863 3384 1904; x_wconf 91' lang='grc' dir='ltr'>ιιοιι</span> 
     </span>
     <span class='ocr_line' id='line_1_33' title="bbox 1822 1927 3385 2018; baseline 0 -19"><span class='ocrx_word' id='word_1_236' title='bbox 1822 1943 1988 2012; x_wconf 86' lang='lat' dir='ltr'><strong>sunt,</strong></span> <span class='ocrx_word' id='word_1_237' title='bbox 2015 1943 2086 1998; x_wconf 93' lang='lat' dir='ltr'><strong>ut</strong></span> <span class='ocrx_word' id='word_1_238' title='bbox 2114 1938 2191 1999; x_wconf 88' lang='lat' dir='ltr'><strong>de</strong></span> <span class='ocrx_word' id='word_1_239' title='bbox 2215 1937 2454 1999; x_wconf 91' lang='lat' dir='ltr'><strong>duobus</strong></span> <span class='ocrx_word' id='word_1_240' title='bbox 2480 1938 2697 2017; x_wconf 90' lang='lat' dir='ltr'><strong>primis</strong></span> <span class='ocrx_word' id='word_1_241' title='bbox 2724 1939 2856 2018; x_wconf 87' lang='lat' dir='ltr'><strong>jam</strong></span> <span class='ocrx_word' id='word_1_242' title='bbox 2895 1937 3188 2014; x_wconf 78' lang='lat' dir='ltr'><strong>diximuS,</strong></span> <span class='ocrx_word' id='word_1_243' title='bbox 3218 1944 3282 1999; x_wconf 90' lang='lat' dir='ltr'><strong>et</strong></span> <span class='ocrx_word' id='word_1_244' title='bbox 3308 1927 3385 2000; x_wconf 88' lang='lat' dir='ltr'><strong>de</strong></span> 
     </span>
     <span class='ocr_line' id='line_1_34' title="bbox 1825 2032 2564 2093; baseline 0.001 -1"><span class='ocrx_word' id='word_1_245' title='bbox 1825 2032 2010 2093; x_wconf 89' lang='lat' dir='ltr'><strong>tertio</strong></span> <span class='ocrx_word' id='word_1_246' title='bbox 2029 2033 2240 2093; x_wconf 87' lang='lat' dir='ltr'><strong>statim</strong></span> <span class='ocrx_word' id='word_1_247' title='bbox 2266 2033 2564 2093; x_wconf 90' lang='lat' dir='ltr'><strong>dicemus.</strong></span> 
     </span>
    </p>

    <p class='ocr_par' dir='ltr' id='par_1_7' title="bbox 1825 2127 3393 2301">
     <span class='ocr_line' id='line_1_35' title="bbox 1905 2127 3387 2207; baseline 0 -19"><span class='ocrx_word' id='word_1_248' title='bbox 1905 2128 2007 2188; x_wconf 80' lang='lat'><strong>23.</strong></span> <span class='ocrx_word' id='word_1_249' title='bbox 2033 2127 2463 2188; x_wconf 89' lang='lat' dir='ltr'><strong>Fundamenta</strong></span> <span class='ocrx_word' id='word_1_250' title='bbox 2480 2145 2627 2188; x_wconf 89' lang='lat' dir='ltr'><strong>vero</strong></span> <span class='ocrx_word' id='word_1_251' title='bbox 2652 2127 2869 2206; x_wconf 76' lang='lat' dir='ltr'><strong>primae</strong></span> <span class='ocrx_word' id='word_1_252' title='bbox 2892 2127 3225 2207; x_wconf 79' lang='lat' dir='ltr'><strong>opinioniS,</strong></span> <span class='ocrx_word' id='word_1_253' title='bbox 3251 2146 3387 2206; x_wconf 89' lang='lat' dir='ltr'><strong>par-</strong></span> 
     </span>
     <span class='ocr_line' id='line_1_36' title="bbox 1825 2219 3393 2301; baseline -0.001 -20"><span class='ocrx_word' id='word_1_254' title='bbox 1825 2219 1941 2281; x_wconf 87' lang='lat' dir='ltr'><strong>tim</strong></span> <span class='ocrx_word' id='word_1_255' title='bbox 1958 2220 2143 2296; x_wconf 91' lang='lat' dir='ltr'><strong>hanc,</strong></span> <span class='ocrx_word' id='word_1_256' title='bbox 2166 2221 2393 2299; x_wconf 85' lang='lat' dir='ltr'><strong>partim</strong></span> <span class='ocrx_word' id='word_1_257' title='bbox 2413 2221 2680 2301; x_wconf 90' lang='lat' dir='ltr'><strong>primam</strong></span> <span class='ocrx_word' id='word_1_258' title='bbox 2696 2220 3146 2282; x_wconf 86' lang='lat' dir='ltr'><strong>conclusionem</strong></span> <span class='ocrx_word' id='word_1_259' title='bbox 3172 2221 3393 2281; x_wconf 88' lang='lat' dir='ltr'><strong>confir-</strong></span> 
     </span>
    </p>
   </div>
   <div class='ocr_carea' id='block_1_7' title="bbox 179 2310 3390 2392">
    <p class='ocr_par' dir='ltr' id='par_1_8' title="bbox 179 2310 3390 2392">
     <span class='ocr_line' id='line_1_37' title="bbox 179 2310 3390 2392; baseline 0.001 -21"><span class='ocrx_word' id='word_1_260' title='bbox 179 2316 311 2371; x_wconf 89' lang='lat' dir='ltr'><strong>tam</strong></span> <span class='ocrx_word' id='word_1_261' title='bbox 339 2310 682 2371; x_wconf 85' lang='lat' dir='ltr'><strong>doctrinam</strong></span> <span class='ocrx_word' id='word_1_262' title='bbox 712 2311 920 2371; x_wconf 90' lang='lat' dir='ltr'><strong>datam</strong></span> <span class='ocrx_word' id='word_1_263' title='bbox 947 2312 1306 2386; x_wconf 83' lang='lat' dir='ltr'><strong>confirmat3</strong></span> <span class='ocrx_word' id='word_1_264' title='bbox 1330 2330 1478 2373; x_wconf 89' lang='lat' dir='ltr'><strong>nam</strong></span> <span class='ocrx_word' id='word_1_265' title='bbox 1508 2318 1746 2373; x_wconf 89' lang='lat' dir='ltr'><strong>certum</strong></span> <span class='ocrx_word' id='word_1_266' title='bbox 1828 2317 2027 2388; x_wconf 89' lang='lat' dir='ltr'><strong>mant,</strong></span> <span class='ocrx_word' id='word_1_267' title='bbox 2086 2318 2149 2374; x_wconf 88' lang='lat' dir='ltr'><strong>ct</strong></span> <span class='ocrx_word' id='word_1_268' title='bbox 2181 2312 2341 2373; x_wconf 91' lang='lat' dir='ltr'><strong>nihil</strong></span> <span class='ocrx_word' id='word_1_269' title='bbox 2375 2313 2543 2373; x_wconf 81' lang='lat' dir='ltr'><strong>aliud</strong></span> <span class='ocrx_word' id='word_1_270' title='bbox 2589 2313 2872 2391; x_wconf 86' lang='lat' dir='ltr'><strong>probant.</strong></span> <span class='ocrx_word' id='word_1_271' title='bbox 2917 2314 3002 2374; x_wconf 88' lang='lat' dir='ltr'><strong>De</strong></span> <span class='ocrx_word' id='word_1_272' title='bbox 3056 2332 3187 2392; x_wconf 89' lang='lat' dir='ltr'><strong>cap.</strong></span> <span class='ocrx_word' id='word_1_273' title='bbox 3240 2330 3390 2391; x_wconf 83' lang='lat' dir='ltr'><strong>ergo</strong></span> 
     </span>
    </p>
   </div>
   <div class='ocr_carea' id='block_1_8' title="bbox 174 2403 1749 2576">
    <p class='ocr_par' dir='ltr' id='par_1_9' title="bbox 174 2403 1749 2576">
     <span class='ocr_line' id='line_1_38' title="bbox 174 2403 1748 2485; baseline 0.001 -21"><span class='ocrx_word' id='word_1_274' title='bbox 174 2411 273 2464; x_wconf 91' lang='lat' dir='ltr'><strong>cst</strong></span> <span class='ocrx_word' id='word_1_275' title='bbox 299 2403 657 2465; x_wconf 78' lang='lat' dir='ltr'><strong>haereticum</strong></span> <span class='ocrx_word' id='word_1_276' title='bbox 706 2408 1030 2465; x_wconf 80' lang='lat' dir='ltr'><strong>externum</strong></span> <span class='ocrx_word' id='word_1_277' title='bbox 1078 2424 1203 2466; x_wconf 90' lang='lat' dir='ltr'><strong>non</strong></span> <span class='ocrx_word' id='word_1_278' title='bbox 1245 2406 1561 2467; x_wconf 89' lang='lat' dir='ltr'><strong>incurrere</strong></span> <span class='ocrx_word' id='word_1_279' title='bbox 1606 2424 1748 2485; x_wconf 90' lang='lat' dir='ltr'><strong>pro-</strong></span> 
     </span>
     <span class='ocr_line' id='line_1_39' title="bbox 176 2495 1749 2576; baseline 0.001 -19"><span class='ocrx_word' id='word_1_280' title='bbox 176 2497 386 2576; x_wconf 91' lang='lat' dir='ltr'><strong>priam</strong></span> <span class='ocrx_word' id='word_1_281' title='bbox 405 2513 726 2557; x_wconf 88' lang='lat' dir='ltr'><strong>censuram</strong></span> <span class='ocrx_word' id='word_1_282' title='bbox 753 2495 1210 2573; x_wconf 82' lang='lat' dir='ltr'><strong>haereticorum,</strong></span> <span class='ocrx_word' id='word_1_283' title='bbox 1241 2498 1363 2558; x_wconf 90' lang='lat' dir='ltr'><strong>nisi</strong></span> <span class='ocrx_word' id='word_1_284' title='bbox 1395 2498 1607 2559; x_wconf 91' lang='lat' dir='ltr'><strong>animo</strong></span> <span class='ocrx_word' id='word_1_285' title='bbox 1627 2497 1749 2559; x_wconf 83' lang='lat' dir='ltr'><strong>hae·</strong></span> 
     </span>
    </p>
   </div>
   <div class='ocr_carea' id='block_1_9' title="bbox 178 2589 1752 2758">
    <p class='ocr_par' dir='ltr' id='par_1_10' title="bbox 178 2589 1746 2758">
     <span class='ocr_line' id='line_1_40' title="bbox 178 2589 1746 2670; baseline 0 -19"><span class='ocrx_word' id='word_1_286' title='bbox 178 2590 376 2652; x_wconf 87' lang='lat' dir='ltr'><strong>retico</strong></span> <span class='ocrx_word' id='word_1_287' title='bbox 394 2589 662 2650; x_wconf 86' lang='lat' dir='ltr'><strong>exterius</strong></span> <span class='ocrx_word' id='word_1_288' title='bbox 683 2608 747 2650; x_wconf 89' lang='lat' dir='ltr'><strong>se</strong></span> <span class='ocrx_word' id='word_1_289' title='bbox 768 2589 990 2668; x_wconf 87' lang='lat' dir='ltr'><strong>prodat</strong></span> <span class='ocrx_word' id='word_1_290' title='bbox 1016 2607 1033 2651; x_wconf 74' lang='lat' dir='ltr'><em>z</em></span> <span class='ocrx_word' id='word_1_291' title='bbox 1062 2608 1210 2651; x_wconf 90' lang='lat' dir='ltr'><strong>nam</strong></span> <span class='ocrx_word' id='word_1_292' title='bbox 1232 2591 1283 2650; x_wconf 88' lang='lat' dir='ltr'><strong>si</strong></span> <span class='ocrx_word' id='word_1_293' title='bbox 1304 2590 1503 2651; x_wconf 91' lang='lat' dir='ltr'><strong>solum</strong></span> <span class='ocrx_word' id='word_1_294' title='bbox 1522 2590 1746 2670; x_wconf 87' lang='lat' dir='ltr'><strong>fingat,</strong></span> 
     </span>
     <span class='ocr_line' id='line_1_41' title="bbox 181 2683 1752 2758; baseline -0.001 -14"><span class='ocrx_word' id='word_1_295' title='bbox 181 2689 250 2744; x_wconf 85' lang='lat' dir='ltr'><strong>et</strong></span> <span class='ocrx_word' id='word_1_296' title='bbox 277 2683 539 2744; x_wconf 88' lang='lat' dir='ltr'><strong>interius</strong></span> <span class='ocrx_word' id='word_1_297' title='bbox 566 2701 694 2744; x_wconf 91' lang='lat' dir='ltr'><strong>non</strong></span> <span class='ocrx_word' id='word_1_298' title='bbox 726 2683 1067 2758; x_wconf 84' lang='lat' dir='ltr'><strong>dissentiat,</strong></span> <span class='ocrx_word' id='word_1_299' title='bbox 1097 2701 1223 2743; x_wconf 92' lang='lat' dir='ltr'><strong>non</strong></span> <span class='ocrx_word' id='word_1_300' title='bbox 1249 2683 1509 2744; x_wconf 86' lang='lat' dir='ltr'><strong>incurrit</strong></span> <span class='ocrx_word' id='word_1_301' title='bbox 1536 2701 1752 2745; x_wconf 89' lang='lat' dir='ltr'><strong>censu-</strong></span> 
     </span>
    </p>
   </div>
   <div class='ocr_carea' id='block_1_10' title="bbox 181 2775 1762 4809">
    <p class='ocr_par' dir='ltr' id='par_1_11' title="bbox 181 2775 1762 4809">
     <span class='ocr_line' id='line_1_42' title="bbox 181 2775 1752 2856; baseline -0.003 -17"><span class='ocrx_word' id='word_1_302' title='bbox 181 2795 323 2839; x_wconf 87' lang='lat' dir='ltr'><strong>ram</strong></span> <span class='ocrx_word' id='word_1_303' title='bbox 351 2776 483 2856; x_wconf 84' lang='lat' dir='ltr'><strong>ipso</strong></span> <span class='ocrx_word' id='word_1_304' title='bbox 509 2776 671 2838; x_wconf 80' lang='lat' dir='ltr'><strong>iacto</strong></span> <span class='ocrx_word' id='word_1_305' title='bbox 695 2798 712 2851; x_wconf 84' lang='lat'><em>3</em></span> <span class='ocrx_word' id='word_1_306' title='bbox 737 2793 884 2854; x_wconf 90' lang='lat' dir='ltr'><strong>ergo</strong></span> <span class='ocrx_word' id='word_1_307' title='bbox 913 2775 1054 2836; x_wconf 87' lang='lat' dir='ltr'><strong>talis</strong></span> <span class='ocrx_word' id='word_1_308' title='bbox 1072 2794 1330 2838; x_wconf 89' lang='lat' dir='ltr'><strong>censura</strong></span> <span class='ocrx_word' id='word_1_309' title='bbox 1345 2775 1633 2855; x_wconf 91' lang='lat' dir='ltr'><strong>imposita</strong></span> <span class='ocrx_word' id='word_1_310' title='bbox 1659 2780 1752 2836; x_wconf 91' lang='lat' dir='ltr'><strong>est</strong></span> 
     </span>
     <span class='ocr_line' id='line_1_43' title="bbox 184 2867 1753 2948; baseline -0.001 -19"><span class='ocrx_word' id='word_1_311' title='bbox 184 2875 441 2948; x_wconf 88' lang='lat' dir='ltr'><strong>propter</strong></span> <span class='ocrx_word' id='word_1_312' title='bbox 469 2874 679 2931; x_wconf 91' lang='lat' dir='ltr'><strong>actum</strong></span> <span class='ocrx_word' id='word_1_313' title='bbox 703 2874 1026 2930; x_wconf 81' lang='lat' dir='ltr'><strong>externum</strong></span> <span class='ocrx_word' id='word_1_314' title='bbox 1059 2885 1204 2929; x_wconf 89' lang='lat' dir='ltr'><strong>cum</strong></span> <span class='ocrx_word' id='word_1_315' title='bbox 1230 2867 1641 2947; x_wconf 88' lang='lat' dir='ltr'><strong>dependentia</strong></span> <span class='ocrx_word' id='word_1_316' title='bbox 1672 2868 1753 2928; x_wconf 91' lang='lat' dir='ltr'><strong>ab</strong></span> 
     </span>
     <span class='ocr_line' id='line_1_44' title="bbox 185 2962 1754 3038; baseline -0.001 -15"><span class='ocrx_word' id='word_1_317' title='bbox 185 2963 538 3023; x_wconf 90' lang='lat' dir='ltr'><strong>intentione</strong></span> <span class='ocrx_word' id='word_1_318' title='bbox 561 2962 808 3024; x_wconf 91' lang='lat' dir='ltr'><strong>interna</strong></span> <span class='ocrx_word' id='word_1_319' title='bbox 826 2977 847 3038; x_wconf 89' lang='lat'>;</span> <span class='ocrx_word' id='word_1_320' title='bbox 868 2978 1013 3022; x_wconf 89' lang='lat' dir='ltr'><strong>cum</strong></span> <span class='ocrx_word' id='word_1_321' title='bbox 1041 2967 1253 3022; x_wconf 90' lang='lat' dir='ltr'><strong>tamen</strong></span> <span class='ocrx_word' id='word_1_322' title='bbox 1273 2967 1444 3023; x_wconf 91' lang='lat' dir='ltr'><strong>actus</strong></span> <span class='ocrx_word' id='word_1_323' title='bbox 1467 2967 1754 3022; x_wconf 85' lang='lat' dir='ltr'><strong>externus</strong></span> 
     </span>
     <span class='ocr_line' id='line_1_45' title="bbox 185 3053 1756 3136; baseline -0.001 -20"><span class='ocrx_word' id='word_1_324' title='bbox 185 3055 397 3136; x_wconf 89' lang='lat' dir='ltr'><strong>quoad</strong></span> <span class='ocrx_word' id='word_1_325' title='bbox 447 3055 830 3119; x_wconf 87' lang='lat' dir='ltr'><strong>materialem</strong></span> <span class='ocrx_word' id='word_1_326' title='bbox 872 3054 1202 3130; x_wconf 87' lang='lat' dir='ltr'><strong>actionem,</strong></span> <span class='ocrx_word' id='word_1_327' title='bbox 1228 3054 1327 3116; x_wconf 89' lang='lat' dir='ltr'><strong>vel</strong></span> <span class='ocrx_word' id='word_1_328' title='bbox 1358 3053 1756 3133; x_wconf 87' lang='lat' dir='ltr'><strong>significatio·</strong></span> 
     </span>
     <span class='ocr_line' id='line_1_46' title="bbox 186 3148 1758 3230; baseline -0.002 -20"><span class='ocrx_word' id='word_1_329' title='bbox 186 3168 338 3211; x_wconf 90' lang='lat' dir='ltr'><strong>nem</strong></span> <span class='ocrx_word' id='word_1_330' title='bbox 369 3168 495 3210; x_wconf 90' lang='lat' dir='ltr'><strong>non</strong></span> <span class='ocrx_word' id='word_1_331' title='bbox 522 3151 792 3230; x_wconf 89' lang='lat' dir='ltr'><strong>pendeat</strong></span> <span class='ocrx_word' id='word_1_332' title='bbox 829 3148 908 3210; x_wconf 93' lang='lat' dir='ltr'><strong>ab</strong></span> <span class='ocrx_word' id='word_1_333' title='bbox 935 3148 1066 3225; x_wconf 89' lang='lat' dir='ltr'><strong>illa,</strong></span> <span class='ocrx_word' id='word_1_334' title='bbox 1111 3167 1225 3210; x_wconf 89' lang='lat' dir='ltr'><strong>nec</strong></span> <span class='ocrx_word' id='word_1_335' title='bbox 1261 3149 1453 3228; x_wconf 87' lang='lat' dir='ltr'><strong>possit</strong></span> <span class='ocrx_word' id='word_1_336' title='bbox 1492 3149 1758 3210; x_wconf 81' lang='lat' dir='ltr'><strong>exterius</strong></span> 
     </span>
     <span class='ocr_line' id='line_1_47' title="bbox 187 3241 1760 3322; baseline -0.001 -19"><span class='ocrx_word' id='word_1_337' title='bbox 187 3244 459 3304; x_wconf 89' lang='lat' dir='ltr'><strong>discerni</strong></span> <span class='ocrx_word' id='word_1_338' title='bbox 486 3262 566 3304; x_wconf 90' lang='lat' dir='ltr'><strong>an</strong></span> <span class='ocrx_word' id='word_1_339' title='bbox 594 3241 884 3322; x_wconf 88' lang='lat' dir='ltr'><strong>procedat</strong></span> <span class='ocrx_word' id='word_1_340' title='bbox 919 3242 999 3302; x_wconf 90' lang='lat' dir='ltr'><strong>ab</strong></span> <span class='ocrx_word' id='word_1_341' title='bbox 1038 3242 1246 3302; x_wconf 90' lang='lat' dir='ltr'><strong>animo</strong></span> <span class='ocrx_word' id='word_1_342' title='bbox 1291 3241 1457 3316; x_wconf 88' lang='lat' dir='ltr'><strong>fict0,</strong></span> <span class='ocrx_word' id='word_1_343' title='bbox 1482 3247 1590 3303; x_wconf 90' lang='lat' dir='ltr'><strong>aut</strong></span> <span class='ocrx_word' id='word_1_344' title='bbox 1618 3258 1760 3302; x_wconf 90' lang='lat' dir='ltr'><strong>vere</strong></span> 
     </span>
     <span class='ocr_line' id='line_1_48' title="bbox 185 3334 1760 3413; baseline -0.001 -17"><span class='ocrx_word' id='word_1_345' title='bbox 185 3334 506 3396; x_wconf 68' lang='lat' dir='ltr'><strong>haeretico.</strong></span> <span class='ocrx_word' id='word_1_346' title='bbox 541 3334 838 3396; x_wconf 89' lang='lat' dir='ltr'><strong>Similiter</strong></span> <span class='ocrx_word' id='word_1_347' title='bbox 871 3338 966 3395; x_wconf 87' lang='lat' dir='ltr'><strong>est</strong></span> <span class='ocrx_word' id='word_1_348' title='bbox 1007 3334 1297 3413; x_wconf 89' lang='lat' dir='ltr'><strong>imposita</strong></span> <span class='ocrx_word' id='word_1_349' title='bbox 1338 3334 1760 3412; x_wconf 87' lang='lat' dir='ltr'><strong>irregularitas</strong></span> 
     </span>
     <span class='ocr_line' id='line_1_49' title="bbox 185 3424 1760 3508; baseline 0 -19"><span class='ocrx_word' id='word_1_350' title='bbox 185 3427 620 3508; x_wconf 88' lang='lat' dir='ltr'><strong>rebaptizanti,</strong></span> <span class='ocrx_word' id='word_1_351' title='bbox 659 3444 845 3505; x_wconf 89' lang='lat' dir='ltr'><strong>quam</strong></span> <span class='ocrx_word' id='word_1_352' title='bbox 894 3431 1106 3487; x_wconf 89' lang='lat' dir='ltr'><strong>tamen</strong></span> <span class='ocrx_word' id='word_1_353' title='bbox 1153 3444 1279 3486; x_wconf 90' lang='lat' dir='ltr'><strong>non</strong></span> <span class='ocrx_word' id='word_1_354' title='bbox 1323 3426 1653 3502; x_wconf 90' lang='lat' dir='ltr'><strong>contrahit,</strong></span> <span class='ocrx_word' id='word_1_355' title='bbox 1707 3424 1760 3489; x_wconf 90' lang='lat' dir='ltr'><strong>si</strong></span> 
     </span>
     <span class='ocr_line' id='line_1_50' title="bbox 185 3518 1754 3599; baseline 0 -18"><span class='ocrx_word' id='word_1_356' title='bbox 185 3520 332 3582; x_wconf 89' lang='lat' dir='ltr'><strong>ficte</strong></span> <span class='ocrx_word' id='word_1_357' title='bbox 385 3527 447 3581; x_wconf 90' lang='lat' dir='ltr'><strong>et</strong></span> <span class='ocrx_word' id='word_1_358' title='bbox 496 3520 628 3580; x_wconf 89' lang='lat' dir='ltr'><strong>sine</strong></span> <span class='ocrx_word' id='word_1_359' title='bbox 680 3518 1025 3580; x_wconf 89' lang='lat' dir='ltr'><strong>intentione</strong></span> <span class='ocrx_word' id='word_1_360' title='bbox 1067 3519 1335 3581; x_wconf 86' lang='lat' dir='ltr'><strong>exterius</strong></span> <span class='ocrx_word' id='word_1_361' title='bbox 1386 3518 1720 3599; x_wconf 90' lang='lat' dir='ltr'><strong>rebaptizet</strong></span> <span class='ocrx_word' id='word_1_362' title='bbox 1734 3567 1754 3597; x_wconf 95' lang='lat'><strong>,</strong></span> 
     </span>
     <span class='ocr_line' id='line_1_51' title="bbox 189 3611 1760 3692; baseline -0.001 -17"><span class='ocrx_word' id='word_1_363' title='bbox 189 3613 442 3675; x_wconf 84' lang='lat' dir='ltr'><strong>etiamsi</strong></span> <span class='ocrx_word' id='word_1_364' title='bbox 492 3611 769 3673; x_wconf 85' lang='lat' dir='ltr'><strong>Ecclesiae</strong></span> <span class='ocrx_word' id='word_1_365' title='bbox 816 3617 1094 3672; x_wconf 88' lang='lat' dir='ltr'><strong>constare</strong></span> <span class='ocrx_word' id='word_1_366' title='bbox 1140 3630 1267 3673; x_wconf 92' lang='lat' dir='ltr'><strong>non</strong></span> <span class='ocrx_word' id='word_1_367' title='bbox 1305 3612 1494 3692; x_wconf 81' lang='lat' dir='ltr'><strong>possit</strong></span> <span class='ocrx_word' id='word_1_368' title='bbox 1538 3612 1613 3672; x_wconf 92' lang='lat' dir='ltr'><strong>de</strong></span> <span class='ocrx_word' id='word_1_369' title='bbox 1649 3612 1760 3673; x_wconf 87' lang='lat' dir='ltr'><strong>tali</strong></span> 
     </span>
     <span class='ocr_line' id='line_1_52' title="bbox 195 3704 1759 3781; baseline -0.003 -13"><span class='ocrx_word' id='word_1_370' title='bbox 195 3706 473 3781; x_wconf 84' lang='lat' dir='ltr'><strong>fictione,</strong></span> <span class='ocrx_word' id='word_1_371' title='bbox 507 3723 623 3767; x_wconf 89' lang='lat' dir='ltr'><strong>nec</strong></span> <span class='ocrx_word' id='word_1_372' title='bbox 654 3705 731 3765; x_wconf 88' lang='lat' dir='ltr'><strong>de</strong></span> <span class='ocrx_word' id='word_1_373' title='bbox 758 3704 1121 3765; x_wconf 91' lang='lat' dir='ltr'><strong>intentionis</strong></span> <span class='ocrx_word' id='word_1_374' title='bbox 1148 3705 1408 3766; x_wconf 87' lang='lat' dir='ltr'><strong>defectu.</strong></span> <span class='ocrx_word' id='word_1_375' title='bbox 1435 3704 1759 3766; x_wconf 85' lang='lat' dir='ltr'><strong>Potuisset—</strong></span> 
     </span>
     <span class='ocr_line' id='line_1_53' title="bbox 196 3797 1761 3879; baseline 0 -20"><span class='ocrx_word' id='word_1_376' title='bbox 196 3816 324 3879; x_wconf 89' lang='lat' dir='ltr'><strong>que</strong></span> <span class='ocrx_word' id='word_1_377' title='bbox 347 3798 618 3860; x_wconf 91' lang='lat' dir='ltr'><strong>Ecclesia</strong></span> <span class='ocrx_word' id='word_1_378' title='bbox 635 3797 1151 3876; x_wconf 86' lang='lat' dir='ltr'><strong>irregularitatem</strong></span> <span class='ocrx_word' id='word_1_379' title='bbox 1171 3797 1488 3876; x_wconf 90' lang='lat' dir='ltr'><strong>imponere</strong></span> <span class='ocrx_word' id='word_1_380' title='bbox 1511 3803 1761 3878; x_wconf 89' lang='lat' dir='ltr'><strong>propter</strong></span> 
     </span>
     <span class='ocr_line' id='line_1_54' title="bbox 192 3890 1761 3971; baseline -0.001 -16"><span class='ocrx_word' id='word_1_381' title='bbox 192 3899 525 3955; x_wconf 83' lang='lat' dir='ltr'><strong>externam</strong></span> <span class='ocrx_word' id='word_1_382' title='bbox 553 3890 1103 3971; x_wconf 88' lang='lat' dir='ltr'><strong>rebaptizationem</strong></span> <span class='ocrx_word' id='word_1_383' title='bbox 1130 3891 1491 3970; x_wconf 87' lang='lat' dir='ltr'><strong>sacrilegam</strong></span> <span class='ocrx_word' id='word_1_384' title='bbox 1506 3897 1566 3951; x_wconf 88' lang='lat' dir='ltr'><strong>et</strong></span> <span class='ocrx_word' id='word_1_385' title='bbox 1588 3910 1761 3953; x_wconf 88' lang='lat' dir='ltr'><strong>scan-</strong></span> 
     </span>
     <span class='ocr_line' id='line_1_55' title="bbox 187 3983 1762 4061; baseline -0.002 -14"><span class='ocrx_word' id='word_1_386' title='bbox 187 3985 492 4061; x_wconf 88' lang='lat' dir='ltr'><strong>dalosam,</strong></span> <span class='ocrx_word' id='word_1_387' title='bbox 517 3985 704 4046; x_wconf 89' lang='lat' dir='ltr'><strong>etiam</strong></span> <span class='ocrx_word' id='word_1_388' title='bbox 731 3983 864 4044; x_wconf 91' lang='lat' dir='ltr'><strong>sine</strong></span> <span class='ocrx_word' id='word_1_389' title='bbox 887 3983 1232 4045; x_wconf 88' lang='lat' dir='ltr'><strong>intentione</strong></span> <span class='ocrx_word' id='word_1_390' title='bbox 1258 3983 1485 4046; x_wconf 88' lang='lat' dir='ltr'><strong>factam</strong></span> <span class='ocrx_word' id='word_1_391' title='bbox 1500 4000 1521 4061; x_wconf 83' lang='lat'>3</span> <span class='ocrx_word' id='word_1_392' title='bbox 1561 3984 1762 4045; x_wconf 92' lang='lat' dir='ltr'><strong>noluit</strong></span> 
     </span>
     <span class='ocr_line' id='line_1_56' title="bbox 187 4076 1761 4155; baseline -0.002 -15"><span class='ocrx_word' id='word_1_393' title='bbox 187 4085 429 4154; x_wconf 85' lang='lat' dir='ltr'><strong>tamen,</strong></span> <span class='ocrx_word' id='word_1_394' title='bbox 459 4077 563 4139; x_wconf 87' lang='lat' dir='ltr'><strong>sed</strong></span> <span class='ocrx_word' id='word_1_395' title='bbox 605 4076 978 4155; x_wconf 85' lang='lat' dir='ltr'><strong>temperavit</strong></span> <span class='ocrx_word' id='word_1_396' title='bbox 1011 4076 1305 4155; x_wconf 90' lang='lat' dir='ltr'><strong>rigorem;</strong></span> <span class='ocrx_word' id='word_1_397' title='bbox 1341 4095 1486 4155; x_wconf 88' lang='lat' dir='ltr'><strong>ergo</strong></span> <span class='ocrx_word' id='word_1_398' title='bbox 1512 4076 1761 4155; x_wconf 89' lang='lat' dir='ltr'><strong>signum</strong></span> 
     </span>
     <span class='ocr_line' id='line_1_57' title="bbox 191 4168 1761 4250; baseline -0.001 -18"><span class='ocrx_word' id='word_1_399' title='bbox 191 4177 290 4233; x_wconf 89' lang='lat' dir='ltr'><strong>est</strong></span> <span class='ocrx_word' id='word_1_400' title='bbox 313 4188 490 4250; x_wconf 87' lang='lat' dir='ltr'><strong>posse</strong></span> <span class='ocrx_word' id='word_1_401' title='bbox 512 4168 843 4231; x_wconf 89' lang='lat' dir='ltr'><strong>Ecclesiam</strong></span> <span class='ocrx_word' id='word_1_402' title='bbox 866 4168 983 4229; x_wconf 90' lang='lat' dir='ltr'><strong>hoc</strong></span> <span class='ocrx_word' id='word_1_403' title='bbox 1012 4169 1198 4229; x_wconf 91' lang='lat' dir='ltr'><strong>modo</strong></span> <span class='ocrx_word' id='word_1_404' title='bbox 1221 4168 1389 4247; x_wconf 87' lang='lat' dir='ltr'><strong>leges</strong></span> <span class='ocrx_word' id='word_1_405' title='bbox 1414 4170 1577 4231; x_wconf 88' lang='lat' dir='ltr'><strong>ferre</strong></span> <span class='ocrx_word' id='word_1_406' title='bbox 1599 4170 1761 4231; x_wconf 88' lang='lat' dir='ltr'><strong>circa</strong></span> 
     </span>
     <span class='ocr_line' id='line_1_58' title="bbox 189 4261 1761 4341; baseline -0.001 -15"><span class='ocrx_word' id='word_1_407' title='bbox 189 4270 364 4327; x_wconf 85' lang='lat' dir='ltr'><strong>actus</strong></span> <span class='ocrx_word' id='word_1_408' title='bbox 393 4269 675 4324; x_wconf 84' lang='lat' dir='ltr'><strong>externos</strong></span> <span class='ocrx_word' id='word_1_409' title='bbox 679 4308 698 4338; x_wconf 93' lang='lat'><strong>,</strong></span> <span class='ocrx_word' id='word_1_410' title='bbox 723 4262 970 4341; x_wconf 86' lang='lat' dir='ltr'><strong>quando</strong></span> <span class='ocrx_word' id='word_1_411' title='bbox 996 4261 1334 4323; x_wconf 87' lang='lat' dir='ltr'><strong>secundum</strong></span> <span class='ocrx_word' id='word_1_412' title='bbox 1362 4262 1634 4341; x_wconf 85' lang='lat' dir='ltr'><strong>aliquam</strong></span> <span class='ocrx_word' id='word_1_413' title='bbox 1662 4282 1761 4325; x_wconf 91' lang='lat' dir='ltr'><strong>ra-</strong></span> 
     </span>
     <span class='ocr_line' id='line_1_59' title="bbox 195 4355 1760 4434; baseline 0 -17"><span class='ocrx_word' id='word_1_414' title='bbox 195 4357 437 4418; x_wconf 91' lang='lat' dir='ltr'><strong>tionem</strong></span> <span class='ocrx_word' id='word_1_415' title='bbox 479 4355 778 4416; x_wconf 89' lang='lat' dir='ltr'><strong>moralem</strong></span> <span class='ocrx_word' id='word_1_416' title='bbox 818 4355 1247 4434; x_wconf 90' lang='lat' dir='ltr'><strong>respicientem</strong></span> <span class='ocrx_word' id='word_1_417' title='bbox 1292 4360 1520 4416; x_wconf 87' lang='lat' dir='ltr'><strong>statum</strong></span> <span class='ocrx_word' id='word_1_418' title='bbox 1559 4355 1760 4417; x_wconf 90' lang='lat' dir='ltr'><strong>Eccle-</strong></span> 
     </span>
     <span class='ocr_line' id='line_1_60' title="bbox 195 4447 1761 4529; baseline 0 -20"><span class='ocrx_word' id='word_1_419' title='bbox 195 4450 306 4509; x_wconf 83' lang='lat' dir='ltr'><strong>siae</strong></span> <span class='ocrx_word' id='word_1_420' title='bbox 334 4447 608 4528; x_wconf 86' lang='lat' dir='ltr'><strong>pendent</strong></span> <span class='ocrx_word' id='word_1_421' title='bbox 639 4448 717 4507; x_wconf 91' lang='lat' dir='ltr'><strong>ab</strong></span> <span class='ocrx_word' id='word_1_422' title='bbox 752 4448 1033 4509; x_wconf 89' lang='lat' dir='ltr'><strong>interiori</strong></span> <span class='ocrx_word' id='word_1_423' title='bbox 1060 4453 1225 4525; x_wconf 88' lang='lat' dir='ltr'><strong>actu,</strong></span> <span class='ocrx_word' id='word_1_424' title='bbox 1259 4449 1406 4510; x_wconf 90' lang='lat' dir='ltr'><strong>licet</strong></span> <span class='ocrx_word' id='word_1_425' title='bbox 1449 4466 1576 4509; x_wconf 93' lang='lat' dir='ltr'><strong>non</strong></span> <span class='ocrx_word' id='word_1_426' title='bbox 1605 4467 1761 4529; x_wconf 89' lang='lat' dir='ltr'><strong>pen-</strong></span> 
     </span>
     <span class='ocr_line' id='line_1_61' title="bbox 198 4541 1761 4619; baseline 0.001 -17"><span class='ocrx_word' id='word_1_427' title='bbox 198 4542 389 4602; x_wconf 87' lang='lat' dir='ltr'><strong>deant</strong></span> <span class='ocrx_word' id='word_1_428' title='bbox 434 4542 500 4602; x_wconf 92' lang='lat' dir='ltr'><strong>in</strong></span> <span class='ocrx_word' id='word_1_429' title='bbox 551 4541 857 4602; x_wconf 88' lang='lat' dir='ltr'><strong>materiali</strong></span> <span class='ocrx_word' id='word_1_430' title='bbox 903 4542 1142 4603; x_wconf 90' lang='lat' dir='ltr'><strong>actione</strong></span> <span class='ocrx_word' id='word_1_431' title='bbox 1183 4548 1473 4619; x_wconf 86' lang='lat' dir='ltr'><strong>externa,</strong></span> <span class='ocrx_word' id='word_1_432' title='bbox 1515 4561 1630 4604; x_wconf 91' lang='lat' dir='ltr'><strong>nec</strong></span> <span class='ocrx_word' id='word_1_433' title='bbox 1682 4562 1761 4605; x_wconf 82' lang='lat' dir='ltr'><strong>ex</strong></span> 
     </span>
     <span class='ocr_line' id='line_1_62' title="bbox 197 4634 1762 4716; baseline 0.001 -19"><span class='ocrx_word' id='word_1_434' title='bbox 197 4634 409 4715; x_wconf 90' lang='lat' dir='ltr'><strong>aliquo</strong></span> <span class='ocrx_word' id='word_1_435' title='bbox 436 4634 709 4697; x_wconf 88' lang='lat' dir='ltr'><strong>sensibili</strong></span> <span class='ocrx_word' id='word_1_436' title='bbox 732 4635 911 4714; x_wconf 89' lang='lat' dir='ltr'><strong>signo</strong></span> <span class='ocrx_word' id='word_1_437' title='bbox 936 4657 953 4711; x_wconf 90' lang='lat'>;</span> <span class='ocrx_word' id='word_1_438' title='bbox 984 4654 1131 4715; x_wconf 89' lang='lat' dir='ltr'><strong>ergo</strong></span> <span class='ocrx_word' id='word_1_439' title='bbox 1154 4636 1367 4698; x_wconf 90' lang='lat' dir='ltr'><strong>eadem</strong></span> <span class='ocrx_word' id='word_1_440' title='bbox 1387 4636 1624 4698; x_wconf 90' lang='lat' dir='ltr'><strong>ratione</strong></span> <span class='ocrx_word' id='word_1_441' title='bbox 1652 4654 1762 4716; x_wconf 91' lang='lat' dir='ltr'><strong>po-</strong></span> 
     </span>
     <span class='ocr_line' id='line_1_63' title="bbox 203 4727 1762 4809; baseline 0.001 -21"><span class='ocrx_word' id='word_1_442' title='bbox 203 4728 349 4788; x_wconf 89' lang='lat' dir='ltr'><strong>terit</strong></span> <span class='ocrx_word' id='word_1_443' title='bbox 376 4727 562 4789; x_wconf 90' lang='lat' dir='ltr'><strong>simili</strong></span> <span class='ocrx_word' id='word_1_444' title='bbox 589 4727 774 4789; x_wconf 92' lang='lat' dir='ltr'><strong>modo</strong></span> <span class='ocrx_word' id='word_1_445' title='bbox 802 4728 1130 4809; x_wconf 89' lang='lat' dir='ltr'><strong>prohibere</strong></span> <span class='ocrx_word' id='word_1_446' title='bbox 1165 4734 1227 4790; x_wconf 87' lang='lat' dir='ltr'><strong>et</strong></span> <span class='ocrx_word' id='word_1_447' title='bbox 1254 4729 1475 4809; x_wconf 90' lang='lat' dir='ltr'><strong>punire</strong></span> <span class='ocrx_word' id='word_1_448' title='bbox 1507 4728 1630 4790; x_wconf 87' lang='lat' dir='ltr'><strong>alia</strong></span> <span class='ocrx_word' id='word_1_449' title='bbox 1655 4729 1762 4790; x_wconf 89' lang='lat' dir='ltr'><strong>de-</strong></span> 
     </span>
    </p>
   </div>
   <div class='ocr_carea' id='block_1_11' title="bbox 198 4821 1597 4902">
    <p class='ocr_par' dir='ltr' id='par_1_12' title="bbox 198 4821 1597 4902">
     <span class='ocr_line' id='line_1_64' title="bbox 198 4821 1597 4902; baseline -0.001 -19"><span class='ocrx_word' id='word_1_450' title='bbox 198 4821 343 4883; x_wconf 88' lang='lat' dir='ltr'><strong>licta</strong></span> <span class='ocrx_word' id='word_1_451' title='bbox 365 4828 644 4896; x_wconf 83' lang='lat' dir='ltr'><strong>externa,</strong></span> <span class='ocrx_word' id='word_1_452' title='bbox 668 4829 855 4902; x_wconf 89' lang='lat' dir='ltr'><strong>prout</strong></span> <span class='ocrx_word' id='word_1_453' title='bbox 877 4822 1253 4901; x_wconf 87' lang='lat' dir='ltr'><strong>judicaverit</strong></span> <span class='ocrx_word' id='word_1_454' title='bbox 1287 4822 1597 4901; x_wconf 85' lang='lat' dir='ltr'><strong>expedire.</strong></span> 
     </span>
    </p>
   </div>
   <div class='ocr_carea' id='block_1_12' title="bbox 201 4914 1762 5089">
    <p class='ocr_par' dir='ltr' id='par_1_13' title="bbox 201 4914 1762 5089">
     <span class='ocr_line' id='line_1_65' title="bbox 286 4914 1762 4995; baseline 0.002 -21"><span class='ocrx_word' id='word_1_455' title='bbox 286 4916 385 4974; x_wconf 69' lang='lat'><strong>22.</strong></span> <span class='ocrx_word' id='word_1_456' title='bbox 432 4916 786 4993; x_wconf 63' lang='lat' dir='ltr'><strong>Exponitur</strong></span> <span class='ocrx_word' id='word_1_457' title='bbox 835 4921 1014 4995; x_wconf 76' lang='lat' dir='ltr'><strong>caput</strong></span> <span class='ocrx_word' id='word_1_458' title='bbox 1061 4917 1129 4978; x_wconf 76' lang='lat' dir='ltr'><strong>de</strong></span> <span class='ocrx_word' id='word_1_459' title='bbox 1172 4915 1459 4979; x_wconf 78' lang='lat' dir='ltr'><strong>Simonia</strong></span> <span class='ocrx_word' id='word_1_460' title='bbox 1489 4914 1654 4994; x_wconf 75' lang='lat' dir='ltr'><strong>loqui</strong></span> <span class='ocrx_word' id='word_1_461' title='bbox 1693 4914 1762 4977; x_wconf 75' lang='lat' dir='ltr'><strong>de</strong></span> 
     </span>
     <span class='ocr_line' id='line_1_66' title="bbox 201 5008 1761 5089; baseline -0.001 -18"><span class='ocrx_word' id='word_1_462' title='bbox 201 5012 339 5073; x_wconf 81' lang='lat' dir='ltr'><strong>actu</strong></span> <span class='ocrx_word' id='word_1_463' title='bbox 382 5013 619 5070; x_wconf 73' lang='lat' dir='ltr'><strong>externo</strong></span> <span class='ocrx_word' id='word_1_464' title='bbox 665 5008 736 5069; x_wconf 76' lang='lat' dir='ltr'><strong>in</strong></span> <span class='ocrx_word' id='word_1_465' title='bbox 775 5027 887 5089; x_wconf 77' lang='lat' dir='ltr'><strong>quo</strong></span> <span class='ocrx_word' id='word_1_466' title='bbox 913 5009 1086 5070; x_wconf 73' lang='lat' dir='ltr'><strong>nulla</strong></span> <span class='ocrx_word' id='word_1_467' title='bbox 1111 5009 1354 5071; x_wconf 81' lang='lat' dir='ltr'><strong>malitia</strong></span> <span class='ocrx_word' id='word_1_468' title='bbox 1384 5012 1656 5087; x_wconf 77' lang='lat' dir='ltr'><strong>apparot.</strong></span> <span class='ocrx_word' id='word_1_469' title='bbox 1679 5042 1761 5051; x_wconf 94' lang='lat'>—</span> 
     </span>
    </p>
   </div>
   <div class='ocr_carea' id='block_1_13' title="bbox 198 5100 1749 5274">
    <p class='ocr_par' dir='ltr' id='par_1_14' title="bbox 198 5100 1749 5274">
     <span class='ocr_line' id='line_1_67' title="bbox 201 5100 1748 5181; baseline -0.001 -19"><span class='ocrx_word' id='word_1_470' title='bbox 201 5104 322 5164; x_wconf 90' lang='lat' dir='ltr'><strong>Nec</strong></span> <span class='ocrx_word' id='word_1_471' title='bbox 342 5106 556 5161; x_wconf 90' lang='lat' dir='ltr'><strong>contra</strong></span> <span class='ocrx_word' id='word_1_472' title='bbox 577 5100 739 5163; x_wconf 90' lang='lat' dir='ltr'><strong>hanc</strong></span> <span class='ocrx_word' id='word_1_473' title='bbox 752 5102 1149 5164; x_wconf 87' lang='lat' dir='ltr'><strong>assertionem</strong></span> <span class='ocrx_word' id='word_1_474' title='bbox 1168 5101 1402 5181; x_wconf 88' lang='lat' dir='ltr'><strong>aliquid</strong></span> <span class='ocrx_word' id='word_1_475' title='bbox 1415 5106 1597 5179; x_wconf 89' lang='lat' dir='ltr'><strong>urget</strong></span> <span class='ocrx_word' id='word_1_476' title='bbox 1613 5119 1748 5180; x_wconf 89' lang='lat' dir='ltr'><strong>cap.</strong></span> 
     </span>
     <span class='ocr_line' id='line_1_68' title="bbox 198 5193 1749 5274; baseline 0.001 -20"><span class='ocrx_word' id='word_1_477' title='bbox 198 5195 309 5255; x_wconf 88' lang='lat' dir='ltr'><strong>ult.</strong></span> <span class='ocrx_word' id='word_1_478' title='bbox 348 5193 425 5255; x_wconf 90' lang='lat' dir='ltr'><strong>de</strong></span> <span class='ocrx_word' id='word_1_479' title='bbox 467 5194 703 5256; x_wconf 87' lang='lat' dir='ltr'><strong>Simon.</strong></span> <span class='ocrx_word' id='word_1_480' title='bbox 752 5194 1008 5256; x_wconf 85' lang='lat' dir='ltr'><strong>citatum</strong></span> <span class='ocrx_word' id='word_1_481' title='bbox 1058 5215 1097 5257; x_wconf 94' lang='lat' dir='ltr'><strong>a</strong></span> <span class='ocrx_word' id='word_1_482' title='bbox 1135 5195 1401 5257; x_wconf 89' lang='lat' dir='ltr'><strong>secunda</strong></span> <span class='ocrx_word' id='word_1_483' title='bbox 1437 5194 1749 5274; x_wconf 89' lang='lat' dir='ltr'><strong>opinione,</strong></span> 
     </span>
    </p>
   </div>
   <div class='ocr_carea' id='block_1_14' title="bbox 200 5287 1763 5650">
    <p class='ocr_par' dir='ltr' id='par_1_15' title="bbox 200 5287 1763 5650">
     <span class='ocr_line' id='line_1_69' title="bbox 201 5287 1756 5368; baseline 0.001 -20"><span class='ocrx_word' id='word_1_484' title='bbox 201 5288 345 5368; x_wconf 93' lang='lat' dir='ltr'><strong>quia</strong></span> <span class='ocrx_word' id='word_1_485' title='bbox 393 5288 668 5368; x_wconf 90' lang='lat' dir='ltr'><strong>loquitur</strong></span> <span class='ocrx_word' id='word_1_486' title='bbox 714 5289 963 5368; x_wconf 88' lang='lat' dir='ltr'><strong>quando</strong></span> <span class='ocrx_word' id='word_1_487' title='bbox 1011 5289 1079 5350; x_wconf 92' lang='lat' dir='ltr'><strong>in</strong></span> <span class='ocrx_word' id='word_1_488' title='bbox 1130 5295 1274 5351; x_wconf 90' lang='lat' dir='ltr'><strong>actu</strong></span> <span class='ocrx_word' id='word_1_489' title='bbox 1301 5295 1555 5350; x_wconf 83' lang='lat' dir='ltr'><strong>externo</strong></span> <span class='ocrx_word' id='word_1_490' title='bbox 1582 5287 1756 5350; x_wconf 90' lang='lat' dir='ltr'><strong>nulla</strong></span> 
     </span>
     <span class='ocr_line' id='line_1_70' title="bbox 200 5380 1758 5461; baseline 0.001 -20"><span class='ocrx_word' id='word_1_491' title='bbox 200 5380 438 5441; x_wconf 88' lang='lat' dir='ltr'><strong>malitia</strong></span> <span class='ocrx_word' id='word_1_492' title='bbox 465 5386 743 5461; x_wconf 88' lang='lat' dir='ltr'><strong>apparet,</strong></span> <span class='ocrx_word' id='word_1_493' title='bbox 775 5400 893 5443; x_wconf 92' lang='lat' dir='ltr'><strong>nec</strong></span> <span class='ocrx_word' id='word_1_494' title='bbox 919 5382 1317 5461; x_wconf 63' lang='lat' dir='ltr'><strong>praesumptio</strong></span> <span class='ocrx_word' id='word_1_495' title='bbox 1344 5381 1539 5459; x_wconf 89' lang='lat' dir='ltr'><strong>illius;</strong></span> <span class='ocrx_word' id='word_1_496' title='bbox 1565 5385 1627 5441; x_wconf 91' lang='lat' dir='ltr'><strong>et</strong></span> <span class='ocrx_word' id='word_1_497' title='bbox 1658 5399 1758 5442; x_wconf 89' lang='lat' dir='ltr'><strong>eo-</strong></span> 
     </span>
     <span class='ocr_line' id='line_1_71' title="bbox 200 5472 1757 5554; baseline -0.001 -20"><span class='ocrx_word' id='word_1_498' title='bbox 200 5474 340 5534; x_wconf 88' lang='lat' dir='ltr'><strong>dem</strong></span> <span class='ocrx_word' id='word_1_499' title='bbox 360 5472 546 5533; x_wconf 91' lang='lat' dir='ltr'><strong>modo</strong></span> <span class='ocrx_word' id='word_1_500' title='bbox 573 5473 845 5553; x_wconf 86' lang='lat' dir='ltr'><strong>loquitur</strong></span> <span class='ocrx_word' id='word_1_501' title='bbox 864 5492 1145 5554; x_wconf 83' lang='lat' dir='ltr'><strong>expresse</strong></span> <span class='ocrx_word' id='word_1_502' title='bbox 1164 5492 1297 5554; x_wconf 86' lang='lat' dir='ltr'><strong>cap.</strong></span> <span class='ocrx_word' id='word_1_503' title='bbox 1317 5474 1451 5535; x_wconf 77' lang='lat' dir='ltr'><strong>Tua</strong></span> <span class='ocrx_word' id='word_1_504' title='bbox 1466 5491 1594 5548; x_wconf 77' lang='lat' dir='ltr'><strong>nos,</strong></span> <span class='ocrx_word' id='word_1_505' title='bbox 1620 5472 1757 5534; x_wconf 93' lang='lat' dir='ltr'><strong>eod.</strong></span> 
     </span>
     <span class='ocr_line' id='line_1_72' title="bbox 202 5565 1763 5650; baseline 0.001 -23"><span class='ocrx_word' id='word_1_506' title='bbox 202 5567 330 5627; x_wconf 93' lang='lat' dir='ltr'><strong>Imo</strong></span> <span class='ocrx_word' id='word_1_507' title='bbox 361 5565 449 5627; x_wconf 91' lang='lat' dir='ltr'><strong>ibi</strong></span> <span class='ocrx_word' id='word_1_508' title='bbox 482 5571 572 5628; x_wconf 90' lang='lat' dir='ltr'><strong>est</strong></span> <span class='ocrx_word' id='word_1_509' title='bbox 604 5584 833 5645; x_wconf 89' lang='lat' dir='ltr'><strong>sermo,</strong></span> <span class='ocrx_word' id='word_1_510' title='bbox 862 5568 1113 5650; x_wconf 89' lang='lat' dir='ltr'><strong>quando</strong></span> <span class='ocrx_word' id='word_1_511' title='bbox 1152 5574 1326 5629; x_wconf 88' lang='lat' dir='ltr'><strong>actus</strong></span> <span class='ocrx_word' id='word_1_512' title='bbox 1361 5566 1628 5629; x_wconf 79' lang='lat' dir='ltr'><strong>exterior</strong></span> <span class='ocrx_word' id='word_1_513' title='bbox 1653 5565 1763 5628; x_wconf 88' lang='lat' dir='ltr'><strong>ha·</strong></span> 
     </span>
    </p>
   </div>
   <div class='ocr_carea' id='block_1_15' title="bbox 600 5687 666 5732">
    <p class='ocr_par' dir='ltr' id='par_1_16' title="bbox 600 5687 666 5732">
     <span class='ocr_line' id='line_1_73' title="bbox 600 5687 666 5732; baseline 0.015 -1"><span class='ocrx_word' id='word_1_514' title='bbox 600 5687 666 5732; x_wconf 80' lang='lat' dir='ltr'><strong>V.</strong></span> 
     </span>
    </p>
   </div>
   <div class='ocr_carea' id='block_1_16' title="bbox 1831 2405 3403 5644">
    <p class='ocr_par' dir='ltr' id='par_1_17' title="bbox 1831 2405 3401 4513">
     <span class='ocr_line' id='line_1_74' title="bbox 1832 2405 3392 2511; baseline -0.001 -43"><span class='ocrx_word' id='word_1_515' title='bbox 1832 2406 2041 2468; x_wconf 78' lang='lat' dir='ltr'><strong>Omnis</strong></span> <span class='ocrx_word' id='word_1_516' title='bbox 2066 2406 2381 2485; x_wconf 74' lang='lat' dir='ltr'><strong>utriusque</strong></span> <span class='ocrx_word' id='word_1_517' title='bbox 2407 2412 2470 2466; x_wconf 91' lang='lat' dir='ltr'><strong>et</strong></span> <span class='ocrx_word' id='word_1_518' title='bbox 2518 2406 2594 2467; x_wconf 91' lang='lat' dir='ltr'><strong>de</strong></span> <span class='ocrx_word' id='word_1_519' title='bbox 2635 2425 2767 2511; x_wconf 88' lang='lat' dir='ltr'><strong>cap.</strong></span> <span class='ocrx_word' id='word_1_520' title='bbox 2805 2405 3103 2479; x_wconf 58' lang='lat' dir='ltr'><strong>Dolenter,</strong></span> <span class='ocrx_word' id='word_1_521' title='bbox 3153 2412 3215 2468; x_wconf 88' lang='lat' dir='ltr'><strong>et</strong></span> <span class='ocrx_word' id='word_1_522' title='bbox 3263 2406 3392 2467; x_wconf 89' lang='lat' dir='ltr'><strong>Cle-</strong></span> 
     </span>
     <span class='ocr_line' id='line_1_75' title="bbox 1832 2497 3393 2578; baseline 0.001 -19"><span class='ocrx_word' id='word_1_523' title='bbox 1832 2503 2025 2559; x_wconf 88' lang='lat' dir='ltr'><strong>ment.</strong></span> <span class='ocrx_word' id='word_1_524' title='bbox 2068 2501 2090 2558; x_wconf 72' lang='grc'><strong>1</strong></span> <span class='ocrx_word' id='word_1_525' title='bbox 2134 2498 2279 2558; x_wconf 90' lang='lat' dir='ltr'><strong>satis</strong></span> <span class='ocrx_word' id='word_1_526' title='bbox 2319 2497 2551 2558; x_wconf 89' lang='lat' dir='ltr'><strong>dictum</strong></span> <span class='ocrx_word' id='word_1_527' title='bbox 2582 2505 2674 2558; x_wconf 88' lang='lat' dir='ltr'><strong>est</strong></span> <span class='ocrx_word' id='word_1_528' title='bbox 2705 2500 2773 2558; x_wconf 91' lang='lat' dir='ltr'><strong>in</strong></span> <span class='ocrx_word' id='word_1_529' title='bbox 2813 2499 3149 2560; x_wconf 87' lang='lat' dir='ltr'><strong>corollariis</strong></span> <span class='ocrx_word' id='word_1_530' title='bbox 3177 2500 3393 2578; x_wconf 81' lang='lat' dir='ltr'><strong>primae</strong></span> 
     </span>
     <span class='ocr_line' id='line_1_76' title="bbox 1831 2589 3390 2668; baseline 0.002 -16"><span class='ocrx_word' id='word_1_531' title='bbox 1831 2589 2261 2652; x_wconf 68' lang='lat' dir='ltr'><strong>conclusionis</strong></span> <span class='ocrx_word' id='word_1_532' title='bbox 2322 2589 2417 2649; x_wconf 87' lang='lat' dir='ltr'><strong>Ad</strong></span> <span class='ocrx_word' id='word_1_533' title='bbox 2468 2590 2721 2651; x_wconf 89' lang='lat' dir='ltr'><strong>tertium</strong></span> <span class='ocrx_word' id='word_1_534' title='bbox 2767 2610 2845 2651; x_wconf 83' lang='lat' dir='ltr'><strong>ex</strong></span> <span class='ocrx_word' id='word_1_535' title='bbox 2897 2610 2950 2651; x_wconf 91' lang='lat' dir='ltr'><strong>c.</strong></span> <span class='ocrx_word' id='word_1_536' title='bbox 3009 2591 3390 2668; x_wconf 78' lang='lat' dir='ltr'><strong>Commissa,</strong></span> 
     </span>
     <span class='ocr_line' id='line_1_77' title="bbox 1835 2681 3395 2765; baseline 0.001 -21"><span class='ocrx_word' id='word_1_537' title='bbox 1835 2683 2021 2744; x_wconf 90' lang='lat' dir='ltr'><strong>multi</strong></span> <span class='ocrx_word' id='word_1_538' title='bbox 2066 2681 2426 2761; x_wconf 90' lang='lat' dir='ltr'><strong>intelligunt</strong></span> <span class='ocrx_word' id='word_1_539' title='bbox 2452 2687 2694 2743; x_wconf 82' lang='lat' dir='ltr'><strong>textum</strong></span> <span class='ocrx_word' id='word_1_540' title='bbox 2726 2683 2905 2744; x_wconf 90' lang='lat' dir='ltr'><strong>illum</strong></span> <span class='ocrx_word' id='word_1_541' title='bbox 2941 2685 3017 2746; x_wconf 87' lang='lat' dir='ltr'><strong>de</strong></span> <span class='ocrx_word' id='word_1_542' title='bbox 3061 2685 3395 2765; x_wconf 89' lang='lat' dir='ltr'><strong>recipiente</strong></span> 
     </span>
     <span class='ocr_line' id='line_1_78' title="bbox 1833 2775 3395 2855; baseline 0 -17"><span class='ocrx_word' id='word_1_543' title='bbox 1833 2775 2203 2838; x_wconf 86' lang='lat' dir='ltr'><strong>beneficium</strong></span> <span class='ocrx_word' id='word_1_544' title='bbox 2252 2775 2603 2855; x_wconf 89' lang='lat' dir='ltr'><strong>parochiale</strong></span> <span class='ocrx_word' id='word_1_545' title='bbox 2654 2794 2764 2837; x_wconf 91' lang='lat' dir='ltr'><strong>seu</strong></span> <span class='ocrx_word' id='word_1_546' title='bbox 2809 2783 3093 2846; x_wconf 84' lang='lat' dir='ltr'><strong>curatum</strong></span> <span class='ocrx_word' id='word_1_547' title='bbox 3134 2778 3266 2838; x_wconf 87' lang='lat' dir='ltr'><strong>sine</strong></span> <span class='ocrx_word' id='word_1_548' title='bbox 3294 2778 3395 2837; x_wconf 90' lang='lat' dir='ltr'><strong>in-</strong></span> 
     </span>
     <span class='ocr_line' id='line_1_79' title="bbox 1832 2868 3395 2948; baseline 0 -18"><span class='ocrx_word' id='word_1_549' title='bbox 1832 2870 2109 2932; x_wconf 88' lang='lat' dir='ltr'><strong>tentione</strong></span> <span class='ocrx_word' id='word_1_550' title='bbox 2135 2887 2307 2930; x_wconf 90' lang='lat' dir='ltr'><strong>mere</strong></span> <span class='ocrx_word' id='word_1_551' title='bbox 2336 2869 2583 2931; x_wconf 89' lang='lat' dir='ltr'><strong>interna</strong></span> <span class='ocrx_word' id='word_1_552' title='bbox 2613 2868 2949 2948; x_wconf 89' lang='lat' dir='ltr'><strong>recipiendi</strong></span> <span class='ocrx_word' id='word_1_553' title='bbox 2975 2870 3259 2932; x_wconf 89' lang='lat' dir='ltr'><strong>ordinem</strong></span> <span class='ocrx_word' id='word_1_554' title='bbox 3280 2871 3395 2930; x_wconf 90' lang='lat' dir='ltr'><strong>·in-</strong></span> 
     </span>
     <span class='ocr_line' id='line_1_80' title="bbox 1831 2962 3397 3042; baseline 0.001 -20"><span class='ocrx_word' id='word_1_555' title='bbox 1831 2968 1928 3023; x_wconf 89' lang='lat' dir='ltr'><strong>tra</strong></span> <span class='ocrx_word' id='word_1_556' title='bbox 1955 2979 2216 3037; x_wconf 88' lang='lat' dir='ltr'><strong>annum,</strong></span> <span class='ocrx_word' id='word_1_557' title='bbox 2246 2962 2581 3042; x_wconf 89' lang='lat' dir='ltr'><strong>dicuntque</strong></span> <span class='ocrx_word' id='word_1_558' title='bbox 2629 2962 2809 3023; x_wconf 88' lang='lat' dir='ltr'><strong>illum</strong></span> <span class='ocrx_word' id='word_1_559' title='bbox 2844 2962 3153 3025; x_wconf 84' lang='lat' dir='ltr'><strong>defectum</strong></span> <span class='ocrx_word' id='word_1_560' title='bbox 3183 2964 3397 3025; x_wconf 87' lang='lat' dir='ltr'><strong>inten-</strong></span> 
     </span>
     <span class='ocr_line' id='line_1_81' title="bbox 1834 3052 3399 3137; baseline 0.003 -23"><span class='ocrx_word' id='word_1_561' title='bbox 1834 3052 2023 3114; x_wconf 89' lang='lat' dir='ltr'><strong>tionis</strong></span> <span class='ocrx_word' id='word_1_562' title='bbox 2053 3052 2265 3132; x_wconf 85' lang='lat' dir='ltr'><strong>puniri</strong></span> <span class='ocrx_word' id='word_1_563' title='bbox 2297 3071 2408 3133; x_wconf 89' lang='lat' dir='ltr'><strong>per</strong></span> <span class='ocrx_word' id='word_1_564' title='bbox 2442 3054 2853 3133; x_wconf 85' lang='lat' dir='ltr'><strong>privationem</strong></span> <span class='ocrx_word' id='word_1_565' title='bbox 2892 3055 3228 3133; x_wconf 88' lang='lat' dir='ltr'><strong>fructuum,</strong></span> <span class='ocrx_word' id='word_1_566' title='bbox 3258 3074 3399 3137; x_wconf 89' lang='lat' dir='ltr'><strong>pro·</strong></span> 
     </span>
     <span class='ocr_line' id='line_1_82' title="bbox 1836 3146 3394 3227; baseline 0.001 -20"><span class='ocrx_word' id='word_1_567' title='bbox 1836 3152 1973 3225; x_wconf 90' lang='lat' dir='ltr'><strong>pter</strong></span> <span class='ocrx_word' id='word_1_568' title='bbox 2040 3146 2543 3224; x_wconf 89' lang='lat' dir='ltr'><strong>conjunctionem</strong></span> <span class='ocrx_word' id='word_1_569' title='bbox 2614 3166 2757 3209; x_wconf 90' lang='lat' dir='ltr'><strong>cum</strong></span> <span class='ocrx_word' id='word_1_570' title='bbox 2821 3166 3004 3227; x_wconf 83' lang='lat' dir='ltr'><strong>opere</strong></span> <span class='ocrx_word' id='word_1_571' title='bbox 3059 3150 3348 3211; x_wconf 81' lang='lat' dir='ltr'><strong>exteriori</strong></span> <span class='ocrx_word' id='word_1_572' title='bbox 3372 3194 3394 3225; x_wconf 95' lang='lat'><strong>,</strong></span> 
     </span>
     <span class='ocr_line' id='line_1_83' title="bbox 1839 3238 3394 3303; baseline 0.001 -3"><span class='ocrx_word' id='word_1_573' title='bbox 1839 3238 2083 3301; x_wconf 89' lang='lat' dir='ltr'><strong>etiamsi</strong></span> <span class='ocrx_word' id='word_1_574' title='bbox 2124 3256 2251 3299; x_wconf 93' lang='lat' dir='ltr'><strong>non</strong></span> <span class='ocrx_word' id='word_1_575' title='bbox 2304 3239 2684 3301; x_wconf 90' lang='lat' dir='ltr'><strong>ostendatur.</strong></span> <span class='ocrx_word' id='word_1_576' title='bbox 2741 3241 2870 3300; x_wconf 92' lang='lat' dir='ltr'><strong>Imo</strong></span> <span class='ocrx_word' id='word_1_577' title='bbox 2918 3240 3089 3302; x_wconf 89' lang='lat' dir='ltr'><strong>addit</strong></span> <span class='ocrx_word' id='word_1_578' title='bbox 3142 3243 3290 3302; x_wconf 93' lang='lat' dir='ltr'><strong>Soto</strong></span> <span class='ocrx_word' id='word_1_579' title='bbox 3331 3242 3394 3303; x_wconf 91' lang='lat' dir='ltr'><strong>d.</strong></span> 
     </span>
     <span class='ocr_line' id='line_1_84' title="bbox 1839 3330 3399 3413; baseline 0.002 -21"><span class='ocrx_word' id='word_1_580' title='bbox 1839 3330 1944 3394; x_wconf 89' lang='lat' dir='ltr'><strong>lib.</strong></span> <span class='ocrx_word' id='word_1_581' title='bbox 1972 3333 2072 3406; x_wconf 85' lang='lat'><strong>10,</strong></span> <span class='ocrx_word' id='word_1_582' title='bbox 2094 3350 2154 3410; x_wconf 91' lang='lat' dir='ltr'><strong>q.</strong></span> <span class='ocrx_word' id='word_1_583' title='bbox 2185 3333 2247 3408; x_wconf 81' lang='lat'><strong>5,</strong></span> <span class='ocrx_word' id='word_1_584' title='bbox 2270 3337 2390 3392; x_wconf 91' lang='lat' dir='ltr'><strong>art.</strong></span> <span class='ocrx_word' id='word_1_585' title='bbox 2422 3333 2483 3407; x_wconf 89' lang='lat'><strong>6,</strong></span> <span class='ocrx_word' id='word_1_586' title='bbox 2510 3331 2674 3411; x_wconf 91' lang='lat' dir='ltr'><strong>quod</strong></span> <span class='ocrx_word' id='word_1_587' title='bbox 2700 3332 2750 3392; x_wconf 88' lang='lat' dir='ltr'><strong>si</strong></span> <span class='ocrx_word' id='word_1_588' title='bbox 2777 3332 3080 3412; x_wconf 89' lang='lat' dir='ltr'><strong>principio</strong></span> <span class='ocrx_word' id='word_1_589' title='bbox 3106 3334 3246 3413; x_wconf 90' lang='lat' dir='ltr'><strong>quis</strong></span> <span class='ocrx_word' id='word_1_590' title='bbox 3270 3353 3399 3395; x_wconf 91' lang='lat' dir='ltr'><strong>non</strong></span> 
     </span>
     <span class='ocr_line' id='line_1_85' title="bbox 1835 3423 3400 3504; baseline 0.003 -20"><span class='ocrx_word' id='word_1_591' title='bbox 1835 3423 2056 3484; x_wconf 89' lang='lat' dir='ltr'><strong>habuit</strong></span> <span class='ocrx_word' id='word_1_592' title='bbox 2082 3423 2254 3484; x_wconf 89' lang='lat' dir='ltr'><strong>illam</strong></span> <span class='ocrx_word' id='word_1_593' title='bbox 2282 3425 2714 3499; x_wconf 88' lang='lat' dir='ltr'><strong>intentionem,</strong></span> <span class='ocrx_word' id='word_1_594' title='bbox 2747 3429 2809 3485; x_wconf 93' lang='lat' dir='ltr'><strong>et</strong></span> <span class='ocrx_word' id='word_1_595' title='bbox 2841 3431 2980 3504; x_wconf 89' lang='lat' dir='ltr'><strong>post</strong></span> <span class='ocrx_word' id='word_1_596' title='bbox 3008 3444 3115 3487; x_wconf 80' lang='lat' dir='ltr'><strong>sex</strong></span> <span class='ocrx_word' id='word_1_597' title='bbox 3158 3445 3400 3489; x_wconf 88' lang='lat' dir='ltr'><strong>menses</strong></span> 
     </span>
     <span class='ocr_line' id='line_1_86' title="bbox 1839 3517 3400 3600; baseline 0.003 -22"><span class='ocrx_word' id='word_1_598' title='bbox 1839 3518 2011 3579; x_wconf 90' lang='lat' dir='ltr'><strong>illam</strong></span> <span class='ocrx_word' id='word_1_599' title='bbox 2041 3517 2267 3578; x_wconf 90' lang='lat' dir='ltr'><strong>habere</strong></span> <span class='ocrx_word' id='word_1_600' title='bbox 2293 3517 2546 3596; x_wconf 88' lang='lat' dir='ltr'><strong>incepit,</strong></span> <span class='ocrx_word' id='word_1_601' title='bbox 2596 3517 3000 3579; x_wconf 89' lang='lat' dir='ltr'><strong>nihilominus</strong></span> <span class='ocrx_word' id='word_1_602' title='bbox 3027 3526 3242 3582; x_wconf 91' lang='lat' dir='ltr'><strong>manet</strong></span> <span class='ocrx_word' id='word_1_603' title='bbox 3264 3521 3400 3600; x_wconf 91' lang='lat' dir='ltr'><strong>pri-</strong></span> 
     </span>
     <span class='ocr_line' id='line_1_87' title="bbox 1837 3610 3398 3687; baseline 0.003 -15"><span class='ocrx_word' id='word_1_604' title='bbox 1837 3618 2019 3672; x_wconf 89' lang='lat' dir='ltr'><strong>vatus</strong></span> <span class='ocrx_word' id='word_1_605' title='bbox 2057 3611 2358 3671; x_wconf 85' lang='lat' dir='ltr'><strong>fructibus</strong></span> <span class='ocrx_word' id='word_1_606' title='bbox 2400 3610 2653 3671; x_wconf 87' lang='lat' dir='ltr'><strong>illorum</strong></span> <span class='ocrx_word' id='word_1_607' title='bbox 2705 3630 2814 3672; x_wconf 82' lang='lat' dir='ltr'><strong>sex</strong></span> <span class='ocrx_word' id='word_1_608' title='bbox 2862 3614 3203 3687; x_wconf 81' lang='lat' dir='ltr'><strong>mensium3</strong></span> <span class='ocrx_word' id='word_1_609' title='bbox 3260 3620 3323 3676; x_wconf 86' lang='lat' dir='ltr'><strong>et</strong></span> <span class='ocrx_word' id='word_1_610' title='bbox 3363 3634 3398 3677; x_wconf 92' lang='lat' dir='ltr'><strong>e</strong></span> 
     </span>
     <span class='ocr_line' id='line_1_88' title="bbox 1837 3703 3400 3784; baseline 0.002 -19"><span class='ocrx_word' id='word_1_611' title='bbox 1837 3721 2129 3766; x_wconf 81' lang='lat' dir='ltr'><strong>converso</strong></span> <span class='ocrx_word' id='word_1_612' title='bbox 2157 3704 2211 3764; x_wconf 90' lang='lat' dir='ltr'><strong>si</strong></span> <span class='ocrx_word' id='word_1_613' title='bbox 2243 3722 2281 3765; x_wconf 92' lang='lat' dir='ltr'><strong>a</strong></span> <span class='ocrx_word' id='word_1_614' title='bbox 2307 3703 2612 3783; x_wconf 89' lang='lat' dir='ltr'><strong>principio</strong></span> <span class='ocrx_word' id='word_1_615' title='bbox 2644 3704 2808 3765; x_wconf 89' lang='lat' dir='ltr'><strong>bona</strong></span> <span class='ocrx_word' id='word_1_616' title='bbox 2829 3704 2952 3766; x_wconf 92' lang='lat' dir='ltr'><strong>fide</strong></span> <span class='ocrx_word' id='word_1_617' title='bbox 2972 3706 3188 3784; x_wconf 89' lang='lat' dir='ltr'><strong>recipit</strong></span> <span class='ocrx_word' id='word_1_618' title='bbox 3203 3706 3400 3769; x_wconf 86' lang='lat' dir='ltr'><strong>bene-</strong></span> 
     </span>
     <span class='ocr_line' id='line_1_89' title="bbox 1836 3796 3397 3876; baseline 0.003 -18"><span class='ocrx_word' id='word_1_619' title='bbox 1836 3796 2076 3873; x_wconf 81' lang='lat' dir='ltr'><strong>ficium,</strong></span> <span class='ocrx_word' id='word_1_620' title='bbox 2101 3802 2322 3876; x_wconf 87' lang='lat' dir='ltr'><strong>etpost</strong></span> <span class='ocrx_word' id='word_1_621' title='bbox 2347 3816 2453 3858; x_wconf 85' lang='lat' dir='ltr'><strong>sex</strong></span> <span class='ocrx_word' id='word_1_622' title='bbox 2480 3815 2721 3859; x_wconf 89' lang='lat' dir='ltr'><strong>menses</strong></span> <span class='ocrx_word' id='word_1_623' title='bbox 2747 3804 2949 3860; x_wconf 90' lang='lat' dir='ltr'><strong>mutat</strong></span> <span class='ocrx_word' id='word_1_624' title='bbox 2975 3799 3170 3874; x_wconf 92' lang='lat' dir='ltr'><strong>illam,</strong></span> <span class='ocrx_word' id='word_1_625' title='bbox 3202 3806 3264 3861; x_wconf 92' lang='lat' dir='ltr'><strong>et</strong></span> <span class='ocrx_word' id='word_1_626' title='bbox 3293 3801 3397 3863; x_wconf 90' lang='lat' dir='ltr'><strong>de-</strong></span> 
     </span>
     <span class='ocr_line' id='line_1_90' title="bbox 1837 3890 3400 3971; baseline 0.003 -19"><span class='ocrx_word' id='word_1_627' title='bbox 1837 3892 2037 3953; x_wconf 88' lang='lat' dir='ltr'><strong>cernit</strong></span> <span class='ocrx_word' id='word_1_628' title='bbox 2065 3909 2192 3951; x_wconf 90' lang='lat' dir='ltr'><strong>non</strong></span> <span class='ocrx_word' id='word_1_629' title='bbox 2216 3890 2512 3965; x_wconf 89' lang='lat' dir='ltr'><strong>ordinari,</strong></span> <span class='ocrx_word' id='word_1_630' title='bbox 2541 3896 2784 3952; x_wconf 83' lang='lat' dir='ltr'><strong>extunc</strong></span> <span class='ocrx_word' id='word_1_631' title='bbox 2811 3892 3027 3971; x_wconf 90' lang='lat' dir='ltr'><strong>incipit</strong></span> <span class='ocrx_word' id='word_1_632' title='bbox 3048 3910 3175 3953; x_wconf 92' lang='lat' dir='ltr'><strong>non</strong></span> <span class='ocrx_word' id='word_1_633' title='bbox 3196 3893 3400 3956; x_wconf 85' lang='lat' dir='ltr'><strong>facere</strong></span> 
     </span>
     <span class='ocr_line' id='line_1_91' title="bbox 1834 3983 3401 4062; baseline 0.002 -17"><span class='ocrx_word' id='word_1_634' title='bbox 1834 3985 2073 4046; x_wconf 86' lang='lat' dir='ltr'><strong>fructus</strong></span> <span class='ocrx_word' id='word_1_635' title='bbox 2124 4001 2265 4045; x_wconf 88' lang='lat' dir='ltr'><strong>suos</strong></span> <span class='ocrx_word' id='word_1_636' title='bbox 2305 4000 2322 4044; x_wconf 74' lang='grc' dir='ltr'>ε</span> <span class='ocrx_word' id='word_1_637' title='bbox 2372 4001 2444 4044; x_wconf 90' lang='lat' dir='ltr'><strong>ac</strong></span> <span class='ocrx_word' id='word_1_638' title='bbox 2472 3983 2738 4062; x_wconf 91' lang='lat' dir='ltr'><strong>denique</strong></span> <span class='ocrx_word' id='word_1_639' title='bbox 2787 3984 3138 4062; x_wconf 88' lang='lat' dir='ltr'><strong>generalem</strong></span> <span class='ocrx_word' id='word_1_640' title='bbox 3185 3990 3401 4048; x_wconf 88' lang='lat' dir='ltr'><strong>statuit</strong></span> 
     </span>
     <span class='ocr_line' id='line_1_92' title="bbox 1835 4077 3398 4158; baseline 0.002 -21"><span class='ocrx_word' id='word_1_641' title='bbox 1835 4077 2119 4157; x_wconf 90' lang='lat' dir='ltr'><strong>regulam</strong></span> <span class='ocrx_word' id='word_1_642' title='bbox 2165 4095 2277 4156; x_wconf 91' lang='lat' dir='ltr'><strong>pro</strong></span> <span class='ocrx_word' id='word_1_643' title='bbox 2326 4093 2720 4155; x_wconf 91' lang='lat' dir='ltr'><strong>quocumque</strong></span> <span class='ocrx_word' id='word_1_644' title='bbox 2760 4081 3035 4154; x_wconf 91' lang='lat' dir='ltr'><strong>tempore</strong></span> <span class='ocrx_word' id='word_1_645' title='bbox 3067 4077 3242 4154; x_wconf 91' lang='lat' dir='ltr'><strong>anni,</strong></span> <span class='ocrx_word' id='word_1_646' title='bbox 3284 4098 3398 4158; x_wconf 89' lang='lat' dir='ltr'><strong>pro</strong></span> 
     </span>
     <span class='ocr_line' id='line_1_93' title="bbox 1840 4168 3399 4251; baseline 0.002 -20"><span class='ocrx_word' id='word_1_647' title='bbox 1840 4190 1962 4251; x_wconf 92' lang='lat' dir='ltr'><strong>quo</strong></span> <span class='ocrx_word' id='word_1_648' title='bbox 1992 4171 2097 4231; x_wconf 90' lang='lat' dir='ltr'><strong>ille</strong></span> <span class='ocrx_word' id='word_1_649' title='bbox 2123 4188 2252 4231; x_wconf 92' lang='lat' dir='ltr'><strong>non</strong></span> <span class='ocrx_word' id='word_1_650' title='bbox 2273 4168 2460 4229; x_wconf 88' lang='lat' dir='ltr'><strong>habet</strong></span> <span class='ocrx_word' id='word_1_651' title='bbox 2487 4168 2899 4230; x_wconf 89' lang='lat' dir='ltr'><strong>intentionem</strong></span> <span class='ocrx_word' id='word_1_652' title='bbox 2926 4170 3269 4247; x_wconf 87' lang='lat' dir='ltr'><strong>sacerdotii,</strong></span> <span class='ocrx_word' id='word_1_653' title='bbox 3300 4173 3399 4235; x_wconf 91' lang='lat' dir='ltr'><strong>vel</strong></span> 
     </span>
     <span class='ocr_line' id='line_1_94' title="bbox 1842 4260 3401 4337; baseline 0.002 -12"><span class='ocrx_word' id='word_1_654' title='bbox 1842 4263 2194 4337; x_wconf 88' lang='lat' dir='ltr'><strong>formalem,</strong></span> <span class='ocrx_word' id='word_1_655' title='bbox 2234 4261 2335 4323; x_wconf 88' lang='lat' dir='ltr'><strong>vel</strong></span> <span class='ocrx_word' id='word_1_656' title='bbox 2360 4260 2745 4322; x_wconf 83' lang='lat' dir='ltr'><strong>habitualem</strong></span> <span class='ocrx_word' id='word_1_657' title='bbox 2781 4280 2860 4323; x_wconf 82' lang='lat' dir='ltr'><strong>ex</strong></span> <span class='ocrx_word' id='word_1_658' title='bbox 2893 4261 3000 4323; x_wconf 89' lang='lat' dir='ltr'><strong>illa</strong></span> <span class='ocrx_word' id='word_1_659' title='bbox 3029 4263 3310 4325; x_wconf 87' lang='lat' dir='ltr'><strong>relictam</strong></span> <span class='ocrx_word' id='word_1_660' title='bbox 3337 4271 3401 4328; x_wconf 89' lang='lat' dir='ltr'><strong>et</strong></span> 
     </span>
     <span class='ocr_line' id='line_1_95' title="bbox 1842 4353 3397 4436; baseline 0.001 -18"><span class='ocrx_word' id='word_1_661' title='bbox 1842 4376 1971 4418; x_wconf 90' lang='lat' dir='ltr'><strong>non</strong></span> <span class='ocrx_word' id='word_1_662' title='bbox 2020 4360 2414 4418; x_wconf 86' lang='lat' dir='ltr'><strong>retractatam</strong></span> <span class='ocrx_word' id='word_1_663' title='bbox 2428 4399 2450 4430; x_wconf 95' lang='lat'><strong>,</strong></span> <span class='ocrx_word' id='word_1_664' title='bbox 2497 4372 2611 4434; x_wconf 89' lang='lat' dir='ltr'><strong>pro</strong></span> <span class='ocrx_word' id='word_1_665' title='bbox 2642 4353 2749 4414; x_wconf 90' lang='lat' dir='ltr'><strong>illo</strong></span> <span class='ocrx_word' id='word_1_666' title='bbox 2800 4356 3031 4434; x_wconf 88' lang='lat' dir='ltr'><strong>privari</strong></span> <span class='ocrx_word' id='word_1_667' title='bbox 3070 4355 3397 4436; x_wconf 65' lang='lat' dir='ltr'><strong>fructibuS,</strong></span> 
     </span>
     <span class='ocr_line' id='line_1_96' title="bbox 1838 4448 3152 4513; baseline 0 0"><span class='ocrx_word' id='word_1_668' title='bbox 1838 4449 2079 4513; x_wconf 89' lang='lat' dir='ltr'><strong>etiamsi</strong></span> <span class='ocrx_word' id='word_1_669' title='bbox 2105 4449 2355 4510; x_wconf 89' lang='lat' dir='ltr'><strong>tandem</strong></span> <span class='ocrx_word' id='word_1_670' title='bbox 2374 4448 2539 4510; x_wconf 90' lang='lat' dir='ltr'><strong>intra</strong></span> <span class='ocrx_word' id='word_1_671' title='bbox 2556 4465 2792 4509; x_wconf 90' lang='lat' dir='ltr'><strong>annum</strong></span> <span class='ocrx_word' id='word_1_672' title='bbox 2814 4448 3152 4513; x_wconf 90' lang='lat' dir='ltr'><strong>ordinetur.</strong></span> 
     </span>
    </p>

    <p class='ocr_par' dir='ltr' id='par_1_18' title="bbox 1837 4541 3403 5644">
     <span class='ocr_line' id='line_1_97' title="bbox 1919 4541 3401 4622; baseline 0.003 -18"><span class='ocrx_word' id='word_1_673' title='bbox 1919 4545 2021 4604; x_wconf 73' lang='lat'><strong>24.</strong></span> <span class='ocrx_word' id='word_1_674' title='bbox 2066 4542 2187 4605; x_wconf 90' lang='lat' dir='ltr'><strong>Sed</strong></span> <span class='ocrx_word' id='word_1_675' title='bbox 2234 4541 2506 4622; x_wconf 88' lang='lat' dir='ltr'><strong>profecto</strong></span> <span class='ocrx_word' id='word_1_676' title='bbox 2532 4546 2743 4602; x_wconf 88' lang='lat' dir='ltr'><strong>tantus</strong></span> <span class='ocrx_word' id='word_1_677' title='bbox 2784 4542 2955 4621; x_wconf 89' lang='lat' dir='ltr'><strong>rigor</strong></span> <span class='ocrx_word' id='word_1_678' title='bbox 2982 4561 3111 4604; x_wconf 90' lang='lat' dir='ltr'><strong>non</strong></span> <span class='ocrx_word' id='word_1_679' title='bbox 3136 4544 3401 4608; x_wconf 90' lang='lat' dir='ltr'><strong>habetur</strong></span> 
     </span>
     <span class='ocr_line' id='line_1_98' title="bbox 1838 4634 3373 4716; baseline 0 -17"><span class='ocrx_word' id='word_1_680' title='bbox 1838 4638 1907 4699; x_wconf 91' lang='lat' dir='ltr'><strong>in</strong></span> <span class='ocrx_word' id='word_1_681' title='bbox 1938 4642 2138 4713; x_wconf 84' lang='lat' dir='ltr'><strong>textu,</strong></span> <span class='ocrx_word' id='word_1_682' title='bbox 2168 4654 2282 4697; x_wconf 87' lang='lat' dir='ltr'><strong>nec</strong></span> <span class='ocrx_word' id='word_1_683' title='bbox 2312 4635 2631 4714; x_wconf 85' lang='lat' dir='ltr'><strong>augendus</strong></span> <span class='ocrx_word' id='word_1_684' title='bbox 2653 4639 2745 4696; x_wconf 85' lang='lat' dir='ltr'><strong>est</strong></span> <span class='ocrx_word' id='word_1_685' title='bbox 2787 4634 2857 4696; x_wconf 89' lang='lat' dir='ltr'><strong>in</strong></span> <span class='ocrx_word' id='word_1_686' title='bbox 2881 4635 3019 4715; x_wconf 88' lang='lat' dir='ltr'><strong>lege</strong></span> <span class='ocrx_word' id='word_1_687' title='bbox 3049 4638 3300 4716; x_wconf 88' lang='lat' dir='ltr'><strong>poenali.</strong></span> <span class='ocrx_word' id='word_1_688' title='bbox 3323 4640 3373 4699; x_wconf 94' lang='lat' dir='ltr'><strong>E</strong></span> 
     </span>
     <span class='ocr_line' id='line_1_99' title="bbox 1841 4727 3396 4809; baseline 0.001 -17"><span class='ocrx_word' id='word_1_689' title='bbox 1841 4729 2147 4809; x_wconf 87' lang='lat' dir='ltr'><strong>imprimis</strong></span> <span class='ocrx_word' id='word_1_690' title='bbox 2167 4746 2382 4790; x_wconf 87' lang='lat' dir='ltr'><strong>sensus</strong></span> <span class='ocrx_word' id='word_1_691' title='bbox 2405 4728 2510 4789; x_wconf 90' lang='lat' dir='ltr'><strong>ille</strong></span> <span class='ocrx_word' id='word_1_692' title='bbox 2531 4728 2609 4789; x_wconf 91' lang='lat' dir='ltr'><strong>de</strong></span> <span class='ocrx_word' id='word_1_693' title='bbox 2639 4727 2984 4790; x_wconf 88' lang='lat' dir='ltr'><strong>intentione</strong></span> <span class='ocrx_word' id='word_1_694' title='bbox 3006 4746 3174 4791; x_wconf 88' lang='lat' dir='ltr'><strong>mere</strong></span> <span class='ocrx_word' id='word_1_695' title='bbox 3201 4731 3396 4793; x_wconf 89' lang='lat' dir='ltr'><strong>inter-</strong></span> 
     </span>
     <span class='ocr_line' id='line_1_100' title="bbox 1841 4820 3400 4901; baseline 0.002 -16"><span class='ocrx_word' id='word_1_696' title='bbox 1841 4842 1926 4885; x_wconf 94' lang='lat' dir='ltr'><strong>na</strong></span> <span class='ocrx_word' id='word_1_697' title='bbox 1966 4840 2094 4883; x_wconf 94' lang='lat' dir='ltr'><strong>non</strong></span> <span class='ocrx_word' id='word_1_698' title='bbox 2140 4822 2385 4884; x_wconf 88' lang='lat' dir='ltr'><strong>videtur</strong></span> <span class='ocrx_word' id='word_1_699' title='bbox 2424 4820 2653 4884; x_wconf 87' lang='lat' dir='ltr'><strong>habere</strong></span> <span class='ocrx_word' id='word_1_700' title='bbox 2690 4822 2895 4884; x_wconf 90' lang='lat' dir='ltr'><strong>locum</strong></span> <span class='ocrx_word' id='word_1_701' title='bbox 2916 4823 3099 4901; x_wconf 84' lang='lat' dir='ltr'><strong>juxta</strong></span> <span class='ocrx_word' id='word_1_702' title='bbox 3122 4831 3400 4888; x_wconf 87' lang='lat' dir='ltr'><strong>nostram</strong></span> 
     </span>
     <span class='ocr_line' id='line_1_101' title="bbox 1837 4914 3399 4996; baseline 0.001 -19"><span class='ocrx_word' id='word_1_703' title='bbox 1837 4922 2120 4996; x_wconf 85' lang='lat' dir='ltr'><strong>quartam</strong></span> <span class='ocrx_word' id='word_1_704' title='bbox 2172 4914 2597 4992; x_wconf 89' lang='lat' dir='ltr'><strong>assertionem,</strong></span> <span class='ocrx_word' id='word_1_705' title='bbox 2628 4915 2776 4995; x_wconf 91' lang='lat' dir='ltr'><strong>quia</strong></span> <span class='ocrx_word' id='word_1_706' title='bbox 2806 4916 3073 4995; x_wconf 86' lang='lat' dir='ltr'><strong>receptio</strong></span> <span class='ocrx_word' id='word_1_707' title='bbox 3112 4916 3399 4979; x_wconf 88' lang='lat' dir='ltr'><strong>beneficii</strong></span> 
     </span>
     <span class='ocr_line' id='line_1_102' title="bbox 1839 5007 3400 5089; baseline 0.001 -19"><span class='ocrx_word' id='word_1_708' title='bbox 1839 5027 1952 5089; x_wconf 89' lang='lat' dir='ltr'><strong>per</strong></span> <span class='ocrx_word' id='word_1_709' title='bbox 1975 5027 2042 5070; x_wconf 83' lang='lat' dir='ltr'><strong>se</strong></span> <span class='ocrx_word' id='word_1_710' title='bbox 2069 5026 2198 5069; x_wconf 87' lang='lat' dir='ltr'><strong>non</strong></span> <span class='ocrx_word' id='word_1_711' title='bbox 2224 5013 2316 5070; x_wconf 86' lang='lat' dir='ltr'><strong>est</strong></span> <span class='ocrx_word' id='word_1_712' title='bbox 2344 5007 2542 5070; x_wconf 88' lang='lat' dir='ltr'><strong>malus</strong></span> <span class='ocrx_word' id='word_1_713' title='bbox 2568 5014 2763 5084; x_wconf 89' lang='lat' dir='ltr'><strong>actus,</strong></span> <span class='ocrx_word' id='word_1_714' title='bbox 2794 5026 2909 5069; x_wconf 90' lang='lat' dir='ltr'><strong>nec</strong></span> <span class='ocrx_word' id='word_1_715' title='bbox 2927 5008 3241 5086; x_wconf 86' lang='lat' dir='ltr'><strong>punibilis.</strong></span> <span class='ocrx_word' id='word_1_716' title='bbox 3274 5010 3400 5071; x_wconf 93' lang='lat' dir='ltr'><strong>Un-</strong></span> 
     </span>
     <span class='ocr_line' id='line_1_103' title="bbox 1843 5100 3399 5182; baseline 0 -18"><span class='ocrx_word' id='word_1_717' title='bbox 1843 5103 1920 5164; x_wconf 90' lang='lat' dir='ltr'><strong>de</strong></span> <span class='ocrx_word' id='word_1_718' title='bbox 1939 5102 2185 5163; x_wconf 90' lang='lat' dir='ltr'><strong>videtur</strong></span> <span class='ocrx_word' id='word_1_719' title='bbox 2208 5101 2412 5180; x_wconf 89' lang='lat' dir='ltr'><strong>potius</strong></span> <span class='ocrx_word' id='word_1_720' title='bbox 2432 5107 2639 5162; x_wconf 85' lang='lat' dir='ltr'><strong>textus</strong></span> <span class='ocrx_word' id='word_1_721' title='bbox 2672 5100 2775 5162; x_wconf 91' lang='lat' dir='ltr'><strong>ille</strong></span> <span class='ocrx_word' id='word_1_722' title='bbox 2806 5101 2872 5161; x_wconf 90' lang='lat' dir='ltr'><strong>in</strong></span> <span class='ocrx_word' id='word_1_723' title='bbox 2899 5101 3004 5161; x_wconf 89' lang='lat' dir='ltr'><strong>illo</strong></span> <span class='ocrx_word' id='word_1_724' title='bbox 3047 5120 3230 5163; x_wconf 87' lang='lat' dir='ltr'><strong>sensu</strong></span> <span class='ocrx_word' id='word_1_725' title='bbox 3259 5121 3399 5182; x_wconf 92' lang='lat' dir='ltr'><strong>pro-</strong></span> 
     </span>
     <span class='ocr_line' id='line_1_104' title="bbox 1845 5193 3402 5268; baseline -0.001 -10"><span class='ocrx_word' id='word_1_726' title='bbox 1845 5194 2057 5258; x_wconf 89' lang='lat' dir='ltr'><strong>cedere</strong></span> <span class='ocrx_word' id='word_1_727' title='bbox 2078 5200 2295 5256; x_wconf 90' lang='lat' dir='ltr'><strong>contra</strong></span> <span class='ocrx_word' id='word_1_728' title='bbox 2316 5194 2567 5254; x_wconf 86' lang='lat' dir='ltr'><strong>tertiam</strong></span> <span class='ocrx_word' id='word_1_729' title='bbox 2598 5193 3021 5268; x_wconf 89' lang='lat' dir='ltr'><strong>assertionem,</strong></span> <span class='ocrx_word' id='word_1_730' title='bbox 3050 5198 3112 5253; x_wconf 91' lang='lat' dir='ltr'><strong>et</strong></span> <span class='ocrx_word' id='word_1_731' title='bbox 3136 5193 3275 5254; x_wconf 91' lang='lat' dir='ltr'><strong>ideo</strong></span> <span class='ocrx_word' id='word_1_732' title='bbox 3307 5195 3402 5256; x_wconf 91' lang='lat' dir='ltr'><strong>di-</strong></span> 
     </span>
     <span class='ocr_line' id='line_1_105' title="bbox 1843 5283 3400 5367; baseline -0.001 -17"><span class='ocrx_word' id='word_1_733' title='bbox 1843 5307 1981 5351; x_wconf 89' lang='lat' dir='ltr'><strong>cere</strong></span> <span class='ocrx_word' id='word_1_734' title='bbox 2013 5287 2236 5367; x_wconf 91' lang='lat' dir='ltr'><strong>aliquis</strong></span> <span class='ocrx_word' id='word_1_735' title='bbox 2252 5290 2452 5365; x_wconf 87' lang='lat' dir='ltr'><strong>posset</strong></span> <span class='ocrx_word' id='word_1_736' title='bbox 2468 5290 2705 5346; x_wconf 84' lang='lat' dir='ltr'><strong>textum</strong></span> <span class='ocrx_word' id='word_1_737' title='bbox 2726 5284 2903 5345; x_wconf 89' lang='lat' dir='ltr'><strong>illum</strong></span> <span class='ocrx_word' id='word_1_738' title='bbox 2926 5283 3400 5364; x_wconf 89' lang='lat' dir='ltr'><strong>intelligendum</strong></span> 
     </span>
     <span class='ocr_line' id='line_1_106' title="bbox 1841 5377 3403 5460; baseline -0.001 -17"><span class='ocrx_word' id='word_1_739' title='bbox 1841 5399 1971 5443; x_wconf 89' lang='lat' dir='ltr'><strong>esse</strong></span> <span class='ocrx_word' id='word_1_740' title='bbox 2000 5379 2077 5441; x_wconf 91' lang='lat' dir='ltr'><strong>de</strong></span> <span class='ocrx_word' id='word_1_741' title='bbox 2103 5378 2446 5439; x_wconf 88' lang='lat' dir='ltr'><strong>intentione</strong></span> <span class='ocrx_word' id='word_1_742' title='bbox 2467 5396 2595 5438; x_wconf 91' lang='lat' dir='ltr'><strong>non</strong></span> <span class='ocrx_word' id='word_1_743' title='bbox 2613 5394 2780 5438; x_wconf 91' lang='lat' dir='ltr'><strong>mere</strong></span> <span class='ocrx_word' id='word_1_744' title='bbox 2801 5377 3068 5453; x_wconf 88' lang='lat' dir='ltr'><strong>interna,</strong></span> <span class='ocrx_word' id='word_1_745' title='bbox 3099 5378 3205 5439; x_wconf 86' lang='lat' dir='ltr'><strong>sed</strong></span> <span class='ocrx_word' id='word_1_746' title='bbox 3222 5380 3403 5460; x_wconf 90' lang='lat' dir='ltr'><strong>signo</strong></span> 
     </span>
     <span class='ocr_line' id='line_1_107' title="bbox 1842 5469 3400 5552; baseline 0.001 -19"><span class='ocrx_word' id='word_1_747' title='bbox 1842 5473 2050 5552; x_wconf 92' lang='lat' dir='ltr'><strong>aliquo</strong></span> <span class='ocrx_word' id='word_1_748' title='bbox 2098 5470 2515 5545; x_wconf 85' lang='lat' dir='ltr'><strong>manifestata,</strong></span> <span class='ocrx_word' id='word_1_749' title='bbox 2564 5469 2664 5532; x_wconf 89' lang='lat' dir='ltr'><strong>vel</strong></span> <span class='ocrx_word' id='word_1_750' title='bbox 2704 5469 2920 5531; x_wconf 86' lang='lat' dir='ltr'><strong>saltem</strong></span> <span class='ocrx_word' id='word_1_751' title='bbox 2952 5470 3040 5532; x_wconf 86' lang='lat' dir='ltr'><strong>ita</strong></span> <span class='ocrx_word' id='word_1_752' title='bbox 3065 5471 3400 5549; x_wconf 88' lang='lat' dir='ltr'><strong>insinuata,</strong></span> 
     </span>
     <span class='ocr_line' id='line_1_108' title="bbox 1840 5563 3398 5644; baseline 0.001 -17"><span class='ocrx_word' id='word_1_753' title='bbox 1840 5572 1913 5627; x_wconf 90' lang='lat' dir='ltr'><strong>ut</strong></span> <span class='ocrx_word' id='word_1_754' title='bbox 1937 5563 2390 5628; x_wconf 88' lang='lat' dir='ltr'><strong>rationabiliter</strong></span> <span class='ocrx_word' id='word_1_755' title='bbox 2420 5564 2612 5643; x_wconf 87' lang='lat' dir='ltr'><strong>possit</strong></span> <span class='ocrx_word' id='word_1_756' title='bbox 2647 5563 2726 5625; x_wconf 93' lang='lat' dir='ltr'><strong>ab</strong></span> <span class='ocrx_word' id='word_1_757' title='bbox 2774 5564 3041 5626; x_wconf 88' lang='lat' dir='ltr'><strong>Ecclesia</strong></span> <span class='ocrx_word' id='word_1_758' title='bbox 3086 5567 3398 5644; x_wconf 75' lang='lat' dir='ltr'><strong>praesumi.</strong></span> 
     </span>
    </p>
   </div>
   <div class='ocr_carea' id='block_1_17' title="bbox 2963 5671 3043 5735">
    <p class='ocr_par' dir='ltr' id='par_1_19' title="bbox 2963 5671 3043 5735">
     <span class='ocr_line' id='line_1_109' title="bbox 2963 5671 3043 5735; baseline 0 -3"><span class='ocrx_word' id='word_1_759' title='bbox 2963 5671 3043 5735; x_wconf 73' lang='lat'><strong>25</strong></span> 
     </span>
    </p>
   </div>
  </div>
 </body>
</html>
