3976 6219
519 368 636 429 160

519 473 682 532 vocis
710 488 823 530 usu
851 469 1363 548 frequentissimO,
1391 487 1606 529 omnes
1624 475 1919 545 tanquam
1947 485 2072 526 cer-

515 570 651 623 tum
697 566 1052 641 supponunt
1079 579 1095 622 :
1145 579 1291 622 nam
1345 561 1534 638 hujus
1581 560 1739 638 juris
1786 558 2074 637 frequens

519 654 755 716 mentio
783 659 875 714 est
907 654 971 713 in
997 655 1137 732 jure
1166 653 1357 729 civili,
1393 653 1460 713 ff.
1488 653 1564 713 (10
1590 652 1796 713 Justit.
1834 656 1893 710 et
1918 651 2070 730 jur„

519 753 581 807 et
610 745 807 806 Instit.
839 746 913 805 de
941 747 1086 806 Jure
1111 744 1401 820 naturali,
1426 751 1595 824 gent.
1620 750 1680 805 et
1706 743 1893 817 civili,
1920 749 1981 802 et
2009 742 2073 801 in

517 842 749 900 Decret.
774 838 913 899 dist.
940 841 965 898 1
993 844 1055 898 01
1077 843 1352 917 sequent.
1360 883 1381 913 ,
1404 856 1479 899 ex
1502 838 1753 912 Isidor0,
1777 838 1814 896 5
1839 837 2072 913 Etym.,

519 950 654 1009 cap.
681 934 742 1006 2,
770 937 831 991 et
859 931 925 990 in
953 931 1270 1009 utriusque
1286 931 1446 1008 juris
1473 929 1820 990 doctoribus
1841 927 1961 988 illis
1987 929 2076 988 lo-

521 1025 629 1094 015,
662 1029 723 1083 01
751 1024 1001 1102 passim,
1031 1023 1182 1083 etin
1207 1024 1275 1082 D.
1300 1023 1559 1098 Thoma,
1584 1040 1657 1082 50
1683 1020 1983 1099 theologis
2011 1022 2072 1080 Ξ.

519 1119 579 1187 2,
615 1135 675 1194 q.
709 1117 810 1189 57,
841 1120 957 1175 art.
987 1117 1046 1175 3.

598 1209 659 1267 2.
705 1207 1118 1286 Explicantur
1156 1206 1348 1270 varia.»
1373 1207 1548 1286 juris
1588 1208 1964 1286 acceptiones.
1998 1239 2078 1251 —

520 1300 675 1373 Quia
695 1317 840 1360 vero
861 1300 995 1359 haec
1019 1318 1140 1360 vox
1162 1299 1472 1377 aequivoca
1498 1304 1610 1373 est,
1640 1304 1880 1378 oportet
1904 1297 2076 1357 illam

520 1391 925 1470 distinguere,
956 1397 1026 1452 ut
1052 1391 1563 1470 significationem
1587 1396 1832 1451 tantum
1855 1389 1933 1448 ad
1966 1407 2077 1448 uos

520 1487 936 1566 pertinentem
965 1504 1352 1565 usurpemus,
1390 1486 1499 1546 Jus
1545 1486 1715 1546 enim
1762 1482 2077 1544 interdum

521 1577 825 1656 significat
840 1578 1137 1638 moralem
1155 1578 1511 1638 facultatem
1529 1578 1607 1638 ad
1626 1595 1758 1638 rem
1779 1576 2077 1654 aliquam,

521 1670 619 1730 vel
642 1671 707 1729 in
728 1689 819 1745 re,
846 1671 976 1731 sive
995 1670 1074 1730 sit
1094 1689 1312 1730 verum
1335 1670 1706 1744 dominium,
1732 1670 1858 1729 sive
1873 1668 2081 1746 aliqua

523 1762 910 1842 participatio
939 1763 1093 1840 ejus,
1126 1763 1289 1842 quod
1315 1768 1406 1823 est
1434 1763 1752 1841 proprium
1773 1761 2082 1838 objectum

520 1854 795 1932 justitiae,
835 1860 906 1914 ut
935 1859 1170 1914 constat
1207 1872 1282 1914 ex
1314 1855 1383 1913 D.
1415 1854 1673 1929 Thoma,
1705 1853 1846 1913 dist.
1879 1871 1940 1931 q.
1981 1855 2079 1926 17,

525 1953 643 2007 art.
687 1951 743 2007 1.
797 1946 1143 2025 Aliquando
1190 1965 1334 2006 vero
1370 1948 1474 2024 jus
1514 1945 1822 2024 significat
1855 1945 2081 2021 legem,

525 2057 664 2116 quae
700 2043 790 2100 est
821 2038 1038 2116 regula
1080 2038 1332 2099 honeste
1364 2039 1680 2117 operandi,
1721 2043 1783 2097 et
1810 2037 1874 2097 in
1904 2037 2087 2097 rebus

526 2131 863 2209 quamdam
898 2131 1250 2209 aequitatem
1302 2132 1642 2207 constituit,
1687 2137 1748 2191 et
1796 2136 1888 2190 est
1929 2130 2085 2188 ratio

525 2223 720 2302 ipsius
734 2224 892 2301 juris
913 2224 1105 2303 priori
1119 2225 1301 2283 modo
1320 2225 1573 2303 sumpti,
1596 2229 1665 2283 ut
1680 2224 1836 2283 dixit
1853 2223 2084 2283 ibidem

531 2317 594 2376 D.
629 2316 915 2390 ThomaS,
960 2316 1122 2376 dicto
1161 2323 1276 2377 art.
1323 2320 1379 2390 1,
1411 2317 1485 2376 ad
1522 2319 1582 2390 2,
1623 2335 1760 2395 quae
1794 2314 1953 2376 ratio
1994 2320 2083 2375 est

525 2409 657 2487 ipsa
684 2408 807 2482 lex,
843 2414 915 2468 ut
941 2409 1029 2467 ibi
1065 2409 1235 2484 dicit,
1278 2410 1452 2469 etita
1490 2410 1594 2486 jus
1621 2408 1908 2468 coincidit
1939 2425 2084 2467 cum

527 2500 685 2578 lege,
734 2507 806 2560 ut
837 2501 1203 2578 praecedenti
1242 2501 1403 2560 libro
1442 2519 1576 2579 cap.
1618 2502 1656 2560 2
1688 2501 2078 2560 notavimus:

526 2593 717 2666 unde,
750 2598 818 2652 ut
846 2592 1186 2653 habeamus
1213 2593 1427 2653 brevia
1453 2593 1709 2652 nomina
1737 2593 1957 2672 quibus
1994 2593 2085 2652 uti

527 2684 851 2763 possimus,
884 2684 1155 2762 primum
1181 2703 1399 2745 vocare
1434 2703 1756 2764 possumus
1774 2685 1880 2762 jus
1908 2685 2079 2756 utile,

529 2776 865 2835 secundum
909 2776 1271 2836 honestum:
1320 2777 1416 2837 vel
1463 2777 1733 2855 primum
1767 2777 1869 2854 jus
1895 2777 2081 2851 reale,

528 2867 865 2927 secundum
910 2867 1146 2944 legale:
1187 2874 1521 2947 utrumque
1555 2887 1703 2946 ergo
1740 2869 1841 2946 jus
1885 2874 2086 2946 potest

528 2958 726 3018 dividi
748 2958 813 3017 in
842 2959 1146 3035 naturale,
1177 2960 1454 3037 gentium
1485 2966 1547 3020 et
1572 2960 1768 3020 civile..
1804 2962 1953 3019 Nam
1977 2960 2083 3037 jus

528 3050 682 3111 utile
727 3050 1009 3112 naturale
1042 3051 1266 3112 dicitur
1306 3052 1553 3131 quando
1593 3052 1832 3132 abipsa
1859 3058 2085 3113 natura

527 3144 731 3220 datur,
754 3163 862 3204 seu
885 3162 1026 3205 cum
1050 3144 1156 3206 illa
1176 3146 1481 3224 provenit,
1509 3147 1815 3225 quomodo
1834 3146 2085 3206 libertas

525 3235 641 3295 dici
662 3242 861 3315 potest
880 3255 954 3298 ex
971 3237 1115 3314 jure
1145 3237 1433 3299 naturali.
1461 3238 1649 3299 Civile
1678 3238 1902 3297 dicitur
1920 3237 2087 3316 quod

517 3328 622 3405 jus
671 3328 849 3389 civile
899 3328 1255 3403 introducit,
1308 3335 1377 3389 ut
1431 3320 1531 3408 J’us
1584 3329 2079 3409 praescriptioniS.

523 3419 816 3479 Gentium
838 3420 1002 3498 quod
1026 3437 1102 3481 ex
1120 3422 1432 3481 communi
1452 3440 1568 3480 usu
1588 3422 1867 3499 gentium
1896 3421 2085 3481 habe-

524 3519 648 3586 tur,
698 3518 767 3570 ut
805 3518 896 3571 est
920 3512 1025 3589 jus
1052 3513 1412 3573 transeundi
1462 3530 1571 3590 per
1608 3514 1739 3573 vias
1786 3512 2082 3591 publicaS,

524 3603 622 3663 vel
647 3603 747 3681 jus
776 3603 1085 3662 servitutis
1121 3603 1284 3663 bello
1312 3604 1756 3664 introductum.
1790 3606 1990 3682 Atque
2018 3605 2086 3664 in

524 3694 641 3753 1100
687 3712 866 3754 5011511
896 3694 1165 3773 pertinet
1217 3695 1347 3755 haec
1396 3695 1613 3755 divisio
1654 3696 1731 3755 ad
1775 3686 2126 3773 objectum'

518 3786 797 3864 justitiae,
820 3792 883 3847 et
902 3786 1060 3847 forte
1081 3786 1167 3847 ita
1193 3787 1459 3848 traditur
1494 3805 1532 3847 a
1549 3788 1620 3848 D.
1644 3788 1903 3862 Thoma,
1922 3789 2086 3849 dicto

526 3884 645 3938 art.
693 3879 748 3937 3.
796 3879 865 3937 In
896 3879 1184 3957 praesenti
1218 3897 1366 3939 vero
1398 3897 1526 3940 non
1556 3881 1641 3940 ita
1669 3880 1979 3959 loquimur
2008 3881 2084 3941 de

519 3972 660 4049 jure
683 3972 986 4050 gentium,
1008 3972 1111 4032 sed
1139 3978 1204 4032 ut
1222 3978 1313 4032 est
1341 3972 1624 4051 quaedam
1652 3973 1881 4051 species
1906 3972 2079 4051 legiS.

526 4065 682 4124 Nam
731 4064 918 4125 etiam
953 4064 1058 4142 jus
1108 4064 1304 4142 legale
1339 4083 1448 4143 per
1489 4066 1608 4125 tria
1653 4065 1757 4125 illa
1804 4064 2085 4126 membra

523 4156 716 4216 dividi
745 4156 925 4217 solet:
952 4175 1097 4217 nam
1131 4157 1195 4216 in
1216 4156 1260 4218 1.
1289 4161 1344 4229 l,
1378 4157 1414 4235 ξ
1441 4159 1653 4237 Hujus
1680 4158 1896 4233 studii,
1918 4158 1982 4217 ff.
2009 4157 2085 4217 de

522 4249 724 4309 Justit.
774 4255 836 4309 et
870 4250 998 4327 jur.
1005 4295 1026 4325 ,
1059 4266 1341 4329 expresse
1376 4249 1601 4309 dicitur
1638 4249 1732 4327 jus
1760 4248 2079 4309 collectum

524 4359 651 4402 esse
701 4359 777 4402 ex
814 4343 1131 4420 praeceptis
1167 4341 1578 4416 naturalibuS,
1628 4348 1736 4402 aut
1775 4343 2081 4420 gentium,

525 4438 632 4494 aut
664 4433 851 4493 civili.
883 4435 957 4493 Et
980 4433 1196 4494 eodem
1225 4434 1409 4494 modo
1440 4432 1705 4493 sumitur
1732 4433 1952 4493 divisio
1980 4434 2087 4495 illa

523 4524 592 4584 in
635 4524 817 4585 titulo
853 4526 928 4585 de
958 4526 1102 4603 jure
1141 4525 1434 4599 naturali,
1481 4526 1762 4603 gentium
1806 4532 1866 4585 01
1898 4526 2080 4587 civili.

527 4617 726 4689 Quam
749 4616 1115 4677 divisionem
1139 4636 1211 4679 ex
1235 4617 1547 4677 communi
1570 4635 1683 4676 usu
1704 4623 1764 4677 et
1783 4620 2089 4678 sententia

527 4708 756 4768 bonam
785 4725 915 4769 esse
941 4710 1364 4787 supponimuS,
1389 4714 1451 4768 et
1483 4708 1628 4787 quia
1657 4709 1779 4768 duo
1812 4715 2089 4771 extrema

528 4801 810 4861 membra
836 4801 981 4861 satis
1004 4807 1151 4860 nota
1187 4805 1331 4860 sunt
1362 4819 1438 4860 ex
1466 4800 1643 4860 dictis
1675 4800 1741 4859 iu
1771 4801 1814 4861 l.
1860 4805 1917 4875 1,
1949 4820 2084 4881 cap.

525 4893 637 4952 ult.
646 4938 666 4968 ,
710 4898 950 4972 oportet
991 4911 1158 4953 nunc
1186 4892 1490 4971 explicare
1528 4894 1865 4953 secundum
1897 4913 2091 4955 mem-

531 4984 713 5045 brum
746 4985 911 5064 quod
952 4986 1019 5045 in
1072 4987 1235 5045 hunc
1278 4985 1483 5045 locum
1524 4985 1875 5045 remisimus
1887 5031 1906 5061 ,
1944 4987 2090 5064 quia

528 5078 756 5157 pendet
784 5097 857 5139 ex
888 5079 1342 5158 comparatione
1371 5079 1506 5156 ejus
1542 5096 1685 5138 cum
1722 5079 1861 5156 jure
1905 5085 2086 5139 natu-

529 5168 681 5243 rali3
716 5171 879 5231 unde
909 5172 1096 5232 etiam
1126 5170 1428 5231 constabit
1455 5169 1635 5246 rati0,
1659 5176 1721 5231 et
1751 5189 1932 5232 verus
1951 5191 2087 5233 sen-

529 5280 634 5322 sus
665 5263 852 5322 totius
879 5263 1214 5324 divisionis.

612 5357 672 5415 3.
717 5356 941 5417 Prima
969 5358 1169 5435 opinio
1185 5357 1565 5436 Jnristarum
1593 5357 1968 5435 distinyuens
1973 5356 2089 5434 jus

527 5447 807 5513 naturale
848 5465 888 5511 a
917 5447 1064 5527 jnre
1089 5451 1378 5529 centium,
1409 5450 1476 5513 in
1519 5468 1579 5514 eo
1624 5450 1779 5530 qnod
1818 5450 2089 5529 primum

1147 369 1263 420 LlB.
1300 370 1359 419 11.
1397 369 1476 420 DE
1509 367 1668 418 LEGE
1700 365 1984 425 AETERNA.
2021 363 2100 415 ΕΤ
2132 363 2465 426 ΝΑΤΗΒΑΙᾸ,
2505 365 2582 416 ΑΟ
2611 365 2762 415 JURE
2795 363 3084 416 GENTIUM.

2153 472 2438 546 competat
2460 469 2640 529 etiam
2668 467 2883 540 brutis,
2910 467 3077 526 istud
3086 482 3220 525 vero
3243 462 3433 526 solum
3456 462 3704 522 homini.

2153 559 2323 618 —In
2350 557 2467 619 hoc
2500 559 2706 637 itaque
2731 558 2869 636 jure
2894 557 3174 635 gentium
3221 554 3581 634 explicando
3608 571 3712 614 va·

2152 650 2261 710 riae
2289 655 2433 710 sunt
2469 651 2810 725 sententiae,
2853 667 3116 728 quarum
3162 648 3428 727 primam
3477 646 3548 706 in
3595 646 3713 706 hoc

2157 744 2357 823 capite
2385 743 2914 822 pertractabimuS,
2950 741 3173 803 deinde
3214 746 3463 801 caeteras
3503 757 3713 818 perse-

2156 853 2440 914 quemur.
2496 835 2842 914 Jurisperiti
2872 852 3020 912 ergo
3048 833 3459 894 communiter
3492 830 3714 892 distin-

2157 933 2358 1005 guunt
2398 929 2503 1006 jus
2551 926 2835 988 naturale
2882 945 2920 987 a
2963 928 3107 1003 jure
3156 926 3438 1003 gentium
3483 925 3551 983 in
3596 925 3715 985 hoc

2157 1020 2322 1099 quod
2346 1021 2446 1099 jus
2474 1019 2753 1080 naturale
2781 1025 2874 1080 est
2918 1035 3248 1079 commune
3296 1017 3495 1077 brutis
3527 1017 3715 1077 etiam

2156 1111 2577 1173 animantibus
2596 1112 2728 1190 :jus
2760 1117 2970 1171 autem
2994 1110 3273 1189 gentium
3288 1114 3380 1170 est
3397 1110 3713 1188 proprium

2155 1204 2502 1265 hominum.
2538 1204 2711 1264 Unde
2732 1204 2797 1264 in
2822 1203 2864 1264 1.
2901 1206 2958 1278 1,
2992 1203 3268 1283 §Hujus
3284 1202 3499 1278 studii,
3522 1205 3655 1264 etin
3677 1202 3714 1282 ξ

2160 1298 2188 1355 1
2214 1298 2327 1356 et2
2349 1297 2493 1358 Inst.
2511 1297 2586 1357 de
2598 1297 2722 1375 jur.
2742 1301 2871 1356 nat.
2892 1302 3061 1374 gent.
3076 1301 3139 1356 et
3160 1294 3349 1369 civili,
3363 1294 3448 1354 sic
3467 1294 3710 1355 dicitur:

2154 1392 2283 1453 ,1οε
2307 1391 2586 1452 natwrale
2612 1396 2721 1464 est,
2763 1391 2919 1469 90οᾱ
2935 1395 3160 1452 natura
3188 1389 3388 1450 omnia
3421 1389 3714 1449 animalia

2159 1484 2355 1547 docuit
2386 1505 2400 1542 :
2437 1501 2579 1543 nam
2592 1483 2706 1560 jus
2745 1484 2914 1544 istud
2940 1501 3055 1543 non
3101 1483 3290 1544 solum
3322 1482 3571 1542 humani
3608 1498 3714 1558 qe-

2157 1577 2321 1639 neris
2358 1576 2676 1655 proprium
2723 1580 2831 1650 est,
2883 1575 2986 1636 sed
3037 1574 3299 1635 omnium
3358 1572 3714 1634 animalium

2161 1689 2291 1749 quoe
2317 1670 2383 1730 in
2411 1673 2576 1730 terra
2604 1668 2872 1746 marique
2893 1670 3246 1741 nascuntur,
3272 1668 3473 1726 avium
3497 1682 3718 1743 900900

2163 1780 2459 1824 commune
2486 1767 2593 1823 est.
2625 1762 2700 1820 Et
2734 1759 3108 1820 adhibentur
3142 1758 3444 1836 exempla,
3487 1763 3561 1817 ut
3586 1776 3715 1818 ma-

2162 1856 2249 1915 ris
2281 1861 2341 1916 et
2369 1855 2639 1915 foeminae
2667 1853 3041 1931 conjunctiO,
3071 1852 3342 1912 filiorum
3380 1852 3715 1929 procreatio

2165 1953 2228 2009 et
2254 1948 2558 2008 educatio.
2591 1949 2675 2007 De
2699 1947 2837 2025 jure
2865 1951 3073 2006 autem
3104 1944 3385 2021 gentium
3419 1943 3663 2003 additur
3693 1965 3707 2001 ε

2170 2041 2451 2105 Gentium
2478 2047 2586 2114 est,
2620 2056 2730 2119 900
2775 2043 2974 2117 yentes
3013 2039 3288 2098 Immanoe
3332 2041 3604 2110 utuntur,
3652 2042 3713 2095 et

2165 2134 2390 2193 dicitur
2418 2152 2455 2193 a
2487 2131 2755 2193 naturali
2777 2130 3083 2203 recedere,
3116 2130 3265 2207 quia
3291 2128 3433 2188 solis
3453 2127 3714 2187 homiui-

2165 2226 2282 2286 bus
2323 2228 2484 2286 inter
2511 2243 2575 2285 se
2605 2241 2933 2285 commune
2957 2227 3068 2282 est.
3097 2221 3362 2281 Additur
3388 2237 3531 2280 vero
3560 2219 3715 2280 infe-

2166 2318 2294 2378 rius
2321 2319 2388 2377 in
2414 2318 2549 2395 lege
2577 2319 2642 2392 9,
2668 2317 2769 2394 jus
2792 2315 3073 2392 gentium
3090 2314 3318 2387 vocari,
3345 2313 3513 2386 Quod
3534 2318 3718 2373 natu-

2162 2411 2321 2473 ralis
2362 2412 2522 2471 ratio
2563 2409 2722 2471 inter
2764 2426 2958 2469 omnes
3007 2408 3268 2468 homines
3303 2406 3633 2479 constituit,
3664 2411 3718 2466 et

2166 2504 2329 2581 apud
2354 2520 2548 2564 omnes
2569 2517 2839 2580 μονα-»900
2866 2500 3221 2562 custoditur.
3271 2497 3447 2558 Unde
3483 2502 3719 2557 constat

2159 2594 2264 2672 jus
2294 2594 2576 2671 gentium
2603 2592 2835 2654 censeri
2864 2591 3054 2652 etiam
3104 2590 3407 2664 naturale,
3443 2589 3549 2650 sed
3588 2606 3718 2667 spe-

2165 2686 2304 2746 ciali
2336 2685 2519 2745 modo
2550 2690 2611 2745 et
2637 2684 2886 2764 proprio
2925 2683 3275 2758 hominum,
3307 2688 3369 2742 et
3390 2681 3508 2741 hoc
3530 2682 3718 2741 etiam

2165 2777 2479 2838 declarant
2505 2776 2786 2855 exempla
2821 2794 2958 2856 quai
3000 2775 3373 2836 adhibentur
3399 2774 3466 2832 in
3491 2773 3628 2850 lege
3655 2775 3717 2846 Ξ,

2167 2872 2205 2930 3
2234 2872 2380 2944 014,
2410 2868 2663 2944 scilicet,
2693 2869 2908 2947 reliyio
2936 2869 3002 2929 in
3030 2869 3245 2942 Demn,
3276 2867 3600 2928 obedientia
3643 2867 3725 2926 ad

2159 2967 2368 3040 patres
2394 2967 2447 3024 et
2470 2962 2766 3040 patriam,
2795 2960 2920 3021 vim
2947 2965 3122 3038 atque
3161 2958 3458 3038 injuriam
3474 2959 3719 3037 propul-

2164 3071 2318 3116 sare.
2353 3054 2526 3114 Unde
2554 3052 2783 3113 ibidem
2810 3050 3190 3131 significatur
3216 3050 3503 3111 hominem
3533 3050 3721 3111 homi-

2164 3147 2232 3207 ni
2260 3146 2552 3208 insidiari
2563 3150 2776 3206 contra
2790 3145 2895 3222 jus
2918 3143 3196 3222 gentium
3221 3160 3370 3202 esse.
3395 3141 3723 3202 Adduntur

2166 3243 2461 3316 praeterea
2508 3238 3003 3299 manumissiones
3053 3240 3116 3295 et
3169 3235 3517 3304 servitutes,
3574 3234 3719 3293 item

2165 3330 2316 3392 bella
2340 3347 2680 3408 reynorune,
2704 3329 3121 3402 dominiorum,
3143 3344 3454 3405 rerumque
3478 3327 3718 3399 dioisiO,

2167 3423 2534 3496 commercia,
2564 3422 2791 3500 aliique
2827 3425 3164 3483 contractus
3198 3419 3621 3492 venditionum,
3662 3423 3721 3478 et

2167 3514 2289 3574 alia
2311 3512 2691 3592 hujusmodi.
2719 3514 2794 3572 Et
2821 3512 3104 3572 similiter
3126 3511 3193 3571 in
3213 3511 3249 3589 ξ
3273 3513 3312 3569 4
3346 3510 3716 3570 Institution.

2166 3605 2242 3665 de
2268 3607 2416 3666 Jure
2444 3605 2706 3665 natural.
2758 3605 2971 3665 eadem
3017 3603 3297 3682 exempla
3323 3602 3718 3676 adhibentur,

2166 3703 2390 3776 praeter
2419 3698 2784 3776 religionem
2812 3703 2872 3758 et
2908 3697 3199 3776 pietatem
3233 3694 3312 3754 ad
3352 3699 3640 3773 parentes
3662 3699 3723 3754 et

2165 3790 2451 3868 patriam.

2246 3883 2306 3940 4.
2353 3881 2647 3954 Quocirca
2668 3881 2851 3957 juxta
2893 3879 3055 3939 hanc
3090 3878 3459 3940 sententiam
3504 3878 3723 3938 divisio

2165 3971 2272 4032 illa
2299 3972 2453 4051 juris
2488 3990 2596 4033 seu
2644 3972 2797 4050 legis
2825 3972 2891 4031 in
2923 3971 3292 4046 naturalem,
3336 3970 3616 4048 gentium
3664 3976 3723 4029 et

2164 4065 2430 4139 civilem,
2468 4066 2555 4124 ita
2582 4063 2764 4125 debet
2789 4064 2867 4124 ad
2899 4065 3049 4124 duas
3077 4063 3450 4124 bimembres
3481 4063 3718 4137 reduci,

2164 4162 2234 4216 ut
2263 4157 2434 4235 prius
2456 4156 2556 4217 lex
2580 4156 2889 4217 dividatur
2910 4156 2976 4215 in
3004 4155 3351 4216 naturalem
3369 4161 3430 4215 et
3452 4153 3718 4230 civilem;

2165 4248 2387 4309 deinde
2406 4266 2551 4309 vero
2582 4248 2682 4308 lex
2706 4247 3003 4308 naturalis
3024 4247 3369 4326 generatim
3392 4246 3723 4306 subdistin-

2167 4347 2394 4419 guatur
2416 4342 2482 4400 in
2498 4339 2843 4400 naturalem
2872 4357 3266 4400 communem
3286 4339 3574 4399 omnibus
3592 4338 3725 4398 ani-

2168 4432 2505 4507 mantibuS,
2537 4452 2674 4512 quae
2700 4431 3041 4493 absolutam
3070 4431 3544 4511 appellationem
3570 4432 3724 4509 juris

2169 4525 2470 4585 naturalis
2506 4525 2763 4585 retinuit
2796 4526 3135 4587 secundum
3159 4525 3488 4603 quamdam
3512 4542 3724 4603 accep-

2168 4619 2427 4692 tionem,
2461 4624 2523 4679 et
2554 4618 2754 4696 legem
2794 4618 3142 4678 naturalem
3188 4617 3496 4696 propriam
3528 4616 3723 4677 homi-

2169 4729 2344 4785 num,
2368 4729 2506 4789 quae
2523 4711 2684 4789 juris
2705 4711 2985 4788 gentium
3009 4709 3314 4788 appellata
3337 4716 3455 4769 est:
3486 4715 3548 4769 et
3566 4711 3724 4769 ratio

2170 4803 2311 4863 talis
2340 4803 2773 4862 subdivisionis
2805 4820 2931 4862 esse
2977 4807 3200 4880 potest,
3230 4802 3377 4880 quia
3418 4800 3540 4860 illae
3586 4801 3723 4859 duae

2168 4895 2436 4955 rationes
2463 4913 2603 4955 vere
2640 4900 2784 4954 511111
2814 4894 3115 4953 distinctae
3157 4895 3223 4953 in
3250 4912 3339 4967 10,
3372 4899 3431 4952 et
3473 4897 3725 4971 possunt

2168 4987 2397 5050 habere
2458 4989 2728 5049 diversas
2782 4986 3299 5047 considerationes
3356 4992 3419 5047 ct
3476 4985 3724 5046 effectus

2167 5080 2454 5154 1110151οε,
2475 5086 2537 5139 01
2561 5080 2699 5139 ideo
2727 5096 3069 5155 congruum
3096 5078 3214 5138 suit
3230 5078 3367 5138 illas
3390 5078 3724 5154 distingue·

2167 5190 2256 5247 re,
2283 5178 2345 5233 et
2372 5172 2493 5231 illis
2519 5171 2774 5231 nomina
2795 5172 3045 5250 propria
3068 5172 3384 5249 imponere
3403 5176 3466 5231 et
3492 5186 3726 5230 accom-

2168 5265 2439 5325 modare.
2474 5265 2594 5323 Nec
2611 5263 2859 5323 videtur
2885 5281 3058 5341 posse
3089 5263 3310 5323 melius
3336 5262 3445 5322 illa
3474 5262 3726 5322 nomina

2168 5355 2483 5435 explicari.
2529 5356 2604 5415 Et
2654 5355 2910 5415 solvitur
2949 5355 3125 5416 facile
3166 5354 3493 5416 difficultas
3536 5359 3720 5426 tacta,

2167 5449 2317 5529 quia
2351 5449 2487 5528 jam
2532 5454 2771 5511 constat
2804 5449 3113 5529 quomodo
3161 5447 3380 5510 divisio
3418 5447 3526 5509 1115
3564 5446 3725 5506 adae-
