3976 6219
880 485 1015 537 GAP.
1046 485 1240 537 XXXV.
1272 457 1487 539 U‘rmm
1518 485 1899 540 LEGISLATOR
1931 485 2066 539 suls
2097 486 2356 540 LEGIBUS
2388 487 2750 541 OBLIGE‘I'UR.

210 607 287 651 ea
332 587 524 667 possit
567 584 910 646 infirmare.
955 584 1223 647 Aliunde
1277 592 1488 649 autem
1525 586 1773 647 videtur

210 681 565 762 oppositum
588 679 796 758 colligi
824 697 901 739 ex
923 679 1139 740 eadem
1181 679 1224 740 l.
1261 680 1371 742 Ea
1399 680 1766 759 imperfecto,

210 775 322 836 ubi
344 774 533 835 etiam
562 773 637 834 de
662 775 1032 852 imperatore
1059 774 1306 849 dicitur,
1331 792 1458 833 non
1481 772 1773 852 consequi

210 868 637 930 haereditatem
658 886 737 928 ex
773 867 1135 946 imperfecto
1169 872 1557 944 testamento,
1598 867 1768 947 quia,

213 961 464 1036 scilicet,
500 962 640 1039 jure
677 959 841 1020 civili
870 961 1120 1020 irritum
1147 965 1261 1036 est,
1290 977 1437 1038 ergo
1464 960 1569 1021 ille
1593 959 1774 1020 effec-

217 1060 318 1115 tus
344 1053 416 1113 fit
448 1071 486 1114 a
520 1053 682 1132 1636,
718 1053 906 1114 etiam
942 1055 1222 1133 respectu
1260 1052 1577 1132 principis.
1607 1052 1775 1112 Idem

215 1147 378 1208 sumi
404 1151 604 1225 potest
632 1164 709 1207 ex
728 1164 779 1207 c.
800 1147 882 1208 In
905 1148 1129 1222 causis,
1151 1146 1228 1206 de
1247 1146 1418 1206 Sent.
1446 1154 1508 1206 et
1524 1163 1593 1205 re
1608 1143 1773 1223 jud„

219 1246 525 1320 quatenus
555 1237 835 1319 pontifex
871 1238 1024 1300 dicit
1059 1238 1246 1300 etiam
1282 1239 1348 1299 in
1378 1238 1503 1298 suis
1524 1236 1777 1317 judiciis

220 1333 590 1395 servandam
615 1350 743 1393 esse
762 1331 1143 1411 judiciorum
1171 1331 1437 1393 formam
1464 1349 1502 1392 a
1526 1332 1780 1392 canoni-

218 1427 335 1488 bus
375 1431 691 1487 statutam.
737 1425 918 1487 Ratio
944 1424 1210 1505 denique
1243 1430 1359 1501 est,
1387 1424 1536 1505 quia
1564 1423 1665 1485 hic
1693 1422 1780 1485 ef-

221 1521 415 1581 fectus
459 1521 659 1598 magis
714 1520 980 1598 pertinet
1018 1517 1098 1580 ad
1142 1518 1274 1580 vim
1301 1518 1684 1594 directivam,
1719 1522 1783 1578 et

223 1620 316 1675 est
353 1631 466 1692 per
503 1631 566 1674 se
607 1613 884 1673 intentus
918 1614 985 1673 in
1008 1612 1168 1691 lege,
1208 1618 1271 1672 et
1297 1612 1569 1672 maxime
1592 1610 1783 1672 refert

224 1709 304 1771 ad
331 1709 567 1770 bonum
591 1726 941 1784 commune,
973 1714 1042 1768 ut
1064 1708 1349 1788 princeps
1370 1708 1561 1768 etiam
1581 1706 1649 1767 in
1671 1705 1782 1766 illo

227 1803 553 1866 concordet
576 1820 719 1862 cum
742 1807 873 1862 toto
902 1818 1191 1883 corpore3
1224 1807 1315 1878 ut,
1346 1800 1521 1862 verbi
1556 1800 1777 1878 gratia,

228 1898 391 1978 quod
431 1895 709 1956 sacerdos
746 1895 826 1956 sit
851 1894 1143 1956 inhabilis
1165 1893 1246 1954 ad
1287 1893 1780 1968 matrimonium,

228 1989 483 2051 effectus
510 1994 605 2049 est
622 1989 777 2067 legis
800 1988 1217 2050 ecclesiastica:
1241 1986 1565 2062 irritantis3
1591 1985 1787 2046 maxi-

227 2099 330 2142 me
348 2086 558 2142 autem
581 2082 828 2160 expedit
847 2087 917 2142 ιιι
933 2081 1114 2141 illum
1139 2079 1388 2155 habeat,
1412 2079 1604 2141 etiam
1626 2078 1789 2139 circa

229 2191 555 2255 personam
585 2174 812 2233 summi
843 2173 1171 2253 pontificiS.

309 2268 408 2329 25.
454 2267 748 2328 Irritatio
781 2267 1103 2345 aliquando
1140 2269 1228 2328 eet
1260 2282 1415 2344 pare
1441 2263 1704 2343 pennalis
1735 2267 1790 2326 et

226 2363 472 2441 proprie
485 2384 509 2432 ;
527 2359 751 2438 sapius
769 2378 904 2420 vero
932 2364 1020 2421 est
1043 2362 1290 2440 effectus
1309 2375 1417 2437 per
1444 2375 1505 2418 se
1526 2358 1793 2420 intentas

236 2453 303 2515 ob
340 2454 694 2515 honestatem
729 2469 962 2512 morum
988 2451 1351 2529 reipublicae.
1395 2482 1479 2497 —
1510 2441 1795 2510 ‘Breviter

237 2546 624 2607 distinctione
644 2544 948 2606 utendum
968 2562 1205 2606 censeo.
1231 2545 1388 2605 Nam
1416 2543 1518 2604 hic
1541 2542 1793 2604 effeetus

237 2638 569 2717 aliquando
610 2643 701 2699 est
747 2655 898 2717 pure
936 2642 999 2698 et
1048 2637 1293 2717 proprie
1321 2635 1605 2716 pennalis,
1645 2635 1794 2715 quia

237 2731 438 2792 solum
456 2732 524 2792 in
543 2749 792 2811 poenam
814 2729 909 2806 fit,
935 2736 1004 2791 ut
1022 2731 1270 2810 quando
1291 2729 1663 2790 simoniacus
1685 2744 1795 2806 per

237 2845 420 2888 suum
445 2831 826 2888 contractum
868 2825 1027 2886 nihil
1067 2830 1379 2904 operatur,
1408 2823 1510 2885 vel
1544 2821 1795 2902 quando

239 2918 639 2981 beneficiatus
671 2935 800 2978 non
836 2917 984 2978 facit
1020 2916 1257 2978 fructus
1293 2934 1456 2993 suos,
1498 2915 1646 2994 quia
1672 2933 1799 2975 non

239 3013 523 3073 recitavit
553 3010 770 3071 horas:
807 3009 1137 3088 aliquando
1164 3026 1335 3085 vero,
1360 3013 1422 3069 et
1447 3010 1669 3086 saepius
1699 3005 1803 3066 hic

240 3104 494 3167 effectus
519 3108 609 3165 est
636 3121 746 3183 per
766 3121 830 3164 se
854 3102 1127 3164 intentus
1150 3105 1397 3182 propter
1417 3099 1806 3163 honestatem

244 3215 498 3258 morum
529 3194 908 3276 reipublicae,
957 3199 1029 3255 ut
1072 3192 1429 3256 solemnitas
1455 3190 1808 3254 testamenti

238 3290 577 3370 requiritur
617 3289 695 3349 ad
736 3288 1011 3348 valorem
1053 3287 1210 3366 ejus,
1254 3292 1325 3347 ut
1360 3286 1637 3347 securius
1684 3302 1808 3346 ser-

240 3390 424 3446 vetur
442 3382 706 3462 justitia.
739 3381 978 3442 Priores
1009 3397 1157 3459 ergo
1178 3380 1347 3459 leges
1373 3394 1503 3440 non
1532 3394 1811 3457 compre-

244 3478 527 3538 hendunt
551 3475 893 3556 principem
919 3479 1170 3554 propter
1194 3472 1463 3553 primam
1497 3472 1801 3533 rationem

245 3571 495 3633 factam.
535 3569 905 3631 Posteriores
950 3571 1159 3628 autem
1203 3564 1369 3645 leges
1379 3610 1401 3641 ‚
1448 3582 1561 3645 per
1601 3582 1666 3625 se
1714 3561 1806 3623 lo-

247 3663 519 3743 quendo,
553 3667 616 3724 et
648 3661 770 3723 nisi
795 3677 1078 3741 expresse
1118 3660 1513 3738 derogemur,
1547 3657 1645 3718 vel
1686 3655 1806 3717 dis-

248 3760 609 3837 pensentur,
643 3755 983 3835 principem
1009 3751 1571 3832 comprehendunt3
1601 3753 1665 3810 et
1688 3747 1808 3810 hoc

249 3847 518 3929 probant
561 3848 902 3929 posteriora
948 3846 1200 3908 motiva.
1260 3843 1675 3906 Nihilominus
1717 3845 1811 3903 ta·

251 3959 422 4016 men,
470 3939 718 4021 quando
742 3939 1025 4020 princeps
1063 3940 1196 4019 ipse
1226 3937 1376 4000 facit
1413 3936 1678 3998 scienter
1707 3952 1812 3996 ac-

254 4040 390 4094 tum
418 4033 549 4094 sine
578 4031 1070 4094 solemnitatibus
1085 4032 1270 4112 juriS,
1301 4035 1585 4092 censetur
1604 4045 1813 4090 secum

254 4128 383 4207 ipse
401 4127 774 4207 dispensare,
796 4131 858 4188 et
874 4131 1083 4187 actum
1096 4124 1296 4187 facere
1313 4122 1614 4197 validum,
1634 4122 1815 4202 juxta

256 4221 484 4281 dictam
515 4218 721 4299 legem
751 4220 861 4282 Ea
900 4219 1270 4298 imperfecto,
1308 4216 1476 4296 quod
1508 4232 1684 4276 secus
1725 4217 1817 4275 est

257 4312 334 4374 de
369 4319 512 4374 actu
548 4330 659 4374 seu
696 4317 1068 4374 testamento
1110 4310 1191 4371 ab
1236 4309 1359 4371 alio
1394 4307 1582 4384 facto,
1626 4306 1814 4368 etiam

256 4411 535 4485 respectu
559 4405 976 4486 imperatoris,
1013 4405 1161 4485 quia
1195 4408 1346 4465 tun'c
1387 4419 1519 4464 non
1555 4406 1648 4463 est
1688 4399 1818 4461 ulla

258 4499 419 4560 ratio
436 4498 928 4579 dispensationis,
944 4503 1007 4561 et
1022 4497 1161 4560 ideo
1183 4503 1357 4559 actus
1375 4500 1468 4558 est
1483 4492 1812 4556 invalidus.

259 4594 336 4654 Et
361 4593 450 4654 ita
476 4592 761 4654 conciliat
792 4592 928 4654 illas
958 4591 1111 4653 duas
1141 4597 1345 4672 partes
1370 4588 1584 4652 Glossa
1614 4587 1726 4661 ibi,
1756 4590 1821 4648 et

258 4686 795 4767 consonatoptime
817 4684 855 4766 ξ
876 4685 990 4747 ιι1ι.
1009 4686 1193 4747 Inst.:
1218 4683 1449 4758 Quibus
1473 4679 1672 4743 modis
1698 4684 1820 4741 tes-

263 4785 541 4841 tamenta
559 4778 978 4840 infirmentur.
1005 4778 1164 4852 Quid
1180 4782 1389 4839 autem
1406 4772 1822 4838 necessarium

265 4873 367 4947 sit,
396 4877 467 4932 ut
491 4870 826 4950 derogatio,
857 4870 957 4933 vel
1003 4870 1377 4950 dispensatio
1416 4865 1620 4948 quoad
1651 4864 1823 4926 hunc

268 4965 559 5027 effectum
606 4965 688 5025 sit
725 4964 930 5026 valida
967 4970 1250 5044 respectu
1295 4961 1613 5044 principis,
1658 4958 1824 5019 intra

270 5057 582 5119 dicemus:
630 5075 780 5120 nam
824 5058 992 5119 idem
1033 5058 1102 5118 in
1139 5058 1259 5120 hoc
1307 5053 1684 5119 censendum
1710 5057 1823 5128 est,

271 5152 437 5231 quod
490 5151 568 5212 de
622 5150 1079 5230 dispensatione
1133 5150 1202 5210 in
1249 5148 1624 5229 obligatione
1676 5144 1831 5224 legis

274 5243 477 5324 quoad
519 5243 808 5305 eumdem
854 5242 1221 5324 principem,
1251 5243 1329 5304 de
1366 5259 1489 5323 qua
1522 5240 1835 5320 dispensa·

274 5338 444 5398 tione
472 5337 544 5396 in
567 5336 678 5398 lib.
708 5337 772 5413 8,
796 5336 1021 5398 dicturi
1047 5353 1281 5398 sumus.

356 5432 458 5490 26.
502 5432 618 5492 Fit
650 5431 807 5491 satis
837 5430 1067 5492 rationi
1094 5426 1613 5491 dubitanda—Ad
1650 5425 1838 5486 ratio-

278 5539 426 5583 nem
480 5538 628 5599 ergo
672 5520 996 5582 dubitandi
1044 5521 1112 5580 in
1139 5521 1442 5600 principio
1474 5519 1736 5599 positam
1761 5535 1837 5578 ex

280 5615 459 5678 dictis
484 5620 657 5695 patet
688 5614 945 5677 solutio:
971 5615 1107 5695 jam
1146 5614 1315 5676 enim
1346 5613 1725 5676 declaratum
1748 5616 1840 5674 est

1850 603 2026 665 posse
2049 584 2461 665 legislatorem
2485 606 2597 648 sua
2626 589 2761 667 lege
2796 586 3081 667 obligari,
3112 589 3262 667 quia
3286 591 3408 653 fert

1849 679 2054 758 legem
2083 685 2153 740 ut
2184 682 2466 743 minister
2492 682 2624 758 Dei,
2648 682 2822 761 cujus
2845 682 3174 742 auctoritas
3210 684 3276 744 in
3301 684 3408 746 illa

1851 772 2228 853 obligatione
2253 774 2627 850 intervenit3
2659 780 2742 850 et,
2773 775 3054 854 quamvis
3070 792 3197 836 non
3220 778 3411 855 possit

1851 866 2135 946 princeps
2174 866 2435 946 obligari
2468 866 2606 946 lege
2635 887 2747 929 sua
2783 873 3081 948 tanquam
3110 876 3409 949 praecepto

1853 961 2082 1022 directe
2111 962 2228 1022 sibi
2258 962 2568 1041 imposit0,
2600 967 2800 1042 potest
2821 962 3233 1024 nihilominus
3259 963 3413 1025 obli-

1854 1054 1990 1132 gari
2013 1057 2316 1134 praecepto
2338 1073 2376 1115 a
2402 1073 2466 1116 se
2487 1054 2615 1115 lato
2648 1073 2761 1134 pro
2786 1060 2918 1116 tota
2943 1056 3409 1134 communitate,

1856 1147 2032 1226 eujus
2063 1148 2193 1227 ipse
2224 1153 2318 1208 est
2354 1165 2518 1227 pars,
2565 1147 2713 1227 quia
2750 1166 2862 1228 per
2886 1148 3008 1210 tale
3040 1154 3414 1229 praeceptum

1857 1240 2252 1301 constituitur
2296 1245 2463 1301 certa
2510 1240 2726 1319 regula
2751 1242 3018 1317 virtutis,
3058 1259 3248 1321 quam
3284 1242 3415 1323 ipse

1858 1352 1935 1396 ex
1958 1333 2024 1394 vi
2064 1334 2320 1395 rationis
2345 1335 2644 1396 naturalis
2670 1336 2843 1415 sequi
2865 1341 3131 1411 tenetur,
3156 1336 3301 1415 quia
3329 1337 3419 1397 ita

1859 1426 2285 1507 praescriptum
2305 1433 2397 1489 est
2417 1426 2496 1488 ab
2523 1434 2772 1490 auctore
2800 1427 2942 1490 talis
2971 1429 3315 1509 potestatis,
3348 1435 3419 1491 ut

1860 1518 2238 1581 declaratum
2266 1526 2389 1582 est:
2437 1520 2605 1582 unde
2650 1521 2757 1583 alii
2783 1522 3000 1583 dicunt
3039 1522 3228 1602 quod,
3275 1523 3420 1584 licet

1858 1613 2025 1674 idem
2046 1631 2173 1673 non
2191 1613 2381 1692 possit
2400 1613 2651 1694 sibiipsi
2674 1614 3000 1694 imperare,
3023 1620 3235 1675 tamen
3253 1615 3422 1676 idem

1860 1711 1932 1766 ut
1962 1707 2249 1767 minister
2272 1707 2381 1768 Dei
2407 1712 2605 1786 potest
2623 1726 2686 1768 se
2708 1713 2778 1768 ut
2802 1707 3124 1769 hominem
3148 1707 3423 1786 obligare

1860 1798 1999 1878 lege
2039 1818 2077 1860 a
2109 1819 2174 1862 se
2211 1799 2359 1876 lata,
2400 1801 2547 1881 quia
2587 1806 2876 1881 operatur
2910 1819 3022 1881 per
3049 1800 3425 1881 jurisdictio-

1863 1910 2011 1955 nem
2037 1892 2244 1973 aliquo
2277 1893 2460 1954 modo
2484 1895 2784 1971 divinam,
2813 1895 2875 1956 id
2901 1905 3015 1971 est,
3047 1914 3085 1956 a
3107 1897 3231 1956 Deo
3254 1914 3424 1958 acee-

1864 1991 2061 2067 ptam,
2111 2005 2250 2068 quae
2281 1993 2482 2068 potest
2523 1986 2751 2050 habere
2791 1989 2954 2051 hanc
2989 1988 3324 2051 efficaciam
3358 1989 3428 2050 in

1865 2081 2072 2159 ipsum
2111 2080 2488 2142 habentem:
2532 2087 2834 2162 quatenus
2878 2082 3169 2143 innititur
3200 2081 3428 2142 divinae

1867 2174 2179 2254 potestati,
2222 2193 2260 2235 a
2288 2193 2416 2255 qua
2447 2181 2681 2253 manat,
2713 2175 2877 2255 quod
2908 2176 2976 2236 in
3017 2176 3183 2237 idem
3223 2175 3383 2237 redit
3409 2195 3425 2236 :

1869 2286 2018 2328 nam
2042 2267 2255 2329 eodem
2280 2269 2466 2329 modo
2478 2273 2540 2330 et
2566 2285 2643 2330 ex
2663 2268 2884 2329 iisdem
2905 2268 3224 2349 principiis
3242 2267 3435 2348 expli-

1872 2361 2142 2424 candum
2170 2366 2284 2423 est.

1953 2458 2054 2518 27.
2100 2457 2510 2535 Respondetar
2549 2458 2632 2519 ad
2670 2457 2852 2537 leqem
2897 2456 3205 2537 Princem.
3232 2491 3314 2504 —
3340 2456 3437 2519 Ad

1871 2545 2077 2626 legem
2109 2549 2425 2628 Princeps,
2457 2549 2710 2629 quidam
2748 2548 3032 2609 moderni
3063 2551 3437 2629 respondent

1873 2639 1961 2699 ibi
1993 2658 2122 2700 ιιοιι
2159 2639 2279 2701 dici
2323 2641 2664 2720 principem
2691 2660 2822 2702 esse
2849 2641 3120 2703 solutum
3149 2642 3438 2703 omnibus

1872 2731 2139 2810 legibuS,
2157 2732 2261 2793 sed
2273 2732 2592 2795 indefinite
2606 2732 2847 2812 legibus
2848 2779 2870 2810 ,
2884 2739 2946 2795 et
2963 2734 3440 2814 intelligendum

1876 2842 2004 2885 esse
2027 2825 2209 2905 juxta
2233 2823 2548 2887 rubricam
2564 2825 2741 2905 legis,
2765 2844 2904 2906 quae
2925 2827 3012 2887 sic
3024 2827 3211 2888 habet
3234 2845 3250 2889 :
3270 2829 3441 2892 Idem

1891 2918 2193 2997 Ulpianus
2212 2919 2279 2980 in
2306 2918 2350 2980 l.
2380 2921 2458 2981 44
2480 2920 2564 2981 ad
2580 2920 2764 2998 leyem
2789 2920 2843 2982 J
2841 2920 3035 2983 uliam
3071 2926 3126 2984 et
3149 2921 3437 3001 Papiam.

1883 3010 2039 3070 Cum
2061 3028 2210 3088 ergo
2231 3010 2320 3071 ibi
2342 3011 2570 3072 dicitur
2608 3011 2892 3091 princeps
2914 3010 3149 3073 solutus
3174 3010 3438 3092 legibus,

1886 3101 2358 3183 intelligendum
2380 3101 2582 3164 solum
2600 3108 2691 3165 est
2708 3103 2785 3166 de
2810 3102 2948 3183 lege
2966 3104 3001 3166 J
3005 3104 3132 3166 ulia
3150 3112 3211 3167 et
3230 3106 3438 3185 Papia,

1887 3212 2027 3274 quae
2075 3193 2300 3257 dicitur
2329 3195 2518 3258 fuisse
2554 3195 2632 3259 de
2678 3195 2922 3258 caducis
2961 3196 3202 3276 legatis,
3248 3217 3286 3258 a
3322 3217 3447 3278 qua

1888 3288 2123 3350 solutus
2142 3293 2276 3350 erat
2297 3289 2601 3370 princeps,
2627 3289 2813 3369 idque
2851 3307 2978 3350 non
2995 3289 3139 3368 jure
3164 3308 3297 3366 suo,
3341 3290 3447 3352 sed

1887 3380 2187 3443 beneficio
2215 3386 2487 3442 senatus.
2519 3383 2693 3443 Hanc
2726 3399 2842 3461 ego
2875 3382 3449 3462 interpretationem

1881 3492 2010 3535 non
2039 3472 2324 3554 improbo
2346 3474 2549 3553 quoad
2577 3474 2789 3535 omnia
2820 3492 2959 3554 quae
2986 3476 3266 3553 assumit,
3302 3477 3449 3557 quia

1884 3585 2013 3628 non
2034 3565 2193 3627 mihi
2215 3571 2455 3627 constat
2481 3584 2609 3629 esse
2637 3565 2794 3628 falsa
2813 3568 3048 3645 omnia,
3075 3568 3272 3649 ipsam
3302 3588 3450 3632 vero

1885 3662 1956 3722 in
1986 3676 2050 3721 se
2071 3678 2202 3721 non
2227 3658 2445 3740 probo,
2470 3664 2610 3721 tum
2640 3659 2787 3740 quia
2818 3678 2980 3721 nova
3006 3667 3120 3738 est,
3150 3668 3212 3723 et
3238 3667 3452 3724 contra
3567 3692 3576 3697 ·

1890 3771 2285 3816 communem
2335 3752 2947 3833 interpretationem·
2928 3799 2949 3831 ,
2996 3758 3132 3815 tum
3178 3755 3327 3835 quia
3358 3762 3452 3818 est

1890 3865 2117 3928 parum
2143 3852 2553 3909 consentanea
2598 3852 2661 3908 et
2697 3846 2904 3908 verbis
2953 3846 3118 3907 illius
3154 3847 3330 3927 legis,
3391 3854 3454 3911 et

1891 3939 2029 4001 aliis
2054 3939 2318 4019 legibus.
2349 3937 2651 4000 Probatur
2676 3938 2900 4018 primo,
2930 3939 3078 4018 quia
3099 3938 3208 4000 illa
3232 3940 3455 4003 indefi-

1891 4032 2027 4094 nita
2051 4033 2121 4093 in
2149 4032 2354 4112 rigore
2382 4028 2705 4091 doctrinali
2732 4029 3058 4109 aequivalet
3090 4031 3452 4109 universali,

1893 4132 1955 4187 et
1982 4125 2314 4204 conjuncta
2339 4139 2482 4184 cum
2503 4119 2676 4184 verb.
2716 4120 2975 4186 Solutus
3007 4128 3093 4186 ost
3113 4122 3299 4185 habet
3323 4142 3456 4186 ma-

1889 4218 2090 4298 jorem
2122 4217 2275 4293 vim,
2301 4215 2450 4296 quia
2473 4213 2735 4293 verbum
2757 4213 2915 4274 illud
2949 4212 3208 4279 Solutus
3246 4221 3333 4280 est
3359 4217 3456 4278 in-

1895 4309 2090 4371 cludit
2115 4307 2534 4388 negationem,
2567 4306 2818 4382 scilicet,
2865 4324 2996 4367 non
3022 4312 3114 4368 est
3148 4307 3458 4387 subjectus

1894 4401 2161 4481 legibus,
2192 4407 2256 4463 et
2275 4401 2344 4462 in
2360 4400 2590 4462 vii-tute
2609 4403 2704 4461 est
2723 4398 2828 4460 ille
2846 4398 3148 4461 terminus
3166 4400 3457 4464 distribu-

1896 4500 1998 4556 tus
2011 4511 2034 4573 ;
2057 4499 2193 4556 tum
2210 4494 2401 4556 etiam
2413 4493 2586 4574 quia,
2605 4491 2868 4554 licetilla
2894 4492 2995 4554 lex
3011 4491 3200 4555 fuerit
3213 4501 3460 4576 sumpta

1898 4607 1976 4650 ex
2001 4587 2160 4649 libro
2181 4586 2431 4668 Ulpiani
2462 4586 2543 4647 ad
2563 4586 2766 4665 legem
2803 4584 3035 4647 Juliam
3074 4591 3137 4647 et
3179 4588 3456 4668 Papiam,

1900 4697 2029 4743 non
2067 4681 2208 4743 ideo
2248 4680 2526 4760 sequitur
2552 4678 2620 4739 in
2664 4678 2770 4740 illa
2795 4679 3102 4740 sententia
3146 4685 3208 4741 et
3255 4681 3460 4742 verbis

1899 4774 2069 4835 illius
2095 4773 2250 4852 legis
2274 4771 2552 4834 locutum
2569 4771 2757 4833 fuisse
2779 4771 2855 4833 de
2874 4771 2981 4833 illa
3004 4772 3132 4834 sola
3158 4772 3332 4852 lege3
3353 4792 3463 4853 po-

1900 4868 2023 4929 tuit
2048 4865 2217 4928 enim
2238 4865 2391 4926 illud
2415 4864 2784 4945 principium
2810 4864 3097 4943 generale
3125 4864 3335 4927 afferri
3365 4885 3466 4928 oc-

1902 4960 2144 5021 casione
2188 4959 2437 5021 alterius
2462 4957 2641 5038 legis,
2672 4958 2748 5018 de
2779 4974 2904 5036 qua
2930 4957 3256 5019 tractabat.
3289 4959 3466 5033 Quod

1907 5052 2252 5114 declaratur
2270 5049 2900 5112 accommodatissimo
2918 5050 3202 5130 exemplo
3220 5056 3466 5131 sumpto

1911 5163 1990 5207 ex
2005 5145 2043 5225 ἓ
2060 5146 2176 5206 ιιΙι.
2200 5146 2348 5206 Inst.
2376 5143 2647 5217 :Quibus
2673 5140 2872 5203 modis
2897 5148 3268 5204 testamenta
3293 5142 3467 5205 infir-

1914 5243 2192 5313 mentur3
2223 5235 2356 5311 ubi,
2377 5253 2522 5296 cum
2547 5234 2782 5295 dictum
2801 5232 3014 5295 fuisset
3033 5234 3472 5315 imperatorem

1914 5349 2044 5393 non
2075 5329 2490 5390 admissurum
2517 5325 2754 5405 aliquid
2781 5325 2898 5386 sibi
2923 5326 3206 5389 relictum
3225 5348 3336 5410 per
3352 5337 3475 5394 tes-

1914 5427 2265 5485 tamentum
2293 5438 2420 5481 non
2440 5419 2814 5499 legitimum,
2832 5425 2944 5481 etc.
2954 5465 2974 5496 ,
3005 5420 3326 5484 subditur:
3359 5424 3476 5488 Se-

1917 5517 2170 5579 cundum
2192 5516 2299 5577 Ιιοσ
2330 5514 2481 5576 Divi
2510 5514 2767 5577 Severus
2806 5518 2860 5575 et
2888 5512 3111 5579 Antan.
3148 5518 3478 5595 sepissime

1916 5614 2290 5694 compserunt
2313 5631 2343 5681 ,·
2381 5608 2519 5672 licet
2547 5609 2703 5672 enim
2743 5605 2986 5689 (inquit)
3029 5608 3260 5688 loaibus
3295 5611 3480 5693 soluti
