3976 6219
863 394 1000 449 GAP.
1035 394 1191 449 XXX.
1225 393 1440 449 mm!
1465 393 1592 447 mx
1623 395 1883 449 numm
1913 394 1995 451 m·
2026 395 2249 452 OEVILIS
2276 395 2491 451 Possrr
2521 397 2845 466 onmem,
2878 398 3014 454 mc.

327 497 502 580 quod
526 497 712 578 plane
741 494 1068 557 confirmat
1093 496 1310 576 regula
1334 496 1513 575 juris,
1551 496 1760 559 dicens
1791 516 1898 559 ne-

327 592 678 653 cessitatem
700 589 904 651 facere
930 588 1173 651 licitum
1196 587 1362 668 quod
1388 588 1540 649 alias
1564 607 1691 649 non
1715 596 1891 653 esset.

325 685 418 745 De
443 702 566 763 qua
605 683 804 745 videri
832 688 1034 763 potest
1070 680 1372 743 Alexand.
1423 680 1506 743 Si
1537 700 1608 743 σω
1649 687 1792 757 toto,
1823 682 1890 743 ff.

326 776 408 837 de
435 775 723 853 Legibus„
764 775 858 836 Ad
887 775 1155 854 primam
1181 772 1711 835 confirmationem
1739 774 1896 837 fate-

323 886 496 941 mur,
514 874 766 948 propter
777 868 1012 929 honum
1032 884 1360 928 commune
1379 868 1897 931 contemnendam

325 976 462 1023 esse
479 960 674 1021 vitam
703 961 1040 1040 propriam,
1060 959 1311 1039 quando
1332 961 1748 1021 necessarium
1769 967 1893 1038 est3

321 1070 636 1130 negamus
653 1058 864 1114 tamen
883 1071 1128 1133 semper
1137 1052 1550 1114 necessarium
1567 1052 1648 1113 ad
1661 1052 1894 1114 bonum

323 1164 662 1207 commune
701 1146 1107 1208 materialiter
1145 1147 1242 1222 (ut
1275 1145 1363 1205 sic
1402 1145 1628 1223 diram)
1671 1147 1896 1225 exequi

321 1238 570 1316 legem:
604 1256 777 1313 nam,
815 1238 960 1299 licet
1007 1238 1116 1299 illa
1157 1242 1410 1317 propter
1453 1237 1687 1299 bonum
1729 1256 1895 1299 com—

323 1348 522 1393 mune
549 1332 752 1410 posita
779 1332 880 1406 sit,
905 1331 1056 1392 satis
1085 1330 1479 1409 consequitur
1503 1328 1694 1391 finem
1721 1331 1774 1393 si
1797 1349 1897 1393 re·

324 1424 650 1503 gulariter,
675 1441 748 1485 ac
773 1442 996 1503 perse,
1031 1428 1096 1485 et
1124 1428 1302 1485 extra
1329 1422 1444 1485 hos
1481 1442 1656 1485 casus
1695 1430 1896 1486 extre·

324 1534 470 1579 mos
500 1516 882 1577 observetur.

412 1610 515 1669 13.
559 1608 656 1669 Ad
684 1608 1015 1669 secundam
1032 1607 1567 1670 confirmationem
1595 1613 1658 1669 et
1677 1608 1896 1671 induc-

321 1701 567 1763 tionem
603 1701 902 1782 Cajetani,
932 1701 1208 1781 primum
1247 1700 1600 1781 exemplum
1645 1706 1778 1763 erat
1817 1702 1894 1763 de

321 1794 733 1855 matrimonio
773 1793 1193 1855 contrahendo
1223 1811 1370 1855 cum
1409 1795 1891 1873 consanguinea,

321 1887 396 1949 in
443 1906 568 1967 quo
611 1888 815 1968 primo
859 1887 1334 1968 supponendum
1363 1892 1478 1963 est,
1520 1888 1710 1967 quod,
1753 1887 1895 1949 licet

323 1979 628 2057 obligatio
669 1979 826 2058 legis
871 1986 1062 2041 cesset
1097 1998 1176 2041 ex
1219 1985 1577 2041 occurrente
1619 1970 1893 2060 periculo

322 2074 682 2152 gravissimi
708 2074 1088 2154 nocumenti,
1111 2074 1164 2134 si
1181 2080 1395 2135 tamen
1412 2074 1513 2135 lex
1531 2079 1624 2135 est
1639 2073 1892 2135 irritans

321 2184 456 2227 non
499 2174 696 2228 cessat
737 2166 1002 2228 irritatio
1039 2172 1288 2246 propter
1324 2171 1586 2242 metum,
1621 2172 1694 2227 ut
1729 2168 1895 2229 infra

321 2259 625 2333 dicemus,
649 2264 714 2320 et
735 2277 952 2320 omnes
973 2264 1250 2322 auctores
1269 2264 1649 2337 supponunt,
1669 2264 1733 2319 et
1749 2278 1894 2321 con-

321 2356 450 2413 stat
493 2369 573 2413 ex
602 2352 782 2431 praxi
813 2352 1112 2413 Ecclesiae.
1145 2354 1221 2412 Et
1241 2352 1401 2411 ratio
1447 2351 1624 2413 reddi
1671 2359 1891 2431 potest,

321 2444 500 2523 quia,
528 2444 610 2505 ad
642 2444 969 2505 vitandum
1000 2443 1366 2525 periculum,
1404 2443 1552 2505 satis
1596 2449 1691 2506 est
1728 2451 1894 2506 exte-

321 2537 560 2599 riorem
587 2543 802 2599 actum
822 2537 1049 2613 facere,
1069 2536 1313 2599 etiamsi
1331 2543 1582 2616 propter
1607 2538 1893 2599 resisten-

320 2630 475 2690 tiam
497 2629 654 2708 legis
679 2630 920 2691 validus
945 2649 1072 2691 non
1100 2630 1179 2691 sit
1190 2652 1210 2703 ς
1230 2629 1398 2708 quod
1425 2630 1477 2690 si
1499 2629 1754 2691 fortasse
1783 2629 1894 2691 illa

319 2723 662 2783 occasione·
670 2723 1024 2783 incurratur
1044 2723 1212 2784 aliud
1239 2720 1588 2802 periculum
1614 2722 1888 2783 violandi

319 2814 602 2895 aliquam
643 2816 849 2894 legem
892 2816 1267 2890 naturalem,
1312 2821 1424 2877 aut
1460 2815 1794 2891 moriendi,
1823 2816 1888 2877 id

318 2913 416 2969 est
439 2908 618 2969 valde
649 2913 961 2969 remotum
989 2914 1052 2970 et
1085 2908 1594 2984 accidentarium,
1633 2914 1696 2970 et
1747 2909 1887 2971 ideo

318 3002 390 3062 id
429 3019 559 3062 non
585 3002 923 3063 attenditur
950 3002 1020 3063 in
1056 3001 1340 3063 facienda
1367 3000 1645 3062 absoluta
1683 3002 1887 3063 irrita-

321 3094 500 3155 tione
524 3099 719 3155 actus.
758 3094 1032 3171 Accedit,
1073 3094 1241 3175 quod
1268 3093 1322 3155 si
1347 3095 1416 3156 in
1440 3093 1551 3155 tali
1583 3113 1732 3156 casu
1761 3113 1886 3156 ces-

322 3192 496 3248 saret
531 3188 790 3249 irritatio
821 3194 1072 3268 propter
1108 3194 1371 3263 metum,
1412 3187 1624 3250 liceret
1647 3194 1881 3267 postea,

317 3279 425 3342 vel
465 3280 654 3342 etiam
687 3282 1097 3343 necessarium
1125 3287 1287 3342 esset
1311 3281 1380 3341 in
1412 3278 1527 3341 tali
1566 3285 1710 3341 actu
1749 3300 1886 3360 per-

318 3373 536 3434 sistere
573 3378 888 3434 transacto
927 3379 1138 3435 metu:
1171 3373 1290 3436 hoc
1325 3379 1538 3435 autem
1583 3379 1678 3434 est
1707 3374 1888 3436 valde

317 3467 700 3527 contrarium
740 3467 905 3528 hono
937 3469 1278 3543 communi,
1308 3477 1372 3528 et
1409 3465 1524 3527 fini
1552 3465 1774 3526 talium
1797 3467 1886 3529 le·-

315 3575 496 3637 gum.
525 3559 614 3620 De
637 3577 764 3639 qua
789 3577 856 3620 re
883 3559 1058 3639 plura
1081 3560 1358 3621 dicemus
1383 3559 1548 3620 infra
1565 3560 1887 3622 tractando

315 3649 388 3710 in
407 3651 608 3730 specie
631 3652 709 3712 de
736 3651 872 3730 lege
890 3653 1199 3713 irritante.
1222 3653 1351 3713 Hoc
1373 3669 1524 3730 ergo
1545 3652 1880 3732 supposito,

314 3744 768 3823 respondemus
799 3746 867 3804 iu
909 3763 1054 3805 casu
1097 3744 1176 3805 de
1219 3744 1617 3805 matrimonio
1643 3744 1886 3806 licitum

317 3851 452 3897 esse
495 3836 652 3898 illud
695 3838 966 3898 exterius
1005 3837 1396 3911 contrahere,
1433 3836 1582 3916 quia
1623 3836 1723 3897 vel
1770 3836 1888 3897 hoc

314 3947 448 3990 non
489 3935 581 3990 eet
609 3929 1018 4009 prohibitum,
1057 3929 1160 3992 vel
1202 3929 1255 3992 si
1298 3933 1412 4005 est,
1443 3946 1556 4008 pro
1586 3928 1695 3989 illo
1740 3947 1889 3990 casu

317 4027 516 4083 cessat
553 4022 910 4102 prohibitio.
944 4022 1358 4084 Nihilominus
1382 4028 1594 4083 tamen
1622 4021 1888 4082 dicimus

314 4113 388 4176 in
421 4132 497 4176 eo
543 4132 712 4191 casu,
743 4133 870 4176 non
897 4115 1179 4178 obstante
1211 4121 1405 4192 metu,
1435 4133 1690 4178 manere
1733 4114 1887 4175 obli-

314 4206 634 4286 gationem
680 4207 1033 4270 abstinendi
1078 4229 1117 4271 a
1163 4208 1546 4270 matrimonii
1586 4225 1724 4283 usu,
1758 4225 1885 4270 non

315 4304 572 4378 propter
591 4300 921 4380 specialem
949 4301 1393 4381 obligationem
1407 4301 1564 4379 legis
1583 4300 1883 4380 positivae,

315 4393 426 4453 sed
459 4393 628 4471 quia,
658 4411 803 4455 cum
838 4413 969 4456 non
999 4395 1189 4456 fuerit
1222 4394 1524 4471 validum,
1555 4400 1713 4457 esset
1739 4412 1887 4456 con-

313 4489 416 4545 tra
456 4487 807 4548 naturalem
841 4487 1045 4566 legem
1071 4487 1228 4548 illud
1256 4505 1707 4562 consummare,
1738 4488 1886 4567 quia

313 4583 476 4638 esset
502 4577 816 4656 fornicari,
845 4580 1014 4659 quod
1039 4580 1366 4642 intrinsece
1393 4580 1632 4641 malum
1660 4584 1772 4640 est.

399 4673 501 4731 14.
551 4671 832 4752 Objcctio.
860 4706 944 4720 —
968 4674 1314 4752 Responsio.
1343 4705 1428 4720 —-
1450 4674 1661 4734 Dices:
1693 4673 1883 4734 etiam

313 4763 595 4844 primum
634 4765 882 4826 videtur
912 4766 1230 4828 includere
1261 4766 1499 4845 aliquid
1538 4772 1754 4827 contra
1796 4767 1883 4828 le-

313 4873 463 4936 gem
505 4863 744 4919 naturoe
785 4864 849 4920 et
873 4859 1204 4920 intrinsece
1243 4857 1481 4920 malum
1508 4872 1527 4919 z
1574 4875 1722 4928 nam
1762 4857 1882 4918 im-

313 4949 538 5030 primis
557 4949 612 5009 si
626 4951 1098 5012 matrimonium
1119 4950 1542 5012 consideretur
1556 4950 1627 5010 in
1643 4950 1884 5013 ratione

315 5047 698 5119 contractus,
723 5042 878 5104 illud
909 5049 1002 5105 est
1029 5042 1248 5105 fictum
1287 5043 1784 5121 matrimonium,
1823 5049 1886 5105 et

309 5133 406 5196 ita
422 5137 688 5200 includit
704 5136 1008 5198 malitiam
1026 5135 1338 5198 mendacii
1359 5135 1576 5198 saltem
1599 5135 1880 5198 officiosi:

309 5228 368 5290 si
395 5246 548 5290 vero
575 5229 1002 5292 consideretur
1019 5231 1090 5291 in
1115 5230 1354 5290 ratione
1375 5228 1768 5302 sacramenti,
1794 5228 1884 5288 vi·

309 5321 500 5382 detur
549 5321 866 5383 includere
918 5321 1223 5383 malitiam
1275 5322 1482 5401 gravis
1536 5319 1842 5398 sacrilegii
1855 5363 1878 5397 ,

310 5414 468 5494 quia
494 5414 844 5477 ministrare
877 5419 1336 5476 sacramentum
1377 5431 1658 5495 personae
1693 5412 1876 5474 inha-

307 5505 451 5584 bili,
489 5506 590 5568 vel
615 5513 856 5569 tentare
881 5507 1036 5569 illud
1064 5506 1364 5570 conficere
1403 5507 1536 5570 siue
1565 5505 1878 5588 requisitis

3420 390 3541 453 297

1979 497 2059 558 ad
2098 497 2373 559 valorem
2412 499 2569 577 ejus,
2613 500 3008 578 sacrilegium
3034 502 3147 561 est.
3178 495 3541 577 Respondeo

1977 590 2247 653 breviter
2268 596 2561 653 neutrum
2596 610 2727 655 esse
2753 592 3194 665 necessarium,
3226 589 3373 667 quia
3398 588 3540 649 talis

1973 701 2237 763 persona
2254 690 2454 763 potest
2472 686 2563 745 uti
2581 685 3063 766 amphibologia,
3087 690 3150 745 et
3162 701 3291 743 non
3312 681 3541 741 hahere

1973 778 2385 840 intentionem
2408 778 2775 841 conficiendi
2798 783 3275 850 sacramentum,
3304 775 3412 836 sed
3442 793 3541 836 so-

1972 868 2109 931 lum
2126 870 2303 931 illum
2320 871 2702 933 materialem
2722 876 2933 933 actum
2950 868 3215 932 faciendi
3234 868 3313 929 ad
3339 868 3540 929 vitan·

1975 962 2120 1022 dam
2138 969 2423 1035 mortem,
2458 968 2520 1023 et
2546 963 2631 1023 ita
2655 963 2835 1028 facile
2854 968 3057 1043 potest
3075 981 3114 1023 a
3130 964 3381 1041 peccato
3400 976 3541 1037 gra-

1974 1052 2042 1114 vi
2062 1055 2361 1129 excusari,
2395 1054 2472 1115 de
2499 1073 2626 1134 quo
2666 1056 2735 1115 in
2773 1054 3029 1134 proprio
3055 1054 3213 1127 loc0,
3252 1058 3317 1113 et
3340 1051 3539 1113 videri

1973 1151 2176 1224 potest
2204 1147 2383 1209 Sanc.
2420 1146 2527 1208 lib.
2562 1150 2622 1222 7,
2654 1147 2730 1208 de
2762 1148 3058 1223 Matrim„
3078 1145 3306 1225 disput.
3330 1145 3391 1205 7.
3420 1144 3537 1205 So-

1973 1238 2130 1312 lum,
2173 1238 2241 1299 in
2266 1239 2557 1318 praesenti
2583 1239 2861 1315 adverto,
2892 1238 3135 1299 etiamsi
3159 1237 3228 1298 in
3255 1237 3363 1297 illo
3390 1254 3539 1297 casu

1975 1331 2403 1393 committatur
2450 1332 2659 1411 aliqua
2702 1332 2904 1411 culpa,
2954 1330 3361 1391 nihilominus
3410 1346 3538 1389 non

1972 1423 2209 1484 incurri
2226 1425 2928 1486 excommunicationem
2941 1422 3132 1484 latam
3149 1422 3217 1482 in
3236 1422 3535 1482 Clement.

1973 1516 2145 1576 unic.
2171 1516 2247 1576 de
2270 1516 2741 1596 Consanguinit.
2766 1522 2830 1578 et
2864 1515 3115 1591 affluit„
3145 1520 3217 1575 ut
3240 1514 3400 1575 bene
3426 1529 3538 1573 no-

1972 1608 2131 1669 tavit
2178 1609 2405 1671 Navar.
2436 1610 2505 1671 in
2545 1611 2747 1686 Sum„
2796 1628 2927 1690 cap.
2970 1611 3071 1686 27,
3114 1627 3178 1671 n.
3209 1610 3331 1685 41;
3364 1605 3533 1685 quia,

1974 1701 2027 1762 si
2056 1701 2289 1779 aliquid
2331 1703 2419 1763 ibi
2458 1712 2746 1783 peccatur
2783 1706 2973 1766 etiam
3021 1700 3533 1775 consummando,

1973 1798 2067 1855 est
2085 1799 2299 1855 contra
2326 1795 2531 1874 legem
2550 1796 2922 1870 naturalem,
2949 1814 3075 1857 non
3096 1800 3314 1855 contra
3328 1792 3530 1853 Eccle-

1971 1886 2079 1947 siae
2098 1894 2500 1966 praeccptum3
2530 1905 2788 1950 censura
2816 1893 3026 1950 autem
3053 1887 3180 1947 lata
3212 1892 3304 1947 est
3322 1890 3539 1947 contra

1971 1984 2367 2042 contumaces
2382 1982 2451 2042 in
2484 1980 2951 2043 ecclesiasticam
2973 1981 3197 2060 legem.

2056 2073 2154 2133 15.
2197 2071 2300 2134 An
2339 2073 2515 2136 liccat
2546 2074 2835 2137 celebrare
2860 2075 2989 2138 sim
3018 2073 3284 2137 vestibus
3308 2074 3531 2135 sacris.

1971 2197 2056 2211 -—
2095 2162 2444 2227 Secundum
2480 2167 2833 2246 exemplum
2860 2172 2995 2228 erat
3018 2166 3095 2227 de
3124 2165 3533 2227 celebratione

1971 2256 2106 2318 sine
2127 2257 2399 2319 vestibus
2424 2258 2633 2333 sacris,
2653 2260 2722 2320 in
2744 2276 2867 2339 quo
2890 2258 3257 2337 regulariter
3274 2258 3532 2337 loquen-

1974 2349 2056 2410 do
2100 2350 2355 2411 concedi
2396 2356 2631 2430 potest,
2676 2352 2839 2430 quod
2887 2351 3212 2432 Gajetanus
3246 2349 3528 2426 assumit,

1973 2441 2122 2521 quia
2142 2442 2286 2503 talis
2302 2448 2473 2503 actus
2498 2444 2605 2505 vix
2631 2444 2769 2505 fieri
2792 2450 2993 2524 potest
3019 2444 3151 2505 sine
3173 2448 3533 2522 contemptu

1971 2552 2183 2595 rerum
2211 2554 2555 2612 sacrarum,
2589 2556 2703 2599 nec
2732 2538 2875 2599 talis
2897 2542 3099 2598 metus
3126 2536 3281 2598 solet
3310 2536 3527 2611 incuti,

1971 2626 2093 2689 nisi
2120 2633 2374 2707 propter
2401 2627 2569 2690 hunc
2608 2628 2823 2705 finem,
2871 2628 2971 2690 vel
3022 2629 3089 2689 in
3132 2628 3344 2689 odium
3388 2627 3531 2689 reli·

1970 2722 2195 2800 gioniS.
2229 2722 2293 2783 Si
2318 2728 2528 2784 tamen
2555 2723 2867 2803 fingamus
2894 2740 3127 2797 casum,
3154 2723 3224 2783 in
3251 2739 3377 2801 quo
3413 2739 3530 2783 nec

1967 2824 2172 2876 metus
2219 2814 2329 2875 fiat
2366 2820 2617 2895 propter
2660 2816 2838 2877 illum
2878 2815 3093 2890 finem,
3127 2814 3234 2876 sed
3281 2826 3530 2893 propter

1967 2908 2158 2970 aliam
2198 2909 2592 2971 indiscretam
2634 2910 3049 2985 devotionem,
3080 2907 3180 2970 vel
3215 2908 3528 2968 existima-

1967 3003 2227 3079 tionem,
2250 3008 2313 3063 et
2333 3003 2501 3082 quod
2524 3021 2624 3063 res
2651 3003 2788 3065 fieri
2812 3003 3005 3083 possit
3028 3002 3162 3064 sine
3188 3002 3529 3063 irreveren-

1963 3094 2053 3155 tia
2076 3100 2139 3157 et
2160 3093 2469 3172 scandalo,
2495 3114 2625 3157 non
2643 3096 2761 3157 erit
2781 3095 3077 3185 ille-actus
3106 3093 3430 3174 culpabilis
3450 3112 3527 3154 ex

1964 3189 2033 3250 vi
2068 3189 2257 3250 solius
2292 3189 2445 3266 legis
2476 3189 2774 3269 positivae,
2818 3189 2982 3269 quod
3022 3188 3210 3250 sentit
3246 3187 3522 3250 Ledesm.

1963 3299 2175 3360 supra,
2218 3285 2281 3342 et
2322 3280 2550 3343 Medin.
2608 3285 2666 3342 1.
2710 3283 2772 3358 2,
2816 3286 3033 3361 quaest.
3063 3283 3170 3356 96,
3202 3284 3321 3340 art.
3366 3283 3431 3356 4,
3466 3288 3530 3341 et

1965 3374 2244 3434 insinuat
2285 3374 2505 3436 Navar.
2554 3373 2718 3436 dicto
2757 3393 2891 3453 cap.
2932 3376 3035 3450 24,
3082 3392 3148 3434 n.
3178 3374 3283 3448 84,
3315 3372 3528 3434 dicens

1966 3466 2317 3545 oppositum
2368 3484 2497 3528 esse
2545 3467 2693 3528 satis
2734 3467 2986 3528 durum.
3042 3466 3130 3527 De
3178 3465 3295 3526 hoc
3338 3465 3529 3526 etiam

1964 3558 2251 3638 exemplo
2287 3559 2488 3621 videri
2518 3565 2771 3639 possunt
2798 3560 2961 3622 dicta
2984 3559 3054 3620 in
3078 3561 3116 3620 3
3143 3565 3190 3620 t.
3197 3605 3219 3636 ,
3251 3560 3289 3619 3
3311 3558 3522 3638 partis.

2048 3653 2146 3714 16.
2192 3653 2284 3716 De
2319 3653 2843 3717 communicatione
2876 3671 3009 3718 cum
3032 3654 3528 3716 &communicato

1959 3751 2208 3825 propter
2234 3751 2475 3809 metum.
2517 3778 2601 3792 —
2638 3747 2917 3808 Tertium
2941 3745 3296 3825 exemplum
3322 3750 3415 3805 est
3450 3743 3528 3806 de

1965 3837 2526 3900 communicatione
2552 3856 2698 3900 cum
2716 3840 3245 3900 excommunicato
3281 3843 3531 3917 propter

1967 3935 2231 4005 metum,
2262 3930 2428 4009 quod
2454 3931 2766 4010 integram
2792 3931 3143 4010 postulabat
3164 3930 3527 4011 disputatio-

1966 4038 2152 4099 nem3
2206 4022 2313 4083 sed
2349 4028 2441 4084 est
2466 4022 2719 4084 alterius
2744 4022 2885 4085 loci.
2925 4024 3204 4086 Breviter
3228 4040 3381 4101 ergo
3404 4041 3528 4084 res-

1965 4115 2209 4195 pondeo
2254 4115 2541 4194 negando
2580 4123 2968 4195 assumptum
3006 4132 3025 4178 t
3067 4116 3315 4178 seclusis
3359 4117 3526 4177 enim

1966 4206 2439 4270 circumstantiis
2478 4207 2660 4268 dictis
2696 4207 2773 4268 de
2815 4207 3129 4285 scandale,
3169 4213 3529 4287 contemptu

1967 4299 2260 4376 clavium,
2313 4298 2549 4362 secluso
2598 4299 2788 4361 etiam
2838 4301 3005 4380 quod
3050 4301 3527 4362 communicatio

1966 4411 2093 4455 non
2124 4393 2299 4455 sitin
2325 4393 2611 4468 crimine,
2646 4411 2761 4455 nec
2784 4393 2853 4456 in
2874 4398 3016 4456 actu
3046 4394 3198 4455 alias
3234 4414 3346 4476 per
3376 4413 3441 4456 se
3461 4399 3526 4456 et

1964 4485 2296 4548 intrinsece
2314 4487 2506 4562 ma10‚
2532 4505 2661 4548 non
2678 4493 2890 4566 peccat
2906 4489 3015 4567 qui
3045 4505 3120 4549 ex
3149 4494 3323 4550 metu
3352 4487 3529 4567 gravi

1963 4579 2380 4641 communicat
2422 4597 2566 4641 cum
2612 4580 3171 4656 excommunicato,
3229 4598 3369 4661 quae
3428 4585 3527 4642 est

1964 4671 2165 4750 magis
2205 4678 2450 4752 recepta
2488 4673 2799 4736 sententia
2824 4673 3084 4735 fundata
3124 4674 3193 4734 in
3218 4673 3524 4753 principio

1962 4763 2163 4844 posito
2196 4765 2267 4824 in
2295 4765 2412 4826 hac
2431 4767 2793 4845 quaestione,
2816 4769 3100 4846 quamvis
3122 4767 3229 4829 alii
3252 4766 3526 4830 sentiant

1963 4857 2317 4937 oppositum
2351 4857 2603 4923 fundari
2641 4860 2710 4921 in
2750 4860 2915 4922 dicto
2964 4880 3099 4941 cap.
3152 4861 3395 4926 Sacris.
3428 4860 3527 4920 Ad

1963 4951 2133 5030 quod
2154 4953 2480 5031 respondet
2502 4955 2649 5016 Soto
2669 4954 2841 5034 loqui
2866 4955 2946 5017 de
2966 4954 3527 5017 communicatione

1962 5043 2031 5106 in
2058 5043 2322 5108 crimine
2343 5045 2714 5124 criminos03
2755 5045 3015 5126 Sylvest.
3052 5065 3199 5110 vero
3244 5048 3333 5108 ait
3354 5046 3525 5126 loqui

1962 5135 2042 5198 de
2092 5138 2653 5199 communicatione
2700 5156 2839 5218 quae
2891 5138 3054 5200 cedit
3106 5140 3173 5199 in
3225 5140 3525 5219 injuriam

1961 5228 2267 5307 clavium3
2299 5229 2411 5290 alii
2437 5229 2515 5292 de
2542 5236 2805 5310 utraque
2837 5236 3190 5311 exponunt:
3225 5232 3332 5294 alii
3358 5233 3522 5295 limi-

1959 5331 2097 5384 tant
2124 5326 2365 5384 textum
2390 5340 2468 5384 ex
2494 5329 2669 5402 parte
2693 5329 2913 5400 metuS,
2935 5325 3023 5385 ita
3050 5330 3121 5384 ut
3138 5325 3425 5406 loquatur
3442 5327 3522 5387 de

1957 5421 2133 5479 metu
2164 5415 2311 5490 levi,
2344 5420 2408 5476 et
2450 5433 2705 5494 gravem
2743 5415 3226 5497 comprehendat
3268 5420 3383 5481 sub
3409 5437 3522 5480 no-

1957 5512 2129 5574 mine
2167 5511 2498 5576 violentiae.
2550 5509 2697 5586 Quae
2727 5511 2941 5576 omnia
2978 5509 3046 5574 in
3086 5530 3153 5576 se
3174 5531 3321 5575 vcra
3343 5516 3515 5594 sunt,
