3976 6219
833 411 971 464 GAP.
1005 411 1232 465 XXVIII.
1264 412 1478 465 mmm
1508 413 1593 465 Ex
1626 413 1691 465 vl
1722 411 1890 467 smus
1922 412 2235 467 COHMUMS
2268 412 2466 467 Ac'ms
2497 412 2752 477 FACTUS,
2786 412 2921 466 mc,

261 528 375 590 pro
432 527 819 591 quacumque
866 511 1004 591 lege
1063 512 1428 593 prohibente
1485 515 1823 578 secundum

259 622 471 665 veram
511 604 1104 682 interpretationem,
1148 604 1247 666 vel
1295 624 1329 667 8
1370 608 1675 668 contrario
1711 627 1823 689 pro

263 713 651 776 quocumque
673 702 813 757 actu
839 697 999 758 facto
1017 703 1230 759 contra
1253 696 1479 777 legem,
1497 717 1625 760 non
1647 719 1821 780 aper-

259 795 346 865 te,
387 789 494 851 sed
530 789 867 851 secundum
903 789 1123 853 falsam
1144 798 1206 854 et
1231 791 1690 855 fraudulentam
1726 795 1822 856 in·

259 881 782 961 terpretationem.

341 975 401 1035 3.
451 973 744 1038 Obviatwr
770 974 1105 1055 objectioni.
1126 1011 1208 1022 —
1239 977 1512 1058 Denique
1533 979 1648 1040 hoc
1676 997 1822 1041 con-

258 1066 465 1128 firmat
502 1085 579 1128 ex
625 1067 761 1147 lege
800 1068 1112 1147 originali,
1161 1089 1297 1149 quae
1341 1070 1462 1131 fuit
1501 1072 1824 1133 Theodosii

258 1159 668 1239 imperatorie,
700 1166 763 1222 et
803 1160 1069 1221 habetur
1094 1162 1163 1222 in
1205 1163 1351 1223 Cod.
1390 1164 1719 1239 Theodos.,
1754 1164 1823 1225 iu

258 1251 370 1312 lib.
406 1256 434 1312 1
487 1252 792 1314 Novellar.
843 1252 1173 1329 Theodos.,
1219 1256 1327 1334 qui
1371 1254 1636 1318 habetur
1683 1263 1824 1337 post

258 1343 449 1405 finem
473 1344 646 1422 eod„
660 1346 757 1406 tit.
778 1346 839 1405 4.
859 1344 948 1406 Ibi
966 1346 1137 1407 enim
1155 1353 1394 1409 constat
1409 1349 1822 1411 Theodosium

260 1437 605 1498 condidisse
647 1437 820 1499 illam
858 1437 1062 1516 legem
1096 1458 1209 1518 per
1249 1441 1632 1504 occasionem
1671 1461 1822 1521 quo-

257 1529 546 1607 rumdam
573 1529 901 1590 curialium
930 1531 1061 1611 qui,
1096 1550 1238 1593 cum
1265 1539 1464 1595 essent
1496 1531 1817 1613 prohibiti,

258 1639 374 1682 nec
400 1621 480 1682 ad
514 1621 980 1700 procurationes
1020 1640 1233 1686 rerum
1273 1625 1617 1687 alienarum
1650 1644 1820 1688 acce-

259 1713 498 1789 derent,
542 1714 661 1793 ipsi
693 1715 1117 1777 conducebant
1155 1716 1314 1793 illas,
1342 1717 1647 1797 fingentes
1673 1737 1820 1781 con-

259 1806 612 1867 ductionem
639 1825 769 1868 non
799 1825 930 1870 esse
959 1810 1478 1889 procurationem,
1508 1830 1647 1891 quae
1688 1820 1821 1877 erat

257 1898 652 1965 fraudulenta
677 1901 1081 1979 transgressio
1112 1901 1290 1981 legis,
1325 1921 1464 1965 cum
1493 1904 1820 1968 conductio

258 1993 488 2071 species
524 1993 810 2073 quaedam
837 1996 1291 2073 procurationis
1324 1997 1424 2057 sit.
1454 1998 1531 2058 Et
1569 1997 1708 2060 ideo
1743 2001 1820 2062 de

258 2084 378 2145 illis
413 2086 809 2165 subjungitur
838 2087 905 2147 in
938 2087 1103 2149 dicta
1128 2088 1265 2167 lege
1293 2089 1582 2168 originali
1603 2093 1823 2170 pristi-

257 2195 352 2238 noe
378 2177 530 2255 Zeyis
570 2179 801 2258 laqueis
840 2180 1040 2256 fuisse
1065 2181 1360 2258 irretitos,
1401 2189 1464 2243 et
1494 2190 1708 2263 postea
1744 2203 1819 2247 ex

257 2268 368 2330 illa
390 2270 711 2331 occasione
732 2271 1151 2334 decernuntur
1172 2275 1412 2355 reliqua
1429 2294 1567 2356 tfuae
1583 2278 1651 2338 in
1671 2279 1816 2340 God.

257 2362 607 2423 Justiniano
638 2362 932 2442 leguntur
958 2365 1026 2426 in
1069 2367 1234 2428 dicta
1274 2367 1319 2428 1.
1362 2369 1511 2434 Non
1537 2371 1820 2433 dubium.-

259 2459 426 2515 recte
455 2472 603 2533 ergo
623 2455 926 2516 limitatur
952 2458 1030 2518 ad
1056 2460 1538 2538 trangressiones
1565 2461 1821 2523 fraudu-

257 2545 479 2607 lentaS.
529 2547 706 2621 Quod
735 2548 788 2606 si
827 2549 1078 2628 objicias
1104 2552 1252 2629 quia
1278 2570 1404 2613 non
1431 2553 1660 2629 minus,
1693 2554 1822 2615 imo

256 2639 459 2716 magis
500 2640 745 2700 videtur
781 2639 1014 2701 violare
1052 2641 1257 2721 legem
1295 2645 1403 2722 qui
1442 2651 1651 2723 aperte
1692 2647 1825 2724 agit

257 2749 372 2791 con
380 2738 470 2793 tra
497 2731 667 2792 illam
700 2751 890 2811 quam
917 2734 1026 2812 qui
1055 2734 1170 2794 sub
1198 2734 1338 2795 dolo
1370 2741 1433 2796 et
1461 2736 1821 2799 fraudulen-

255 2828 384 2898 ter3
422 2829 484 2882 et
512 2823 651 2883 ideo
691 2824 741 2883 si
782 2824 883 2884 lex
917 2825 1123 2883 irritat
1149 2831 1358 2885 actum
1395 2826 1820 2890 fraudulenter

258 2919 474 2975 contra
494 2914 719 2993 legem,
737 2914 933 2975 multo
959 2916 1159 2994 magis
1184 2916 1427 2979 irritare
1450 2936 1588 2997 quae
1606 2926 1818 2998 aperte

256 3011 471 3067 contra
515 3006 688 3066 illam
727 3006 923 3085 fiunt;
986 3008 1315 3087 respondet
1357 3010 1664 3089 imprimis
1709 3030 1817 3073 ne-

258 3099 461 3178 gando
491 3105 901 3179 assumptum,
931 3099 1030 3162 vel
1066 3101 1214 3180 quia
1245 3101 1311 3162 in
1338 3103 1817 3183 transgressione

258 3198 349 3251 est
365 3191 707 3271 aequafitaS,
737 3192 886 3271 quia
916 3198 1180 3272 utroque
1209 3194 1395 3254 modo
1428 3196 1636 3273 agitur
1673 3214 1818 3258 con-

257 3289 356 3344 tra
385 3284 770 3346 voluntatem
794 3285 1186 3364 legislatoris,
1218 3292 1282 3348 et
1308 3287 1375 3347 in
1398 3287 1817 3350 fraudulentia

258 3384 348 3438 est
384 3396 694 3439 excessus:
735 3378 836 3439 vel
865 3380 1012 3459 quia
1050 3380 1113 3440 id
1150 3386 1243 3441 est
1281 3381 1481 3459 magis
1518 3383 1820 3461 pernicio-

255 3488 395 3530 sum
419 3471 794 3550 reipublicae‚
820 3473 969 3551 quia
986 3471 1094 3533 illo
1119 3473 1305 3534 modo
1328 3473 1821 3553 multiplicantur

255 3565 791 3643 transgressiones,
823 3571 886 3625 et
916 3564 1125 3625 minus
1147 3564 1557 3628 vindicantur.
1592 3567 1820 3628 Deinde

256 3656 606 3734 respondet,
618 3655 919 3736 quidquid
938 3657 1018 3716 sit
1037 3655 1114 3718 de
1136 3657 1599 3736 comparatione
1620 3664 1820 3719 trans-

258 3748 667 3826 gressionum,
714 3749 1152 3828 imperatorem
1189 3748 1273 3809 ibi
1307 3750 1384 3810 de
1424 3749 1818 3811 fraudulenta

256 3844 502 3900 tantum
530 3841 749 3919 egisse,
783 3858 918 3920 quae
947 3841 1025 3901 ad
1054 3859 1239 3901 suum
1265 3841 1620 3901 institutum
1641 3859 1818 3921 spec-

257 3931 466 3992 tabat:
499 3932 669 3994 aliud
695 3951 845 3995 vero
872 3950 1070 4013 genus
1090 3933 1653 4011 transgressionum
1673 3933 1818 3994 reli-

257 4024 458 4102 quisse
487 4023 874 4104 dispositioni
900 4025 1164 4085 aliarum
1206 4023 1441 4102 legum,
1484 4025 1632 4105 quia
1671 4025 1819 4087 satis

256 4132 389 4177 esse
420 4121 662 4195 poterat
687 4135 764 4177 ex
789 4117 994 4178 verbis
1024 4116 1375 4178 manifesta.

338 4209 398 4269 4.
443 4207 562 4269 Sed
588 4208 730 4268 licet
763 4207 882 4269 hoc
913 4208 1231 4286 ingeniose
1271 4209 1686 4290 excogitatum
1712 4211 1814 4287 sit,

256 4305 469 4362 tamen
497 4318 626 4360 non
651 4300 854 4362 solum
885 4319 1014 4362 non
1038 4301 1228 4363 habet
1252 4304 1727 4365 fundamentum
1748 4304 1818 4365 in

257 4391 366 4452 illa
399 4392 561 4470 lege,
606 4393 715 4454 sed
751 4392 939 4454 etiam
976 4394 1308 4455 intentioni
1352 4401 1415 4456 et
1451 4395 1657 4457 verbis
1684 4397 1818 4475 ejus

257 4490 589 4564 repugnat,
611 4484 739 4546 sive
756 4485 1001 4565 integra
1025 4491 1352 4566 spectetur,
1374 4493 1447 4547 ut
1463 4488 1729 4550 habetur
1749 4489 1817 4549 in

257 4577 405 4638 Cod.
450 4576 900 4654 TheodosianO,
948 4579 1076 4640 sive
1111 4580 1377 4655 concisa,
1411 4586 1485 4641 ut
1523 4581 1592 4641 in
1631 4581 1817 4642 Justi-

258 4669 469 4732 niano.
513 4671 642 4731 Hoc
677 4670 764 4730 ita
804 4670 1070 4747 declaro,
1110 4671 1278 4752 quia,
1313 4671 1456 4734 licet
1481 4691 1698 4735 verum
1738 4674 1820 4734 sit

257 4763 638 4826 occasionem
683 4763 847 4823 illius
885 4762 1041 4843 legis
1067 4770 1379 4844 sumptam
1420 4783 1551 4827 esse
1594 4785 1670 4828 ex
1708 4766 1818 4827 ino

257 4855 418 4916 facto
440 4856 792 4932 curialium,
813 4861 880 4934 et
902 4855 1040 4917 ideo
1069 4856 1319 4918 initium
1341 4859 1475 4938 ejus
1501 4864 1819 4940 sumptum

258 4966 391 5009 esse
416 4967 455 5009 a
498 4948 901 5011 detestatione
934 4966 1151 5010 eorum
1182 4969 1320 5030 quoe
1346 4950 1509 5012 fiunt
1539 4950 1609 5011 in
1650 4951 1819 5012 frau-

259 5040 402 5102 dem
428 5039 609 5120 legis,
634 5041 1042 5103 nihilominus
1060 5042 1128 5103 in
1154 5043 1198 5106 l.
1238 5044 1537 5106 Theodos.
1562 5045 1648 5106 De
1669 5044 1817 5124 ipsis

257 5135 593 5198 curialibus
646 5135 855 5196 statim
902 5135 1304 5216 subjungitur
1336 5154 1354 5198 2
1409 5137 1699 5202 Attamen
1743 5156 1817 5202 ne

254 5229 507 5305 fraudis
532 5246 659 5291 Μ
695 5228 984 5291 velamine
1017 5229 1171 5309 legis
1204 5229 1433 5293 lateant
1456 5235 1817 5309 contempto-

256 5337 376 5388 res.
414 5338 552 5383 neve
583 5321 669 5384 eie
699 5323 912 5398 fucata
948 5339 1074 5384 cuce
1118 5323 1478 5386 calliditatis
1515 5324 1816 5387 amatio

256 5413 659 5492 relinquatur,
707 5414 820 5476 hac
842 5420 1131 5493 perpetua
1162 5416 1285 5495 leqe
1321 5417 1594 5480 vanem-a
1619 5418 1816 5480 sanci-

256 5522 414 5581 mus,
448 5507 800 5569 conducendi
837 5518 1072 5587 quoque*
1101 5509 1325 5589 fundos
1363 5509 1588 5574 alienos
1632 5510 1814 5575 licera-

1904 515 2059 578 tiam
2091 513 2424 577 curialibus
2451 514 2786 594 amputari,
2821 513 3046 575 locatas
3075 528 3171 573 res
3200 511 3339 588 fisci
3372 511 3466 572 vi-

1902 609 2075 671 ribus
2101 608 2426 670 vindicari.
2476 606 2808 670 Conductor
2843 606 3046 685 itaque
3073 603 3345 678 locatori,
3375 604 3467 666 vel

1902 707 2111 764 contra
2159 701 2385 762 locator
2431 700 2771 762 conductori
2820 703 3027 760 contra
3076 696 3230 758 hanc
3282 694 3465 775 leqem

1899 793 2074 855 nulla
2104 792 2397 855 tenebitur
2427 792 2675 853 actione.
2713 792 2793 851 Et
2822 788 3045 850 deinde
3077 789 3465 867 subjungun-

1900 890 2007 946 tur
2032 884 2245 959 verba‚
2277 901 2414 964 quae
2442 882 2580 943 aliis
2616 880 3043 962 praetermissis
3080 881 3115 942 J
3118 881 3465 941 ustinianus

1901 976 2259 1039 immediate
2301 975 2624 1054 subjunxit
2651 997 2665 1035 :
2709 976 2783 1040 N
2781 975 2971 1037 ullam
3000 973 3157 1035 enim
3192 978 3461 1052 pactum,

1901 1072 2133 1133 nullam
2160 1070 2612 1146 conventionem,
2639 1068 2873 1131 nullum
2901 1071 3267 1130 contractam
3306 1067 3466 1128 inter

1902 1182 1996 1227 eos
2020 1164 2217 1226 videri
2241 1164 2513 1225 volumus
2540 1163 2932 1235 subsecutum,
2975 1160 3080 1240 qai
3107 1160 3466 1221 contrahunt

1902 1256 2026 1336 leffe
2071 1257 2415 1320 contrahere
2457 1255 2823 1335 prohibente.
2880 1255 2951 1314 In
3001 1270 3125 1332 quo
3174 1258 3465 1314 contextu

1899 1354 2087 1429 prout
2125 1349 2290 1429 apud
2328 1347 2631 1410 Theodos.
2673 1346 2958 1422 habetur,
2990 1343 3271 1424 expendo
3298 1344 3464 1423 quod

1901 1447 2046 1503 ante
2070 1441 2278 1502 datam
2305 1440 2468 1502 hanc
2498 1439 2780 1518 regulam
2809 1437 3163 1516 generalem
3186 1436 3467 1498 Theodo-

1900 1533 2029 1594 sius
2055 1550 2339 1612 expresse
2378 1532 2696 1612 prohibuit
2733 1530 3071 1592 curialibus
3113 1527 3466 1590 conductio-
3570 1563 3577 1571 ·

1899 1643 2066 1686 nem.
2094 1625 2271 1687 Unde
2298 1626 2537 1705 agendo
2561 1630 2771 1705 postea
2795 1629 3012 1685 contra
3036 1621 3209 1683 illam
3235 1620 3460 1699 legem,

1895 1719 2025 1799 jam
2062 1736 2193 1779 non
2231 1725 2488 1799 agerent
2519 1717 2970 1792 fraudulenter,
3002 1714 3107 1777 sed
3138 1717 3376 1793 aperte:
3404 1716 3466 1773 et

1899 1810 2307 1874 nihilominus
2356 1812 2564 1874 statim
2614 1809 2898 1872 annullat
2946 1811 3357 1881 contractum,
3403 1809 3466 1865 et

1900 1904 2149 1982 utrique
2187 1904 2680 1966 contrahentium
2724 1901 2990 1980 denegat
3027 1899 3332 1959 actionem
3348 1943 3369 1973 ,
3404 1902 3467 1958 et

1899 2015 2014 2077 pro
2033 1998 2273 2059 ratione
2296 1998 2499 2060 reddit
2520 1996 2800 2075 regulam
2820 1993 3172 2079 generalem
3202 1992 3280 2056 N
3274 1991 3467 2053 ullam

1901 2090 2060 2152 enim
2088 2096 2354 2169 pactum,
2375 2096 2490 2151 etc.
2515 2092 2677 2167 Ergo
2699 2106 2828 2148 non
2856 2087 2987 2166 agit
3007 2087 3143 2164 jam
3165 2083 3364 2144 solum
3388 2081 3465 2143 de

1900 2190 2125 2260 agente
2163 2183 2588 2244 fraudulenter
2616 2186 2831 2241 contra
2868 2179 3094 2256 legem,
3134 2175 3241 2237 sed
3277 2176 3467 2236 etiam

1900 2274 1976 2335 de
2005 2274 2276 2336 violante
2302 2276 2473 2336 illam
2509 2279 2725 2335 contra
2760 2288 3046 2351 expressa
3084 2275 3146 2330 et
3184 2266 3468 2347 specifica

1899 2366 2089 2427 verba
2115 2369 2271 2447 ejus,
2304 2374 2377 2428 ut
2402 2375 2611 2448 aperte
2640 2366 2829 2427 etiam
2855 2364 2963 2425 illa
2983 2361 3176 2424 verba
3200 2366 3458 2422 sonant:

1906 2458 2024 2534 Qui
2044 2462 2424 2537 contrahunt,
2442 2462 2567 2540 leqe
2586 2458 2929 2523 contrahere
2940 2455 3306 2535 prohibente,
3328 2470 3465 2531 quae

1902 2551 2231 2614 durissime
2254 2552 2699 2632 detorquentur
2716 2569 2787 2611 ac
2804 2549 3153 2610 limitantur
3175 2545 3253 2606 ad
3272 2545 3468 2605 solam

1901 2647 2451 2723 transgressionem
2476 2644 2936 2705 fraudulentam
2960 2645 3173 2701 contra
3194 2644 3466 2698 mentem

1898 2736 2079 2816 legia,
2118 2738 2388 2798 maxime
2415 2754 2556 2797 cum
2582 2736 2650 2796 in
2691 2733 2908 2795 eadem
2935 2733 3072 2810 lege
3104 2731 3325 2810 saepius
3364 2748 3462 2791 re-

1898 2835 2212 2908 petantur,
2246 2834 2309 2890 et
2328 2828 2407 2888 ad
2428 2826 2739 2908 prohibita
2774 2841 3057 2905 expresse
3080 2829 3142 2884 et
3163 2820 3459 2901 implicite

1896 2925 2329 2984 extendantur.

1977 3018 2039 3077 5.
2083 3016 2474 3094 Rependitur
2501 3019 2702 3078 textas
2748 3008 3122 3075 Iustiniani.
3167 3043 3249 3054 -
3284 3008 3462 3070 Unde

1895 3108 2155 3170 ulterius
2201 3106 2480 3187 expendo
2530 3109 2888 3168 contextum
2931 3103 2965 3164 J
2969 3101 3307 3176 ustiniani;
3357 3100 3461 3163 ille

1896 3200 2090 3275 enim,
2125 3200 2340 3262 videns
2367 3199 2532 3260 hanc
2558 3198 2747 3259 fuisse
2789 3200 3060 3257 mentem
3107 3193 3456 3268 Theodosii,

1894 3292 2288 3371 praetermisit
2332 3291 2547 3353 omnia
2585 3308 2723 3370 quae
2758 3288 2838 3351 ad
2877 3305 3084 3350 casum
3126 3284 3459 3366 particula-

1898 3402 2034 3445 rem
2078 3383 2155 3445 de
2201 3383 2535 3444 curialibus
2583 3380 2975 3463 pertinebant
2998 3426 3019 3456 ,
3070 3385 3133 3441 et
3175 3377 3458 3456 regulam

1899 3475 2255 3553 generalem
2280 3480 2525 3536 tantum
2547 3482 2619 3536 ut
2645 3474 2851 3535 nullus
2873 3477 3221 3535 contractus
3246 3477 3461 3531 contra

1897 3566 2100 3644 legem
2142 3567 2570 3647 prohibentem
2612 3566 2854 3629 validus
2903 3564 3182 3628 videatur
3222 3563 3457 3644 posuit3

1899 3664 2250 3721 contractus
2275 3666 2486 3721 autem
2530 3666 2742 3720 contra
2785 3659 2987 3737 legem
3028 3655 3462 3738 prohibentem

1898 3752 2098 3829 magis
2122 3751 2346 3813 dicitur
2378 3752 2481 3812 ille
2508 3752 2615 3830 qui
2638 3757 2731 3812 est
2756 3756 2970 3812 contra
2994 3751 3184 3812 verba
3210 3755 3273 3810 et
3291 3766 3465 3810 men·

1898 3845 2027 3902 tem
2057 3841 2236 3919 legis,
2267 3861 2457 3923 quam
2502 3843 2608 3904 ille
2640 3844 2747 3923 qui
2796 3848 2891 3904 est
2924 3848 3137 3904 contra
3161 3846 3459 3916 mentem,

1896 3933 2102 3995 verbis
2125 3935 2402 3996 retentis.
2449 3936 2527 3995 Et
2569 3935 2709 3996 ideo
2756 3935 2826 3995 in
2860 3940 3125 4014 utroque
3153 3939 3327 3995 textu
3356 3952 3462 3996 ex-

1896 4026 2098 4087 tensio
2124 4025 2333 4087 addita
2361 4033 2454 4088 est
2481 4029 2565 4089 ad
2583 4027 2846 4088 omnium
2881 4027 3077 4105 leym
3103 4026 3462 4103 interpreta-

1898 4119 2110 4195 tiones,
2141 4124 2439 4199 etc.,quae
2459 4136 2590 4180 non
2608 4118 2748 4179 ideo
2777 4118 2866 4179 ita
2892 4117 3090 4198 posita
3120 4122 3214 4177 est
3241 4122 3464 4178 utres-

1897 4211 2276 4290 tringeretur
2306 4212 2385 4271 ad
2415 4211 2839 4272 fraudulentas
2882 4209 3094 4288 legum
3127 4215 3463 4289 transgres-

1896 4304 2123 4380 siones,
2142 4304 2246 4366 sed
2274 4305 2481 4384 potius
2499 4310 2568 4365 ut
2594 4303 2674 4365 ad
2701 4302 2839 4365 illas
2861 4302 3282 4382 ampliaretur.
3307 4303 3462 4364 Cum

1897 4397 2068 4458 enim
2120 4395 2489 4458 decrevisset
2547 4397 2881 4474 imperator
2946 4412 3197 4456 omnem
3251 4401 3461 4456 actum

1898 4494 2116 4550 contra
2159 4489 2362 4568 legem
2421 4488 2851 4569 prohibentem
2906 4505 3038 4556 esse
3088 4487 3458 4563 invalidum,

1897 4580 2167 4643 declarat
2211 4581 2368 4642 illud
2417 4581 2732 4642 decretum
2779 4579 3155 4641 trahendum
3202 4597 3334 4641 esse
3381 4580 3461 4641 ad

1896 4673 2181 4735 omnium
2224 4673 2437 4753 legum
2479 4674 3040 4753 interpretationeS,
3088 4672 3153 4732 id
3194 4679 3286 4733 881
3300 4719 3321 4749 ,
3380 4674 3461 4735 ad

1897 4767 2110 4828 omnia
2153 4785 2293 4846 quoe
2333 4766 2671 4828 secundum
2701 4784 2912 4828 veram
2946 4770 3222 4827 mentem
3247 4765 3459 4844 legum

1897 4860 1966 4921 in
2000 4861 2088 4922 eis
2126 4860 2564 4940 intelliguntur
2592 4859 3057 4941 comprehensa,
3084 4857 3230 4920 licet
3256 4858 3459 4920 verbis

1894 4970 2024 5014 non
2072 4953 2218 5014 satis
2242 4953 2694 5033 exprimantur.
2726 4953 2845 5028 Qui
2880 4970 3092 5014 sensus
3134 4951 3458 5013 manifeste

1893 5050 2064 5125 patet
2084 5063 2162 5108 ex
2186 5046 2427 5107 ratione
2449 5052 2511 5108 et
2530 5044 2733 5107 verbis
2758 5044 3101 5124 subjunctis
3123 5060 3140 5105 z
3173 5044 3256 5107 Ut
3277 5043 3459 5124 zeqis-

1895 5138 2135 5214 latoris,
2165 5140 2323 5219 quod
2342 5139 2487 5217 fieri
2517 5155 2635 5200 non
2657 5138 2789 5201 vult
2821 5143 3055 5201 tantum
3075 5136 3459 5216 prohibuisse

1895 5231 2199 5309 sufficiat.
2251 5231 2590 5312 Coeteraque
2644 5230 2822 5312 quasi
2868 5247 3145 5310 expressa
3190 5245 3262 5290 cxc
3306 5229 3460 5308 ἱεράς

1895 5323 2075 5387 liceat
2121 5325 2422 5388 volcmtate
2473 5325 2765 5404 colliqere.
2808 5324 3088 5385 Primum
3132 5340 3282 5401 ergo
3326 5339 3459 5382 om-

1893 5417 2072 5477 nium
2098 5435 2211 5496 pro
2241 5418 2647 5478 fundamento
2692 5417 2889 5497 ponit,
2925 5417 3088 5497 quod
3123 5415 3456 5495 prohibitio

1892 5509 2193 5588 sufficiat3
2225 5528 2371 5590 ergo
2398 5509 2669 5573 maxime
2694 5509 2917 5576 sufficit
2950 5508 3198 5592 quando
3225 5514 3316 5574 est
3353 5526 3457 5574 ex-
