3976 6219
757 428 890 481 CAP.
918 431 1090 483 xvm.
1125 433 1340 486 UTRUM
1368 435 1474 488 JUS
1506 435 1781 488 GENTIUM
1813 436 2067 499 ALIQUID
2100 440 2446 494 PRAEcwlAT
2478 445 2597 496 VEL
2629 447 2993 505 PROHIBEAT.

3360 456 3477 517 163

269 524 692 602 suppositione
719 528 861 589 talis
890 531 985 591 vel
1021 531 1161 592 talis
1195 535 1612 608 materiae,aut
1644 541 1837 596 status
1918 525 2238 598 sententiae
2262 540 2340 600 ad
2364 541 2467 619 jus
2495 545 2775 620 gentium
2806 552 3219 615 necessarium
3254 575 3382 620 esse
3407 568 3475 622 ut

268 611 622 692 hominum,
653 637 780 679 non
805 622 1004 683 variat
1037 626 1289 686 modum
1322 627 1498 705 legis,
1529 645 1667 706 quae
1691 627 1834 689 sub-

1915 629 2243 691 conveniat
2268 631 2557 696 humanae
2580 642 2818 700 naturae
2847 659 2974 702 non
3002 644 3277 710 absolute
3305 669 3473 731 spee-

269 704 432 767 sistit
474 727 546 769 ex
582 710 920 775 intrinseca
961 716 1052 775 rei
1089 723 1332 794 natura,
1372 724 1434 780 et
1461 737 1586 779 non
1620 738 1698 780 ex
1726 739 1834 781 vo-
1912 727 2081 797 tatae,
2120 723 2228 784 sed
2257 729 2328 784 ut
2363 726 2497 804 jam
2529 731 2874 793 constitutae
2900 735 2968 795 in
2998 737 3164 799 civili
3194 759 3471 807 commu-

267 796 508 861 luntate
526 802 824 881 humana,
847 806 950 867 sed
974 807 1226 870 denotat
1252 811 1450 872 solum
1475 811 1828 873 distinctam

269 893 595 954 materiam
645 895 797 974 legis
829 919 846 972 ;
878 898 1049 960 verbi
1100 902 1321 978 gratia,
1374 903 1476 964 lex
1527 902 1828 965 reddendi

267 985 639 1061 promissum
668 995 729 1049 et
749 991 1037 1051 servandi
1067 992 1423 1056 fidelitatem
1445 996 1568 1056 Deo
1590 996 1690 1060 vel
1716 996 1827 1056 ho-

270 1074 423 1136 mini
446 1079 747 1140 naturalis
780 1087 874 1142 est
893 1128 913 1159 ,
945 1088 1006 1144 et
1033 1090 1242 1146 tamen
1267 1105 1393 1147 non
1416 1087 1600 1149 habet
1621 1087 1823 1149 locum

268 1165 384 1227 nisi
428 1187 505 1230 ex
550 1174 972 1252 suppositione
1012 1179 1471 1256 promissionis:
1515 1181 1603 1240 sic
1635 1181 1822 1243 etiam

269 1256 331 1318 in
358 1264 619 1325 materia
660 1265 737 1326 de
783 1266 1049 1329 simonia
1085 1270 1338 1348 dicitur,
1381 1273 1646 1334 vendere
1690 1291 1821 1334 rem

269 1362 679 1419 consecratam
705 1359 784 1419 ab
802 1359 1165 1424 hominibus
1185 1372 1393 1427 contra
1421 1368 1523 1446 ‚ius
1544 1366 1820 1428 naturale

269 1459 417 1521 esse,
460 1447 607 1510 licet
645 1460 951 1531 supponat
991 1459 1505 1519 consecrationem
1545 1459 1819 1520 humano

260 1536 399 1615 jure
430 1540 864 1607 introductam.
891 1547 1076 1627 fflgo,
1105 1548 1250 1611 licet
1274 1549 1578 1611 conclusio
1605 1569 1817 1631 sequa·

259 1633 366 1691 tur
410 1650 488 1693 ex
539 1638 976 1715 suppositione,
1029 1659 1094 1702 se
1147 1647 1391 1703 tenente
1439 1648 1684 1705 tantum
1738 1662 1817 1706 ex

256 1731 434 1802 parte
475 1730 746 1790 materiae
773 1733 1080 1811 praecepti,
1122 1735 1174 1794 si
1211 1734 1403 1795 illatio
1437 1741 1528 1795 est
1563 1736 1815 1798 evidens

259 1833 336 1877 ex
376 1819 690 1899 principiis
727 1841 836 1902 per
876 1842 941 1885 se
979 1825 1164 1902 notis,
1204 1827 1344 1887 talis
1392 1827 1702 1889 conclusio
1734 1829 1812 1889 ad

247 1908 353 1986 jus
380 1918 620 1975 naturae
638 1917 924 1994 pertinet,
951 1936 1077 1979 non
1108 1918 1185 1980 ad
1205 1920 1306 1999 jus
1325 1921 1630 1999 gentium.
1650 1924 1811 2002 Ergo

252 2006 320 2060 ut
346 2003 449 2079 jus
462 2007 746 2081 gentium
765 2026 803 2069 a
819 2011 1089 2071 naturali
1112 2010 1549 2090 distinguatur,
1560 2032 1810 2078 necesse

248 2097 337 2153 est
373 2101 466 2170 ut,
508 2099 697 2159 etiam
738 2103 1052 2180 supposita
1085 2103 1198 2165 tali
1227 2105 1509 2181 materia,
1545 2124 1673 2167 non
1716 2127 1808 2170 se-

246 2192 468 2264 quatur
489 2207 601 2269 per
628 2192 979 2256 evidentem
1006 2198 1532 2276 consequentiam,
1565 2199 1669 2260 sed
1695 2219 1807 2279 per

245 2278 515 2359 aliquam
553 2284 761 2346 minus
789 2293 1042 2364 certam,
1086 2290 1175 2350 ita
1214 2296 1283 2350 ut
1314 2290 1640 2352 arbitrium
1688 2292 1803 2352 hu-

241 2389 497 2435 manum
535 2381 597 2437 et
641 2379 893 2441 moralis
937 2382 1360 2443 commoditas
1381 2384 1585 2462 potius
1611 2399 1800 2464 quam

239 2469 567 2531 necessitas
624 2472 980 2536 intercedat.
1043 2475 1547 2538 Concludendum
1610 2478 1802 2556 igitur

238 2576 457 2621 censeo
478 2562 582 2640 jus
599 2565 880 2643 gentium
906 2585 1035 2628 non
1051 2570 1383 2649 praecipere
1409 2570 1641 2650 aliquid
1664 2576 1800 2632 tan-

237 2669 427 2730 quam
457 2672 534 2715 ex
576 2675 640 2717 se
667 2660 1080 2722 necessarium
1115 2662 1195 2723 ad
1226 2663 1634 2740 honestatem,
1682 2683 1800 2726 nec

233 2745 566 2823 prohibere
611 2750 845 2831 aliquid
886 2754 1053 2832 quod
1095 2771 1206 2834 per
1250 2772 1316 2817 se
1360 2762 1423 2817 et
1465 2755 1798 2820 intrinsece

233 2837 472 2900 malum
521 2848 632 2915 est,
682 2844 782 2905 vel
832 2844 1280 2924 absolute,·vel
1329 2850 1640 2929 supposito
1687 2850 1799 2911 tali

231 2937 400 2992 statu
423 2939 484 2994 et
506 2936 852 2999 conditione
874 2958 1107 3017 rerum,
1134 2942 1239 3002 sed
1263 2942 1395 3003 haec
1422 2944 1631 3005 omnia
1660 2962 1798 3023 per·

229 3022 433 3087 tinere
455 3026 533 3088 ad
552 3029 658 3106 jus
685 3030 987 3108 naturale,
1009 3051 1080 3093 ac
1102 3034 1362 3095 subinde
1385 3036 1452 3095 in
1471 3035 1589 3096 hoc
1610 3054 1795 3097 sensu

227 3116 332 3194 jus
357 3121 641 3196 gentium
673 3141 798 3184 non
828 3125 1266 3205 comprehendi
1298 3127 1411 3188 sub
1445 3129 1587 3207 jure
1612 3135 1792 3190 natu-

231 3209 389 3272 rali:
439 3230 552 3273 nec
591 3214 778 3275 etiam
805 3215 884 3275 ab
925 3217 1031 3278 illo
1063 3217 1310 3281 differre
1352 3220 1500 3299 quia
1527 3220 1606 3281 sit
1644 3239 1790 3299 pro-

230 3302 437 3379 prium
478 3304 835 3368 hominum:
876 3326 1024 3369 nam
1063 3310 1181 3371 hoe
1219 3312 1409 3373 etiam
1442 3312 1568 3391 juri
1607 3320 1790 3373 natu-

231 3393 344 3453 rali
389 3399 700 3475 convenit,
743 3400 843 3462 vel
886 3402 1110 3481 maj0ri
1136 3421 1214 3466 ex
1237 3410 1434 3484 parte,
1470 3404 1570 3465 vel
1597 3403 1788 3464 etiam

228 3488 507 3565 omnino,
544 3491 597 3551 si
643 3491 719 3555 de
758 3494 899 3573 jure
947 3501 1009 3557 et
1052 3494 1189 3576 lege
1236 3497 1479 3577 proprie
1529 3495 1787 3577 loquen-

227 3578 376 3641 dum
406 3588 518 3643 est.

757 3769 1004 3832 CAPUT
1043 3771 1250 3835 XVIII.

222 3960 302 4004 AN
357 3961 456 4006 ms
505 3962 765 4009 summu
814 3966 1048 4019 Ancum
1095 3968 1437 4027 PnAEmPIA'r,
1479 3968 1596 4013 VEL
1645 3968 1782 4015 Pno-

302 4056 528 4102 ΗΙΒΕΔΤ
539 4086 560 4116 ,
614 4058 731 4104 Am·
784 4022 982 4107 {OTIUS
1041 4062 1224 4109 soum
1276 4061 1606 4123 GONGEDAT,
1664 4063 1782 4108 vm.

300 4151 660 4198 Pssnm'ru‘r.

300 4325 332 4381 1
349 4369 364 4383 .
413 4322 628 4402 Opinio
673 4324 1015 4404 aliquomm
1056 4343 1326 4390 asserem
1357 4326 1475 4406 sus
1511 4329 1779 4406 acutium

220 4431 337 4476 son
366 4433 489 4477 esse
507 4418 954 4496 praeceptivum,
975 4419 1079 4481 sed
1087 4420 1513 4498 permissivum
1541 4425 1777 4483 tantum

221 4512 274 4568 et
299 4509 697 4571 concessivum
726 4509 972 4590 aliquod
1006 4512 1244 4590 affandi,
1272 4511 1365 4574 vel
1386 4530 1415 4573 e
1443 4518 1668 4575 contra.
1696 4546 1777 4560 —

220 4599 478 4678 Propter
513 4618 588 4662 ea
626 4618 764 4680 quae
785 4602 1087 4680 superiori
1122 4603 1323 4682 capite
1352 4608 1612 4665 tractata
1631 4620 1777 4666 sunt

219 4691 482 4760 Conan„
525 4692 636 4753 lib.
668 4696 697 4753 1
744 4694 1085 4756 Comment.
1129 4695 1262 4756 Jur.
1307 4696 1500 4773 civil„
1542 4715 1677 4776 cap.
1708 4699 1770 4775 6,

219 4802 282 4844 n.
330 4786 393 4860 5,
442 4803 629 4864 quem
668 4785 857 4847 refert
899 4792 963 4849 et
993 4787 1270 4866 sequitur
1312 4789 1609 4868 Vasquez,
1650 4790 1773 4851 dis-

214 4882 352 4954 put.
396 4879 537 4954 157,
580 4879 779 4959 capite
814 4881 873 4955 3,
913 4879 1288 4941 existimavit
1316 4880 1418 4959 jus
1462 4883 1769 4960 gentium,

214 4974 403 5046 prout
428 4987 468 5029 a
505 4971 775 5032 naturali
813 4971 1240 5052 distinguitur,
1287 4991 1415 5034 non
1460 4976 1773 5038 continere

214 5061 330 5121 sub
359 5079 425 5121 se
466 5068 769 5142 praecepta
807 5070 916 5125 aut
945 5065 1401 5145 promissiones,
1429 5067 1536 5128 sed
1570 5067 1774 5128 solum

215 5154 635 5215 concessiones
652 5158 973 5234 quasdam,
998 5176 1107 5218 seu
1132 5158 1475 5234 facultates,
1499 5165 1608 5220 aut
1633 5178 1774 5240 per-

214 5247 542 5307 missiones
570 5248 805 5328 aliquid
845 5250 1072 5327 agendi
1098 5250 1198 5313 vel
1233 5269 1361 5311 non
1393 5251 1619 5329 agendi
1646 5271 1773 5313 non

215 5345 463 5398 tantum
507 5340 784 5418 impune,
833 5341 937 5401 sed
981 5342 1168 5402 etiam
1198 5342 1360 5421 juste
1391 5348 1453 5403 et
1477 5343 1766 5404 honeste:

184 5428 297 5491 'ita
325 5439 541 5492 tamen
571 5439 640 5490 ut
682 5434 1062 5493 contrarium
1087 5453 1213 5494 non
1242 5436 1320 5493 sit
1342 5441 1520 5513 turpe
1555 5435 1651 5494 vel
1679 5436 1772 5494 in-

204 5524 472 5600 justum.
522 5524 896 5604 Adduntque
947 5526 1206 5587 ulterius
1263 5534 1541 5587 auctores
1590 5528 1774 5605 hujus

1910 815 2130 891 nitate,
2172 817 2321 896 quia
2361 820 2559 881 multa
2594 829 2740 884 sunt
2774 826 2955 889 utilia
2990 830 3366 914 hominibus,
3398 847 3470 901 ut

1906 907 1973 967 in
2000 911 2446 972 communitate
2467 914 2839 993 viventibuS,
2869 939 3008 999 quae
3035 923 3311 990 absolute
3338 949 3464 994 non

1904 1001 2221 1079 pertinent
2237 1002 2319 1064 ad
2339 1007 2735 1069 commodum
2752 1017 2991 1075 naturae
3010 1019 3347 1083 secundum
3372 1043 3459 1089 se.

1905 1091 2017 1153 Illa
2043 1110 2191 1173 ergo
2214 1113 2351 1175 quae
2378 1099 2802 1163 conceduntur
2822 1104 3178 1171 hominibus
3199 1112 3268 1174 in
3295 1132 3464 1178 com-

1903 1185 2210 1249 munitate
2236 1189 2612 1267 viventibus,
2642 1203 2894 1275 propter
2921 1216 3315 1268 communem
3341 1211 3464 1271 uti-

1901 1275 2164 1354 litatem,
2211 1286 2506 1362 tanquam
2549 1284 2827 1361 honesta,
2879 1296 2941 1353 et
2984 1311 3112 1356 non
3159 1302 3458 1380 tanquam

1901 1372 2241 1434 necessaria
2276 1375 2356 1434 ad
2395 1374 2786 1442 honestatem
2823 1400 2938 1445 nec
2976 1391 3275 1469 tanquam
3302 1413 3459 1474 prae-

1899 1469 2097 1542 cepta,
2139 1465 2353 1527 dicunt
2391 1486 2522 1532 esse
2562 1470 2639 1533 de
2676 1473 2820 1552 ,iure
2855 1479 3164 1555 gentium.
3208 1485 3363 1547 Nam
3404 1490 3456 1549 si

1895 1557 2350 1636 praecipiantur,
2380 1569 2563 1624 erunt
2588 1564 2687 1626 vel
2715 1565 2791 1628 de
2807 1567 2951 1646 jure
2972 1574 3264 1651 naturali,
3294 1579 3344 1639 si
3377 1598 3454 1642 ex

1894 1648 1957 1708 vi
1984 1651 2239 1711 rationis
2266 1654 2724 1734 praecipiantur,
2753 1659 2853 1719 vel
2894 1661 2971 1722 de
3006 1665 3146 1741 jure
3184 1668 3372 1745 civili,
3402 1674 3454 1734 si

1893 1740 2332 1819 praecipiantur
2356 1762 2433 1807 ex
2454 1746 2730 1810 humana
2751 1750 3066 1815 voluntate
3088 1766 3453 1835 potestatem

1893 1830 2185 1911 habente,
2209 1841 2281 1897 ut
2303 1837 2567 1916 probant
2596 1841 2905 1904 discursus
2938 1844 3083 1906 facti
3111 1853 3310 1930 capite
3354 1874 3454 1916 su-

1893 1925 2120 2002 periori
2134 1943 2156 2004 ;
2197 1946 2345 2008 ergo
2377 1936 2448 1991 ut
2481 1932 2586 2010 jus
2611 1935 2893 2012 gentium
2940 1940 3132 2016 possit
3168 1961 3297 2006 esse
3333 1947 3454 2010 dis-

1889 2017 2177 2095 tinctum,
2205 2027 2446 2099 oportet
2466 2029 2537 2084 ut
2568 2025 2650 2085 sit
2671 2029 3111 2107 concessivum,
3142 2053 3270 2097 non
3297 2057 3453 2117 prse-

1888 2110 2222 2189 ceptivum.
2268 2113 2681 2177 Confirmatur
2723 2117 2857 2180 haec
2898 2127 3204 2188 sententia
3241 2138 3451 2194 aucto-

1884 2201 2068 2263 ritate
2091 2203 2310 2266 saltem
2339 2208 2628 2285 negativa
2654 2210 2724 2269 D.
2749 2212 2967 2273 Isidori
2989 2220 3051 2275 et
3069 2217 3140 2276 D.
3168 2220 3441 2289 Thomae.

1883 2294 2039 2355 Nam
2079 2296 2342 2359 Isidorus
2383 2301 2420 2359 ὅ
2465 2300 2843 2382 Etymolog„
2886 2323 3019 2385 cap.
3058 2310 3099 2368 4
3144 2316 3207 2371 et
3250 2316 3312 2390 6,
3354 2316 3446 2378 di-

1882 2386 1966 2446 cit
2006 2389 2107 2466 jus
2143 2390 2423 2452 naturale
2459 2410 2586 2454 esse
2617 2393 2772 2454 illud
2800 2397 2967 2475 quod
2994 2406 3084 2460 est
3116 2419 3445 2472 commune

1882 2480 2171 2542 omnibus
2204 2483 2589 2545 rationibus:
2634 2487 2737 2565 jus
2764 2494 2972 2550 autem
3005 2495 3285 2570 gentium
3315 2518 3441 2562 non

1880 2572 2101 2635 definit
2129 2621 2150 2650 ,
2202 2576 2308 2638 sed
2364 2578 2628 2656 explicat
2676 2586 2920 2642 tantum
2981 2603 3093 2663 per
3158 2592 3443 2668 quaedam

1880 2667 2159 2746 exempla
2192 2687 2327 2748 quae
2351 2671 2805 2733 concessionem
2827 2679 3074 2738 tantum
3098 2684 3438 2764 continent,

1877 2776 2023 2819 non.
2035 2766 2362 2842 praecepta,
2401 2768 2471 2822 ut
2512 2768 2723 2841 postea
2750 2765 3120 2847 videbimuS,
3155 2774 3224 2834 D.
3252 2776 3440 2838 etiam

1877 2849 2143 2915 Thomas
2172 2855 2370 2917 solum
2394 2855 2551 2916 dixit
2572 2857 2675 2935 jus
2702 2861 2984 2936 gentium
3018 2865 3288 2941 positum
3312 2888 3440 2931 esse

1876 2943 1958 3004 ab
1988 2944 2347 3008 hominibus
2387 2948 2456 3007 in
2485 2949 2772 3010 societate
2800 2952 3152 3017 viventibus
3191 2959 3268 3019 ad
3311 2979 3440 3022 ma·

1871 3036 2075 3116 jorem
2095 3038 2451 3105 utilitatem,
2479 3057 2616 3119 quae
2639 3057 2716 3104 ex
2742 3042 3005 3113 rationis
3019 3046 3298 3112 discursu
3320 3053 3440 3115 col.

1872 3129 2131 3208 ligitur:
2168 3149 2295 3192 non
2322 3149 2468 3193 vero
2500 3132 2658 3194 dixit
2690 3151 2819 3197 esse
2854 3140 3125 3216 positum
3153 3161 3266 3222 per
3304 3165 3436 3208 mo-

1871 3221 2022 3282 dum
2045 3224 2352 3303 praecepti.

1948 3316 2011 3375 2.
2057 3316 2435 3377 B'oeduditur
2475 3318 2763 3396 opinatio.
2790 3354 2870 3364 —
2899 3320 2954 3381 H
2955 3339 3071 3383 anc
3102 3342 3250 3387 vero
3295 3347 3433 3391 sen-

1867 3407 2152 3482 tentiam,
2183 3413 2253 3468 ut
2275 3424 2493 3469 verum
2533 3408 2750 3487 fatear,
2778 3429 2906 3472 non
2939 3416 3085 3475 satis
3125 3417 3424 3501 intelligo,

1867 3498 2023 3558 Nam
2073 3499 2323 3578 inquiro
2370 3518 2454 3561 an
2494 3501 2782 3580 loquatur
2821 3504 2899 3565 de
2932 3506 3076 3583 ,iure
3121 3515 3191 3569 ut
3230 3513 3431 3576 solum

1867 3591 2144 3652 consistit
2156 3592 2223 3653 in
2244 3593 2463 3653 morali
2486 3592 2777 3656 facultate
2786 3599 3005 3658 utendi
3021 3606 3082 3660 et
3100 3620 3227 3664 non
3250 3611 3430 3668 uten-

1864 3682 1953 3759 di,
1983 3683 2084 3743 vel
2110 3683 2187 3744 de
2207 3685 2351 3763 jure
2378 3691 2449 3745 ut
2488 3686 2797 3764 significat
2838 3689 3066 3771 legem,
3114 3714 3222 3757 seu
3246 3718 3431 3779 regu-

1863 3771 1991 3834 lam
2018 3777 2274 3837 rationis
2302 3794 2317 3837 1
2353 3777 2480 3838 sive
2511 3781 2758 3858 proprie
2785 3785 3269 3867 praecipientem,
3301 3794 3428 3855 sive

1862 3866 2307 3946 approbantem
2339 3869 2574 3950 aliquid
2615 3878 2685 3933 ut
2715 3873 3071 3938 honestum.
3101 3881 3275 3944 Prior
3291 3904 3428 3948 sen-

1861 3976 1965 4020 sus
1992 3978 2120 4020 non
2148 3966 2240 4022 est
2264 3961 2342 4021 ad
2372 3978 2532 4037 rem,
2582 3968 2654 4024 ut
2688 3981 2766 4025 ex
2800 3965 2977 4027 dictis
3014 3978 3275 4051 constat,
3304 3978 3426 4039 nisi

1860 4051 2119 4114 fortasse
2138 4053 2333 4113 velint
2360 4059 2639 4115 auctores
2662 4054 2828 4115 illius
2848 4064 3169 4123 sententiae
3196 4083 3426 4146 negare

1860 4145 1999 4207 dari
2030 4145 2279 4225 aliquod
2310 4146 2412 4224 jus
2446 4147 2750 4222 gentium,
2804 4148 2970 4227 quod
3011 4151 3090 4212 sit
3118 4171 3265 4217 vera
3294 4159 3420 4239 lex,

1861 4238 2029 4318 quod
2073 4255 2200 4298 non
2249 4237 2587 4298 declarant.
2642 4240 2765 4300 Nec
2805 4249 3063 4319 possunt
3113 4249 3420 4315 rationem

1856 4329 2115 4391 reddere
2160 4348 2272 4390 cur
2318 4329 2650 4390 admittant
2695 4330 2813 4393 hoc
2873 4334 3227 4400 membrum
3260 4342 3421 4421 juris

1855 4422 2141 4500 gentium
2184 4421 2253 4481 in
2276 4422 2443 4501 jure,
2487 4422 2654 4502 quod
2681 4423 2761 4484 sit
2789 4423 3052 4488 facultas
3089 4434 3328 4512 utendi,
3359 4446 3421 4500 et

1855 4531 1982 4573 non
2036 4513 2104 4573 in
2155 4512 2294 4592 lege
2312 4560 2334 4591 ,
2383 4519 2446 4575 et
2499 4532 2578 4575 ex
2617 4514 2894 4578 dicendis
2944 4522 3249 4585 constabit
3288 4545 3417 4592 esse

1855 4604 2140 4668 eamdem
2166 4606 2486 4686 utriusque
2514 4606 2839 4669 rationem.
2885 4610 2949 4671 Si
2976 4628 3124 4673 vero
3159 4613 3418 4697 loquan-

1856 4700 1957 4756 tur
2000 4696 2078 4758 de
2125 4698 2292 4776 jure,
2351 4696 2517 4777 quod
2551 4704 2643 4760 est
2699 4718 2847 4762 vera
2879 4701 3002 4779 lex,
3046 4711 3158 4766 aut
3199 4714 3417 4790 regula

1853 4788 2222 4867 honestatis,
2267 4790 2446 4852 facile
2493 4791 2681 4852 etiam
2741 4799 2943 4872 potest
2961 4795 3089 4860 illa
3134 4798 3413 4867 doctrina

1850 4879 2135 4942 refutari.

1934 4974 1992 5037 3.
2031 4974 2189 5034 Nam
2211 4974 2462 5036 ostendo
2489 4974 2795 5055 imprimis
2838 4977 3075 5041 nullam
3103 5000 3230 5046 esse
3272 5006 3410 5050 ma-

1848 5066 2048 5144 jorem
2076 5068 2382 5128 rationem
2408 5067 2828 5145 distinguendi
2840 5069 2943 5147 jus
2963 5075 3242 5150 gentium
3270 5098 3414 5142 eon-

1851 5158 2151 5219 caesivum
2179 5176 2217 5218 a
2244 5160 2383 5236 jure
2421 5158 2711 5233 naturali,
2743 5178 2930 5237 quam
2954 5163 3058 5240 jus
3095 5177 3412 5253 praecepti-

1851 5269 2022 5313 vum.
2061 5252 2217 5325 Quia
2243 5252 2312 5311 in
2345 5252 2483 5329 jure
2527 5251 2798 5312 naturali
2838 5255 3039 5317 multa
3078 5268 3223 5323 sunt
3271 5284 3409 5346 quae

1851 5345 2105 5405 honeste
2126 5343 2260 5405 fieri
2286 5349 2540 5423 possunt
2568 5363 2645 5404 ex
2667 5342 2728 5404 vi
2749 5345 2904 5424 legis
2928 5354 3247 5431 naturaliS,
3275 5378 3413 5437 quae

1854 5454 1976 5494 non
2006 5436 2464 5514 praecipiuntur,
2499 5455 2613 5495 nec
2642 5440 2951 5499 contraria
2980 5444 3407 5527 prohihentur,

1855 5534 1915 5588 et
1944 5528 2029 5588 ita
2068 5528 2256 5587 etiam
2295 5528 2430 5588 dari
2460 5534 2659 5607 potest
2678 5530 2781 5607 jus
2807 5537 3090 5597 naturale
3120 5546 3415 5602 concessi·
