3976 6219
820 405 953 461 cAP.
989 408 1095 460 xn.
1131 408 1345 463 trram!
1375 406 1570 462 LEGES
1602 406 1843 460 cmm-:s
1875 407 1938 461 m
1969 407 2128 461 soLA
2160 407 2436 461 mmm
2469 408 2770 473 HONESTA,
2805 410 2942 463 mc.

367 508 461 569 18.
508 507 869 587 Respondeo
903 515 1109 571 actum
1149 510 1603 572 indifferentem
1641 509 1843 588 dupli-

285 600 438 663 citer
475 601 846 663 considerari
874 604 1100 682 {posset
1132 602 1354 683 primo,
1385 602 1724 664 secundum
1751 620 1839 679 se,

282 700 586 772 quatenus
605 701 859 775 propter
884 714 947 756 se
982 694 1116 757 fieri
1158 694 1257 757 vel
1285 695 1487 756 caveri
1526 699 1746 774 potest,
1783 698 1846 754 et

282 792 355 847 ut
379 786 465 848 sic
483 788 753 849 concedo
782 807 908 850 non
944 807 1073 850 8888
1096 789 1418 850 materiam
1446 789 1599 867 legis
1622 787 1845 849 huma-

281 897 380 939 nae
402 879 812 960 proecipientis
846 888 957 943 aut
985 882 1268 958 vetantis,
1299 881 1405 942 sed
1433 886 1677 941 tantum
1709 898 1847 959 per-

282 972 606 1048 mittentis,
665 979 736 1034 ut
770 973 991 1054 probat
1032 976 1191 1036 ratio
1245 975 1429 1035 facta.
1494 976 1624 1034 Imo
1659 974 1846 1035 sentit

280 1065 354 1125 D.
392 1064 682 1143 ThomaS,
739 1072 951 1146 quaest.
1007 1069 1110 1144 93,
1160 1072 1278 1128 art.
1323 1070 1384 1143 Ξ,
1424 1066 1655 1128 nullius
1690 1066 1845 1145 legis

280 1175 412 1221 8888
430 1178 603 1238 posse
626 1160 973 1236 materiam,
994 1160 1114 1220 nisi
1133 1160 1331 1240 quoad
1353 1159 1843 1240 permissionem,

278 1251 445 1331 quod
472 1272 689 1315 verum
729 1262 822 1317 est
850 1253 1158 1333 loquendo
1205 1254 1281 1316 de
1314 1254 1426 1315 tali
1465 1259 1607 1316 actu
1639 1253 1708 1314 in
1737 1271 1848 1314 sua

279 1345 480 1424 specie
506 1346 911 1423 considerato,
943 1346 1042 1409 vel
1077 1352 1383 1426 quantum
1410 1347 1491 1408 ad
1537 1364 1711 1407 suam
1738 1364 1847 1426 po-

279 1437 527 1499 sitivam
545 1440 887 1500 rationem:
934 1439 988 1500 si
1019 1445 1231 1501 tamen
1257 1439 1326 1501 in
1356 1440 1678 1501 individuo
1703 1459 1849 1501 con-

279 1529 582 1592 sideretur
606 1538 906 1611 quantum
936 1532 1016 1593 ad
1043 1533 1378 1594 carentiam
1406 1532 1648 1595 honesti
1676 1532 1843 1609 finis,

280 1642 392 1686 8811
421 1632 724 1704 quantum
750 1623 825 1686 ad
874 1626 1269 1688 omissionem
1303 1628 1436 1705 ejus
1474 1629 1567 1703 (ut
1603 1627 1689 1687 sic
1743 1627 1846 1686 di·-

279 1719 466 1795 cam),
515 1718 568 1779 si
595 1724 844 1798 propter
870 1736 933 1779 se
960 1724 1206 1779 tantum
1221 1717 1351 1795 fiat,
1375 1718 1462 1779 sic
1484 1718 1847 1798 prohibetur

281 1829 393 1890 per
442 1811 645 1890 legem
686 1811 1057 1886 naturalem,
1098 1812 1278 1890 juxta
1323 1811 1663 1872 doctrinam
1688 1812 1847 1889 ejus-

280 1902 424 1963 dem
452 1904 521 1964 D.
554 1902 801 1965 Thomae
833 1908 891 1965 1.
923 1906 987 1981 2,
1016 1923 1078 1984 q.
1113 1906 1213 1980 18,
1248 1911 1366 1966 art.
1419 1906 1480 1966 9.
1522 1904 1846 1965 Verumta-

275 2014 422 2057 men
442 1995 557 2056 sub
576 1996 690 2073 hac
708 1997 946 2058 ratione
969 2016 1095 2058 non
1118 1998 1284 2059 cadit
1299 1997 1412 2058 sub
1433 1996 1845 2077 prohibitione

274 2087 430 2166 legis
449 2087 760 2165 humanae,
789 2095 859 2149 ut
875 2091 1063 2150 etiam
1083 2090 1300 2170 probat
1314 2091 1473 2153 ratio
1491 2090 1676 2165 facta,
1695 2091 1845 2170 quia

276 2187 369 2242 est
389 2199 466 2241 ex
494 2181 772 2243 minimis
795 2182 871 2243 de
893 2183 1117 2263 quibus
1145 2184 1245 2245 lex
1260 2183 1456 2245 civilis
1487 2202 1613 2245 non
1642 2190 1836 2245 curat.

275 2273 415 2334 Alio
439 2292 586 2335 vero
611 2274 797 2336 modo
830 2281 1029 2354 potest
1059 2276 1434 2338 considerari
1466 2276 1842 2337 8811181οᾶ11-

275 2366 479 2428 ferens
505 2386 581 2428 ex
601 2367 840 2447 objecto
860 2373 932 2428 ut
950 2354 1120 2429 utilis
1140 2369 1219 2429 ad
1242 2369 1492 2449 aliquod
1512 2386 1841 2429 commune

278 2460 515 2522 bonum
542 2460 917 2541 reipublicae,
939 2461 1037 2523 vel
1063 2462 1143 2523 ad
1169 2462 1494 2523 vitandum
1509 2479 1696 2539 grave
1715 2479 1847 2522 ma-

279 2552 410 2613 lum
441 2555 597 2634 ejuS,
636 2560 701 2615 et
727 2559 799 2614 ut
827 2554 936 2629 sic,
978 2554 1214 2616 clarum
1249 2560 1363 2630 est,
1394 2572 1570 2634 posse
1596 2554 1848 2634 praecipi

277 2654 387 2706 aut
410 2646 604 2707 vetari
629 2664 740 2725 per
765 2646 933 2725 leges
955 2646 1165 2708 civiles
1194 2669 1213 2721 ;
1248 2652 1385 2707 tum
1407 2647 1552 2726 quia
1578 2652 1848 2725 potestas

275 2739 354 2799 ad
370 2738 639 2818 aliquem
654 2738 843 2800 finem
868 2744 1311 2819 consequenter
1335 2745 1426 2800 est
1450 2740 1707 2799 omnino
1733 2758 1841 2801 ne-

275 2832 538 2892 cessaria
581 2831 660 2891 ad
697 2831 876 2892 illum
911 2831 1139 2892 finem:
1176 2837 1311 2891 tum
1352 2832 1540 2892 etiam
1567 2832 1715 2909 quia
1744 2850 1844 2892 88-

275 2927 374 2982 1118
396 2922 758 2983 indifferens
788 2921 903 2983 sub
952 2941 1027 2985 88
1068 2923 1308 2984 ratione
1346 2922 1421 2983 de
1459 2942 1522 2984 se
1564 2928 1660 2984 est
1699 2941 1844 2983 con—

277 3020 606 3076 sentaneus
644 3015 892 3090 rationi,
932 3019 995 3076 et
1032 3014 1346 3076 honestuS.
1385 3015 1450 3076 Si
1476 3015 1645 3076 enim
1674 3021 1844 3075 actus

276 3106 635 3169 indifferens
653 3106 971 3169 ordinatus
992 3106 1072 3168 ad
1092 3106 1593 3168 commoditatem
1607 3114 1846 3168 naturae

276 3199 533 3278 privatae
553 3218 827 3280 personae
853 3218 980 3261 non
1001 3205 1093 3261 881
1119 3200 1371 3276 01108118,
1404 3200 1509 3260 8811
1550 3201 1627 3261 118
1653 3219 1717 3261 88
1736 3200 1846 3261 ho-

272 3298 444 3354 neste
479 3293 550 3354 fit
575 3338 598 3370 ,
650 3293 847 3354 multo
893 3295 1093 3372 magis
1123 3293 1187 3353 id
1220 3292 1470 3354 habebit
1509 3293 1562 3353 si
1591 3299 1845 3372 propter

272 3404 601 3449 commune
646 3386 882 3447 bonum
933 3377 1065 3459 fiat',
1106 3385 1524 3447 intercedente
1558 3405 1707 3448 vera
1737 3405 1846 3448 ne·-

272 3480 547 3541 cessitate
570 3486 683 3541 aut
710 3478 1042 3540 sufficienti
1063 3477 1353 3553 utilitate,
1372 3483 1443 3538 ut
1463 3497 1622 3558 saepe
1643 3484 1843 3559 potest

270 3570 668 3648 intervenire,
723 3577 795 3633 ut
830 3571 906 3633 de
958 3589 1023 3632 se
1064 3576 1302 3631 constat
1328 3595 1346 3646 3
1384 3573 1550 3635 unde
1579 3578 1728 3634 tunc
1763 3591 1841 3634 ex

270 3671 444 3742 parte
486 3663 855 3743 legislatoris
876 3665 1044 3744 justa
1072 3670 1164 3726 est
1209 3665 1346 3726 talis
1395 3667 1519 3741 lex,
1555 3666 1703 3745 quia
1748 3673 1839 3727 est

271 3756 443 3817 utilis
475 3758 791 3819 communi
833 3757 1019 3833 bono,
1051 3763 1114 3818 et
1140 3775 1268 3818 non
1312 3765 1402 3821 est
1442 3760 1518 3820 de
1548 3777 1617 3820 re
1646 3759 1834 3835 mala,

272 3849 375 3910 sed
409 3867 547 3929 quse
576 3856 777 3931 potest
807 3851 963 3912 bene
988 3849 1145 3912 fieri.
1186 3852 1276 3913 Ex
1305 3859 1478 3932 parte
1517 3870 1663 3913 vero
1699 3851 1841 3912 sub-

274 3941 570 4019 ditorum,
603 3943 747 4005 licet
777 3945 853 4006 ad
884 3944 1055 4005 illam
1085 3943 1289 4022 legem
1317 3943 1698 4025 implendam
1730 3962 1838 4004 ne-

271 4035 598 4098 cessarium
626 4055 752 4098 non
766 4037 847 4098 sit
869 4037 1006 4098 illos
1025 4037 1264 4115 operari
1291 4042 1541 4115 propter
1563 4035 1839 4114 ejusdcm

271 4126 461 4188 finem
501 4147 688 4208 quem
727 4129 1043 4209 legislator
1097 4129 1388 4204 intendit,
1429 4129 1508 4189 ob
1534 4130 1840 4188 rationem

270 4219 497 4284 factam
552 4224 720 4303 quod
767 4222 911 4284 finis
943 4221 1100 4300 legis
1127 4238 1255 4280 11011
1303 4221 1466 4281 cadit
1509 4220 1624 4282 sub
1663 4220 1836 4298 lege3

272 4313 675 4377 nihilominus
728 4316 806 4377 ad
854 4314 1297 4393 obligationem
1346 4313 1503 4393 legis
1553 4314 1699 4374 satis
1745 4319 1837 4375 est

272 4408 437 4486 quod
466 4409 568 4471 ille
595 4415 766 4471 actus
791 4409 868 4469 de
895 4427 960 4469 88
982 4426 1110 4468 11011
1138 4414 1229 4469 881
1255 4408 1485 4469 otiosus
1516 4425 1631 4468 nec
1648 4407 1838 4467 inuti·

271 4499 372 4576 lis,
405 4507 466 4563 et
507 4504 671 4582 quod
709 4506 908 4582 potest
962 4501 1219 4563 honeste
1267 4500 1426 4576 ficri,
1476 4502 1525 4560 si
1555 4501 1837 4562 subditus

270 4594 422 4655 velit
464 4595 788 4657 materiam
827 4594 967 4656 talis
993 4594 1148 4674 legis
1177 4595 1422 4672 exequi,
1453 4594 1834 4656 observando

273 4704 488 4749 omnes
508 4689 659 4749 alias
689 4689 1175 4749 circumstantias
1191 4706 1344 4767 quas
1363 4687 1658 4748 naturalis
1675 4689 1834 4748 ratio

270 4781 535 4860 postulat
562 4787 633 4843 ut
658 4788 831 4843 actus
860 4782 926 4843 in
951 4781 1274 4843 individuo
1295 4780 1588 4842 honestus
1612 4781 1711 4842 sit.

356 4877 452 4937 19.
503 4876 676 4938 Unde
732 4875 983 4937 tandem
1028 4880 1227 4955 potest
1259 4874 1633 4935 considerari
1662 4873 1836 4935 difle-

271 4969 474 5031 rentia
501 4971 664 5031 inter
690 4976 898 5032 actum
927 4969 1160 5030 bonum
1189 4974 1251 5029 et
1272 4967 1530 5042 malum,
1553 4967 1717 5046 quod
1736 4985 1835 5028 ac-

271 5067 371 5123 tus
416 5061 470 5122 si
496 5081 607 5142 per
644 5081 709 5124 se
735 5070 800 5124 et
827 5062 1159 5124 intrinsece
1183 5061 1382 5121 malus
1408 5061 1488 5122 sit
1515 5078 1837 5141 nunquam

271 5161 472 5235 potest
496 5176 608 5237 per
631 5159 836 5236 legem
866 5157 1203 5219 humanam
1232 5155 1504 5234 praecipi,
1534 5155 1677 5217 licet
1698 5173 1836 5234 pos-

273 5248 353 5308 sit
374 5251 675 5329 permitti,
705 5252 852 5330 quia
876 5267 1199 5330 nunquam
1236 5254 1327 5308 est
1352 5247 1430 5308 ab
1465 5247 1572 5308 illo
1595 5265 1835 5326 separa-

272 5338 415 5403 bilis
443 5344 680 5406 malitia
708 5344 806 5406 vel
829 5343 1163 5424 prohibitio
1190 5340 1518 5422 superioris
1550 5339 1725 5418 legis,
1764 5344 1834 5399 ut

272 5440 447 5514 patet
482 5455 559 5498 ex
604 5437 781 5499 dictis
827 5438 895 5498 in
932 5437 1131 5517 prima
1176 5435 1531 5495 assertione.
1582 5435 1662 5493 At
1687 5448 1835 5492 vero

274 5535 448 5592 actus
478 5529 680 5594 bonus
726 5549 805 5595 ex
856 5530 1118 5613 objecto,
1146 5528 1255 5611 qui
1286 5532 1488 5610 potest
1525 5543 1635 5608 per
1673 5542 1739 5588 se
1772 5529 1837 5586 et

3362 406 3476 466 221

1920 513 2172 589 propter
2215 527 2279 570 se
2330 509 2585 571 honeste
2633 510 2795 588 fieri,
2841 511 3073 573 seclusa
3105 510 3243 589 lege
3277 513 3483 591 prohi-

1921 602 2108 663 bente
2131 646 2152 676 ,
2208 600 2619 664 nihilominus
2648 610 2850 683 potest
2888 603 3204 683 prohiberi
3233 623 3343 684 per
3369 605 3486 666 hu-

1925 712 2178 755 manam
2225 694 2428 773 legem
2463 695 2651 757 etiam
2702 696 2968 772 civilem,
3021 702 3084 757 et
3115 696 3252 758 fieri
3289 698 3487 759 malus

1923 787 2165 849 ratione
2191 787 2647 866 prohibitionis,
2678 790 2786 868 qui
2824 790 2976 850 alias
3013 789 3090 850 de
3121 808 3187 851 se
3221 796 3353 852 erat
3380 792 3489 853 bo·-

1925 899 2076 941 nus:
2109 881 2267 941 ratio
2293 886 2407 956 est,
2437 882 2648 960 quiasi
2675 889 2846 943 actus
2866 882 2946 944 sit
2973 882 3169 943 malus
3196 884 3263 944 in
3291 888 3488 964 specie

1925 992 2061 1048 sua,
2112 973 2622 1052 quandocumque
2665 981 2989 1035 exercetur
3048 977 3272 1039 retinet
3315 979 3485 1040 illam

1925 1066 2251 1142 malitiam,
2301 1071 2365 1127 et
2390 1066 2528 1127 ideo
2552 1085 2678 1127 non
2707 1072 2907 1147 potest
2930 1069 3204 1148 praecipi,
3236 1072 3384 1150 quia
3408 1072 3488 1133 ad

1926 1159 2164 1219 malum
2191 1158 2416 1219 sufficit
2442 1159 2815 1238 quicumque
2847 1159 3153 1221 defectus:
3187 1168 3357 1223 actus
3379 1181 3490 1223 811-

1925 1257 2055 1313 18111
2097 1251 2316 1327 11011118,
2350 1249 2497 1312 11881
2527 1271 2604 1314 ex
2628 1253 2828 1331 specie
2854 1270 2966 1313 sua
2992 1253 3130 1313 talis
3160 1254 3261 1327 sit,
3291 1262 3490 1334 potest

1926 1344 1994 1405 in
2019 1346 2306 1406 exercitio
2327 1363 2457 1406 esse
2485 1345 2706 1421 malus,
2739 1346 2886 1425 quia
2912 1351 3109 1424 potest
3153 1347 3276 1409 tale
3316 1367 3491 1411 exer-

1927 1438 2141 1498 citium
2187 1455 2313 1499 esse
2361 1437 2768 1516 prohibitum,
2807 1443 2869 1499 et
2902 1439 2992 1499 ita
3019 1439 3155 1516 jam
3182 1440 3492 1502 deeritilli

1926 1530 2090 1589 actui
2131 1530 2591 1591 circumstantia
2630 1530 2839 1611 aliqua
2883 1531 3090 1593 debita
3119 1552 3195 1595 ex
3223 1534 3284 1594 vi
3311 1535 3487 1614 legis»,

1926 1627 1988 1683 et
2017 1621 2155 1683 ideo
2191 1622 2324 1700 jam
2360 1623 2478 1684 erit
2504 1623 2729 1699 11181118,
2771 1624 2920 1703 quia
2966 1625 3203 1688 malum
3231 1646 3309 1689 ex
3339 1647 3492 1708 quo-

1925 1732 2190 1792 cumque
2216 1715 2479 1776 descctu.
2514 1716 2640 1792 Sic,
2687 1715 2835 1778 licet
2869 1718 3067 1782 facere
3106 1739 3350 1783 sacrum
3381 1722 3492 1783 bo-

1925 1826 2080 1867 num
2125 1808 2223 1883 sit,
2274 1809 2339 1869 id
2387 1809 2585 1871 facere
2622 1810 2691 1871 in
2735 1811 2891 1872 feria
2928 1819 3099 1874 sexta
3130 1815 3491 1877 parasceves

1924 1917 2051 1959 non
2075 1901 2192 1961 erit
2220 1901 2479 1978 bonum,
2503 1902 2651 1981 quia
2678 1903 2849 1966 deest
2873 1905 2964 1966 illi
2992 1906 3199 1967 debita
3229 1909 3491 1970 circum-

1925 1994 2153 2055 stantia
2199 1996 2497 2075 temporis
2535 1996 2775 2057 ratione
2825 1998 3292 2077 prohibitionis3
3323 2001 3491 2062 idem

1925 2092 2018 2147 est
2045 2087 2120 2148 de
2141 2088 2478 2168 jejunionin
2507 2088 2606 2150 die
2633 2090 2988 2151 Dominica:
3028 2091 3103 2153 de
3136 2111 3259 2171 quo
3286 2112 3492 2155 exem-

1923 2180 2026 2258 plo
2057 2181 2221 2257 vide,
2251 2181 2302 2241 si
2332 2180 2552 2261 placet,
2580 2201 2718 2261 quse
2750 2183 3104 2262 scripsimus
3137 2192 3310 2246 tract.
3334 2189 3372 2247 Ξ
3414 2187 3492 2249 de

1923 2275 2267 2353 Religioue,
2291 2275 2337 2337 1.
2377 2278 2438 2351 2,
2472 2294 2525 2336 c.
2553 2279 2615 2351 4,
2656 2296 2722 2337 n.
2756 2278 2836 2353 63
2868 2283 2931 2338 et
2948 2278 3199 2356 quidem
3246 2287 3492 2341 sanctus

1928 2366 2195 2428 Thomas
2218 2370 2278 2428 Ξ.
2312 2371 2372 2443 2,
2398 2386 2459 2447 q.
2499 2370 2634 2444 147,
2658 2386 2717 2429 a.
2746 2371 2807 2443 5,
2840 2368 2920 2428 ad
2945 2371 3005 2445 3,
3036 2387 3315 2450 expresse
3333 2391 3493 2434 asse-

1927 2460 2013 2521 rit
2056 2479 2184 2522 non
2235 2480 2362 2523 esse
2390 2480 2429 2522 a
2463 2468 2712 2541 peccato
2739 2462 3085 2524 immunem
3112 2466 3221 2543 qui
3248 2466 3347 2527 die
3384 2468 3492 2527 Do·

1929 2554 2160 2615 minica
2199 2555 2533 2633 jejunaret.
2586 2558 2661 2616 Et
2690 2556 2757 2616 in
2797 2556 3037 2635 legibus
3078 2558 3361 2621 civilibus
3389 2579 3494 2639 po-

1927 2653 2045 2709 test
2084 2647 2251 2709 idem
2284 2649 2659 2710 considerari
2684 2672 2702 2723 ;
2735 2667 2885 2710 nam
2927 2650 3178 2712 donatio
3223 2652 3492 2716 liberalis

1920 2743 1999 2803 de
2042 2759 2105 2802 se
2133 2740 2298 2802 bona
2329 2748 2442 2817 est,
2474 2748 2535 2803 81
2561 2741 2968 2803 nihilominus
2995 2749 3195 2825 potest
3222 2764 3300 2807 ex
3319 2748 3491 2825 justa

1920 2852 2107 2896 causa
2148 2852 2257 2913 per
2309 2833 2512 2912 legem
2558 2834 2801 2896 civilem
2843 2835 3181 2914 prohiberi,
3240 2845 3303 2899 et
3352 2839 3488 2900 fieri

1922 2926 2086 2987 mala
2134 2925 2329 2987 solum
2384 2927 2533 3005 quia
2567 2927 2912 3005 prohibita:
2962 2934 3025 2989 81
3066 2930 3153 2991 818
3206 2931 3282 2991 118
3327 2932 3484 2992 81118.

1923 3021 2126 3079 Ρο1881
2156 3018 2343 3079 etiam
2379 3018 2498 3078 hoc
2534 3019 2831 3080 declarari
2878 3039 2956 3081 ex
3001 3020 3122 3083 alio
3157 3024 3484 3103 principio,

1924 3109 2092 3190 quod
2129 3109 2297 3188 leges
2347 3109 2638 3171 humanae
2694 3119 2949 3189 possunt
2998 3113 3489 3179 mediocritatem

1926 3202 2302 3263 constituere
2333 3202 2400 3261 in
2427 3202 2768 3262 actionibus
2797 3201 3126 3263 humanis:
3166 3206 3331 3268 undc
3354 3208 3490 3269 fieri

1922 3301 2125 3375 potest
2150 3301 2220 3355 ut
2246 3299 2415 3355 actus
2438 3293 2568 3372 qui,
2592 3292 2824 3354 seclusa
2844 3293 2980 3373 lege
3001 3296 3263 3375 positiva
3285 3317 3490 3362 serva-

1922 3393 2023 3448 ret
2063 3386 2341 3448 medium
2388 3385 2656 3461 virtutis„
2709 3386 2905 3464 posita
2945 3386 3081 3465 lege
3121 3389 3489 3468 prohibente

1915 3481 2051 3558 jam
2088 3498 2216 3540 non
2255 3486 2457 3540 servet
2482 3478 2760 3539 medium
2802 3485 2863 3540 et
2902 3486 3111 3559 peccet
3143 3500 3253 3561 per
3288 3489 3487 3546 extre-

1920 3591 2121 3647 mum,
2161 3573 2321 3632 sicut
2351 3576 2630 3651 peccaret
2654 3590 2765 3651 per
2784 3571 3092 3634 defectum
3117 3574 3169 3633 si
3198 3572 3297 3635 lex
3331 3594 3486 3654 proe-

1918 3666 2149 3744 ciperet
2166 3670 2372 3725 actum
2396 3670 2456 3725 et
2480 3682 2606 3724 non
2630 3663 2825 3727 fieret.

1999 3758 2098 3819 20.
2125 3759 2200 3817 Et
2221 3756 2324 3817 hic
2343 3757 2535 3817 etiam
2558 3756 2760 3820 obiter
2781 3760 3151 3840 intelligitur
3176 3763 3486 3843 quomodo

1916 3850 2020 3912 lex
2062 3849 2340 3911 humana
2389 3850 2632 3911 dicatur
2675 3855 3045 3916 constituere
3091 3858 3367 3918 medium
3415 3859 3484 3917 in

1919 3945 2194 4004 materiis
2225 3944 2529 4003 virtutum
2546 3959 2566 4019 3
2615 3943 2680 4003 id
2721 3947 2889 4006 enim
2921 3946 3067 4008 facit
3108 3949 3484 4030 imponendo

1918 4035 2345 4096 necessitatem
2364 4035 2660 4112 operandi
2688 4036 2754 4095 in
2773 4037 3001 4098 talibus
3021 4044 3291 4103 materiis
3306 4045 3486 4120 juxta

1920 4126 2298 4204 exigentiam
2328 4143 2566 4185 earum.
2617 4125 2687 4185 In
2723 4145 2845 4204 quo
2888 4137 2980 4190 est
3008 4134 3282 4194 notanda
3308 4135 3483 4196 diffe-

1920 4219 2124 4281 rentia
2145 4219 2309 4277 inter
2336 4222 2640 4296 praecepta
2675 4218 3044 4282 affirmativa
3071 4230 3134 4284 et
3168 4229 3479 4305 negativa,

1918 4311 2084 4393 quod
2115 4310 2484 4372 affirmativa
2499 4310 2868 4388 regulariter
2887 4325 3244 4394 supponunt
3261 4319 3485 4381 intriu-

1920 4422 2127 4466 secam
2167 4402 2553 4464 honestatem
2590 4404 2657 4464 in
2694 4411 2834 4465 actu
2874 4425 3060 4485 quem
3092 4412 3480 4492 praecipiunt,

1918 4504 1981 4559 et
2020 4502 2463 4576 consequenter
2504 4497 2779 4558 medium
2825 4499 3073 4562 virtutis
3112 4504 3179 4563 in
3223 4507 3482 4567 materia

1918 4593 2073 4671 ejus,
2101 4596 2170 4650 ut
2199 4595 2365 4668 patet
2389 4590 2458 4650 in
2483 4598 2785 4670 praecepto
2806 4593 3034 4671 jejunii
3057 4602 3118 4656 et
3144 4597 3476 4674 similibus3

1914 4703 2045 4747 11011
2092 4691 2305 4745 tamen
2349 4690 2705 4764 supponunt
2743 4689 3187 4767 necessitatem,
3236 4692 3343 4752 sed
3390 4693 3482 4753 fa-

1916 4780 2107 4840 ciunt.
2126 4778 2282 4851 Quia
2310 4779 2583 4839 medium
2610 4779 2859 4841 virtutis
2882 4780 3069 4844 habet
3088 4784 3478 4848 latitudinem

1916 4879 1979 4934 et
2004 4871 2391 4943 varietatem,
2433 4877 2494 4932 et
2534 4872 2672 4933 ideo
2705 4891 2832 4933 11011
2871 4892 3056 4937 0111118
3093 4877 3156 4937 111
3185 4879 3347 4956 quod
3386 4886 3480 4940 est

1914 4965 1993 5027 de
2026 4984 2091 5026 88
2122 4963 2451 5026 honestum
2491 4970 2584 5025 est
2623 4983 2733 5044 per
2771 4984 2834 5026 88
2874 4970 3327 5030 necessarium:
3375 4970 3476 5031 lex

1915 5065 2125 5120 autem
2165 5057 2443 5118 humana
2480 5063 2679 5137 potest
2715 5058 2875 5120 118118
2908 5062 3333 5123 118888811818111
3372 5083 3477 5142 po-

1915 5170 2088 5227 nere,
2111 5169 2234 5229 qua
2269 5150 2489 5230 posita,
2514 5149 2619 5210 1118
2637 5156 2808 5210 actus
2824 5151 2954 5229 jam
2976 5163 3066 5214 est
3098 5155 3477 5217 necessarius

1916 5245 1996 5306 ad
2021 5245 2409 5305 honestatem
2435 5243 2576 5303 talis
2604 5244 2886 5305 virtutis:
2916 5252 2979 5307 et
3018 5246 3136 5308 hoc
3175 5267 3358 5310 sensu
3384 5250 3477 5310 di-

1916 5339 2077 5399 citur
2101 5336 2394 5398 constitui
2430 5353 2540 5414 per
2572 5335 2762 5396 talem
2791 5337 3131 5401 humanam
3167 5341 3368 5422 legem
3407 5344 3476 5404 in

1915 5431 2025 5492 tali
2053 5431 2253 5511 specie
2272 5429 2540 5504 virtutis,
2559 5432 2775 5508 utique
2798 5433 3002 5509 quoad
3026 5436 3474 5513 necessitatem,

1913 5538 2043 5587 non
2070 5523 2275 5605 quoad
2297 5521 2704 5586 honestatem.
2720 5523 2857 5586 Dixi
2876 5531 3085 5591 autem
3110 5528 3476 5608 mutarim
