<?xml version="1.0" encoding="UTF-8"?>
<!DOCTYPE html PUBLIC "-//W3C//DTD XHTML 1.0 Transitional//EN"
    "http://www.w3.org/TR/xhtml1/DTD/xhtml1-transitional.dtd">
<html xmlns="http://www.w3.org/1999/xhtml" xml:lang="en" lang="en">
 <head>
  <title>
</title>
<meta http-equiv="Content-Type" content="text/html;charset=utf-8" />
  <meta name='ocr-system' content='tesseract 3.04.00' />
  <meta name='ocr-capabilities' content='ocr_page ocr_carea ocr_par ocr_line ocrx_word'/>
</head>
<body>
  <div class='ocr_page' id='page_1' title='image "./rpfranciscisuar02duvagoog_0529.png"; bbox 0 0 3976 6219; ppageno 0'>
   <div class='ocr_carea' id='block_1_1' title="bbox 784 342 2873 410">
    <p class='ocr_par' dir='ltr' id='par_1_1' title="bbox 784 342 2873 410">
     <span class='ocr_line' id='line_1_1' title="bbox 784 342 2873 410; baseline -0.001 -10"><span class='ocrx_word' id='word_1_1' title='bbox 784 349 919 401; x_wconf 79' lang='lat' dir='ltr'><strong>CAP.</strong></span> <span class='ocrx_word' id='word_1_2' title='bbox 956 349 1086 400; x_wconf 82' lang='lat' dir='ltr'><strong>XXI.</strong></span> <span class='ocrx_word' id='word_1_3' title='bbox 1121 346 1343 409; x_wconf 82' lang='lat' dir='ltr'>QUIBUS</span> <span class='ocrx_word' id='word_1_4' title='bbox 1374 345 1560 399; x_wconf 72' lang='lat' dir='ltr'><strong>nonis</strong></span> <span class='ocrx_word' id='word_1_5' title='bbox 1589 343 1865 397; x_wconf 65' lang='lat' dir='ltr'><strong>mmmm</strong></span> <span class='ocrx_word' id='word_1_6' title='bbox 1895 342 2109 397; x_wconf 77' lang='lat' dir='ltr'><strong>Possm·</strong></span> <span class='ocrx_word' id='word_1_7' title='bbox 2141 344 2456 398; x_wconf 73' lang='lat' dir='ltr'><strong>mnrrA&#39;rlo</strong></span> <span class='ocrx_word' id='word_1_8' title='bbox 2486 345 2704 410; x_wconf 80' lang='lat' dir='ltr'><strong>ACTUS,</strong></span> <span class='ocrx_word' id='word_1_9' title='bbox 2738 346 2873 398; x_wconf 86' lang='lat' dir='ltr'><strong>ETC.</strong></span> 
     </span>
    </p>
   </div>
   <div class='ocr_carea' id='block_1_2' title="bbox 222 433 1788 1825">
    <p class='ocr_par' dir='ltr' id='par_1_2' title="bbox 222 433 1788 1825">
     <span class='ocr_line' id='line_1_2' title="bbox 223 433 1787 526; baseline -0.003 -19"><span class='ocrx_word' id='word_1_10' title='bbox 223 446 447 526; x_wconf 89' lang='lat' dir='ltr'><strong>prioris</strong></span> <span class='ocrx_word' id='word_1_11' title='bbox 469 433 739 506; x_wconf 71' lang='lat' dir='ltr'><strong>constat:</strong></span> <span class='ocrx_word' id='word_1_12' title='bbox 778 464 926 507; x_wconf 88' lang='lat' dir='ltr'><strong>nam</strong></span> <span class='ocrx_word' id='word_1_13' title='bbox 957 445 1064 506; x_wconf 89' lang='lat' dir='ltr'><strong>illa</strong></span> <span class='ocrx_word' id='word_1_14' title='bbox 1091 446 1260 525; x_wconf 88' lang='lat' dir='ltr'><strong>prior</strong></span> <span class='ocrx_word' id='word_1_15' title='bbox 1291 445 1406 506; x_wconf 88' lang='lat' dir='ltr'><strong>sub</strong></span> <span class='ocrx_word' id='word_1_16' title='bbox 1430 443 1787 505; x_wconf 91' lang='lat' dir='ltr'><strong>conditione</strong></span> 
     </span>
     <span class='ocr_line' id='line_1_3' title="bbox 222 536 1788 618; baseline -0.003 -19"><span class='ocrx_word' id='word_1_17' title='bbox 222 546 468 600; x_wconf 85' lang='lat' dir='ltr'><strong>tantum</strong></span> <span class='ocrx_word' id='word_1_18' title='bbox 502 539 698 618; x_wconf 89' lang='lat' dir='ltr'><strong>posita</strong></span> <span class='ocrx_word' id='word_1_19' title='bbox 724 545 836 614; x_wconf 88' lang='lat' dir='ltr'><strong>est,</strong></span> <span class='ocrx_word' id='word_1_20' title='bbox 868 539 1118 614; x_wconf 88' lang='lat' dir='ltr'><strong>scilicet,</strong></span> <span class='ocrx_word' id='word_1_21' title='bbox 1143 538 1195 598; x_wconf 88' lang='lat' dir='ltr'><strong>si</strong></span> <span class='ocrx_word' id='word_1_22' title='bbox 1231 538 1481 599; x_wconf 86' lang='lat' dir='ltr'><strong>effectus</strong></span> <span class='ocrx_word' id='word_1_23' title='bbox 1507 536 1663 616; x_wconf 88' lang='lat' dir='ltr'><strong>legis</strong></span> <span class='ocrx_word' id='word_1_24' title='bbox 1703 536 1788 595; x_wconf 89' lang='lat' dir='ltr'><strong>ir-</strong></span> 
     </span>
     <span class='ocr_line' id='line_1_4' title="bbox 223 630 1780 710; baseline -0.002 -19"><span class='ocrx_word' id='word_1_25' title='bbox 223 632 469 693; x_wconf 90' lang='lat' dir='ltr'><strong>ritantis</strong></span> <span class='ocrx_word' id='word_1_26' title='bbox 513 638 839 710; x_wconf 84' lang='lat' dir='ltr'><strong>sequatur3</strong></span> <span class='ocrx_word' id='word_1_27' title='bbox 875 649 1050 709; x_wconf 89' lang='lat' dir='ltr'><strong>ergo,</strong></span> <span class='ocrx_word' id='word_1_28' title='bbox 1093 637 1364 692; x_wconf 81' lang='lat' dir='ltr'><strong>cessante</strong></span> <span class='ocrx_word' id='word_1_29' title='bbox 1406 630 1780 705; x_wconf 89' lang='lat' dir='ltr'><strong>conditione,</strong></span> 
     </span>
     <span class='ocr_line' id='line_1_5' title="bbox 222 723 1785 805; baseline -0.002 -20"><span class='ocrx_word' id='word_1_30' title='bbox 222 744 349 785; x_wconf 91' lang='lat' dir='ltr'><strong>non</strong></span> <span class='ocrx_word' id='word_1_31' title='bbox 397 724 685 805; x_wconf 81' lang='lat' dir='ltr'>procedet</span> <span class='ocrx_word' id='word_1_32' title='bbox 725 723 834 784; x_wconf 92' lang='lat' dir='ltr'><strong>illa</strong></span> <span class='ocrx_word' id='word_1_33' title='bbox 878 724 1047 803; x_wconf 89' lang='lat' dir='ltr'><strong>prior</strong></span> <span class='ocrx_word' id='word_1_34' title='bbox 1090 742 1231 802; x_wconf 86' lang='lat' dir='ltr'><strong>pars</strong></span> <span class='ocrx_word' id='word_1_35' title='bbox 1257 723 1628 798; x_wconf 74' lang='lat' dir='ltr'>assertionis„</span> <span class='ocrx_word' id='word_1_36' title='bbox 1667 737 1785 783; x_wconf 81' lang='lat' dir='ltr'><strong>nec</strong></span> 
     </span>
     <span class='ocr_line' id='line_1_6' title="bbox 223 816 1778 896; baseline -0.001 -18"><span class='ocrx_word' id='word_1_37' title='bbox 223 818 475 878; x_wconf 84' lang='lat' dir='ltr'><strong>habebit</strong></span> <span class='ocrx_word' id='word_1_38' title='bbox 493 817 699 878; x_wconf 92' lang='lat' dir='ltr'><strong>locum</strong></span> <span class='ocrx_word' id='word_1_39' title='bbox 714 817 869 895; x_wconf 86' lang='lat' dir='ltr'><strong>legis</strong></span> <span class='ocrx_word' id='word_1_40' title='bbox 888 816 1204 895; x_wconf 74' lang='lat' dir='ltr'><strong>obligatio,</strong></span> <span class='ocrx_word' id='word_1_41' title='bbox 1232 818 1308 877; x_wconf 92' lang='lat' dir='ltr'><strong>Et</strong></span> <span class='ocrx_word' id='word_1_42' title='bbox 1327 822 1496 896; x_wconf 82' lang='lat' dir='ltr'><strong>patet</strong></span> <span class='ocrx_word' id='word_1_43' title='bbox 1515 816 1778 891; x_wconf 85' lang='lat' dir='ltr'><strong>ratione,</strong></span> 
     </span>
     <span class='ocr_line' id='line_1_7' title="bbox 223 908 1776 989; baseline -0.002 -19"><span class='ocrx_word' id='word_1_44' title='bbox 223 911 370 989; x_wconf 86' lang='lat' dir='ltr'><strong>quia</strong></span> <span class='ocrx_word' id='word_1_45' title='bbox 408 915 680 970; x_wconf 78' lang='lat' dir='ltr'><strong>cessante</strong></span> <span class='ocrx_word' id='word_1_46' title='bbox 706 927 894 970; x_wconf 89' lang='lat' dir='ltr'><strong>causa</strong></span> <span class='ocrx_word' id='word_1_47' title='bbox 918 910 1238 988; x_wconf 71' lang='lat' dir='ltr'><strong>adaequata</strong></span> <span class='ocrx_word' id='word_1_48' title='bbox 1263 914 1459 970; x_wconf 87' lang='lat' dir='ltr'><strong>cessat</strong></span> <span class='ocrx_word' id='word_1_49' title='bbox 1496 908 1776 969; x_wconf 85' lang='lat' dir='ltr'><strong>effectus:</strong></span> 
     </span>
     <span class='ocr_line' id='line_1_8' title="bbox 223 1000 1784 1082; baseline -0.001 -20"><span class='ocrx_word' id='word_1_50' title='bbox 223 1002 332 1063; x_wconf 88' lang='lat' dir='ltr'><strong>sed</strong></span> <span class='ocrx_word' id='word_1_51' title='bbox 360 1004 681 1081; x_wconf 79' lang='lat' dir='ltr'><strong>adaequata</strong></span> <span class='ocrx_word' id='word_1_52' title='bbox 701 1020 883 1063; x_wconf 88' lang='lat' dir='ltr'><strong>causa</strong></span> <span class='ocrx_word' id='word_1_53' title='bbox 903 1002 1090 1082; x_wconf 85' lang='lat' dir='ltr'><strong>hujus</strong></span> <span class='ocrx_word' id='word_1_54' title='bbox 1107 1001 1499 1081; x_wconf 86' lang='lat' dir='ltr'><strong>ogligationis</strong></span> <span class='ocrx_word' id='word_1_55' title='bbox 1520 1006 1616 1062; x_wconf 91' lang='lat' dir='ltr'><strong>est</strong></span> <span class='ocrx_word' id='word_1_56' title='bbox 1643 1000 1784 1061; x_wconf 89' lang='lat' dir='ltr'><strong>nul-</strong></span> 
     </span>
     <span class='ocr_line' id='line_1_9' title="bbox 223 1093 1783 1174; baseline -0.001 -20"><span class='ocrx_word' id='word_1_57' title='bbox 223 1093 366 1155; x_wconf 89' lang='lat' dir='ltr'><strong>litas</strong></span> <span class='ocrx_word' id='word_1_58' title='bbox 417 1101 587 1155; x_wconf 87' lang='lat' dir='ltr'><strong>actus</strong></span> <span class='ocrx_word' id='word_1_59' title='bbox 630 1094 796 1156; x_wconf 83' lang='lat' dir='ltr'><strong>facta</strong></span> <span class='ocrx_word' id='word_1_60' title='bbox 843 1112 955 1174; x_wconf 89' lang='lat' dir='ltr'><strong>per</strong></span> <span class='ocrx_word' id='word_1_61' title='bbox 992 1094 1220 1172; x_wconf 84' lang='lat' dir='ltr'><strong>legem,</strong></span> <span class='ocrx_word' id='word_1_62' title='bbox 1251 1113 1359 1156; x_wconf 83' lang='lat' dir='ltr'><strong>seu</strong></span> <span class='ocrx_word' id='word_1_63' title='bbox 1398 1094 1499 1154; x_wconf 84' lang='lat' dir='ltr'><strong>lex</strong></span> <span class='ocrx_word' id='word_1_64' title='bbox 1534 1093 1783 1154; x_wconf 85' lang='lat' dir='ltr'><strong>irritans</strong></span> 
     </span>
     <span class='ocr_line' id='line_1_10' title="bbox 224 1186 1783 1263; baseline 0 -16"><span class='ocrx_word' id='word_1_65' title='bbox 224 1187 573 1263; x_wconf 84' lang='lat' dir='ltr'><strong>efficaciter,</strong></span> <span class='ocrx_word' id='word_1_66' title='bbox 622 1192 686 1247; x_wconf 89' lang='lat' dir='ltr'><strong>et</strong></span> <span class='ocrx_word' id='word_1_67' title='bbox 725 1205 871 1247; x_wconf 87' lang='lat' dir='ltr'><strong>cum</strong></span> <span class='ocrx_word' id='word_1_68' title='bbox 912 1187 1156 1262; x_wconf 84' lang='lat' dir='ltr'><strong>effectu,</strong></span> <span class='ocrx_word' id='word_1_69' title='bbox 1199 1193 1270 1248; x_wconf 88' lang='lat' dir='ltr'><strong>ut</strong></span> <span class='ocrx_word' id='word_1_70' title='bbox 1302 1187 1610 1248; x_wconf 86' lang='lat' dir='ltr'><strong>discursus</strong></span> <span class='ocrx_word' id='word_1_71' title='bbox 1635 1186 1783 1247; x_wconf 80' lang='lat' dir='ltr'><strong>facti</strong></span> 
     </span>
     <span class='ocr_line' id='line_1_11' title="bbox 226 1281 1782 1360; baseline 0.001 -19"><span class='ocrx_word' id='word_1_72' title='bbox 226 1282 371 1341; x_wconf 87' lang='lat' dir='ltr'><strong>satis</strong></span> <span class='ocrx_word' id='word_1_73' title='bbox 399 1281 769 1358; x_wconf 85' lang='lat' dir='ltr'><strong>ostendnnt;</strong></span> <span class='ocrx_word' id='word_1_74' title='bbox 799 1300 948 1360; x_wconf 90' lang='lat' dir='ltr'><strong>ergo</strong></span> <span class='ocrx_word' id='word_1_75' title='bbox 977 1288 1244 1343; x_wconf 80' lang='lat' dir='ltr'><strong>cessante</strong></span> <span class='ocrx_word' id='word_1_76' title='bbox 1271 1281 1378 1343; x_wconf 87' lang='lat' dir='ltr'><strong>illo</strong></span> <span class='ocrx_word' id='word_1_77' title='bbox 1410 1282 1629 1344; x_wconf 83' lang='lat' dir='ltr'><strong>effectu</strong></span> <span class='ocrx_word' id='word_1_78' title='bbox 1657 1300 1782 1343; x_wconf 87' lang='lat' dir='ltr'><strong>ces-</strong></span> 
     </span>
     <span class='ocr_line' id='line_1_12' title="bbox 227 1374 1782 1454; baseline 0.002 -21"><span class='ocrx_word' id='word_1_79' title='bbox 227 1379 321 1433; x_wconf 89' lang='lat' dir='ltr'><strong>sat</strong></span> <span class='ocrx_word' id='word_1_80' title='bbox 349 1392 533 1434; x_wconf 86' lang='lat' dir='ltr'><strong>causa</strong></span> <span class='ocrx_word' id='word_1_81' title='bbox 571 1374 985 1453; x_wconf 80' lang='lat' dir='ltr'><strong>obligationis,</strong></span> <span class='ocrx_word' id='word_1_82' title='bbox 1026 1380 1089 1435; x_wconf 91' lang='lat' dir='ltr'><strong>et</strong></span> <span class='ocrx_word' id='word_1_83' title='bbox 1116 1381 1558 1454; x_wconf 86' lang='lat' dir='ltr'><strong>consequenter</strong></span> <span class='ocrx_word' id='word_1_84' title='bbox 1592 1376 1782 1437; x_wconf 90' lang='lat' dir='ltr'><strong>etiam</strong></span> 
     </span>
     <span class='ocr_line' id='line_1_13' title="bbox 226 1465 1785 1545; baseline 0.003 -20"><span class='ocrx_word' id='word_1_85' title='bbox 226 1465 518 1543; x_wconf 86' lang='lat' dir='ltr'><strong>obligatio</strong></span> <span class='ocrx_word' id='word_1_86' title='bbox 543 1467 692 1545; x_wconf 91' lang='lat' dir='ltr'><strong>ipsa.</strong></span> <span class='ocrx_word' id='word_1_87' title='bbox 717 1467 922 1528; x_wconf 86' lang='lat' dir='ltr'><strong>Posita</strong></span> <span class='ocrx_word' id='word_1_88' title='bbox 942 1472 1150 1528; x_wconf 90' lang='lat' dir='ltr'><strong>autem</strong></span> <span class='ocrx_word' id='word_1_89' title='bbox 1173 1473 1263 1527; x_wconf 90' lang='lat' dir='ltr'><strong>est</strong></span> <span class='ocrx_word' id='word_1_90' title='bbox 1284 1468 1390 1528; x_wconf 87' lang='lat' dir='ltr'><strong>illa</strong></span> <span class='ocrx_word' id='word_1_91' title='bbox 1409 1469 1697 1544; x_wconf 88' lang='lat' dir='ltr'><strong>conditi0,</strong></span> <span class='ocrx_word' id='word_1_92' title='bbox 1721 1474 1785 1529; x_wconf 91' lang='lat' dir='ltr'><strong>et</strong></span> 
     </span>
     <span class='ocr_line' id='line_1_14' title="bbox 224 1557 1780 1640; baseline 0.003 -23"><span class='ocrx_word' id='word_1_93' title='bbox 224 1557 357 1617; x_wconf 81' lang='lat' dir='ltr'><strong>haec</strong></span> <span class='ocrx_word' id='word_1_94' title='bbox 386 1560 684 1636; x_wconf 75' lang='lat' dir='ltr'><strong>posterior</strong></span> <span class='ocrx_word' id='word_1_95' title='bbox 709 1576 873 1638; x_wconf 77' lang='lat' dir='ltr'><strong>parS,</strong></span> <span class='ocrx_word' id='word_1_96' title='bbox 913 1560 1058 1637; x_wconf 86' lang='lat' dir='ltr'><strong>quia</strong></span> <span class='ocrx_word' id='word_1_97' title='bbox 1088 1559 1399 1620; x_wconf 81' lang='lat' dir='ltr'><strong>interdum</strong></span> <span class='ocrx_word' id='word_1_98' title='bbox 1438 1566 1638 1640; x_wconf 79' lang='lat' dir='ltr'><strong>potest</strong></span> <span class='ocrx_word' id='word_1_99' title='bbox 1658 1561 1780 1621; x_wconf 86' lang='lat' dir='ltr'><strong>im-</strong></span> 
     </span>
     <span class='ocr_line' id='line_1_15' title="bbox 225 1650 1783 1734; baseline 0.005 -26"><span class='ocrx_word' id='word_1_100' title='bbox 225 1650 426 1728; x_wconf 88' lang='lat' dir='ltr'><strong>pediri</strong></span> <span class='ocrx_word' id='word_1_101' title='bbox 448 1650 547 1711; x_wconf 89' lang='lat' dir='ltr'><strong>hic</strong></span> <span class='ocrx_word' id='word_1_102' title='bbox 571 1651 842 1713; x_wconf 75' lang='lat' dir='ltr'><strong>effectuS.</strong></span> <span class='ocrx_word' id='word_1_103' title='bbox 874 1651 1106 1724; x_wconf 86' lang='lat' dir='ltr'><strong>Quibus</strong></span> <span class='ocrx_word' id='word_1_104' title='bbox 1132 1659 1339 1714; x_wconf 89' lang='lat' dir='ltr'><strong>autem</strong></span> <span class='ocrx_word' id='word_1_105' title='bbox 1362 1654 1560 1716; x_wconf 87' lang='lat' dir='ltr'><strong>modis</strong></span> <span class='ocrx_word' id='word_1_106' title='bbox 1585 1654 1783 1734; x_wconf 88' lang='lat' dir='ltr'><strong>impe-</strong></span> 
     </span>
     <span class='ocr_line' id='line_1_16' title="bbox 226 1743 1418 1825; baseline 0.006 -24"><span class='ocrx_word' id='word_1_107' title='bbox 226 1743 345 1802; x_wconf 88' lang='lat' dir='ltr'><strong>diri</strong></span> <span class='ocrx_word' id='word_1_108' title='bbox 375 1744 561 1822; x_wconf 86' lang='lat' dir='ltr'><strong>possit</strong></span> <span class='ocrx_word' id='word_1_109' title='bbox 581 1743 649 1804; x_wconf 89' lang='lat' dir='ltr'><strong>in</strong></span> <span class='ocrx_word' id='word_1_110' title='bbox 672 1746 870 1825; x_wconf 90' lang='lat' dir='ltr'><strong>capite</strong></span> <span class='ocrx_word' id='word_1_111' title='bbox 891 1746 1171 1825; x_wconf 83' lang='lat' dir='ltr'><strong>sequenti</strong></span> <span class='ocrx_word' id='word_1_112' title='bbox 1192 1746 1418 1809; x_wconf 90' lang='lat' dir='ltr'><strong>dicam.</strong></span> 
     </span>
    </p>
   </div>
   <div class='ocr_carea' id='block_1_3' title="bbox 780 1925 1224 1989">
    <p class='ocr_par' dir='ltr' id='par_1_3' title="bbox 780 1925 1224 1989">
     <span class='ocr_line' id='line_1_17' title="bbox 780 1925 1224 1989; baseline 0 0"><span class='ocrx_word' id='word_1_113' title='bbox 780 1925 1224 1989; x_wconf 85' lang='lat' dir='ltr'><strong>CAPUTXXI.</strong></span> 
     </span>
    </p>
   </div>
   <div class='ocr_carea' id='block_1_4' title="bbox 267 2128 1745 2277">
    <p class='ocr_par' dir='ltr' id='par_1_4' title="bbox 267 2128 1745 2277">
     <span class='ocr_line' id='line_1_18' title="bbox 267 2128 1745 2182; baseline 0.001 -7"><span class='ocrx_word' id='word_1_114' title='bbox 267 2128 471 2182; x_wconf 81' lang='lat' dir='ltr'>QUIBUS</span> <span class='ocrx_word' id='word_1_115' title='bbox 506 2130 677 2178; x_wconf 70' lang='lat' dir='ltr'>MONS</span> <span class='ocrx_word' id='word_1_116' title='bbox 708 2132 976 2179; x_wconf 76' lang='lat' dir='ltr'><strong>mmmm</strong></span> <span class='ocrx_word' id='word_1_117' title='bbox 1010 2133 1202 2180; x_wconf 76' lang='lat' dir='ltr'><strong>Possm·</strong></span> <span class='ocrx_word' id='word_1_118' title='bbox 1237 2130 1531 2179; x_wconf 66' lang='lat' dir='ltr'><strong>mmmm</strong></span> <span class='ocrx_word' id='word_1_119' title='bbox 1563 2129 1745 2177; x_wconf 72' lang='lat' dir='ltr'><strong>Aeros</strong></span> 
     </span>
     <span class='ocr_line' id='line_1_19' title="bbox 371 2224 1634 2277; baseline -0.002 0"><span class='ocrx_word' id='word_1_120' title='bbox 371 2224 532 2277; x_wconf 69' lang='lat' dir='ltr'><strong>QUEM</strong></span> <span class='ocrx_word' id='word_1_121' title='bbox 558 2226 674 2270; x_wconf 78' lang='lat' dir='ltr'><strong>LEX</strong></span> <span class='ocrx_word' id='word_1_122' title='bbox 694 2226 969 2273; x_wconf 65' lang='lat' dir='ltr'><strong>rna-:cm</strong></span> <span class='ocrx_word' id='word_1_123' title='bbox 990 2228 1099 2274; x_wconf 80' lang='lat' dir='ltr'><strong>PRO</strong></span> <span class='ocrx_word' id='word_1_124' title='bbox 1121 2227 1366 2274; x_wconf 64' lang='lat' dir='ltr'><strong>mucro</strong></span> <span class='ocrx_word' id='word_1_125' title='bbox 1390 2225 1634 2275; x_wconf 65' lang='lat' dir='ltr'><strong>numu.</strong></span> 
     </span>
    </p>
   </div>
   <div class='ocr_carea' id='block_1_5' title="bbox 153 2389 1795 5529">
    <p class='ocr_par' dir='ltr' id='par_1_5' title="bbox 153 2389 1792 4487">
     <span class='ocr_line' id='line_1_20' title="bbox 312 2389 1787 2471; baseline 0.003 -23"><span class='ocrx_word' id='word_1_126' title='bbox 312 2390 368 2449; x_wconf 82' lang='lat'><strong>1.</strong></span> <span class='ocrx_word' id='word_1_127' title='bbox 401 2389 647 2450; x_wconf 70' lang='lat' dir='ltr'><strong>Duobus</strong></span> <span class='ocrx_word' id='word_1_128' title='bbox 673 2391 865 2452; x_wconf 77' lang='lat' dir='ltr'><strong>modis</strong></span> <span class='ocrx_word' id='word_1_129' title='bbox 891 2391 969 2467; x_wconf 80' lang='lat' dir='ltr'><strong>fit</strong></span> <span class='ocrx_word' id='word_1_130' title='bbox 993 2392 1218 2453; x_wconf 54' lang='lat' dir='ltr'><strong>ios-itus</strong></span> <span class='ocrx_word' id='word_1_131' title='bbox 1244 2396 1438 2467; x_wconf 72' lang='lat' dir='ltr'><strong>actus,</strong></span> <span class='ocrx_word' id='word_1_132' title='bbox 1466 2408 1576 2471; x_wconf 75' lang='lat' dir='ltr'><strong>per</strong></span> <span class='ocrx_word' id='word_1_133' title='bbox 1601 2392 1787 2471; x_wconf 72' lang='lat' dir='ltr'><strong>leqem</strong></span> 
     </span>
     <span class='ocr_line' id='line_1_21' title="bbox 225 2481 1787 2564; baseline 0.001 -22"><span class='ocrx_word' id='word_1_134' title='bbox 225 2481 565 2543; x_wconf 77' lang='lat' dir='ltr'><strong>immediate</strong></span> <span class='ocrx_word' id='word_1_135' title='bbox 589 2482 680 2544; x_wconf 74' lang='lat' dir='ltr'><strong>vel</strong></span> <span class='ocrx_word' id='word_1_136' title='bbox 700 2500 810 2561; x_wconf 77' lang='lat' dir='ltr'><strong>per</strong></span> <span class='ocrx_word' id='word_1_137' title='bbox 831 2486 1181 2547; x_wconf 69' lang='lat' dir='ltr'><strong>sontmtiam</strong></span> <span class='ocrx_word' id='word_1_138' title='bbox 1194 2484 1787 2564; x_wconf 59' lang='lat' dir='ltr'><strong>judicia—Duobus</strong></span> 
     </span>
     <span class='ocr_line' id='line_1_22' title="bbox 225 2573 1783 2657; baseline 0.004 -26"><span class='ocrx_word' id='word_1_139' title='bbox 225 2573 430 2632; x_wconf 89' lang='lat' dir='ltr'><strong>modis</strong></span> <span class='ocrx_word' id='word_1_140' title='bbox 483 2579 682 2651; x_wconf 90' lang='lat' dir='ltr'><strong>potest</strong></span> <span class='ocrx_word' id='word_1_141' title='bbox 732 2581 904 2636; x_wconf 86' lang='lat' dir='ltr'><strong>actus</strong></span> <span class='ocrx_word' id='word_1_142' title='bbox 945 2575 1081 2637; x_wconf 87' lang='lat' dir='ltr'><strong>fieri</strong></span> <span class='ocrx_word' id='word_1_143' title='bbox 1121 2576 1334 2639; x_wconf 85' lang='lat' dir='ltr'><strong>irritus</strong></span> <span class='ocrx_word' id='word_1_144' title='bbox 1382 2596 1492 2657; x_wconf 88' lang='lat' dir='ltr'><strong>per</strong></span> <span class='ocrx_word' id='word_1_145' title='bbox 1538 2578 1783 2657; x_wconf 84' lang='lat' dir='ltr'><strong>legem:</strong></span> 
     </span>
     <span class='ocr_line' id='line_1_23' title="bbox 223 2667 1788 2750; baseline 0.004 -25"><span class='ocrx_word' id='word_1_146' title='bbox 223 2684 354 2725; x_wconf 93' lang='lat' dir='ltr'><strong>uno</strong></span> <span class='ocrx_word' id='word_1_147' title='bbox 373 2667 583 2743; x_wconf 91' lang='lat' dir='ltr'><strong>modo,</strong></span> <span class='ocrx_word' id='word_1_148' title='bbox 608 2668 918 2731; x_wconf 87' lang='lat' dir='ltr'><strong>mediante</strong></span> <span class='ocrx_word' id='word_1_149' title='bbox 937 2672 1240 2732; x_wconf 88' lang='lat' dir='ltr'><strong>sententia</strong></span> <span class='ocrx_word' id='word_1_150' title='bbox 1260 2671 1503 2750; x_wconf 79' lang='lat' dir='ltr'><strong>judiciS,</strong></span> <span class='ocrx_word' id='word_1_151' title='bbox 1525 2672 1622 2733; x_wconf 76' lang='lat' dir='ltr'><strong>vel</strong></span> <span class='ocrx_word' id='word_1_152' title='bbox 1635 2690 1788 2732; x_wconf 85' lang='lat' dir='ltr'><strong>con-</strong></span> 
     </span>
     <span class='ocr_line' id='line_1_24' title="bbox 225 2758 1781 2842; baseline 0.004 -24"><span class='ocrx_word' id='word_1_153' title='bbox 225 2758 634 2836; x_wconf 89' lang='lat' dir='ltr'><strong>demnatoria,</strong></span> <span class='ocrx_word' id='word_1_154' title='bbox 664 2760 762 2821; x_wconf 87' lang='lat' dir='ltr'><strong>vel</strong></span> <span class='ocrx_word' id='word_1_155' title='bbox 798 2763 1013 2822; x_wconf 87' lang='lat' dir='ltr'><strong>saltem</strong></span> <span class='ocrx_word' id='word_1_156' title='bbox 1040 2763 1442 2825; x_wconf 85' lang='lat' dir='ltr'><strong>declaratoria</strong></span> <span class='ocrx_word' id='word_1_157' title='bbox 1469 2765 1745 2825; x_wconf 88' lang='lat' dir='ltr'><strong>criminis</strong></span> <span class='ocrx_word' id='word_1_158' title='bbox 1760 2780 1781 2842; x_wconf 82' lang='lat'><em>3</em></span> 
     </span>
     <span class='ocr_line' id='line_1_25' title="bbox 226 2850 1790 2933; baseline 0.004 -24"><span class='ocrx_word' id='word_1_159' title='bbox 226 2850 351 2910; x_wconf 91' lang='lat' dir='ltr'><strong>alio</strong></span> <span class='ocrx_word' id='word_1_160' title='bbox 393 2852 601 2928; x_wconf 90' lang='lat' dir='ltr'><strong>modo,</strong></span> <span class='ocrx_word' id='word_1_161' title='bbox 655 2853 1008 2914; x_wconf 86' lang='lat' dir='ltr'><strong>immediate</strong></span> <span class='ocrx_word' id='word_1_162' title='bbox 1055 2872 1166 2932; x_wconf 86' lang='lat' dir='ltr'><strong>per</strong></span> <span class='ocrx_word' id='word_1_163' title='bbox 1211 2855 1541 2932; x_wconf 87' lang='lat' dir='ltr'><strong>ipsammet</strong></span> <span class='ocrx_word' id='word_1_164' title='bbox 1585 2856 1790 2933; x_wconf 86' lang='lat' dir='ltr'><strong>legem</strong></span> 
     </span>
     <span class='ocr_line' id='line_1_26' title="bbox 231 2944 1788 3024; baseline 0.003 -22"><span class='ocrx_word' id='word_1_165' title='bbox 231 2944 440 3003; x_wconf 89' lang='lat' dir='ltr'><strong>statim</strong></span> <span class='ocrx_word' id='word_1_166' title='bbox 480 2962 551 3004; x_wconf 90' lang='lat' dir='ltr'><strong>ac</strong></span> <span class='ocrx_word' id='word_1_167' title='bbox 591 2944 662 3005; x_wconf 88' lang='lat' dir='ltr'><strong>fit</strong></span> <span class='ocrx_word' id='word_1_168' title='bbox 702 2964 810 3005; x_wconf 89' lang='lat' dir='ltr'><strong>seu</strong></span> <span class='ocrx_word' id='word_1_169' title='bbox 849 2947 1192 3006; x_wconf 88' lang='lat' dir='ltr'><strong>intentatur</strong></span> <span class='ocrx_word' id='word_1_170' title='bbox 1220 2951 1410 3006; x_wconf 88' lang='lat' dir='ltr'><strong>actus.</strong></span> <span class='ocrx_word' id='word_1_171' title='bbox 1459 2948 1528 3006; x_wconf 92' lang='lat' dir='ltr'><strong>In</strong></span> <span class='ocrx_word' id='word_1_172' title='bbox 1564 2946 1788 3024; x_wconf 89' lang='lat' dir='ltr'><strong>quibus</strong></span> 
     </span>
     <span class='ocr_line' id='line_1_27' title="bbox 153 3037 1790 3122; baseline 0.002 -27"><span class='ocrx_word' id='word_1_173' title='bbox 153 3113 156 3114; x_wconf 15' lang='lat'><em>⁷</em></span> <span class='ocrx_word' id='word_1_174' title='bbox 228 3037 451 3114; x_wconf 89' lang='lat' dir='ltr'><strong>modis,</strong></span> <span class='ocrx_word' id='word_1_175' title='bbox 470 3037 867 3099; x_wconf 89' lang='lat' dir='ltr'><strong>manifestum</strong></span> <span class='ocrx_word' id='word_1_176' title='bbox 895 3043 986 3098; x_wconf 86' lang='lat' dir='ltr'><strong>est</strong></span> <span class='ocrx_word' id='word_1_177' title='bbox 1009 3037 1320 3122; x_wconf 88' lang='lat' dir='ltr'><strong>difficilius</strong></span> <span class='ocrx_word' id='word_1_178' title='bbox 1334 3055 1466 3098; x_wconf 87' lang='lat' dir='ltr'><strong>esse</strong></span> <span class='ocrx_word' id='word_1_179' title='bbox 1487 3038 1790 3118; x_wconf 87' lang='lat' dir='ltr'><strong>impedire</strong></span> 
     </span>
     <span class='ocr_line' id='line_1_28' title="bbox 230 3130 1790 3211; baseline 0.002 -22"><span class='ocrx_word' id='word_1_180' title='bbox 230 3130 645 3192; x_wconf 86' lang='lat' dir='ltr'><strong>irritationem</strong></span> <span class='ocrx_word' id='word_1_181' title='bbox 672 3131 861 3194; x_wconf 87' lang='lat' dir='ltr'><strong>solius</strong></span> <span class='ocrx_word' id='word_1_182' title='bbox 886 3130 1064 3209; x_wconf 66' lang='lat' dir='ltr'><strong>legis»,</strong></span> <span class='ocrx_word' id='word_1_183' title='bbox 1094 3148 1283 3210; x_wconf 90' lang='lat' dir='ltr'><strong>quam</strong></span> <span class='ocrx_word' id='word_1_184' title='bbox 1324 3131 1495 3191; x_wconf 84' lang='lat' dir='ltr'><strong>illam</strong></span> <span class='ocrx_word' id='word_1_185' title='bbox 1526 3150 1662 3211; x_wconf 82' lang='lat' dir='ltr'><strong>quae</strong></span> <span class='ocrx_word' id='word_1_186' title='bbox 1692 3149 1790 3192; x_wconf 89' lang='lat' dir='ltr'><strong>re-</strong></span> 
     </span>
     <span class='ocr_line' id='line_1_29' title="bbox 229 3223 1790 3302; baseline 0.001 -20"><span class='ocrx_word' id='word_1_187' title='bbox 229 3223 423 3300; x_wconf 86' lang='lat' dir='ltr'><strong>quirit</strong></span> <span class='ocrx_word' id='word_1_188' title='bbox 449 3226 822 3286; x_wconf 85' lang='lat' dir='ltr'><strong>sententiam</strong></span> <span class='ocrx_word' id='word_1_189' title='bbox 839 3224 1091 3302; x_wconf 77' lang='lat' dir='ltr'><strong>judiciS,</strong></span> <span class='ocrx_word' id='word_1_190' title='bbox 1120 3224 1269 3302; x_wconf 83' lang='lat' dir='ltr'><strong>quia</strong></span> <span class='ocrx_word' id='word_1_191' title='bbox 1292 3223 1528 3284; x_wconf 87' lang='lat' dir='ltr'><strong>facilius</strong></span> <span class='ocrx_word' id='word_1_192' title='bbox 1554 3230 1645 3284; x_wconf 87' lang='lat' dir='ltr'><strong>est</strong></span> <span class='ocrx_word' id='word_1_193' title='bbox 1669 3224 1790 3284; x_wconf 88' lang='lat' dir='ltr'><strong>im-</strong></span> 
     </span>
     <span class='ocr_line' id='line_1_30' title="bbox 225 3316 1791 3396; baseline 0.001 -20"><span class='ocrx_word' id='word_1_194' title='bbox 225 3316 440 3394; x_wconf 88' lang='lat' dir='ltr'><strong>pedire</strong></span> <span class='ocrx_word' id='word_1_195' title='bbox 464 3317 741 3396; x_wconf 59' lang='lat' dir='ltr'><strong>,iudicem</strong></span> <span class='ocrx_word' id='word_1_196' title='bbox 767 3336 849 3378; x_wconf 90' lang='lat' dir='ltr'><strong>ne</strong></span> <span class='ocrx_word' id='word_1_197' title='bbox 874 3318 1245 3378; x_wconf 88' lang='lat' dir='ltr'><strong>sententiam</strong></span> <span class='ocrx_word' id='word_1_198' title='bbox 1283 3316 1575 3395; x_wconf 80' lang='lat' dir='ltr'><strong>proferat,</strong></span> <span class='ocrx_word' id='word_1_199' title='bbox 1600 3334 1791 3396; x_wconf 83' lang='lat' dir='ltr'><strong>quam</strong></span> 
     </span>
     <span class='ocr_line' id='line_1_31' title="bbox 226 3407 1790 3489; baseline 0.001 -21"><span class='ocrx_word' id='word_1_200' title='bbox 226 3407 426 3487; x_wconf 88' lang='lat' dir='ltr'><strong>legem</strong></span> <span class='ocrx_word' id='word_1_201' title='bbox 457 3428 536 3471; x_wconf 92' lang='lat' dir='ltr'><strong>ne</strong></span> <span class='ocrx_word' id='word_1_202' title='bbox 565 3416 874 3489; x_wconf 88' lang='lat' dir='ltr'><strong>operetur,</strong></span> <span class='ocrx_word' id='word_1_203' title='bbox 905 3418 968 3470; x_wconf 81' lang='lat' dir='ltr'><strong>et</strong></span> <span class='ocrx_word' id='word_1_204' title='bbox 1002 3409 1141 3470; x_wconf 92' lang='lat' dir='ltr'><strong>ideo</strong></span> <span class='ocrx_word' id='word_1_205' title='bbox 1167 3409 1271 3469; x_wconf 89' lang='lat' dir='ltr'><strong>hic</strong></span> <span class='ocrx_word' id='word_1_206' title='bbox 1303 3409 1581 3470; x_wconf 81' lang='lat' dir='ltr'><strong>dicemus</strong></span> <span class='ocrx_word' id='word_1_207' title='bbox 1602 3409 1679 3470; x_wconf 89' lang='lat' dir='ltr'><strong>de</strong></span> <span class='ocrx_word' id='word_1_208' title='bbox 1707 3409 1790 3469; x_wconf 89' lang='lat' dir='ltr'><strong>ir-</strong></span> 
     </span>
     <span class='ocr_line' id='line_1_32' title="bbox 226 3501 1790 3583; baseline 0.001 -22"><span class='ocrx_word' id='word_1_209' title='bbox 226 3503 516 3564; x_wconf 89' lang='lat' dir='ltr'><strong>ritatione</strong></span> <span class='ocrx_word' id='word_1_210' title='bbox 531 3521 641 3583; x_wconf 90' lang='lat' dir='ltr'><strong>per</strong></span> <span class='ocrx_word' id='word_1_211' title='bbox 651 3503 923 3581; x_wconf 86' lang='lat' dir='ltr'><strong>judicem</strong></span> <span class='ocrx_word' id='word_1_212' title='bbox 944 3501 1313 3577; x_wconf 85' lang='lat' dir='ltr'><strong>inducenda,</strong></span> <span class='ocrx_word' id='word_1_213' title='bbox 1334 3508 1397 3563; x_wconf 90' lang='lat' dir='ltr'><strong>et</strong></span> <span class='ocrx_word' id='word_1_214' title='bbox 1417 3504 1485 3563; x_wconf 92' lang='lat' dir='ltr'><strong>in</strong></span> <span class='ocrx_word' id='word_1_215' title='bbox 1505 3503 1790 3581; x_wconf 84' lang='lat' dir='ltr'><strong>sequenti</strong></span> 
     </span>
     <span class='ocr_line' id='line_1_33' title="bbox 228 3594 1791 3675; baseline 0 -20"><span class='ocrx_word' id='word_1_216' title='bbox 228 3594 306 3656; x_wconf 87' lang='lat' dir='ltr'><strong>de</strong></span> <span class='ocrx_word' id='word_1_217' title='bbox 326 3596 541 3657; x_wconf 86' lang='lat' dir='ltr'><strong>altera.</strong></span> <span class='ocrx_word' id='word_1_218' title='bbox 573 3598 649 3657; x_wconf 92' lang='lat' dir='ltr'><strong>Et</strong></span> <span class='ocrx_word' id='word_1_219' title='bbox 676 3596 959 3675; x_wconf 85' lang='lat' dir='ltr'><strong>quamvis</strong></span> <span class='ocrx_word' id='word_1_220' title='bbox 979 3595 1310 3675; x_wconf 78' lang='lat' dir='ltr'><strong>dupliciter</strong></span> <span class='ocrx_word' id='word_1_221' title='bbox 1331 3596 1522 3675; x_wconf 87' lang='lat' dir='ltr'><strong>possit</strong></span> <span class='ocrx_word' id='word_1_222' title='bbox 1557 3595 1791 3655; x_wconf 88' lang='lat' dir='ltr'><strong>irritari</strong></span> 
     </span>
     <span class='ocr_line' id='line_1_34' title="bbox 225 3688 1790 3769; baseline 0.001 -21"><span class='ocrx_word' id='word_1_223' title='bbox 225 3694 403 3750; x_wconf 85' lang='lat' dir='ltr'><strong>actus</strong></span> <span class='ocrx_word' id='word_1_224' title='bbox 440 3708 553 3769; x_wconf 87' lang='lat' dir='ltr'><strong>per</strong></span> <span class='ocrx_word' id='word_1_225' title='bbox 588 3690 956 3751; x_wconf 86' lang='lat' dir='ltr'><strong>sententiam</strong></span> <span class='ocrx_word' id='word_1_226' title='bbox 989 3688 1234 3768; x_wconf 82' lang='lat' dir='ltr'><strong>judicis,</strong></span> <span class='ocrx_word' id='word_1_227' title='bbox 1272 3688 1525 3764; x_wconf 86' lang='lat' dir='ltr'><strong>scilicet,</strong></span> <span class='ocrx_word' id='word_1_228' title='bbox 1552 3688 1650 3750; x_wconf 85' lang='lat' dir='ltr'><strong>vel</strong></span> <span class='ocrx_word' id='word_1_229' title='bbox 1677 3707 1790 3768; x_wconf 91' lang='lat' dir='ltr'><strong>per</strong></span> 
     </span>
     <span class='ocr_line' id='line_1_35' title="bbox 226 3781 1788 3856; baseline 0 -14"><span class='ocrx_word' id='word_1_230' title='bbox 226 3784 598 3844; x_wconf 82' lang='lat' dir='ltr'><strong>sententiam</strong></span> <span class='ocrx_word' id='word_1_231' title='bbox 632 3782 1222 3856; x_wconf 83' lang='lat' dir='ltr'><strong>condemnatoriam,</strong></span> <span class='ocrx_word' id='word_1_232' title='bbox 1252 3786 1313 3841; x_wconf 88' lang='lat' dir='ltr'><strong>et</strong></span> <span class='ocrx_word' id='word_1_233' title='bbox 1348 3781 1621 3841; x_wconf 88' lang='lat' dir='ltr'><strong>hominis</strong></span> <span class='ocrx_word' id='word_1_234' title='bbox 1645 3799 1788 3842; x_wconf 83' lang='lat' dir='ltr'><strong>exe-</strong></span> 
     </span>
     <span class='ocr_line' id='line_1_36' title="bbox 226 3874 1790 3955; baseline -0.001 -21"><span class='ocrx_word' id='word_1_235' title='bbox 226 3875 568 3952; x_wconf 86' lang='lat' dir='ltr'><strong>cutionem,</strong></span> <span class='ocrx_word' id='word_1_236' title='bbox 602 3876 701 3937; x_wconf 82' lang='lat' dir='ltr'><strong>vel</strong></span> <span class='ocrx_word' id='word_1_237' title='bbox 735 3892 845 3955; x_wconf 88' lang='lat' dir='ltr'><strong>per</strong></span> <span class='ocrx_word' id='word_1_238' title='bbox 864 3874 1328 3935; x_wconf 89' lang='lat' dir='ltr'><strong>declaratoriam</strong></span> <span class='ocrx_word' id='word_1_239' title='bbox 1363 3878 1634 3947; x_wconf 86' lang='lat' dir='ltr'><strong>tantum,</strong></span> <span class='ocrx_word' id='word_1_240' title='bbox 1666 3890 1790 3953; x_wconf 87' lang='lat' dir='ltr'><strong>qua</strong></span> 
     </span>
     <span class='ocr_line' id='line_1_37' title="bbox 222 3964 1790 4046; baseline -0.001 -20"><span class='ocrx_word' id='word_1_241' title='bbox 222 3967 427 4046; x_wconf 90' lang='lat' dir='ltr'><strong>posita</strong></span> <span class='ocrx_word' id='word_1_242' title='bbox 455 3969 663 4029; x_wconf 88' lang='lat' dir='ltr'><strong>statim</strong></span> <span class='ocrx_word' id='word_1_243' title='bbox 703 3966 805 4027; x_wconf 80' lang='lat' dir='ltr'><strong>lex</strong></span> <span class='ocrx_word' id='word_1_244' title='bbox 832 3970 1146 4044; x_wconf 82' lang='lat' dir='ltr'><strong>operatur,</strong></span> <span class='ocrx_word' id='word_1_245' title='bbox 1178 3964 1342 4023; x_wconf 87' lang='lat' dir='ltr'><strong>inter</strong></span> <span class='ocrx_word' id='word_1_246' title='bbox 1381 3981 1535 4041; x_wconf 86' lang='lat' dir='ltr'><strong>quos</strong></span> <span class='ocrx_word' id='word_1_247' title='bbox 1573 3964 1790 4024; x_wconf 88' lang='lat' dir='ltr'><strong>modos</strong></span> 
     </span>
     <span class='ocr_line' id='line_1_38' title="bbox 221 4054 1792 4139; baseline -0.003 -19"><span class='ocrx_word' id='word_1_248' title='bbox 221 4065 320 4120; x_wconf 88' lang='lat' dir='ltr'><strong>est</strong></span> <span class='ocrx_word' id='word_1_249' title='bbox 346 4078 574 4139; x_wconf 85' lang='lat' dir='ltr'><strong>magna</strong></span> <span class='ocrx_word' id='word_1_250' title='bbox 605 4058 973 4132; x_wconf 79' lang='lat' dir='ltr'><strong>differentia,</strong></span> <span class='ocrx_word' id='word_1_251' title='bbox 1003 4061 1076 4115; x_wconf 83' lang='lat' dir='ltr'><strong>nt</strong></span> <span class='ocrx_word' id='word_1_252' title='bbox 1100 4055 1264 4115; x_wconf 84' lang='lat' dir='ltr'><strong>infra</strong></span> <span class='ocrx_word' id='word_1_253' title='bbox 1290 4054 1490 4115; x_wconf 86' lang='lat' dir='ltr'><strong>videbi</strong></span> <span class='ocrx_word' id='word_1_254' title='bbox 1499 4072 1674 4132; x_wconf 86' lang='lat' dir='ltr'><strong>mus;</strong></span> <span class='ocrx_word' id='word_1_255' title='bbox 1699 4061 1792 4116; x_wconf 86' lang='lat' dir='ltr'><strong>ta-</strong></span> 
     </span>
     <span class='ocr_line' id='line_1_39' title="bbox 224 4147 1792 4230; baseline -0.001 -20"><span class='ocrx_word' id='word_1_256' title='bbox 224 4169 373 4212; x_wconf 92' lang='lat' dir='ltr'><strong>men</strong></span> <span class='ocrx_word' id='word_1_257' title='bbox 413 4154 479 4211; x_wconf 89' lang='lat' dir='ltr'><strong>in</strong></span> <span class='ocrx_word' id='word_1_258' title='bbox 527 4150 819 4230; x_wconf 76' lang='lat' dir='ltr'><strong>praesenti</strong></span> <span class='ocrx_word' id='word_1_259' title='bbox 846 4166 977 4208; x_wconf 88' lang='lat' dir='ltr'><strong>non</strong></span> <span class='ocrx_word' id='word_1_260' title='bbox 1021 4147 1292 4208; x_wconf 87' lang='lat' dir='ltr'><strong>multum</strong></span> <span class='ocrx_word' id='word_1_261' title='bbox 1331 4147 1610 4219; x_wconf 87' lang='lat' dir='ltr'><strong>interest,</strong></span> <span class='ocrx_word' id='word_1_262' title='bbox 1643 4149 1792 4226; x_wconf 87' lang='lat' dir='ltr'><strong>quia</strong></span> 
     </span>
     <span class='ocr_line' id='line_1_40' title="bbox 226 4239 1792 4324; baseline -0.001 -21"><span class='ocrx_word' id='word_1_263' title='bbox 226 4244 374 4303; x_wconf 89' lang='lat' dir='ltr'><strong>satis</strong></span> <span class='ocrx_word' id='word_1_264' title='bbox 399 4261 565 4303; x_wconf 88' lang='lat' dir='ltr'><strong>nunc</strong></span> <span class='ocrx_word' id='word_1_265' title='bbox 592 4249 683 4302; x_wconf 90' lang='lat' dir='ltr'><strong>est</strong></span> <span class='ocrx_word' id='word_1_266' title='bbox 717 4241 883 4320; x_wconf 88' lang='lat' dir='ltr'><strong>quod</strong></span> <span class='ocrx_word' id='word_1_267' title='bbox 910 4245 1084 4301; x_wconf 88' lang='lat' dir='ltr'><strong>actus</strong></span> <span class='ocrx_word' id='word_1_268' title='bbox 1109 4255 1238 4299; x_wconf 81' lang='lat' dir='ltr'><strong>non</strong></span> <span class='ocrx_word' id='word_1_269' title='bbox 1277 4239 1360 4299; x_wconf 85' lang='lat' dir='ltr'><strong>sit</strong></span> <span class='ocrx_word' id='word_1_270' title='bbox 1396 4239 1608 4324; x_wconf 77' lang='lat' dir='ltr'><strong>irritus</strong></span> <span class='ocrx_word' id='word_1_271' title='bbox 1646 4245 1792 4301; x_wconf 85' lang='lat' dir='ltr'><strong>ante</strong></span> 
     </span>
     <span class='ocr_line' id='line_1_41' title="bbox 223 4330 1781 4413; baseline 0 -19"><span class='ocrx_word' id='word_1_272' title='bbox 223 4334 592 4395; x_wconf 90' lang='lat' dir='ltr'><strong>sententiam</strong></span> <span class='ocrx_word' id='word_1_273' title='bbox 606 4350 627 4411; x_wconf 84' lang='lat'>3</span> <span class='ocrx_word' id='word_1_274' title='bbox 643 4333 806 4413; x_wconf 86' lang='lat' dir='ltr'><strong>quod</strong></span> <span class='ocrx_word' id='word_1_275' title='bbox 823 4333 876 4394; x_wconf 90' lang='lat' dir='ltr'><strong>si</strong></span> <span class='ocrx_word' id='word_1_276' title='bbox 893 4332 1128 4411; x_wconf 86' lang='lat' dir='ltr'><strong>aliquid</strong></span> <span class='ocrx_word' id='word_1_277' title='bbox 1143 4330 1406 4411; x_wconf 81' lang='lat' dir='ltr'><strong>speciale</strong></span> <span class='ocrx_word' id='word_1_278' title='bbox 1423 4333 1781 4409; x_wconf 88' lang='lat' dir='ltr'><strong>occurrerit,</strong></span> 
     </span>
     <span class='ocr_line' id='line_1_42' title="bbox 219 4426 641 4487; baseline -0.002 0"><span class='ocrx_word' id='word_1_279' title='bbox 219 4426 641 4487; x_wconf 89' lang='lat' dir='ltr'><strong>adnotabitur.</strong></span> 
     </span>
    </p>

    <p class='ocr_par' dir='ltr' id='par_1_6' title="bbox 224 4516 1795 5529">
     <span class='ocr_line' id='line_1_43' title="bbox 304 4516 1789 4600; baseline 0 -20"><span class='ocrx_word' id='word_1_280' title='bbox 304 4522 367 4580; x_wconf 55' lang='grc' dir='ltr'><strong>ἢ.</strong></span> <span class='ocrx_word' id='word_1_281' title='bbox 412 4520 647 4599; x_wconf 73' lang='lat' dir='ltr'><strong>Reyula</strong></span> <span class='ocrx_word' id='word_1_282' title='bbox 687 4516 1330 4600; x_wconf 51' lang='lat' dir='ltr'><strong>pennalis—Regula</strong></span> <span class='ocrx_word' id='word_1_283' title='bbox 1355 4534 1504 4599; x_wconf 84' lang='lat' dir='ltr'><strong>ergo</strong></span> <span class='ocrx_word' id='word_1_284' title='bbox 1533 4534 1789 4597; x_wconf 85' lang='lat' dir='ltr'><strong>genera-</strong></span> 
     </span>
     <span class='ocr_line' id='line_1_44' title="bbox 224 4611 1792 4692; baseline 0 -19"><span class='ocrx_word' id='word_1_285' title='bbox 224 4614 302 4673; x_wconf 89' lang='lat' dir='ltr'><strong>lis</strong></span> <span class='ocrx_word' id='word_1_286' title='bbox 344 4615 457 4674; x_wconf 90' lang='lat' dir='ltr'><strong>sit:</strong></span> <span class='ocrx_word' id='word_1_287' title='bbox 491 4613 731 4692; x_wconf 85' lang='lat' dir='ltr'><strong>quoties</strong></span> <span class='ocrx_word' id='word_1_288' title='bbox 759 4611 860 4673; x_wconf 86' lang='lat' dir='ltr'><strong>lex</strong></span> <span class='ocrx_word' id='word_1_289' title='bbox 894 4612 1098 4673; x_wconf 86' lang='lat' dir='ltr'><strong>irritat</strong></span> <span class='ocrx_word' id='word_1_290' title='bbox 1137 4619 1345 4674; x_wconf 85' lang='lat' dir='ltr'><strong>actum</strong></span> <span class='ocrx_word' id='word_1_291' title='bbox 1372 4612 1792 4692; x_wconf 74' lang='lat' dir='ltr'><strong>dependenter</strong></span> 
     </span>
     <span class='ocr_line' id='line_1_45' title="bbox 226 4704 1794 4784; baseline -0.002 -17"><span class='ocrx_word' id='word_1_292' title='bbox 226 4725 266 4766; x_wconf 92' lang='lat' dir='ltr'><strong>a</strong></span> <span class='ocrx_word' id='word_1_293' title='bbox 299 4707 601 4767; x_wconf 89' lang='lat' dir='ltr'><strong>sententia</strong></span> <span class='ocrx_word' id='word_1_294' title='bbox 618 4705 847 4783; x_wconf 89' lang='lat' dir='ltr'><strong>judicis</strong></span> <span class='ocrx_word' id='word_1_295' title='bbox 851 4749 871 4780; x_wconf 89' lang='lat'><strong>,</strong></span> <span class='ocrx_word' id='word_1_296' title='bbox 896 4704 1042 4766; x_wconf 88' lang='lat' dir='ltr'><strong>licet</strong></span> <span class='ocrx_word' id='word_1_297' title='bbox 1066 4710 1238 4765; x_wconf 90' lang='lat' dir='ltr'><strong>actus</strong></span> <span class='ocrx_word' id='word_1_298' title='bbox 1265 4723 1304 4766; x_wconf 89' lang='lat' dir='ltr'><strong>a</strong></span> <span class='ocrx_word' id='word_1_299' title='bbox 1328 4704 1632 4784; x_wconf 84' lang='lat' dir='ltr'><strong>principio</strong></span> <span class='ocrx_word' id='word_1_300' title='bbox 1654 4704 1794 4764; x_wconf 89' lang='lat' dir='ltr'><strong>irri-</strong></span> 
     </span>
     <span class='ocr_line' id='line_1_46' title="bbox 226 4797 1792 4876; baseline -0.002 -18"><span class='ocrx_word' id='word_1_301' title='bbox 226 4798 435 4858; x_wconf 88' lang='lat' dir='ltr'><strong>tabilis</strong></span> <span class='ocrx_word' id='word_1_302' title='bbox 457 4798 536 4858; x_wconf 91' lang='lat' dir='ltr'><strong>sit</strong></span> <span class='ocrx_word' id='word_1_303' title='bbox 566 4798 806 4858; x_wconf 88' lang='lat' dir='ltr'><strong>ratione</strong></span> <span class='ocrx_word' id='word_1_304' title='bbox 835 4798 1012 4876; x_wconf 76' lang='lat' dir='ltr'><strong>legiS,</strong></span> <span class='ocrx_word' id='word_1_305' title='bbox 1053 4803 1123 4858; x_wconf 91' lang='lat' dir='ltr'><strong>ut</strong></span> <span class='ocrx_word' id='word_1_306' title='bbox 1154 4815 1265 4876; x_wconf 89' lang='lat' dir='ltr'><strong>per</strong></span> <span class='ocrx_word' id='word_1_307' title='bbox 1290 4815 1354 4857; x_wconf 88' lang='lat' dir='ltr'><strong>se</strong></span> <span class='ocrx_word' id='word_1_308' title='bbox 1381 4801 1643 4871; x_wconf 87' lang='lat' dir='ltr'><strong>constat,</strong></span> <span class='ocrx_word' id='word_1_309' title='bbox 1685 4797 1792 4856; x_wconf 84' lang='lat' dir='ltr'><strong>ni-</strong></span> 
     </span>
     <span class='ocr_line' id='line_1_47' title="bbox 226 4888 1793 4968; baseline -0.001 -18"><span class='ocrx_word' id='word_1_310' title='bbox 226 4890 567 4951; x_wconf 91' lang='lat' dir='ltr'><strong>hilominus</strong></span> <span class='ocrx_word' id='word_1_311' title='bbox 595 4891 730 4968; x_wconf 86' lang='lat' dir='ltr'><strong>ejus</strong></span> <span class='ocrx_word' id='word_1_312' title='bbox 757 4890 1019 4951; x_wconf 90' lang='lat' dir='ltr'><strong>irritatio</strong></span> <span class='ocrx_word' id='word_1_313' title='bbox 1041 4890 1253 4950; x_wconf 90' lang='lat' dir='ltr'><strong>multis</strong></span> <span class='ocrx_word' id='word_1_314' title='bbox 1280 4889 1479 4949; x_wconf 88' lang='lat' dir='ltr'><strong>modis</strong></span> <span class='ocrx_word' id='word_1_315' title='bbox 1504 4888 1793 4968; x_wconf 90' lang='lat' dir='ltr'><strong>impediri</strong></span> 
     </span>
     <span class='ocr_line' id='line_1_48' title="bbox 227 4983 1793 5062; baseline -0.003 -18"><span class='ocrx_word' id='word_1_316' title='bbox 227 4988 463 5062; x_wconf 83' lang='lat' dir='ltr'><strong>potest3</strong></span> <span class='ocrx_word' id='word_1_317' title='bbox 491 4989 556 5044; x_wconf 93' lang='lat' dir='ltr'><strong>et</strong></span> <span class='ocrx_word' id='word_1_318' title='bbox 582 4983 733 5043; x_wconf 90' lang='lat' dir='ltr'><strong>dum</strong></span> <span class='ocrx_word' id='word_1_319' title='bbox 761 5001 890 5043; x_wconf 92' lang='lat' dir='ltr'><strong>non</strong></span> <span class='ocrx_word' id='word_1_320' title='bbox 910 4983 1192 5042; x_wconf 82' lang='lat' dir='ltr'><strong>irritatur</strong></span> <span class='ocrx_word' id='word_1_321' title='bbox 1229 4987 1426 5055; x_wconf 73' lang='lat' dir='ltr'><strong>actuS,</strong></span> <span class='ocrx_word' id='word_1_322' title='bbox 1469 4985 1793 5060; x_wconf 85' lang='lat' dir='ltr'><strong>permanet</strong></span> 
     </span>
     <span class='ocr_line' id='line_1_49' title="bbox 225 5071 1793 5153; baseline -0.004 -16"><span class='ocrx_word' id='word_1_323' title='bbox 225 5076 492 5151; x_wconf 81' lang='lat' dir='ltr'><strong>validuS,</strong></span> <span class='ocrx_word' id='word_1_324' title='bbox 537 5076 665 5136; x_wconf 85' lang='lat' dir='ltr'><strong>sive</strong></span> <span class='ocrx_word' id='word_1_325' title='bbox 698 5076 861 5153; x_wconf 81' lang='lat' dir='ltr'><strong>juste</strong></span> <span class='ocrx_word' id='word_1_326' title='bbox 892 5075 1021 5135; x_wconf 85' lang='lat' dir='ltr'><strong>sive</strong></span> <span class='ocrx_word' id='word_1_327' title='bbox 1054 5074 1280 5152; x_wconf 87' lang='lat' dir='ltr'><strong>injuste</strong></span> <span class='ocrx_word' id='word_1_328' title='bbox 1305 5071 1572 5132; x_wconf 86' lang='lat' dir='ltr'><strong>irritatio</strong></span> <span class='ocrx_word' id='word_1_329' title='bbox 1599 5074 1793 5151; x_wconf 90' lang='lat' dir='ltr'><strong>impe-</strong></span> 
     </span>
     <span class='ocr_line' id='line_1_50' title="bbox 227 5164 1794 5246; baseline -0.004 -17"><span class='ocrx_word' id='word_1_330' title='bbox 227 5169 468 5244; x_wconf 87' lang='lat' dir='ltr'><strong>diatur3</strong></span> <span class='ocrx_word' id='word_1_331' title='bbox 499 5175 761 5246; x_wconf 87' lang='lat' dir='ltr'><strong>utroque</strong></span> <span class='ocrx_word' id='word_1_332' title='bbox 788 5168 958 5229; x_wconf 86' lang='lat' dir='ltr'><strong>enim</strong></span> <span class='ocrx_word' id='word_1_333' title='bbox 985 5167 1171 5227; x_wconf 89' lang='lat' dir='ltr'><strong>modo</strong></span> <span class='ocrx_word' id='word_1_334' title='bbox 1194 5166 1262 5226; x_wconf 86' lang='lat' dir='ltr'><strong>id</strong></span> <span class='ocrx_word' id='word_1_335' title='bbox 1291 5164 1651 5242; x_wconf 88' lang='lat' dir='ltr'><strong>contingere</strong></span> <span class='ocrx_word' id='word_1_336' title='bbox 1680 5183 1794 5243; x_wconf 91' lang='lat' dir='ltr'><strong>po-</strong></span> 
     </span>
     <span class='ocr_line' id='line_1_51' title="bbox 228 5256 1794 5339; baseline -0.003 -19"><span class='ocrx_word' id='word_1_337' title='bbox 228 5266 370 5321; x_wconf 91' lang='lat' dir='ltr'><strong>test.</strong></span> <span class='ocrx_word' id='word_1_338' title='bbox 404 5262 610 5321; x_wconf 89' lang='lat' dir='ltr'><strong>Primo</strong></span> <span class='ocrx_word' id='word_1_339' title='bbox 637 5261 806 5322; x_wconf 90' lang='lat' dir='ltr'><strong>enim</strong></span> <span class='ocrx_word' id='word_1_340' title='bbox 850 5259 1190 5339; x_wconf 84' lang='lat' dir='ltr'><strong>impeditur</strong></span> <span class='ocrx_word' id='word_1_341' title='bbox 1224 5257 1357 5318; x_wconf 88' lang='lat' dir='ltr'><strong>sine</strong></span> <span class='ocrx_word' id='word_1_342' title='bbox 1383 5256 1708 5334; x_wconf 79' lang='lat' dir='ltr'><strong>injustitia,</strong></span> <span class='ocrx_word' id='word_1_343' title='bbox 1741 5256 1794 5316; x_wconf 91' lang='lat' dir='ltr'><strong>si</strong></span> 
     </span>
     <span class='ocr_line' id='line_1_52' title="bbox 229 5347 1795 5431; baseline -0.003 -18"><span class='ocrx_word' id='word_1_344' title='bbox 229 5359 401 5413; x_wconf 88' lang='lat' dir='ltr'><strong>actus</strong></span> <span class='ocrx_word' id='word_1_345' title='bbox 429 5355 507 5414; x_wconf 90' lang='lat' dir='ltr'><strong>sit</strong></span> <span class='ocrx_word' id='word_1_346' title='bbox 529 5353 829 5428; x_wconf 73' lang='lat' dir='ltr'><strong>occultae,</strong></span> <span class='ocrx_word' id='word_1_347' title='bbox 849 5354 940 5414; x_wconf 91' lang='lat' dir='ltr'><strong>ita</strong></span> <span class='ocrx_word' id='word_1_348' title='bbox 962 5358 1033 5413; x_wconf 90' lang='lat' dir='ltr'><strong>ut</strong></span> <span class='ocrx_word' id='word_1_349' title='bbox 1054 5353 1121 5411; x_wconf 93' lang='lat' dir='ltr'><strong>in</strong></span> <span class='ocrx_word' id='word_1_350' title='bbox 1140 5350 1374 5431; x_wconf 83' lang='lat' dir='ltr'><strong>judicio</strong></span> <span class='ocrx_word' id='word_1_351' title='bbox 1394 5347 1643 5427; x_wconf 76' lang='lat' dir='ltr'><strong>probari</strong></span> <span class='ocrx_word' id='word_1_352' title='bbox 1665 5367 1795 5409; x_wconf 90' lang='lat' dir='ltr'><strong>non</strong></span> 
     </span>
     <span class='ocr_line' id='line_1_53' title="bbox 226 5445 1791 5529; baseline -0.002 -23"><span class='ocrx_word' id='word_1_353' title='bbox 226 5448 441 5529; x_wconf 87' lang='lat' dir='ltr'><strong>possit,</strong></span> <span class='ocrx_word' id='word_1_354' title='bbox 456 5448 603 5528; x_wconf 85' lang='lat' dir='ltr'><strong>quia</strong></span> <span class='ocrx_word' id='word_1_355' title='bbox 616 5465 691 5509; x_wconf 85' lang='lat' dir='ltr'><strong>ex</strong></span> <span class='ocrx_word' id='word_1_356' title='bbox 707 5446 774 5509; x_wconf 81' lang='lat' dir='ltr'><strong>vi</strong></span> <span class='ocrx_word' id='word_1_357' title='bbox 789 5445 932 5508; x_wconf 84' lang='lat' dir='ltr'><strong>talis</strong></span> <span class='ocrx_word' id='word_1_358' title='bbox 949 5445 1105 5527; x_wconf 84' lang='lat' dir='ltr'><strong>legis</strong></span> <span class='ocrx_word' id='word_1_359' title='bbox 1120 5462 1306 5509; x_wconf 88' lang='lat' dir='ltr'><strong>nemo</strong></span> <span class='ocrx_word' id='word_1_360' title='bbox 1321 5447 1570 5504; x_wconf 87' lang='lat' dir='ltr'><strong>tenetur</strong></span> <span class='ocrx_word' id='word_1_361' title='bbox 1581 5447 1791 5504; x_wconf 85' lang='lat' dir='ltr'><strong>actum</strong></span> 
     </span>
    </p>
   </div>
   <div class='ocr_carea' id='block_1_6' title="bbox 1857 438 3485 5522">
    <p class='ocr_par' dir='ltr' id='par_1_7' title="bbox 1857 438 3430 2841">
     <span class='ocr_line' id='line_1_54' title="bbox 1857 438 3426 524; baseline 0.005 -22"><span class='ocrx_word' id='word_1_362' title='bbox 1857 459 2042 503; x_wconf 86' lang='lat' dir='ltr'><strong>suum</strong></span> <span class='ocrx_word' id='word_1_363' title='bbox 2064 442 2331 518; x_wconf 84' lang='lat' dir='ltr'><strong>irritare,</strong></span> <span class='ocrx_word' id='word_1_364' title='bbox 2357 443 2454 504; x_wconf 83' lang='lat' dir='ltr'><strong>vel</strong></span> <span class='ocrx_word' id='word_1_365' title='bbox 2488 449 2870 506; x_wconf 84' lang='lat' dir='ltr'><strong>contractum</strong></span> <span class='ocrx_word' id='word_1_366' title='bbox 2893 438 3299 524; x_wconf 80' lang='lat' dir='ltr'><strong>dissolvendo,</strong></span> <span class='ocrx_word' id='word_1_367' title='bbox 3322 448 3426 510; x_wconf 83' lang='lat' dir='ltr'><strong>vel</strong></span> 
     </span>
     <span class='ocr_line' id='line_1_55' title="bbox 1858 535 3425 618; baseline 0.005 -24"><span class='ocrx_word' id='word_1_368' title='bbox 1858 535 2178 614; x_wconf 81' lang='lat' dir='ltr'><strong>spoliando</strong></span> <span class='ocrx_word' id='word_1_369' title='bbox 2204 553 2268 596; x_wconf 88' lang='lat' dir='ltr'><strong>se</strong></span> <span class='ocrx_word' id='word_1_370' title='bbox 2317 535 2500 597; x_wconf 90' lang='lat' dir='ltr'><strong>rebus</strong></span> <span class='ocrx_word' id='word_1_371' title='bbox 2531 538 2816 616; x_wconf 74' lang='lat' dir='ltr'><strong>acceptiS,</strong></span> <span class='ocrx_word' id='word_1_372' title='bbox 2860 543 2931 598; x_wconf 91' lang='lat' dir='ltr'><strong>ut</strong></span> <span class='ocrx_word' id='word_1_373' title='bbox 2971 538 3170 617; x_wconf 88' lang='lat' dir='ltr'><strong>capite</strong></span> <span class='ocrx_word' id='word_1_374' title='bbox 3197 557 3425 618; x_wconf 83' lang='lat' dir='ltr'><strong>praece-</strong></span> 
     </span>
     <span class='ocr_line' id='line_1_56' title="bbox 1862 627 3426 710; baseline 0.004 -23"><span class='ocrx_word' id='word_1_375' title='bbox 1862 627 2032 688; x_wconf 87' lang='lat' dir='ltr'><strong>denti</strong></span> <span class='ocrx_word' id='word_1_376' title='bbox 2067 628 2301 689; x_wconf 84' lang='lat' dir='ltr'><strong>dictum</strong></span> <span class='ocrx_word' id='word_1_377' title='bbox 2332 634 2448 690; x_wconf 89' lang='lat' dir='ltr'><strong>est.</strong></span> <span class='ocrx_word' id='word_1_378' title='bbox 2493 630 2571 689; x_wconf 89' lang='lat' dir='ltr'><strong>Et</strong></span> <span class='ocrx_word' id='word_1_379' title='bbox 2595 629 2736 690; x_wconf 90' lang='lat' dir='ltr'><strong>ideo</strong></span> <span class='ocrx_word' id='word_1_380' title='bbox 2767 627 2925 690; x_wconf 86' lang='lat' dir='ltr'><strong>nihil</strong></span> <span class='ocrx_word' id='word_1_381' title='bbox 2958 635 3167 709; x_wconf 90' lang='lat' dir='ltr'><strong>peccat</strong></span> <span class='ocrx_word' id='word_1_382' title='bbox 3197 633 3306 710; x_wconf 89' lang='lat' dir='ltr'><strong>qui</strong></span> <span class='ocrx_word' id='word_1_383' title='bbox 3332 638 3426 693; x_wconf 87' lang='lat' dir='ltr'><strong>ta-</strong></span> 
     </span>
     <span class='ocr_line' id='line_1_57' title="bbox 1860 720 3423 801; baseline 0.003 -21"><span class='ocrx_word' id='word_1_384' title='bbox 1860 720 1985 782; x_wconf 88' lang='lat' dir='ltr'><strong>lem</strong></span> <span class='ocrx_word' id='word_1_385' title='bbox 2009 726 2212 782; x_wconf 84' lang='lat' dir='ltr'><strong>actum</strong></span> <span class='ocrx_word' id='word_1_386' title='bbox 2234 721 2543 782; x_wconf 88' lang='lat' dir='ltr'><strong>occultum</strong></span> <span class='ocrx_word' id='word_1_387' title='bbox 2560 726 2860 801; x_wconf 82' lang='lat' dir='ltr'><strong>tanquam</strong></span> <span class='ocrx_word' id='word_1_388' title='bbox 2876 724 3139 784; x_wconf 49' lang='lat' dir='ltr'><strong>*omnino</strong></span> <span class='ocrx_word' id='word_1_389' title='bbox 3166 723 3423 785; x_wconf 87' lang='lat' dir='ltr'><strong>firmum</strong></span> 
     </span>
     <span class='ocr_line' id='line_1_58' title="bbox 1861 812 3425 895; baseline 0.003 -22"><span class='ocrx_word' id='word_1_390' title='bbox 1861 818 1923 874; x_wconf 89' lang='lat' dir='ltr'><strong>et</strong></span> <span class='ocrx_word' id='word_1_391' title='bbox 1971 812 2248 875; x_wconf 84' lang='lat' dir='ltr'><strong>validum</strong></span> <span class='ocrx_word' id='word_1_392' title='bbox 2303 820 2601 894; x_wconf 78' lang='lat' dir='ltr'><strong>perpetuo</strong></span> <span class='ocrx_word' id='word_1_393' title='bbox 2646 822 2991 891; x_wconf 85' lang='lat' dir='ltr'><strong>conservat,</strong></span> <span class='ocrx_word' id='word_1_394' title='bbox 3032 816 3180 895; x_wconf 85' lang='lat' dir='ltr'><strong>quia</strong></span> <span class='ocrx_word' id='word_1_395' title='bbox 3207 834 3425 878; x_wconf 76' lang='lat' dir='ltr'><strong>revera</strong></span> 
     </span>
     <span class='ocr_line' id='line_1_59' title="bbox 1861 905 3426 989; baseline 0.004 -23"><span class='ocrx_word' id='word_1_396' title='bbox 1861 905 2002 966; x_wconf 89' lang='lat' dir='ltr'><strong>talis</strong></span> <span class='ocrx_word' id='word_1_397' title='bbox 2027 912 2122 967; x_wconf 88' lang='lat' dir='ltr'><strong>est</strong></span> <span class='ocrx_word' id='word_1_398' title='bbox 2142 908 2438 986; x_wconf 86' lang='lat' dir='ltr'><strong>quamdiu</strong></span> <span class='ocrx_word' id='word_1_399' title='bbox 2463 926 2500 969; x_wconf 90' lang='lat' dir='ltr'><strong>a</strong></span> <span class='ocrx_word' id='word_1_400' title='bbox 2518 907 2727 986; x_wconf 82' lang='lat' dir='ltr'><strong>judice</strong></span> <span class='ocrx_word' id='word_1_401' title='bbox 2740 926 2872 970; x_wconf 81' lang='lat' dir='ltr'><strong>non</strong></span> <span class='ocrx_word' id='word_1_402' title='bbox 2890 910 3191 971; x_wconf 68' lang='lat' dir='ltr'><strong>irritatum</strong></span> <span class='ocrx_word' id='word_1_403' title='bbox 3213 910 3426 989; x_wconf 79' lang='lat' dir='ltr'><strong>Neque</strong></span> 
     </span>
     <span class='ocr_line' id='line_1_60' title="bbox 1863 999 3429 1079; baseline 0.003 -19"><span class='ocrx_word' id='word_1_404' title='bbox 1863 999 2053 1060; x_wconf 84' lang='lat' dir='ltr'><strong>etiam</strong></span> <span class='ocrx_word' id='word_1_405' title='bbox 2081 1006 2290 1079; x_wconf 86' lang='lat' dir='ltr'><strong>peccat</strong></span> <span class='ocrx_word' id='word_1_406' title='bbox 2308 1001 2558 1062; x_wconf 81' lang='lat' dir='ltr'><strong>etiamsi</strong></span> <span class='ocrx_word' id='word_1_407' title='bbox 2582 1006 2792 1063; x_wconf 87' lang='lat' dir='ltr'><strong>actum</strong></span> <span class='ocrx_word' id='word_1_408' title='bbox 2818 1002 3128 1065; x_wconf 86' lang='lat' dir='ltr'><strong>occultum</strong></span> <span class='ocrx_word' id='word_1_409' title='bbox 3159 1004 3429 1065; x_wconf 87' lang='lat' dir='ltr'><strong>retineat</strong></span> 
     </span>
     <span class='ocr_line' id='line_1_61' title="bbox 1861 1092 3427 1176; baseline 0.004 -23"><span class='ocrx_word' id='word_1_410' title='bbox 1861 1110 1941 1154; x_wconf 89' lang='lat' dir='ltr'><strong>ne</strong></span> <span class='ocrx_word' id='word_1_411' title='bbox 1972 1092 2274 1169; x_wconf 75' lang='lat' dir='ltr'><strong>imitetur,</strong></span> <span class='ocrx_word' id='word_1_412' title='bbox 2319 1094 2465 1174; x_wconf 91' lang='lat' dir='ltr'><strong>quia</strong></span> <span class='ocrx_word' id='word_1_413' title='bbox 2505 1112 2582 1157; x_wconf 86' lang='lat' dir='ltr'><strong>ex</strong></span> <span class='ocrx_word' id='word_1_414' title='bbox 2616 1094 2735 1157; x_wconf 88' lang='lat' dir='ltr'><strong>hoc</strong></span> <span class='ocrx_word' id='word_1_415' title='bbox 2771 1095 2973 1176; x_wconf 87' lang='lat' dir='ltr'><strong>capite</strong></span> <span class='ocrx_word' id='word_1_416' title='bbox 3003 1114 3132 1157; x_wconf 85' lang='lat' dir='ltr'><strong>non</strong></span> <span class='ocrx_word' id='word_1_417' title='bbox 3156 1097 3427 1159; x_wconf 74' lang='lat' dir='ltr'><strong>violatur</strong></span> 
     </span>
     <span class='ocr_line' id='line_1_62' title="bbox 1862 1185 3425 1267; baseline 0.004 -21"><span class='ocrx_word' id='word_1_418' title='bbox 1862 1185 1984 1261; x_wconf 87' lang='lat' dir='ltr'><strong>lex,</strong></span> <span class='ocrx_word' id='word_1_419' title='bbox 2016 1205 2130 1247; x_wconf 90' lang='lat' dir='ltr'><strong>nec</strong></span> <span class='ocrx_word' id='word_1_420' title='bbox 2150 1186 2335 1248; x_wconf 80' lang='lat' dir='ltr'><strong>elicui</strong></span> <span class='ocrx_word' id='word_1_421' title='bbox 2366 1186 2438 1248; x_wconf 80' lang='lat' dir='ltr'><strong>fit</strong></span> <span class='ocrx_word' id='word_1_422' title='bbox 2456 1187 2722 1267; x_wconf 80' lang='lat' dir='ltr'><strong>injuria3</strong></span> <span class='ocrx_word' id='word_1_423' title='bbox 2742 1190 3088 1251; x_wconf 87' lang='lat' dir='ltr'><strong>cavendum</strong></span> <span class='ocrx_word' id='word_1_424' title='bbox 3105 1195 3198 1251; x_wconf 84' lang='lat' dir='ltr'><strong>est</strong></span> <span class='ocrx_word' id='word_1_425' title='bbox 3208 1196 3425 1252; x_wconf 70' lang='lat' dir='ltr'><strong>antem</strong></span> 
     </span>
     <span class='ocr_line' id='line_1_63' title="bbox 1862 1279 3425 1361; baseline 0.005 -23"><span class='ocrx_word' id='word_1_426' title='bbox 1862 1297 1941 1339; x_wconf 91' lang='lat' dir='ltr'><strong>ne</strong></span> <span class='ocrx_word' id='word_1_427' title='bbox 1975 1279 2043 1339; x_wconf 91' lang='lat' dir='ltr'><strong>in</strong></span> <span class='ocrx_word' id='word_1_428' title='bbox 2070 1280 2335 1359; x_wconf 84' lang='lat' dir='ltr'><strong>ipsomet</strong></span> <span class='ocrx_word' id='word_1_429' title='bbox 2360 1286 2502 1341; x_wconf 81' lang='lat' dir='ltr'><strong>actu</strong></span> <span class='ocrx_word' id='word_1_430' title='bbox 2529 1280 2736 1361; x_wconf 83' lang='lat' dir='ltr'><strong>aliqua</strong></span> <span class='ocrx_word' id='word_1_431' title='bbox 2763 1283 3093 1344; x_wconf 89' lang='lat' dir='ltr'><strong>commissa</strong></span> <span class='ocrx_word' id='word_1_432' title='bbox 3131 1284 3231 1360; x_wconf 86' lang='lat' dir='ltr'><strong>sit,</strong></span> <span class='ocrx_word' id='word_1_433' title='bbox 3276 1301 3425 1345; x_wconf 83' lang='lat' dir='ltr'><strong>nam</strong></span> 
     </span>
     <span class='ocr_line' id='line_1_64' title="bbox 1863 1370 3430 1451; baseline 0.006 -21"><span class='ocrx_word' id='word_1_434' title='bbox 1863 1370 1972 1430; x_wconf 92' lang='lat' dir='ltr'><strong>illa</strong></span> <span class='ocrx_word' id='word_1_435' title='bbox 1998 1372 2403 1434; x_wconf 81' lang='lat' dir='ltr'><strong>rescindenda</strong></span> <span class='ocrx_word' id='word_1_436' title='bbox 2428 1378 2542 1435; x_wconf 80' lang='lat' dir='ltr'><strong>est.</strong></span> <span class='ocrx_word' id='word_1_437' title='bbox 2566 1373 2669 1451; x_wconf 91' lang='lat' dir='ltr'><strong>Ut,</strong></span> <span class='ocrx_word' id='word_1_438' title='bbox 2690 1374 2837 1437; x_wconf 77' lang='lat' dir='ltr'><strong>licet</strong></span> <span class='ocrx_word' id='word_1_439' title='bbox 2853 1375 3128 1438; x_wconf 82' lang='lat' dir='ltr'><strong>venditio</strong></span> <span class='ocrx_word' id='word_1_440' title='bbox 3147 1377 3239 1438; x_wconf 84' lang='lat' dir='ltr'><strong>rei</strong></span> <span class='ocrx_word' id='word_1_441' title='bbox 3264 1378 3430 1439; x_wconf 85' lang='lat' dir='ltr'><strong>ultra</strong></span> 
     </span>
     <span class='ocr_line' id='line_1_65' title="bbox 1864 1462 3429 1544; baseline 0.006 -23"><span class='ocrx_word' id='word_1_442' title='bbox 1864 1462 2193 1523; x_wconf 90' lang='lat' dir='ltr'><strong>dimidiam</strong></span> <span class='ocrx_word' id='word_1_443' title='bbox 2218 1465 2374 1543; x_wconf 84' lang='lat' dir='ltr'><strong>justi</strong></span> <span class='ocrx_word' id='word_1_444' title='bbox 2391 1466 2576 1543; x_wconf 75' lang='lat' dir='ltr'><strong>pretii</strong></span> <span class='ocrx_word' id='word_1_445' title='bbox 2596 1482 2724 1527; x_wconf 88' lang='lat' dir='ltr'><strong>non</strong></span> <span class='ocrx_word' id='word_1_446' title='bbox 2747 1468 2828 1528; x_wconf 90' lang='lat' dir='ltr'><strong>sit</strong></span> <span class='ocrx_word' id='word_1_447' title='bbox 2848 1468 3052 1544; x_wconf 91' lang='lat' dir='ltr'><strong>irrita,</strong></span> <span class='ocrx_word' id='word_1_448' title='bbox 3076 1469 3182 1531; x_wconf 87' lang='lat' dir='ltr'><strong>sed</strong></span> <span class='ocrx_word' id='word_1_449' title='bbox 3200 1471 3429 1531; x_wconf 82' lang='lat' dir='ltr'><strong>rescin-</strong></span> 
     </span>
     <span class='ocr_line' id='line_1_66' title="bbox 1863 1554 3430 1641; baseline 0.005 -26"><span class='ocrx_word' id='word_1_450' title='bbox 1863 1554 2093 1631; x_wconf 89' lang='lat' dir='ltr'><strong>denda,</strong></span> <span class='ocrx_word' id='word_1_451' title='bbox 2120 1555 2269 1617; x_wconf 87' lang='lat' dir='ltr'><strong>licet</strong></span> <span class='ocrx_word' id='word_1_452' title='bbox 2294 1574 2422 1618; x_wconf 89' lang='lat' dir='ltr'><strong>non</strong></span> <span class='ocrx_word' id='word_1_453' title='bbox 2452 1559 2838 1621; x_wconf 84' lang='lat' dir='ltr'><strong>rescindatur</strong></span> <span class='ocrx_word' id='word_1_454' title='bbox 2855 1560 2932 1623; x_wconf 89' lang='lat' dir='ltr'><strong>de</strong></span> <span class='ocrx_word' id='word_1_455' title='bbox 2958 1561 3144 1637; x_wconf 85' lang='lat' dir='ltr'><strong>facto,</strong></span> <span class='ocrx_word' id='word_1_456' title='bbox 3168 1562 3316 1641; x_wconf 85' lang='lat' dir='ltr'><strong>quia</strong></span> <span class='ocrx_word' id='word_1_457' title='bbox 3332 1567 3430 1623; x_wconf 88' lang='lat' dir='ltr'><strong>est</strong></span> 
     </span>
     <span class='ocr_line' id='line_1_67' title="bbox 1865 1648 3429 1731; baseline 0.005 -23"><span class='ocrx_word' id='word_1_458' title='bbox 1865 1648 2109 1710; x_wconf 87' lang='lat' dir='ltr'><strong>occulta</strong></span> <span class='ocrx_word' id='word_1_459' title='bbox 2122 1697 2139 1724; x_wconf 90' lang='lat'><strong>,</strong></span> <span class='ocrx_word' id='word_1_460' title='bbox 2191 1655 2442 1712; x_wconf 88' lang='lat' dir='ltr'><strong>tenetur</strong></span> <span class='ocrx_word' id='word_1_461' title='bbox 2480 1652 2767 1714; x_wconf 82' lang='lat' dir='ltr'><strong>venditor</strong></span> <span class='ocrx_word' id='word_1_462' title='bbox 2811 1655 2881 1716; x_wconf 91' lang='lat' dir='ltr'><strong>in</strong></span> <span class='ocrx_word' id='word_1_463' title='bbox 2924 1655 3327 1731; x_wconf 88' lang='lat' dir='ltr'><strong>conscientia,</strong></span> <span class='ocrx_word' id='word_1_464' title='bbox 3365 1660 3429 1716; x_wconf 90' lang='lat' dir='ltr'><strong>et</strong></span> 
     </span>
     <span class='ocr_line' id='line_1_68' title="bbox 1860 1741 3427 1826; baseline 0.003 -24"><span class='ocrx_word' id='word_1_465' title='bbox 1860 1742 2094 1821; x_wconf 86' lang='lat' dir='ltr'><strong>absque</strong></span> <span class='ocrx_word' id='word_1_466' title='bbox 2132 1741 2262 1804; x_wconf 86' lang='lat' dir='ltr'><strong>ulla</strong></span> <span class='ocrx_word' id='word_1_467' title='bbox 2300 1744 2615 1806; x_wconf 87' lang='lat' dir='ltr'><strong>coactione</strong></span> <span class='ocrx_word' id='word_1_468' title='bbox 2638 1745 2891 1824; x_wconf 82' lang='lat' dir='ltr'><strong>judicis,</strong></span> <span class='ocrx_word' id='word_1_469' title='bbox 2931 1747 3251 1808; x_wconf 84' lang='lat' dir='ltr'><strong>restituere</strong></span> <span class='ocrx_word' id='word_1_470' title='bbox 3283 1765 3427 1826; x_wconf 88' lang='lat' dir='ltr'><strong>par-</strong></span> 
     </span>
     <span class='ocr_line' id='line_1_69' title="bbox 1861 1834 3425 1918; baseline 0.002 -23"><span class='ocrx_word' id='word_1_471' title='bbox 1861 1840 1991 1896; x_wconf 92' lang='lat' dir='ltr'><strong>tem</strong></span> <span class='ocrx_word' id='word_1_472' title='bbox 2022 1834 2194 1896; x_wconf 89' lang='lat' dir='ltr'><strong>illam</strong></span> <span class='ocrx_word' id='word_1_473' title='bbox 2219 1837 2405 1916; x_wconf 85' lang='lat' dir='ltr'><strong>pretii</strong></span> <span class='ocrx_word' id='word_1_474' title='bbox 2428 1837 2498 1897; x_wconf 91' lang='lat' dir='ltr'><strong>in</strong></span> <span class='ocrx_word' id='word_1_475' title='bbox 2520 1855 2648 1917; x_wconf 86' lang='lat' dir='ltr'><strong>qua</strong></span> <span class='ocrx_word' id='word_1_476' title='bbox 2672 1839 2931 1899; x_wconf 81' lang='lat' dir='ltr'><strong>excessit</strong></span> <span class='ocrx_word' id='word_1_477' title='bbox 2957 1839 3210 1918; x_wconf 81' lang='lat' dir='ltr'><strong>justitiae</strong></span> <span class='ocrx_word' id='word_1_478' title='bbox 3236 1839 3425 1918; x_wconf 81' lang='lat' dir='ltr'><strong>aequi-</strong></span> 
     </span>
     <span class='ocr_line' id='line_1_70' title="bbox 1862 1930 3424 2012; baseline 0.003 -23"><span class='ocrx_word' id='word_1_479' title='bbox 1862 1932 2079 2005; x_wconf 80' lang='lat' dir='ltr'><strong>tatem,</strong></span> <span class='ocrx_word' id='word_1_480' title='bbox 2120 1936 2182 1991; x_wconf 88' lang='lat' dir='ltr'><strong>et</strong></span> <span class='ocrx_word' id='word_1_481' title='bbox 2217 1930 2428 1991; x_wconf 88' lang='lat' dir='ltr'><strong>omnia</strong></span> <span class='ocrx_word' id='word_1_482' title='bbox 2458 1931 2689 1992; x_wconf 89' lang='lat' dir='ltr'><strong>damna</strong></span> <span class='ocrx_word' id='word_1_483' title='bbox 2709 1951 2848 2012; x_wconf 82' lang='lat' dir='ltr'><strong>quae</strong></span> <span class='ocrx_word' id='word_1_484' title='bbox 2881 1932 2961 1993; x_wconf 92' lang='lat' dir='ltr'><strong>ob</strong></span> <span class='ocrx_word' id='word_1_485' title='bbox 2982 1951 3124 1994; x_wconf 89' lang='lat' dir='ltr'><strong>eam</strong></span> <span class='ocrx_word' id='word_1_486' title='bbox 3151 1951 3424 2009; x_wconf 88' lang='lat' dir='ltr'><strong>causam,</strong></span> 
     </span>
     <span class='ocr_line' id='line_1_71' title="bbox 1860 2021 3428 2106; baseline 0.002 -23"><span class='ocrx_word' id='word_1_487' title='bbox 1860 2021 1961 2083; x_wconf 87' lang='lat' dir='ltr'><strong>vel</strong></span> <span class='ocrx_word' id='word_1_488' title='bbox 2000 2028 2254 2103; x_wconf 86' lang='lat' dir='ltr'><strong>propter</strong></span> <span class='ocrx_word' id='word_1_489' title='bbox 2294 2023 2658 2086; x_wconf 86' lang='lat' dir='ltr'><strong>dilationem</strong></span> <span class='ocrx_word' id='word_1_490' title='bbox 2703 2026 3107 2087; x_wconf 85' lang='lat' dir='ltr'><strong>restitutionis</strong></span> <span class='ocrx_word' id='word_1_491' title='bbox 3145 2027 3428 2106; x_wconf 85' lang='lat' dir='ltr'><strong>iniquam</strong></span> 
     </span>
     <span class='ocr_line' id='line_1_72' title="bbox 1864 2119 3430 2199; baseline 0.003 -23"><span class='ocrx_word' id='word_1_492' title='bbox 1864 2120 2109 2195; x_wconf 90' lang='lat' dir='ltr'><strong>emptor</strong></span> <span class='ocrx_word' id='word_1_493' title='bbox 2139 2133 2352 2196; x_wconf 88' lang='lat' dir='ltr'><strong>passus</strong></span> <span class='ocrx_word' id='word_1_494' title='bbox 2376 2123 2487 2178; x_wconf 88' lang='lat' dir='ltr'><strong>est.</strong></span> <span class='ocrx_word' id='word_1_495' title='bbox 2520 2119 2597 2178; x_wconf 91' lang='lat' dir='ltr'><strong>Et</strong></span> <span class='ocrx_word' id='word_1_496' title='bbox 2615 2136 2649 2179; x_wconf 92' lang='lat' dir='ltr'><strong>e</strong></span> <span class='ocrx_word' id='word_1_497' title='bbox 2667 2136 2960 2180; x_wconf 86' lang='lat' dir='ltr'><strong>converso</strong></span> <span class='ocrx_word' id='word_1_498' title='bbox 2977 2119 3030 2179; x_wconf 88' lang='lat' dir='ltr'><strong>si</strong></span> <span class='ocrx_word' id='word_1_499' title='bbox 3049 2125 3291 2199; x_wconf 89' lang='lat' dir='ltr'><strong>emptor</strong></span> <span class='ocrx_word' id='word_1_500' title='bbox 3309 2120 3430 2180; x_wconf 84' lang='lat' dir='ltr'><strong>fuit</strong></span> 
     </span>
     <span class='ocr_line' id='line_1_73' title="bbox 1863 2206 3429 2292; baseline 0.003 -25"><span class='ocrx_word' id='word_1_501' title='bbox 1863 2206 2129 2286; x_wconf 88' lang='lat' dir='ltr'><strong>injustus</strong></span> <span class='ocrx_word' id='word_1_502' title='bbox 2152 2209 2219 2268; x_wconf 86' lang='lat' dir='ltr'><strong>in</strong></span> <span class='ocrx_word' id='word_1_503' title='bbox 2249 2209 2553 2288; x_wconf 83' lang='lat' dir='ltr'><strong>parvitate</strong></span> <span class='ocrx_word' id='word_1_504' title='bbox 2580 2211 2784 2287; x_wconf 88' lang='lat' dir='ltr'><strong>pretii,</strong></span> <span class='ocrx_word' id='word_1_505' title='bbox 2810 2211 3124 2273; x_wconf 90' lang='lat' dir='ltr'><strong>tenebitur</strong></span> <span class='ocrx_word' id='word_1_506' title='bbox 3144 2211 3429 2292; x_wconf 88' lang='lat' dir='ltr'><strong>supplere</strong></span> 
     </span>
     <span class='ocr_line' id='line_1_74' title="bbox 1864 2300 3429 2381; baseline 0.002 -20"><span class='ocrx_word' id='word_1_507' title='bbox 1864 2300 2030 2379; x_wconf 87' lang='lat' dir='ltr'><strong>quod</strong></span> <span class='ocrx_word' id='word_1_508' title='bbox 2060 2300 2338 2377; x_wconf 87' lang='lat' dir='ltr'><strong>abstulit,</strong></span> <span class='ocrx_word' id='word_1_509' title='bbox 2368 2306 2432 2362; x_wconf 90' lang='lat' dir='ltr'><strong>et</strong></span> <span class='ocrx_word' id='word_1_510' title='bbox 2471 2301 2703 2363; x_wconf 86' lang='lat' dir='ltr'><strong>damna</strong></span> <span class='ocrx_word' id='word_1_511' title='bbox 2743 2320 2883 2381; x_wconf 79' lang='lat' dir='ltr'><strong>quse</strong></span> <span class='ocrx_word' id='word_1_512' title='bbox 2910 2322 2985 2364; x_wconf 87' lang='lat' dir='ltr'><strong>ex</strong></span> <span class='ocrx_word' id='word_1_513' title='bbox 3018 2304 3125 2365; x_wconf 88' lang='lat' dir='ltr'><strong>illa</strong></span> <span class='ocrx_word' id='word_1_514' title='bbox 3155 2304 3429 2364; x_wconf 92' lang='lat' dir='ltr'><strong>diminu-</strong></span> 
     </span>
     <span class='ocr_line' id='line_1_75' title="bbox 1865 2393 3429 2471; baseline 0.001 -18"><span class='ocrx_word' id='word_1_515' title='bbox 1865 2393 2035 2454; x_wconf 87' lang='lat' dir='ltr'><strong>tione</strong></span> <span class='ocrx_word' id='word_1_516' title='bbox 2075 2393 2254 2454; x_wconf 89' lang='lat' dir='ltr'><strong>alteri</strong></span> <span class='ocrx_word' id='word_1_517' title='bbox 2296 2398 2506 2455; x_wconf 90' lang='lat' dir='ltr'><strong>secuta</strong></span> <span class='ocrx_word' id='word_1_518' title='bbox 2550 2400 2723 2471; x_wconf 89' lang='lat' dir='ltr'><strong>sunt;</strong></span> <span class='ocrx_word' id='word_1_519' title='bbox 2774 2395 3177 2456; x_wconf 90' lang='lat' dir='ltr'><strong>nihilominus</strong></span> <span class='ocrx_word' id='word_1_520' title='bbox 3216 2402 3429 2457; x_wconf 90' lang='lat' dir='ltr'><strong>tamen</strong></span> 
     </span>
     <span class='ocr_line' id='line_1_76' title="bbox 1864 2486 3430 2566; baseline 0.001 -21"><span class='ocrx_word' id='word_1_521' title='bbox 1864 2490 2066 2564; x_wconf 87' lang='lat' dir='ltr'><strong>potest</strong></span> <span class='ocrx_word' id='word_1_522' title='bbox 2107 2502 2240 2546; x_wconf 89' lang='lat' dir='ltr'><strong>rem</strong></span> <span class='ocrx_word' id='word_1_523' title='bbox 2265 2491 2544 2565; x_wconf 78' lang='lat' dir='ltr'><strong>emptam</strong></span> <span class='ocrx_word' id='word_1_524' title='bbox 2589 2486 2878 2562; x_wconf 79' lang='lat' dir='ltr'><strong>retinere,</strong></span> <span class='ocrx_word' id='word_1_525' title='bbox 2923 2494 2987 2548; x_wconf 87' lang='lat' dir='ltr'><strong>et</strong></span> <span class='ocrx_word' id='word_1_526' title='bbox 3027 2488 3264 2549; x_wconf 67' lang='lat' dir='ltr'><strong>frucms</strong></span> <span class='ocrx_word' id='word_1_527' title='bbox 3292 2489 3430 2566; x_wconf 77' lang='lat' dir='ltr'><strong>ejus</strong></span> 
     </span>
     <span class='ocr_line' id='line_1_77' title="bbox 1864 2577 3430 2657; baseline 0.003 -20"><span class='ocrx_word' id='word_1_528' title='bbox 1864 2577 2170 2653; x_wconf 90' lang='lat' dir='ltr'><strong>similiter,</strong></span> <span class='ocrx_word' id='word_1_529' title='bbox 2201 2578 2347 2657; x_wconf 84' lang='lat' dir='ltr'><strong>quia</strong></span> <span class='ocrx_word' id='word_1_530' title='bbox 2374 2596 2517 2639; x_wconf 92' lang='lat' dir='ltr'><strong>cum</strong></span> <span class='ocrx_word' id='word_1_531' title='bbox 2544 2584 2713 2639; x_wconf 86' lang='lat' dir='ltr'><strong>actus</strong></span> <span class='ocrx_word' id='word_1_532' title='bbox 2739 2579 2927 2640; x_wconf 83' lang='lat' dir='ltr'><strong>fuerit</strong></span> <span class='ocrx_word' id='word_1_533' title='bbox 2944 2580 3209 2657; x_wconf 76' lang='lat' dir='ltr'><strong>validae,</strong></span> <span class='ocrx_word' id='word_1_534' title='bbox 3231 2580 3430 2641; x_wconf 86' lang='lat' dir='ltr'><strong>factus</strong></span> 
     </span>
     <span class='ocr_line' id='line_1_78' title="bbox 1865 2669 3430 2750; baseline 0.002 -20"><span class='ocrx_word' id='word_1_535' title='bbox 1865 2675 1956 2731; x_wconf 89' lang='lat' dir='ltr'><strong>est</strong></span> <span class='ocrx_word' id='word_1_536' title='bbox 1977 2669 2269 2731; x_wconf 91' lang='lat' dir='ltr'><strong>dominus</strong></span> <span class='ocrx_word' id='word_1_537' title='bbox 2303 2670 2396 2731; x_wconf 89' lang='lat' dir='ltr'><strong>rei</strong></span> <span class='ocrx_word' id='word_1_538' title='bbox 2421 2676 2671 2748; x_wconf 76' lang='lat' dir='ltr'><strong>emptae,</strong></span> <span class='ocrx_word' id='word_1_539' title='bbox 2713 2688 2853 2731; x_wconf 89' lang='lat' dir='ltr'><strong>cum</strong></span> <span class='ocrx_word' id='word_1_540' title='bbox 2891 2672 3020 2732; x_wconf 88' lang='lat' dir='ltr'><strong>sola</strong></span> <span class='ocrx_word' id='word_1_541' title='bbox 3054 2671 3430 2750; x_wconf 81' lang='lat' dir='ltr'><strong>obligatione</strong></span> 
     </span>
     <span class='ocr_line' id='line_1_79' title="bbox 1863 2762 2583 2841; baseline 0.004 -19"><span class='ocrx_word' id='word_1_542' title='bbox 1863 2762 2233 2822; x_wconf 81' lang='lat' dir='ltr'><strong>resarciendi</strong></span> <span class='ocrx_word' id='word_1_543' title='bbox 2267 2762 2583 2841; x_wconf 77' lang='lat' dir='ltr'><strong>injuriam.</strong></span> 
     </span>
    </p>

    <p class='ocr_par' dir='ltr' id='par_1_8' title="bbox 1862 2853 3485 5334">
     <span class='ocr_line' id='line_1_80' title="bbox 1947 2853 3432 2933; baseline 0.003 -21"><span class='ocrx_word' id='word_1_544' title='bbox 1947 2855 2007 2912; x_wconf 89' lang='lat'><strong>3.</strong></span> <span class='ocrx_word' id='word_1_545' title='bbox 2033 2853 2339 2929; x_wconf 89' lang='lat' dir='ltr'><strong>Secundo,</strong></span> <span class='ocrx_word' id='word_1_546' title='bbox 2355 2860 2556 2933; x_wconf 89' lang='lat' dir='ltr'><strong>potest</strong></span> <span class='ocrx_word' id='word_1_547' title='bbox 2572 2855 2706 2917; x_wconf 85' lang='lat' dir='ltr'><strong>haec</strong></span> <span class='ocrx_word' id='word_1_548' title='bbox 2719 2855 2983 2917; x_wconf 89' lang='lat' dir='ltr'><strong>irritatio</strong></span> <span class='ocrx_word' id='word_1_549' title='bbox 3001 2861 3176 2917; x_wconf 88' lang='lat' dir='ltr'><strong>actus</strong></span> <span class='ocrx_word' id='word_1_550' title='bbox 3193 2856 3432 2933; x_wconf 88' lang='lat' dir='ltr'><strong>(etiam-</strong></span> 
     </span>
     <span class='ocr_line' id='line_1_81' title="bbox 1866 2945 3432 3027; baseline 0.004 -23"><span class='ocrx_word' id='word_1_551' title='bbox 1866 2945 1917 3005; x_wconf 80' lang='lat' dir='ltr'><strong>si</strong></span> <span class='ocrx_word' id='word_1_552' title='bbox 1958 2945 2238 3023; x_wconf 85' lang='lat' dir='ltr'><strong>publicus</strong></span> <span class='ocrx_word' id='word_1_553' title='bbox 2284 2964 2393 3006; x_wconf 86' lang='lat' dir='ltr'><strong>seu</strong></span> <span class='ocrx_word' id='word_1_554' title='bbox 2433 2948 2770 3025; x_wconf 84' lang='lat' dir='ltr'><strong>probabilis</strong></span> <span class='ocrx_word' id='word_1_555' title='bbox 2804 2951 2913 3024; x_wconf 90' lang='lat' dir='ltr'><strong>sit)</strong></span> <span class='ocrx_word' id='word_1_556' title='bbox 2959 2950 3091 3010; x_wconf 90' lang='lat' dir='ltr'><strong>sine</strong></span> <span class='ocrx_word' id='word_1_557' title='bbox 3128 2950 3432 3027; x_wconf 88' lang='lat' dir='ltr'><strong>injustitia</strong></span> 
     </span>
     <span class='ocr_line' id='line_1_82' title="bbox 1865 3036 3433 3120; baseline 0.003 -23"><span class='ocrx_word' id='word_1_558' title='bbox 1865 3036 2177 3117; x_wconf 89' lang='lat' dir='ltr'><strong>impediri,</strong></span> <span class='ocrx_word' id='word_1_559' title='bbox 2206 3043 2318 3098; x_wconf 90' lang='lat' dir='ltr'><strong>aut</strong></span> <span class='ocrx_word' id='word_1_560' title='bbox 2347 3057 2425 3099; x_wconf 85' lang='lat' dir='ltr'><strong>ex</strong></span> <span class='ocrx_word' id='word_1_561' title='bbox 2449 3057 2751 3100; x_wconf 88' lang='lat' dir='ltr'><strong>consensu</strong></span> <span class='ocrx_word' id='word_1_562' title='bbox 2780 3041 3077 3120; x_wconf 89' lang='lat' dir='ltr'><strong>partium,</strong></span> <span class='ocrx_word' id='word_1_563' title='bbox 3106 3042 3254 3120; x_wconf 91' lang='lat' dir='ltr'><strong>quia</strong></span> <span class='ocrx_word' id='word_1_564' title='bbox 3282 3060 3433 3102; x_wconf 90' lang='lat' dir='ltr'><strong>neu-</strong></span> 
     </span>
     <span class='ocr_line' id='line_1_83' title="bbox 1867 3129 3432 3213; baseline 0.003 -24"><span class='ocrx_word' id='word_1_565' title='bbox 1867 3135 1963 3189; x_wconf 83' lang='lat' dir='ltr'><strong>tra</strong></span> <span class='ocrx_word' id='word_1_566' title='bbox 1991 3129 2128 3190; x_wconf 83' lang='lat' dir='ltr'><strong>vult</strong></span> <span class='ocrx_word' id='word_1_567' title='bbox 2153 3136 2363 3190; x_wconf 92' lang='lat' dir='ltr'><strong>actum</strong></span> <span class='ocrx_word' id='word_1_568' title='bbox 2398 3131 2767 3207; x_wconf 85' lang='lat' dir='ltr'><strong>rescindere,</strong></span> <span class='ocrx_word' id='word_1_569' title='bbox 2805 3138 2916 3193; x_wconf 89' lang='lat' dir='ltr'><strong>aut</strong></span> <span class='ocrx_word' id='word_1_570' title='bbox 2950 3133 3101 3212; x_wconf 88' lang='lat' dir='ltr'><strong>quia</strong></span> <span class='ocrx_word' id='word_1_571' title='bbox 3144 3133 3251 3194; x_wconf 87' lang='lat' dir='ltr'><strong>illa</strong></span> <span class='ocrx_word' id='word_1_572' title='bbox 3292 3152 3432 3213; x_wconf 87' lang='lat' dir='ltr'><strong>pars</strong></span> 
     </span>
     <span class='ocr_line' id='line_1_84' title="bbox 1866 3222 3432 3300; baseline 0.004 -20"><span class='ocrx_word' id='word_1_573' title='bbox 1866 3222 2042 3300; x_wconf 85' lang='lat' dir='ltr'><strong>cujus</strong></span> <span class='ocrx_word' id='word_1_574' title='bbox 2070 3222 2324 3283; x_wconf 83' lang='lat' dir='ltr'><strong>interest</strong></span> <span class='ocrx_word' id='word_1_575' title='bbox 2350 3242 2477 3284; x_wconf 92' lang='lat' dir='ltr'><strong>non</strong></span> <span class='ocrx_word' id='word_1_576' title='bbox 2504 3224 2640 3284; x_wconf 86' lang='lat' dir='ltr'><strong>vult</strong></span> <span class='ocrx_word' id='word_1_577' title='bbox 2665 3224 2841 3285; x_wconf 85' lang='lat' dir='ltr'><strong>litem</strong></span> <span class='ocrx_word' id='word_1_578' title='bbox 2864 3242 3135 3300; x_wconf 76' lang='lat' dir='ltr'><strong>movere,</strong></span> <span class='ocrx_word' id='word_1_579' title='bbox 3165 3244 3280 3286; x_wconf 90' lang='lat' dir='ltr'><strong>nec</strong></span> <span class='ocrx_word' id='word_1_580' title='bbox 3300 3243 3432 3285; x_wconf 86' lang='lat' dir='ltr'><strong>res—</strong></span> 
     </span>
     <span class='ocr_line' id='line_1_85' title="bbox 1867 3314 3431 3396; baseline 0.003 -23"><span class='ocrx_word' id='word_1_581' title='bbox 1867 3314 2191 3375; x_wconf 82' lang='lat' dir='ltr'><strong>cissionem</strong></span> <span class='ocrx_word' id='word_1_582' title='bbox 2235 3316 2563 3378; x_wconf 89' lang='lat' dir='ltr'><strong>intentare.</strong></span> <span class='ocrx_word' id='word_1_583' title='bbox 2608 3319 2782 3379; x_wconf 79' lang='lat' dir='ltr'><strong>Tunc</strong></span> <span class='ocrx_word' id='word_1_584' title='bbox 2822 3318 2994 3378; x_wconf 83' lang='lat' dir='ltr'><strong>enim</strong></span> <span class='ocrx_word' id='word_1_585' title='bbox 3028 3317 3188 3379; x_wconf 82' lang='lat' dir='ltr'><strong>nihil</strong></span> <span class='ocrx_word' id='word_1_586' title='bbox 3224 3319 3431 3396; x_wconf 86' lang='lat' dir='ltr'><strong>agitur</strong></span> 
     </span>
     <span class='ocr_line' id='line_1_86' title="bbox 1867 3408 3430 3490; baseline 0.003 -23"><span class='ocrx_word' id='word_1_587' title='bbox 1867 3413 2083 3468; x_wconf 88' lang='lat' dir='ltr'><strong>contra</strong></span> <span class='ocrx_word' id='word_1_588' title='bbox 2107 3408 2334 3487; x_wconf 77' lang='lat' dir='ltr'><strong>legem,</strong></span> <span class='ocrx_word' id='word_1_589' title='bbox 2366 3429 2505 3471; x_wconf 89' lang='lat' dir='ltr'><strong>cum</strong></span> <span class='ocrx_word' id='word_1_590' title='bbox 2533 3410 2668 3490; x_wconf 88' lang='lat' dir='ltr'><strong>ipsa</strong></span> <span class='ocrx_word' id='word_1_591' title='bbox 2701 3428 2830 3471; x_wconf 86' lang='lat' dir='ltr'><strong>non</strong></span> <span class='ocrx_word' id='word_1_592' title='bbox 2865 3412 3128 3490; x_wconf 84' lang='lat' dir='ltr'><strong>imperet</strong></span> <span class='ocrx_word' id='word_1_593' title='bbox 3154 3412 3430 3490; x_wconf 76' lang='lat' dir='ltr'><strong>partibus</strong></span> 
     </span>
     <span class='ocr_line' id='line_1_87' title="bbox 1866 3502 3433 3577; baseline 0.003 -18"><span class='ocrx_word' id='word_1_594' title='bbox 1866 3505 1937 3560; x_wconf 92' lang='lat' dir='ltr'><strong>ut</strong></span> <span class='ocrx_word' id='word_1_595' title='bbox 1966 3506 2173 3560; x_wconf 85' lang='lat' dir='ltr'><strong>actum</strong></span> <span class='ocrx_word' id='word_1_596' title='bbox 2214 3502 2587 3577; x_wconf 85' lang='lat' dir='ltr'><strong>rescindant,</strong></span> <span class='ocrx_word' id='word_1_597' title='bbox 2640 3521 2758 3564; x_wconf 90' lang='lat' dir='ltr'><strong>nec</strong></span> <span class='ocrx_word' id='word_1_598' title='bbox 2806 3503 2995 3564; x_wconf 83' lang='lat' dir='ltr'><strong>etiam</strong></span> <span class='ocrx_word' id='word_1_599' title='bbox 3036 3504 3152 3564; x_wconf 84' lang='lat' dir='ltr'><strong>sibi</strong></span> <span class='ocrx_word' id='word_1_600' title='bbox 3192 3503 3433 3565; x_wconf 83' lang='lat' dir='ltr'><strong>faciunt</strong></span> 
     </span>
     <span class='ocr_line' id='line_1_88' title="bbox 1867 3593 3434 3673; baseline 0.003 -21"><span class='ocrx_word' id='word_1_601' title='bbox 1867 3593 2189 3670; x_wconf 86' lang='lat' dir='ltr'><strong>injuriam,</strong></span> <span class='ocrx_word' id='word_1_602' title='bbox 2224 3593 2325 3654; x_wconf 84' lang='lat' dir='ltr'><strong>vel</strong></span> <span class='ocrx_word' id='word_1_603' title='bbox 2350 3595 2600 3673; x_wconf 89' lang='lat' dir='ltr'><strong>quando</strong></span> <span class='ocrx_word' id='word_1_604' title='bbox 2627 3613 2705 3655; x_wconf 86' lang='lat' dir='ltr'><strong>ex</strong></span> <span class='ocrx_word' id='word_1_605' title='bbox 2742 3600 2962 3655; x_wconf 81' lang='lat' dir='ltr'><strong>mutuo</strong></span> <span class='ocrx_word' id='word_1_606' title='bbox 2988 3613 3294 3657; x_wconf 88' lang='lat' dir='ltr'><strong>consensu</strong></span> <span class='ocrx_word' id='word_1_607' title='bbox 3336 3615 3434 3657; x_wconf 89' lang='lat' dir='ltr'><strong>ac-</strong></span> 
     </span>
     <span class='ocr_line' id='line_1_89' title="bbox 1867 3685 3433 3766; baseline 0.004 -22"><span class='ocrx_word' id='word_1_608' title='bbox 1867 3690 2003 3745; x_wconf 89' lang='lat' dir='ltr'><strong>tum</strong></span> <span class='ocrx_word' id='word_1_609' title='bbox 2036 3692 2401 3747; x_wconf 85' lang='lat' dir='ltr'><strong>conservant</strong></span> <span class='ocrx_word' id='word_1_610' title='bbox 2414 3732 2435 3764; x_wconf 90' lang='lat'><strong>,</strong></span> <span class='ocrx_word' id='word_1_611' title='bbox 2471 3687 2621 3766; x_wconf 87' lang='lat' dir='ltr'><strong>quia</strong></span> <span class='ocrx_word' id='word_1_612' title='bbox 2655 3685 2889 3748; x_wconf 81' lang='lat' dir='ltr'><strong>volenti</strong></span> <span class='ocrx_word' id='word_1_613' title='bbox 2924 3693 2986 3748; x_wconf 88' lang='lat' dir='ltr'><strong>et</strong></span> <span class='ocrx_word' id='word_1_614' title='bbox 3018 3688 3433 3750; x_wconf 76' lang='lat' dir='ltr'><strong>consentienti</strong></span> 
     </span>
     <span class='ocr_line' id='line_1_90' title="bbox 1867 3776 3427 3861; baseline 0.004 -25"><span class='ocrx_word' id='word_1_615' title='bbox 1867 3795 1995 3837; x_wconf 90' lang='lat' dir='ltr'><strong>non</strong></span> <span class='ocrx_word' id='word_1_616' title='bbox 2024 3776 2097 3837; x_wconf 88' lang='lat' dir='ltr'><strong>fit</strong></span> <span class='ocrx_word' id='word_1_617' title='bbox 2129 3778 2382 3856; x_wconf 89' lang='lat' dir='ltr'><strong>injuria,</strong></span> <span class='ocrx_word' id='word_1_618' title='bbox 2422 3778 2527 3839; x_wconf 79' lang='lat' dir='ltr'><strong>vel</strong></span> <span class='ocrx_word' id='word_1_619' title='bbox 2565 3779 2815 3858; x_wconf 73' lang='lat' dir='ltr'><strong>qumdo</strong></span> <span class='ocrx_word' id='word_1_620' title='bbox 2845 3780 2900 3840; x_wconf 86' lang='lat' dir='ltr'><strong>is</strong></span> <span class='ocrx_word' id='word_1_621' title='bbox 2943 3781 3053 3859; x_wconf 78' lang='lat' dir='ltr'><strong>qui</strong></span> <span class='ocrx_word' id='word_1_622' title='bbox 3078 3781 3267 3842; x_wconf 83' lang='lat' dir='ltr'><strong>habet</strong></span> <span class='ocrx_word' id='word_1_623' title='bbox 3299 3782 3427 3861; x_wconf 80' lang='lat' dir='ltr'><strong>juS,</strong></span> 
     </span>
     <span class='ocr_line' id='line_1_91' title="bbox 1867 3869 3433 3951; baseline 0.004 -22"><span class='ocrx_word' id='word_1_624' title='bbox 1867 3887 1996 3930; x_wconf 90' lang='lat' dir='ltr'><strong>non</strong></span> <span class='ocrx_word' id='word_1_625' title='bbox 2024 3869 2293 3930; x_wconf 80' lang='lat' dir='ltr'><strong>intentat</strong></span> <span class='ocrx_word' id='word_1_626' title='bbox 2312 3871 2643 3944; x_wconf 88' lang='lat' dir='ltr'><strong>actionem,</strong></span> <span class='ocrx_word' id='word_1_627' title='bbox 2669 3872 2817 3950; x_wconf 79' lang='lat' dir='ltr'><strong>quia</strong></span> <span class='ocrx_word' id='word_1_628' title='bbox 2839 3872 2967 3951; x_wconf 87' lang='lat' dir='ltr'><strong>ipse</strong></span> <span class='ocrx_word' id='word_1_629' title='bbox 2999 3880 3199 3951; x_wconf 87' lang='lat' dir='ltr'><strong>potest</strong></span> <span class='ocrx_word' id='word_1_630' title='bbox 3217 3876 3433 3936; x_wconf 88' lang='lat' dir='ltr'><strong>cedere</strong></span> 
     </span>
     <span class='ocr_line' id='line_1_92' title="bbox 1862 3961 3432 4041; baseline 0.005 -21"><span class='ocrx_word' id='word_1_631' title='bbox 1862 3961 1992 4039; x_wconf 88' lang='lat' dir='ltr'><strong>juri</strong></span> <span class='ocrx_word' id='word_1_632' title='bbox 2010 3979 2146 4037; x_wconf 88' lang='lat' dir='ltr'><strong>suo,</strong></span> <span class='ocrx_word' id='word_1_633' title='bbox 2172 3970 2235 4023; x_wconf 89' lang='lat' dir='ltr'><strong>et</strong></span> <span class='ocrx_word' id='word_1_634' title='bbox 2248 3962 2408 4023; x_wconf 81' lang='lat' dir='ltr'><strong>alter</strong></span> <span class='ocrx_word' id='word_1_635' title='bbox 2426 3981 2552 4022; x_wconf 92' lang='lat' dir='ltr'><strong>non</strong></span> <span class='ocrx_word' id='word_1_636' title='bbox 2578 3962 2890 4041; x_wconf 84' lang='lat' dir='ltr'><strong>obligatur</strong></span> <span class='ocrx_word' id='word_1_637' title='bbox 2916 3965 2995 4025; x_wconf 83' lang='lat' dir='ltr'><strong>ad</strong></span> <span class='ocrx_word' id='word_1_638' title='bbox 3021 3966 3432 4028; x_wconf 83' lang='lat' dir='ltr'><strong>irritationem</strong></span> 
     </span>
     <span class='ocr_line' id='line_1_93' title="bbox 1870 4055 3432 4133; baseline 0.004 -20"><span class='ocrx_word' id='word_1_639' title='bbox 1870 4055 2346 4133; x_wconf 80' lang='lat' dir='ltr'><strong>procurandam.</strong></span> <span class='ocrx_word' id='word_1_640' title='bbox 2378 4055 2637 4133; x_wconf 85' lang='lat' dir='ltr'><strong>Semper</strong></span> <span class='ocrx_word' id='word_1_641' title='bbox 2652 4060 2864 4115; x_wconf 88' lang='lat' dir='ltr'><strong>tamen</strong></span> <span class='ocrx_word' id='word_1_642' title='bbox 2890 4056 3203 4117; x_wconf 51' lang='lat' dir='ltr'><strong>metetur</strong></span> <span class='ocrx_word' id='word_1_643' title='bbox 3229 4058 3308 4118; x_wconf 90' lang='lat' dir='ltr'><strong>ad</strong></span> <span class='ocrx_word' id='word_1_644' title='bbox 3335 4076 3432 4119; x_wconf 88' lang='lat' dir='ltr'><strong>re-</strong></span> 
     </span>
     <span class='ocr_line' id='line_1_94' title="bbox 1873 4146 3434 4226; baseline 0.003 -21"><span class='ocrx_word' id='word_1_645' title='bbox 1873 4147 2438 4224; x_wconf 80' lang='lat' dir='ltr'><strong>compensationem</strong></span> <span class='ocrx_word' id='word_1_646' title='bbox 2457 4146 2818 4208; x_wconf 69' lang='lat' dir='ltr'><strong>·faciendam</strong></span> <span class='ocrx_word' id='word_1_647' title='bbox 2852 4147 2904 4206; x_wconf 90' lang='lat' dir='ltr'><strong>si</strong></span> <span class='ocrx_word' id='word_1_648' title='bbox 2934 4148 3229 4226; x_wconf 79' lang='lat' dir='ltr'><strong>injuriam</strong></span> <span class='ocrx_word' id='word_1_649' title='bbox 3266 4150 3434 4210; x_wconf 88' lang='lat' dir='ltr'><strong>intu-</strong></span> 
     </span>
     <span class='ocr_line' id='line_1_95' title="bbox 1876 4237 3428 4320; baseline 0.003 -22"><span class='ocrx_word' id='word_1_650' title='bbox 1876 4237 1971 4313; x_wconf 89' lang='lat' dir='ltr'><strong>lit,</strong></span> <span class='ocrx_word' id='word_1_651' title='bbox 1999 4238 2179 4316; x_wconf 83' lang='lat' dir='ltr'><strong>juxta</strong></span> <span class='ocrx_word' id='word_1_652' title='bbox 2200 4239 2483 4318; x_wconf 84' lang='lat' dir='ltr'><strong>proxime</strong></span> <span class='ocrx_word' id='word_1_653' title='bbox 2506 4238 2669 4299; x_wconf 80' lang='lat' dir='ltr'><strong>dieta</strong></span> <span class='ocrx_word' id='word_1_654' title='bbox 2691 4238 2761 4299; x_wconf 84' lang='lat' dir='ltr'><strong>in</strong></span> <span class='ocrx_word' id='word_1_655' title='bbox 2787 4240 3155 4318; x_wconf 81' lang='lat' dir='ltr'><strong>proeoedenti</strong></span> <span class='ocrx_word' id='word_1_656' title='bbox 3176 4248 3428 4320; x_wconf 89' lang='lat' dir='ltr'><strong>puncto.</strong></span> 
     </span>
     <span class='ocr_line' id='line_1_96' title="bbox 1874 4329 3433 4411; baseline 0.003 -21"><span class='ocrx_word' id='word_1_657' title='bbox 1874 4330 2073 4409; x_wconf 78' lang='lat' dir='ltr'><strong>Atque</strong></span> <span class='ocrx_word' id='word_1_658' title='bbox 2095 4331 2243 4392; x_wconf 80' lang='lat' dir='ltr'><strong>hinc</strong></span> <span class='ocrx_word' id='word_1_659' title='bbox 2274 4332 2461 4391; x_wconf 80' lang='lat' dir='ltr'><strong>etiam</strong></span> <span class='ocrx_word' id='word_1_660' title='bbox 2488 4329 2560 4390; x_wconf 83' lang='lat' dir='ltr'><strong>fit</strong></span> <span class='ocrx_word' id='word_1_661' title='bbox 2585 4334 2862 4411; x_wconf 74' lang='lat' dir='ltr'><strong>utpoesit</strong></span> <span class='ocrx_word' id='word_1_662' title='bbox 2875 4332 3005 4393; x_wconf 72' lang='lat' dir='ltr'><strong>haec</strong></span> <span class='ocrx_word' id='word_1_663' title='bbox 3032 4333 3298 4394; x_wconf 86' lang='lat' dir='ltr'><strong>irritatio</strong></span> <span class='ocrx_word' id='word_1_664' title='bbox 3313 4334 3433 4395; x_wconf 89' lang='lat' dir='ltr'><strong>im-</strong></span> 
     </span>
     <span class='ocr_line' id='line_1_97' title="bbox 1871 4424 3433 4505; baseline 0.002 -21"><span class='ocrx_word' id='word_1_665' title='bbox 1871 4425 2075 4505; x_wconf 86' lang='lat' dir='ltr'><strong>pediri</strong></span> <span class='ocrx_word' id='word_1_666' title='bbox 2096 4443 2207 4504; x_wconf 88' lang='lat' dir='ltr'><strong>per</strong></span> <span class='ocrx_word' id='word_1_667' title='bbox 2226 4424 2571 4503; x_wconf 85' lang='lat' dir='ltr'><strong>legitimam</strong></span> <span class='ocrx_word' id='word_1_668' title='bbox 2599 4425 3121 4504; x_wconf 62' lang='lat' dir='ltr'><strong>praescriptionem</strong></span> <span class='ocrx_word' id='word_1_669' title='bbox 3137 4427 3433 4487; x_wconf 76' lang='lat' dir='ltr'><strong>adversus</strong></span> 
     </span>
     <span class='ocr_line' id='line_1_98' title="bbox 1872 4516 3433 4596; baseline 0.001 -18"><span class='ocrx_word' id='word_1_670' title='bbox 1872 4516 2204 4592; x_wconf 87' lang='lat' dir='ltr'><strong>actionem,</strong></span> <span class='ocrx_word' id='word_1_671' title='bbox 2250 4535 2359 4577; x_wconf 85' lang='lat' dir='ltr'><strong>seu</strong></span> <span class='ocrx_word' id='word_1_672' title='bbox 2402 4522 2674 4578; x_wconf 84' lang='lat' dir='ltr'><strong>actorem</strong></span> <span class='ocrx_word' id='word_1_673' title='bbox 2715 4517 2826 4596; x_wconf 89' lang='lat' dir='ltr'><strong>qui</strong></span> <span class='ocrx_word' id='word_1_674' title='bbox 2864 4517 2982 4577; x_wconf 77' lang='lat' dir='ltr'><strong>fuit</strong></span> <span class='ocrx_word' id='word_1_675' title='bbox 3015 4517 3336 4595; x_wconf 63' lang='lat' dir='ltr'><strong>negligens</strong></span> <span class='ocrx_word' id='word_1_676' title='bbox 3365 4519 3433 4579; x_wconf 90' lang='lat' dir='ltr'><strong>in</strong></span> 
     </span>
     <span class='ocr_line' id='line_1_99' title="bbox 1870 4608 3434 4689; baseline 0 -18"><span class='ocrx_word' id='word_1_677' title='bbox 1870 4609 2137 4689; x_wconf 82' lang='lat' dir='ltr'><strong>petenda</strong></span> <span class='ocrx_word' id='word_1_678' title='bbox 2160 4608 2538 4670; x_wconf 86' lang='lat' dir='ltr'><strong>irritatione:</strong></span> <span class='ocrx_word' id='word_1_679' title='bbox 2570 4625 2722 4669; x_wconf 89' lang='lat' dir='ltr'><strong>nam</strong></span> <span class='ocrx_word' id='word_1_680' title='bbox 2753 4608 2806 4669; x_wconf 91' lang='lat' dir='ltr'><strong>si</strong></span> <span class='ocrx_word' id='word_1_681' title='bbox 2840 4614 3055 4669; x_wconf 87' lang='lat' dir='ltr'><strong>contra</strong></span> <span class='ocrx_word' id='word_1_682' title='bbox 3075 4609 3255 4669; x_wconf 83' lang='lat' dir='ltr'><strong>illum</strong></span> <span class='ocrx_word' id='word_1_683' title='bbox 3278 4629 3434 4689; x_wconf 75' lang='lat' dir='ltr'><strong>prae-</strong></span> 
     </span>
     <span class='ocr_line' id='line_1_100' title="bbox 1870 4701 3432 4780; baseline 0 -16"><span class='ocrx_word' id='word_1_684' title='bbox 1870 4703 1983 4764; x_wconf 89' lang='lat' dir='ltr'><strong>scri</strong></span> <span class='ocrx_word' id='word_1_685' title='bbox 1988 4707 2165 4780; x_wconf 85' lang='lat' dir='ltr'><strong>ptum</strong></span> <span class='ocrx_word' id='word_1_686' title='bbox 2185 4701 2287 4776; x_wconf 90' lang='lat' dir='ltr'><strong>sit,</strong></span> <span class='ocrx_word' id='word_1_687' title='bbox 2305 4706 2750 4780; x_wconf 89' lang='lat' dir='ltr'><strong>consequenter</strong></span> <span class='ocrx_word' id='word_1_688' title='bbox 2768 4708 2860 4763; x_wconf 91' lang='lat' dir='ltr'><strong>est</strong></span> <span class='ocrx_word' id='word_1_689' title='bbox 2878 4703 3131 4762; x_wconf 84' lang='lat' dir='ltr'><strong>omnino</strong></span> <span class='ocrx_word' id='word_1_690' title='bbox 3152 4701 3432 4764; x_wconf 87' lang='lat' dir='ltr'><strong>firmatus</strong></span> 
     </span>
     <span class='ocr_line' id='line_1_101' title="bbox 1869 4792 3434 4873; baseline 0.001 -19"><span class='ocrx_word' id='word_1_691' title='bbox 1869 4799 2066 4868; x_wconf 89' lang='lat' dir='ltr'><strong>actus,</strong></span> <span class='ocrx_word' id='word_1_692' title='bbox 2097 4798 2160 4854; x_wconf 87' lang='lat' dir='ltr'><strong>et</strong></span> <span class='ocrx_word' id='word_1_693' title='bbox 2184 4793 2451 4853; x_wconf 87' lang='lat' dir='ltr'><strong>irritatio</strong></span> <span class='ocrx_word' id='word_1_694' title='bbox 2474 4793 2739 4872; x_wconf 85' lang='lat' dir='ltr'><strong>exclusa,</strong></span> <span class='ocrx_word' id='word_1_695' title='bbox 2761 4794 2907 4873; x_wconf 84' lang='lat' dir='ltr'><strong>quia</strong></span> <span class='ocrx_word' id='word_1_696' title='bbox 2925 4792 3055 4853; x_wconf 79' lang='lat' dir='ltr'><strong>haec</strong></span> <span class='ocrx_word' id='word_1_697' title='bbox 3081 4811 3208 4854; x_wconf 89' lang='lat' dir='ltr'><strong>non</strong></span> <span class='ocrx_word' id='word_1_698' title='bbox 3237 4799 3434 4873; x_wconf 83' lang='lat' dir='ltr'><strong>potest</strong></span> 
     </span>
     <span class='ocr_line' id='line_1_102' title="bbox 1870 4885 3434 4965; baseline 0.001 -20"><span class='ocrx_word' id='word_1_699' title='bbox 1870 4885 2006 4947; x_wconf 89' lang='lat' dir='ltr'><strong>fieri</strong></span> <span class='ocrx_word' id='word_1_700' title='bbox 2054 4886 2173 4946; x_wconf 88' lang='lat' dir='ltr'><strong>nisi</strong></span> <span class='ocrx_word' id='word_1_701' title='bbox 2218 4885 2530 4947; x_wconf 88' lang='lat' dir='ltr'><strong>mediante</strong></span> <span class='ocrx_word' id='word_1_702' title='bbox 2580 4886 2845 4961; x_wconf 89' lang='lat' dir='ltr'><strong>actione,</strong></span> <span class='ocrx_word' id='word_1_703' title='bbox 2881 4892 2945 4946; x_wconf 93' lang='lat' dir='ltr'><strong>et</strong></span> <span class='ocrx_word' id='word_1_704' title='bbox 2978 4887 3138 4946; x_wconf 87' lang='lat' dir='ltr'><strong>aetio</strong></span> <span class='ocrx_word' id='word_1_705' title='bbox 3171 4887 3294 4947; x_wconf 83' lang='lat' dir='ltr'><strong>fuit</strong></span> <span class='ocrx_word' id='word_1_706' title='bbox 3320 4905 3434 4965; x_wconf 87' lang='lat' dir='ltr'><strong>per</strong></span> 
     </span>
     <span class='ocr_line' id='line_1_103' title="bbox 1870 4978 3432 5059; baseline 0.001 -20"><span class='ocrx_word' id='word_1_707' title='bbox 1870 4979 2397 5059; x_wconf 80' lang='lat' dir='ltr'><strong>praescriptionem</strong></span> <span class='ocrx_word' id='word_1_708' title='bbox 2451 4978 2720 5040; x_wconf 84' lang='lat' dir='ltr'><strong>exclusa.</strong></span> <span class='ocrx_word' id='word_1_709' title='bbox 2774 4979 2947 5052; x_wconf 91' lang='lat' dir='ltr'><strong>Quod</strong></span> <span class='ocrx_word' id='word_1_710' title='bbox 2988 4997 3137 5040; x_wconf 84' lang='lat' dir='ltr'><strong>vero</strong></span> <span class='ocrx_word' id='word_1_711' title='bbox 3190 4985 3432 5059; x_wconf 88' lang='lat' dir='ltr'><strong>tempus</strong></span> 
     </span>
     <span class='ocr_line' id='line_1_104' title="bbox 1873 5064 3485 5149; baseline 0.001 -18"><span class='ocrx_word' id='word_1_712' title='bbox 1873 5070 1953 5131; x_wconf 87' lang='lat' dir='ltr'><strong>ad</strong></span> <span class='ocrx_word' id='word_1_713' title='bbox 1980 5071 2496 5149; x_wconf 83' lang='lat' dir='ltr'><strong>praescribendam</strong></span> <span class='ocrx_word' id='word_1_714' title='bbox 2524 5072 2832 5132; x_wconf 88' lang='lat' dir='ltr'><strong>actionem</strong></span> <span class='ocrx_word' id='word_1_715' title='bbox 2858 5071 3142 5146; x_wconf 74' lang='lat' dir='ltr'><strong>sufficiat,</strong></span> <span class='ocrx_word' id='word_1_716' title='bbox 3170 5089 3301 5132; x_wconf 89' lang='lat' dir='ltr'><strong>non</strong></span> <span class='ocrx_word' id='word_1_717' title='bbox 3340 5078 3432 5133; x_wconf 87' lang='lat' dir='ltr'><strong>est</strong></span> <span class='ocrx_word' id='word_1_718' title='bbox 3476 5064 3485 5072; x_wconf 79' lang='grc'><strong>’</strong></span> 
     </span>
     <span class='ocr_line' id='line_1_105' title="bbox 1872 5161 3430 5242; baseline 0.003 -21"><span class='ocrx_word' id='word_1_719' title='bbox 1872 5161 2060 5239; x_wconf 86' lang='lat' dir='ltr'><strong>hujus</strong></span> <span class='ocrx_word' id='word_1_720' title='bbox 2094 5161 2213 5223; x_wconf 92' lang='lat' dir='ltr'><strong>loci</strong></span> <span class='ocrx_word' id='word_1_721' title='bbox 2249 5180 2578 5242; x_wconf 79' lang='lat' dir='ltr'><strong>exponere.</strong></span> <span class='ocrx_word' id='word_1_722' title='bbox 2627 5163 2782 5223; x_wconf 86' lang='lat' dir='ltr'><strong>Vide</strong></span> <span class='ocrx_word' id='word_1_723' title='bbox 2822 5162 3035 5224; x_wconf 83' lang='lat' dir='ltr'><strong>Molin.</strong></span> <span class='ocrx_word' id='word_1_724' title='bbox 3064 5168 3241 5224; x_wconf 85' lang='lat' dir='ltr'><strong>tract.</strong></span> <span class='ocrx_word' id='word_1_725' title='bbox 3276 5166 3316 5225; x_wconf 79' lang='lat'><strong>2</strong></span> <span class='ocrx_word' id='word_1_726' title='bbox 3352 5164 3430 5225; x_wconf 91' lang='lat' dir='ltr'><strong>de</strong></span> 
     </span>
     <span class='ocr_line' id='line_1_106' title="bbox 1872 5253 2371 5334; baseline 0.002 -21"><span class='ocrx_word' id='word_1_727' title='bbox 1872 5253 2030 5313; x_wconf 87' lang='lat' dir='ltr'><strong>Just.</strong></span> <span class='ocrx_word' id='word_1_728' title='bbox 2037 5299 2058 5329; x_wconf 90' lang='lat'><strong>,</strong></span> <span class='ocrx_word' id='word_1_729' title='bbox 2086 5255 2243 5334; x_wconf 85' lang='lat' dir='ltr'><strong>disp.</strong></span> <span class='ocrx_word' id='word_1_730' title='bbox 2270 5259 2340 5315; x_wconf 81' lang='grc' dir='ltr'>Ἡ</span> <span class='ocrx_word' id='word_1_731' title='bbox 2356 5299 2371 5314; x_wconf 94' lang='grc'><strong>.</strong></span> 
     </span>
    </p>

    <p class='ocr_par' dir='ltr' id='par_1_9' title="bbox 1872 5345 3434 5522">
     <span class='ocr_line' id='line_1_107' title="bbox 1951 5345 3434 5427; baseline 0.001 -21"><span class='ocrx_word' id='word_1_732' title='bbox 1951 5347 2012 5407; x_wconf 76' lang='lat'><strong>4.</strong></span> <span class='ocrx_word' id='word_1_733' title='bbox 2059 5348 2289 5423; x_wconf 90' lang='lat' dir='ltr'><strong>Tertio,</strong></span> <span class='ocrx_word' id='word_1_734' title='bbox 2317 5352 2515 5427; x_wconf 88' lang='lat' dir='ltr'><strong>potest</strong></span> <span class='ocrx_word' id='word_1_735' title='bbox 2530 5347 2792 5408; x_wconf 86' lang='lat' dir='ltr'><strong>irritatio</strong></span> <span class='ocrx_word' id='word_1_736' title='bbox 2808 5345 2940 5408; x_wconf 65' lang='lat' dir='ltr'><strong>haec</strong></span> <span class='ocrx_word' id='word_1_737' title='bbox 2958 5346 3268 5427; x_wconf 86' lang='lat' dir='ltr'><strong>impediri,</strong></span> <span class='ocrx_word' id='word_1_738' title='bbox 3289 5347 3434 5409; x_wconf 88' lang='lat' dir='ltr'><strong>licet</strong></span> 
     </span>
     <span class='ocr_line' id='line_1_108' title="bbox 1872 5439 3429 5522; baseline 0.001 -22"><span class='ocrx_word' id='word_1_739' title='bbox 1872 5443 2044 5501; x_wconf 86' lang='lat' dir='ltr'><strong>actus</strong></span> <span class='ocrx_word' id='word_1_740' title='bbox 2092 5441 2173 5501; x_wconf 84' lang='lat' dir='ltr'><strong>sit</strong></span> <span class='ocrx_word' id='word_1_741' title='bbox 2218 5440 2502 5522; x_wconf 83' lang='lat' dir='ltr'><strong>publicus</strong></span> <span class='ocrx_word' id='word_1_742' title='bbox 2547 5447 2611 5502; x_wconf 89' lang='lat' dir='ltr'><strong>et</strong></span> <span class='ocrx_word' id='word_1_743' title='bbox 2654 5439 3015 5522; x_wconf 82' lang='lat' dir='ltr'><strong>probabilis,</strong></span> <span class='ocrx_word' id='word_1_744' title='bbox 3056 5440 3136 5501; x_wconf 93' lang='lat' dir='ltr'><strong>ad</strong></span> <span class='ocrx_word' id='word_1_745' title='bbox 3159 5441 3429 5521; x_wconf 84' lang='lat' dir='ltr'><strong>judicem</strong></span> 
     </span>
    </p>
   </div>
  </div>
 </body>
</html>
