3976 6219
706 359 840 413 cAP.
875 363 956 414 Ἦ.
991 355 1205 410 mlum
1236 355 1316 407 DE
1346 354 1615 407 RATIONE
1649 351 1824 406 LEGIS
1857 351 1970 412 SIT,
2007 350 2089 402 UT
2121 348 2240 401 PRO
2272 347 2730 411 commum,
2760 346 2895 399 ETC.

217 463 480 542 positum
520 462 878 523 habiturum
919 460 1219 519 rationem
1255 454 1431 532 legiS,
1462 453 1673 531 utique
1713 452 1766 512 si

215 553 363 614 alias
392 556 769 614 conditiones
814 554 891 612 ad
920 552 1119 628 legem
1165 547 1487 626 requisitas
1514 544 1760 604 habeat.

213 646 303 706 Ad
333 647 605 706 Glossam
631 664 776 706 vero
805 651 866 705 et
892 643 1043 702 alios
1071 641 1346 699 doctores
1365 638 1449 696 ibi
1475 636 1768 713 allegatos

212 738 638 815 respondetur,
661 737 1049 816 explicandos
1071 733 1169 792 vel
1196 730 1607 791 admittendos
1636 746 1765 787 esse

204 831 386 908 juxta
406 832 550 909 jura
579 850 715 909 quae
738 831 1027 906 allegant,
1060 832 1120 887 et
1143 826 1194 885 si
1222 824 1388 884 aliud
1414 823 1762 889 voluerunt,

212 940 338 981 non
368 941 496 983 esse
521 923 899 1002 probandam
925 937 1137 981 eorum
1160 915 1551 977 sententiam.
1576 914 1765 992 Igitur

213 1013 289 1073 de
322 1015 442 1075 illis
480 1016 720 1077 duabus
757 1014 995 1093 legibus
1036 1013 1110 1073 de
1152 1008 1497 1071 Decurioni.
1558 1009 1769 1085 Neque

210 1108 601 1183 Dorotheum,
631 1114 693 1169 et
721 1107 1003 1183 Doctitii,
1041 1121 1259 1165 verum
1288 1107 1378 1162 est
1405 1100 1635 1162 versari
1660 1099 1771 1158 ali-

210 1217 334 1276 quo
364 1200 547 1260 modo
576 1200 738 1260 circa
769 1197 1088 1259 commoda
1124 1194 1589 1274 particularium
1632 1211 1769 1270 per-

210 1308 504 1351 sonarum
549 1311 687 1370 quae
733 1290 819 1350 ibi
873 1290 1311 1350 nominantur:
1369 1283 1770 1343 nihilominus

207 1386 418 1441 tamen
440 1391 740 1461 quatenus
763 1382 995 1460 aliquid
1012 1379 1398 1459 praecipiunt,
1414 1395 1538 1435 non
1561 1376 1767 1435 scrun-

209 1479 313 1534 tur
349 1476 429 1534 ad
465 1477 600 1535 illas
629 1475 971 1554 singulares
1007 1491 1318 1552 personaS,
1361 1471 1463 1530 sed
1490 1470 1563 1530 ad
1605 1487 1766 1529 com-

210 1566 611 1642 munitatem,
646 1574 705 1627 et
732 1566 808 1627 ad
842 1585 1053 1626 omnes
1082 1565 1354 1625 subditos
1377 1562 1762 1640 legislatoriS,

211 1657 562 1735 obligantes
583 1661 717 1721 illos
745 1662 820 1721 ad
839 1659 1202 1721 servandam
1226 1657 1437 1732 talem,
1460 1656 1555 1716 vel
1577 1655 1764 1715 talem

208 1748 676 1811 immunitatem
711 1753 829 1813 illis
867 1752 1165 1832 personiS.
1208 1749 1522 1823 Quomodo
1552 1748 1762 1823 etiam,

206 1838 321 1899 lib.
366 1842 427 1915 8,
466 1842 906 1904 declarabimus
946 1842 1362 1922 privilegium,
1399 1842 1541 1901 licet
1580 1842 1769 1920 parti-

214 1931 422 1993 culare
447 1935 751 2008 videatur,
786 1954 957 2013 posse
1000 1934 1227 1993 habere
1255 1933 1559 1991 rationem
1591 1932 1765 2009 legis

207 2022 387 2082 Addo
412 2026 601 2084 etiam
624 2027 687 2085 in
706 2028 826 2086 illis
844 2027 1086 2104 legibus
1105 2044 1230 2084 non
1257 2031 1501 2085 tantum
1528 2022 1776 2083 concedi

205 2114 489 2174 favorem
536 2118 956 2194 singularibus
992 2118 1269 2195 personis
1302 2117 1391 2175 ibi
1420 2115 1773 2188 nominatiS,

209 2206 313 2265 sed
345 2208 531 2266 etiam
563 2209 1011 2267 successoribus
1039 2226 1253 2267 eorum
1284 2208 1349 2266 111
1382 2212 1772 2284 perpetuum,

209 2303 273 2357 et
308 2299 395 2356 ita
422 2299 543 2358 illae
581 2300 745 2375 leges
783 2300 1152 2377 participant
1195 2299 1667 2376 perpetuitatem
1713 2302 1774 2355 et

210 2391 744 2464 communitatem,
762 2391 904 2468 quia
929 2386 1051 2449 ill'ae
1079 2390 1329 2449 familiae
1356 2407 1583 2465 magna
1610 2406 1772 2465 quae-

212 2481 357 2540 dam
382 2500 523 2559 pars
560 2483 1040 2556 communitatis,
1086 2488 1146 2540 et
1176 2481 1431 2540 fortasse
1459 2499 1534 2538 ex
1562 2479 1771 2557 praeci-

210 2573 351 2649 puis
376 2592 502 2632 esse
531 2580 835 2652 poterant,
868 2580 928 2633 et
959 2574 1046 2633 ita
1074 2573 1193 2632 illae
1222 2573 1412 2649 legeS,
1454 2572 1594 2630 licet
1621 2589 1771 2648 qua-

212 2664 359 2723 dam
403 2666 641 2725 ratione
686 2666 1010 2725 videantur
1059 2663 1367 2742 speciales,
1422 2682 1534 2723 suo
1587 2663 1770 2722 modo

212 2758 530 2833 generales
564 2762 726 2831 sunt,
769 2758 909 2817 licet
940 2774 1263 2835 nunquam
1301 2756 1604 2831 ferantur,
1650 2755 1772 2815 nisi

210 2866 325 2927 per
354 2850 605 2909 modum
631 2850 1119 2929 privilegiorum,
1150 2855 1219 2909 ut
1246 2868 1322 2909 ex
1352 2868 1469 2909 usu
1508 2855 1763 2909 constat.

297 2943 393 3001 15.
439 2942 531 3001 Ad
575 2942 913 3002 secundum
955 2960 1032 3002 ex
1067 2942 1224 3001 libro
1255 2945 1314 3016 1,
1359 2942 1486 3020 et§
1531 2945 1589 3015 1,
1622 2946 1763 3015 etc.,

212 3022 558 3113 respondeo
606 3035 772 3113 leges
826 3034 1174 3114 personales
1220 3033 1305 3092 ibi
1347 3033 1552 3092 vocari
1603 3033 1769 3109 leges

208 3127 713 3205 privilegiorum,
757 3146 894 3206 quae
940 3126 1289 3206 personales
1334 3131 1632 3185 vocantur
1675 3144 1771 3184 ra-

211 3218 381 3278 tione
438 3220 733 3296 proximae
790 3220 1105 3292 utilitatis,
1157 3237 1342 3296 quam
1400 3218 1766 3292 intendunt,

213 3328 454 3387 semper
482 3316 688 3371 tamen
709 3312 1043 3390 respiciunt
1063 3311 1269 3388 aliquo
1293 3310 1476 3369 modo
1495 3327 1770 3368 commu-

212 3403 476 3461 nitatem
521 3421 597 3462 ex
639 3414 811 3482 parte
857 3421 1071 3463 eorum
1119 3402 1339 3479 quibus
1383 3402 1768 3480 praecipiunt,

213 3500 287 3554 ut
326 3495 603 3572 proxime
651 3496 1021 3573 explicatum
1072 3501 1184 3568 est,
1235 3500 1295 3553 et
1331 3495 1650 3553 tractando
1694 3492 1771 3552 de

215 3586 553 3665 privilegiis
592 3586 777 3646 latius
804 3587 1059 3646 dicetur.
1102 3585 1193 3645 Ad
1224 3586 1476 3644 tertium
1520 3602 1770 3661 respon-

213 3676 397 3736 detur
433 3677 633 3754 legem
664 3678 965 3756 privatam
995 3679 1060 3736 in
1089 3677 1208 3736 illis
1244 3674 1580 3736 canonibus
1608 3678 1769 3735 sumi

211 3771 279 3829 in
312 3788 490 3828 sensu
520 3769 702 3845 longe
741 3769 1002 3829 diverso.
1048 3770 1273 3828 Dicitur
1302 3770 1467 3828 enim
1508 3769 1608 3828 lex
1645 3768 1768 3846 pri-

211 3868 380 3936 vata,
407 3868 514 3921 aut
532 3868 747 3921 votum
768 3862 999 3921 factum
1017 3880 1094 3921 ex
1108 3861 1352 3939 speciali
1372 3862 1769 3938 inspiratione

212 3953 480 4030 Spiritus
507 3954 723 4027 sancti,
754 3959 862 4012 aut
903 3954 1161 4031 ipsamet
1188 3953 1505 4030 inspiratio
1534 3953 1766 4027 divina,

211 4063 326 4125 per
348 4063 534 4123 quam
564 4045 749 4104 homo
776 4045 1120 4122 specialiter
1144 4050 1396 4103 vocatur
1417 4044 1496 4102 ad
1520 4043 1769 4121 aliquod

208 4139 396 4198 latius
415 4138 670 4210 bonum,
698 4156 834 4216 quae
854 4138 1183 4216 appellatio
1207 4136 1622 4214 metaphorica
1645 4144 1764 4195 est:

209 4229 323 4290 illa
358 4230 525 4288 enim
567 4248 692 4289 non
735 4235 823 4288 est
859 4229 1106 4308 propria
1139 4228 1260 4301 lex,
1303 4228 1378 4286 de
1422 4245 1545 4304 qua
1588 4226 1769 4286 modo

210 4327 570 4396 tractamus,
620 4322 724 4381 sed
762 4322 847 4381 ita
882 4327 1158 4394 vocatur,
1190 4319 1336 4396 quia
1382 4318 1669 4378 scribitur
1703 4319 1770 4377 in

208 4413 419 4486 corde,
446 4420 506 4473 et
528 4414 851 4492 participat
873 4412 1108 4491 aliquos
1136 4411 1389 4471 effectus
1409 4409 1586 4489 legiS,
1612 4411 1770 4470 sicut

208 4505 292 4566 de
321 4512 462 4565 voto
493 4506 641 4565 alias
667 4506 956 4566 diximus,

299 4598 395 4657 16.
441 4598 564 4658 Lem
600 4602 654 4658 et
681 4603 1038 4675 praeceptum
1072 4614 1190 4656 non
1226 4602 1665 4658 convertuntur.
1690 4628 1772 4641 —

212 4691 379 4763 Quid
396 4691 577 4749 addat
586 4694 875 4766 praecepto
892 4691 1007 4761 lex,
1027 4694 1080 4749 et
1093 4689 1372 4766 quomodo
1392 4690 1579 4749 distin
1581 4706 1772 4765 quan-

210 4789 340 4843 tur.
368 4814 451 4826 —
475 4781 568 4840 Ad
597 4783 866 4840 rationes
893 4780 1069 4840 facile
1098 4780 1455 4857 responderi
1478 4787 1672 4859 potest
1696 4800 1773 4840 ex

205 4875 415 4934 dictis.
458 4875 613 4933 Nam
658 4877 817 4934 circa
859 4875 1126 4953 primam
1172 4879 1407 4933 constat
1449 4891 1525 4933 ex
1572 4873 1768 4948 dictis,

206 4974 588 5048 praeceptum
619 4974 679 5027 et
706 4967 907 5044 legem
951 4986 1076 5026 non
1106 4968 1379 5026 converti
1407 4984 1422 5027 ε
1455 4985 1601 5027 110111
1628 4967 1773 5026 licet

207 5062 417 5122 omnis
461 5062 561 5120 lex
603 5061 680 5120 sit
720 5067 1093 5139 praeceptum
1116 5076 1137 5137 ς
1180 5077 1305 5120 11011
1332 5066 1542 5119 tamen
1586 5078 1771 5121 omne

204 5160 588 5235 praeceptum
632 5159 722 5212 est
758 5153 859 5213 lex
880 5169 901 5228 ;
941 5154 1044 5214 sed
1086 5159 1324 5233 oportet
1365 5159 1434 5212 ut
1484 5153 1772 5231 speciales

206 5248 595 5307 conditiones
624 5246 871 5321 habeat,
903 5246 1064 5304 inter
1100 5264 1251 5323 quas
1279 5263 1405 5304 una
1441 5250 1555 5318 est,
1601 5250 1670 5304 ut
1695 5247 1773 5305 sit

205 5345 588 5418 praeceptum
619 5356 943 5396 commuue
975 5338 1039 5395 in
1075 5356 1253 5396 sensu
1296 5337 1618 5414 explicato·
1648 5338 1770 5397 Ne-

206 5449 331 5510 que
371 5436 613 5511 oportet
650 5430 715 5491 111
759 5449 824 5490 re
858 5431 1074 5492 morali
1110 5430 1292 5492 anxie
1328 5429 1640 5510 inquirere
1684 5448 1766 5490 011

3317 337 3396 397 27

1844 455 2216 529 praeceptum
2242 454 2301 507 et
2342 448 2440 507 lex
2469 448 2869 508 essentialiter
2897 442 3393 521 distinguantur:

1846 548 1974 602 esto
2017 542 2183 601 enim
2235 559 2359 599 non
2397 541 2857 617 distinguantur
2902 536 3151 615 physice
3195 533 3395 613 quoad

1848 634 2076 713 species
2116 632 2427 692 naturales
2469 638 2743 703 actuum,
2776 630 2921 690 satis
2962 634 3053 688 est
3084 626 3248 704 quod
3278 624 3399 684 dis-

1850 728 2217 805 tinguantur
2264 724 2601 798 moraliter,
2647 724 2745 783 101
2793 724 2884 798 (ut
2929 720 3014 780 ita
3057 719 3279 792 dicam)
3331 717 3399 777 in

1849 839 1978 880 esse
2006 818 2332 879 artificiali.
2376 818 2481 876 Est
2512 816 2680 875 enim
2721 815 2819 874 lex
2860 813 3050 873 veluti
3091 809 3400 888 quoddam

1847 913 2210 972 artesactum
2244 908 2545 969 resultans
2576 926 2651 967 ex
2676 907 2784 966 tali
2824 911 2962 966 actu
2969 949 2988 978 ,
3016 921 3155 963 cum
3178 900 3402 962 talibus

1848 1003 2344 1075 circumstantiis,
2383 998 2861 1072 conditionibus,
2901 996 3002 1056 vel
3026 992 3401 1054 habitudini-

1849 1097 1988 1171 buS,
2038 1096 2169 1156 sine
2217 1094 2440 1173 quibus
2490 1111 2618 1152 non
2653 1093 2768 1152 erit
2807 1108 2954 1149 vera
2998 1088 3123 1163 lex,
3164 1084 3404 1146 etiamsi

1850 1188 2052 1268 quoad
2086 1193 2293 1247 actum
2325 1183 2718 1264 praecipiendi
2741 1182 3015 1262 ejusdem
3039 1180 3117 1239 sit
3139 1184 3401 1237 naturae.

1850 1282 2011 1342 Addi
2036 1281 2221 1340 etiam
2247 1284 2470 1358 potest,
2500 1276 2944 1355 legislationem
2967 1271 3169 1351 quoad
3198 1275 3404 1330 actum

1849 1374 2215 1454 prudentiae,
2253 1392 2291 1432 a
2320 1390 2442 1449 quo
2471 1369 2762 1449 procedit,
2802 1381 2863 1428 et
2890 1365 3088 1444 quoad
3121 1363 3406 1423 honesta·

1849 1473 1973 1526 tem
2003 1484 2188 1544 quam
2215 1464 2419 1538 habet,
2455 1470 2525 1522 ut
2544 1461 2818 1541 procedit
2844 1479 2882 1519 a
2907 1456 3275 1536 legislatore,
3297 1454 3405 1513 110-

1847 1560 1992 1621 bere
2022 1558 2345 1640 specialem
2377 1556 2680 1615 rationem
2713 1552 2958 1612 virtutis
2992 1549 3342 1609 distinctam
3369 1564 3408 1605 a

1845 1657 2150 1733 praeccpto
2184 1648 2539 1728 particulari
2569 1655 2630 1707 et
2661 1646 2926 1725 privatO,
2967 1648 3027 1703 et
3059 1642 3175 1701 hoc
3216 1639 3400 1699 modo

1846 1745 1966 1804 dici
2005 1762 2176 1822 posse
2203 1742 2429 1819 legem,
2475 1748 2535 1802 et
2560 1741 2645 1800 sic
2671 1736 3077 1799 essentialiter
3107 1731 3406 1810 distingui

1848 1857 1887 1898 a
1919 1839 2159 1917 privato
2194 1836 2506 1895 mandato.

1934 1932 2032 1988 17.
2077 1929 2158 1989 In
2204 1946 2316 2007 quo
2357 1946 2530 1988 sensu
2571 1927 2796 1989 dicitwr
2835 1926 2930 1985 lea:
2964 1920 3312 1994 communis,
3354 1923 3408 1979 et
3497 1925 3502 1930 ’

1849 2037 1962 2096 pro
1995 2021 2404 2079 communitate
2434 2021 2584 2081 lata.
2623 2053 2704 2065 —
2741 2019 2832 2079 Ad
2875 2017 3141 2097 primam
3187 2012 3409 2073 confir-

1854 2110 2196 2170 mationem
2240 2110 2676 2188 respondetur,
2722 2127 2937 2169 verum
2989 2125 3158 2181 esse,
3208 2105 3409 2182 legem

1856 2202 2056 2261 dicere
2102 2208 2442 2279 respectum
2487 2202 2566 2259 ad
2617 2201 2955 2277 singulares
3001 2216 3308 2277 personas,
3341 2202 3410 2255 ut

1854 2300 2002 2352 sunt
2043 2300 2244 2372 partes
2287 2294 2746 2352 communitatis
2790 2292 2890 2350 cui
2929 2290 3030 2349 lex
3072 2289 3410 2366 imponitur

1853 2390 2156 2462 tanquam
2184 2386 2399 2463 regula
2421 2384 2737 2463 operandi.
2780 2383 2874 2443 Ad
2904 2380 3239 2441 secundam
3268 2397 3412 2438 con-

1850 2477 2266 2538 firmationem
2290 2478 2693 2556 respondetur
2715 2477 2913 2553 legem
2943 2493 3069 2533 non
3109 2473 3228 2531 dici
3249 2490 3412 2531 com·

1851 2588 2128 2642 munem,
2165 2571 2309 2647 quia
2337 2569 2677 2629 necessario
2710 2568 2947 2646 imponi
2976 2566 3198 2626 debeat
3236 2583 3410 2624 com-

1852 2662 2165 2736 munitati,
2203 2668 2273 2720 ut
2300 2662 2706 2720 communitas
2724 2666 2816 2720 est
2849 2667 2909 2720 et
2945 2677 3165 2737 corpus
3194 2657 3411 2736 mysti-

1851 2772 2025 2813 cum:
2066 2754 2170 2812 sed
2210 2754 2354 2832 quia
2396 2751 2765 2831 generaliter
2805 2751 3066 2830 proponi
3094 2749 3297 2823 debet,
3339 2754 3409 2807 ut

1850 2846 1928 2904 ad
1972 2864 2186 2905 omnes
2214 2851 2275 2905 et
2316 2844 2590 2921 singulos
2631 2845 2937 2923 pertinere
2984 2843 3196 2921 possit,
3226 2843 3408 2919 juxta

1849 2938 2124 2997 materioe
2153 2938 2556 3014 exigentiam,
2596 2943 2657 2996 et
2698 2937 2813 2997 hoc
2839 2937 3021 2996 modo
3050 2952 3265 2994 verum
3289 2940 3403 3009 est,

1847 3029 1996 3090 ferri
2020 3036 2090 3088 ut
2116 3030 2396 3107 regulam
2429 3048 2828 3107 personarum
2856 3046 3166 3101 verarum,
3190 3034 3252 3087 et
3278 3045 3405 3086 non

1850 3130 2094 3183 tantum
2123 3124 2425 3184 fictarum.
2458 3124 2824 3184 Addendum
2857 3141 3002 3183 vero
3025 3128 3115 3181 est
3157 3127 3406 3199 propter

1852 3217 2381 3277 confirmationem
2411 3218 2681 3290 tertiam,
2714 3214 2912 3292 legem
2932 3215 3239 3275 ordinarie
3259 3213 3408 3272 ferri

1850 3311 1928 3369 ad
1959 3311 2490 3384 communitatem,
2535 3328 2662 3369 non
2692 3309 3027 3381 collective,
3071 3307 3177 3366 sed
3209 3306 3410 3365 distri-

1850 3400 2084 3477 butive,
2129 3402 2191 3460 id
2232 3408 2344 3476 est,
2386 3410 2455 3461 ut
2493 3401 2572 3461 ab
2615 3401 2901 3481 omnibus
2933 3406 2995 3461 et
3037 3398 3297 3476 singulis
3332 3398 3408 3457 de

1850 3494 2289 3553 communitate
2333 3499 2608 3554 servetur
2652 3511 2794 3553 cum
2841 3492 3268 3552 distributione
3310 3509 3408 3550 ac-

1850 3585 2239 3645 commodata
2258 3586 2437 3662 juxta
2460 3586 2874 3647 conditionem
2903 3585 3087 3662 legis:
3123 3603 3270 3644 nam
3293 3584 3410 3642 hoc

1848 3695 2091 3755 semper
2139 3677 2727 3754 subintelligendum
2775 3686 2888 3739 est.
2953 3681 3155 3737 Potest
3201 3683 3408 3737 autem

1850 3770 2036 3829 etiam
2069 3769 2215 3829 ferri
2256 3769 2589 3848 aliquando
2617 3771 2716 3830 lex
2750 3771 2815 3830 in
2848 3771 3044 3849 ipsam
3068 3768 3410 3829 communi-

1850 3867 2064 3936 tatem,
2102 3867 2170 3920 ut
2199 3864 2606 3923 communitas
2637 3869 2751 3938 est,
2784 3863 2848 3922 id
2877 3869 2990 3937 est,
3026 3861 3408 3940 prohibendo

1849 3953 1947 4013 vel
1974 3954 2388 4031 praecipiendo
2405 3961 2613 4014 actum
2632 3956 2738 4033 qui
2759 3955 2838 4015 ab
2860 3955 2965 4014 illa
2984 3955 3136 4029 sola,
3160 3961 3227 4012 ut
3245 3971 3408 4014 com-

1850 4047 2122 4104 munitas
2175 4052 2289 4119 est,
2338 4049 2609 4106 exerceri
2663 4053 2883 4125 potest,
2942 4052 3011 4105 ut
3057 4052 3294 4106 constat
3334 4046 3410 4104 de

1850 4138 2093 4195 statutis
2120 4154 2646 4213 quarumcumque
2669 4138 3240 4213 congregationum,
3272 4138 3412 4196 uni-

1849 4228 2252 4300 versitatum,
2311 4227 2761 4304 capitulorum,
2806 4227 3225 4303 collegiorum,
3265 4236 3408 4303 etc„

1849 4318 2313 4396 disponentibus
2336 4318 2544 4397 aliqua
2563 4320 2723 4380 circa
2750 4320 3022 4380 actiones
3056 4321 3327 4398 publicas
3350 4327 3412 4381 et

1848 4426 2207 4470 communes
2247 4410 2387 4470 talis
2433 4413 2700 4490 corporis
2750 4413 3042 4491 mystici:
3095 4431 3240 4473 nam
3289 4414 3410 4474 illae

1851 4508 1996 4562 sunt
2024 4521 2184 4562 verae
2212 4503 2400 4581 leges,
2433 4505 2484 4564 si
2518 4504 2669 4565 alias
2698 4507 3078 4566 conditiones
3117 4505 3408 4579 habeant,

1851 4595 2092 4656 etiamsi
2111 4601 2353 4656 tantum
2379 4598 2737 4676 praecipiant
2754 4599 2865 4659 uni
2890 4598 3222 4658 individuae
3246 4615 3412 4657 com-

1850 4689 2175 4747 munitati:
2219 4690 2268 4747 si
2308 4694 2515 4749 tamen
2551 4693 2963 4751 communitas
3000 4691 3268 4769 perfecta
3305 4689 3407 4764 sit,

1851 4787 1923 4840 ut
1968 4784 2179 4842 statim
2213 4783 2415 4842 dicam
2431 4800 2452 4861 3
2482 4790 2618 4844 tum
2660 4786 2806 4862 quia
2836 4785 2976 4844 licet
3020 4785 3130 4845 illa
3172 4785 3412 4844 dicatur

1851 4894 1977 4935 una
2004 4895 2265 4954 persona
2298 4877 2461 4952 ficta,
2488 4878 2845 4957 simpliciter
2867 4885 2957 4939 est
2975 4878 3406 4952 communitas,

1851 4973 1914 5027 et
1944 4969 2130 5029 habet
2165 4972 2635 5048 perpetuitatem
2677 4971 3038 5049 requisitam
3066 4972 3146 5030 ad
3181 4971 3404 5048 legem,

1851 5069 1912 5123 et
1952 5063 2308 5122 immediate
2344 5065 2589 5142 respicit
2617 5065 2849 5125 bonum
2884 5082 3239 5124 commune:
3272 5072 3409 5125 tum

1855 5155 2065 5230 etiam,
2100 5156 2247 5232 quia
2277 5173 2387 5233 per
2412 5156 2599 5216 talem
2632 5157 2832 5233 legem
2864 5174 3104 5236 semper
3131 5157 3411 5236 obligan-

1852 5253 1955 5308 tur
1995 5248 2224 5325 singuli
2254 5248 2330 5308 de
2368 5249 2475 5308 illa
2510 5250 2956 5311 communitate
2994 5251 3072 5311 ad
3108 5269 3234 5311 non
3268 5271 3409 5330 ope-

1848 5340 2137 5414 randum,
2181 5340 2280 5399 vel
2321 5342 2800 5419 cooperandum,
2846 5350 3057 5409 contra
3085 5344 3273 5410 talem
3312 5344 3407 5406 le-

1847 5448 2011 5508 gem.
