3976 6219
849 393 983 448 CAP.
1025 394 1174 448 xvn.
1210 393 1426 446 umuli
1456 393 1688 458 AthJA
1721 392 1868 445 ALIA
1900 390 2205 455 connrrm,
2239 390 2623 459 ruffinam,
2658 392 2795 446 ETC.

224 508 601 574 supremam,
623 507 762 569 quse
786 507 912 550 non
941 488 1229 550 subditur
1256 488 1349 550 illi
1370 488 1517 569 legi.
1551 488 1784 550 Nihilo-

224 589 432 649 minus
458 592 693 657 tamen,
722 590 973 663 propter
1002 583 1309 644 rationem
1339 589 1399 643 et
1416 581 1784 643 fundamen·

221 687 356 742 tum
383 679 548 740 illius
568 677 723 755 legis
746 722 764 752 ,
795 682 858 736 et
888 675 1035 755 quia
1059 675 1189 737 haec
1219 674 1452 736 tributa
1484 675 1646 737 01010
1673 694 1784 736 00-

223 775 404 835 diunt
432 778 494 832 et
522 771 734 831 odiosa
758 774 903 830 sunt
927 769 1360 830 communitati
1388 788 1729 850 pauperum
1756 814 1776 844 ,

221 873 385 928 recte
426 864 658 926 facient
702 862 1010 942 principes
1038 861 1146 922 illa
1189 862 1537 924 excusando
1579 861 1781 941 quoad

222 959 361 1019 fieri
410 957 619 1037 possit.
660 956 974 1035 Multoque
1012 955 1454 1033 congruentius
1480 963 1675 1031 esset,
1714 957 1782 1015 in

220 1051 405 1112 rebus
426 1068 563 1129 quse
583 1049 663 1110 ad
684 1067 830 1109 usus
857 1066 984 1108 non
1011 1047 1407 1124 00000001100,
1425 1049 1530 1110 sed
1561 1049 1641 1111 ad
1668 1048 1780 1110 de·-

221 1145 417 1220 110100,
455 1142 556 1204 vel
583 1141 850 1205 nimium
881 1145 1194 1216 ornatum,
1228 1142 1327 1201 vel
1361 1142 1782 1203 curiositatem

223 1237 584 1299 deferuntur
605 1281 626 1312 ,
671 1235 899 1296 similia
935 1252 1128 1295 onera
1171 1239 1236 1295 et
1268 1235 1554 1313 graviora
1587 1236 1782 1315 impo-

222 1349 394 1405 nere,
428 1331 579 1391 dum
622 1334 834 1389 tamen
881 1326 989 1388 illa
1031 1326 1342 1388 sufficiant
1384 1327 1464 1389 ad
1500 1328 1783 1407 indigen-

221 1424 400 1499 tiam,
439 1423 745 1501 justamve
781 1420 1207 1482 necessitatem
1236 1420 1418 1500 regni
1463 1427 1572 1482 aut
1603 1420 1780 1500 prin·-

222 1516 374 1595 cipis
400 1513 870 1575 sublevandam.

305 1610 403 1669 10.
440 1607 617 1669 Unde
646 1605 847 1667 infero
882 1606 1013 1667 hoec
1046 1605 1371 1683 vectigalia
1405 1611 1466 1667 et
1491 1605 1778 1685 pedagia,

220 1700 272 1760 si
299 1698 612 1779 generalia
632 1699 757 1759 sint
785 1704 846 1759 et
872 1699 1121 1779 propria
1147 1699 1404 1776 tributa,
1434 1700 1596 1778 juste
1615 1699 1781 1778 exigi

221 1811 346 1853 non
384 1792 585 1853 solum
608 1794 687 1853 ab
719 1791 959 1866 incolis,
999 1793 1108 1854 sed
1134 1793 1323 1854 etiam
1358 1792 1436 1853 ab
1472 1793 1779 1853 extraneis

218 1886 752 1966 peregrinantibus
770 1886 838 1947 in
864 1885 976 1946 tali
1002 1905 1216 1966 10300.
1261 1887 1433 1947 81001
1455 1885 1779 1964 vectigalia

220 1980 522 2039 mercium
549 1979 874 2041 solvuntur
902 1996 941 2038 0
978 1979 1422 2040 mercatoribus
1457 1979 1647 2040 etiam
1674 1995 1780 2039 ex-

219 2073 491 2150 traneis;
526 2079 665 2135 tum
701 2073 849 2152 quia
877 2072 995 2134 hoc
1032 2073 1476 2135 consuetudine
1501 2077 1781 2134 servatur

217 2164 287 2224 in
309 2165 601 2225 omnibus
637 2167 869 2245 1031110,
910 2166 1054 2245 quia
1087 2167 1343 2227 fortasse
1374 2184 1501 2227 non
1539 2170 1782 2244 poterat

221 2257 541 2319 commode
575 2257 712 2319 fieri
746 2277 1147 2339 personarum
1179 2257 1511 2333 distinctio,
1543 2264 1605 2319 01
1634 2259 1781 2337 quia

219 2352 372 2411 alias
393 2351 627 2412 occasio
645 2351 965 2412 fraudibus
988 2353 1260 2428 daretur,
1278 2353 1440 2413 etita
1461 2351 1533 2413 111
1548 2353 1781 2414 virtua-

221 2445 296 2505 lis
325 2446 739 2524 compensatio
759 2490 779 2520 ,
814 2445 1007 2506 veluti
1034 2446 1300 2524 quodam
1322 2446 1467 2524 jure
1497 2446 1780 2524 gentium

220 2537 573 2597 introducta
604 2559 622 2613 3
670 2542 805 2597 tum
844 2530 1034 2598 etiam
1078 2538 1226 2617 quia
1266 2539 1546 2599 extranei
1582 2539 1781 2599 multa

218 2630 544 2691 commoda
574 2630 878 2711 recipiunt
909 2650 948 2692 a
982 2631 1260 2710 principe
1298 2631 1464 2692 illius
1496 2632 1676 2709 regni
1712 2632 1779 2691 in

218 2741 343 2802 quo
373 2729 723 2799 versantur,
755 2723 987 2785 scilicet
1015 2725 1258 2785 viarum
1276 2722 1692 2798 securitatem,
1719 2727 1781 2783 et

220 2816 698 2894 expeditionem,
729 2820 790 2876 et
811 2816 979 2896 pacis
1000 2815 1552 2889 conservationem,
1584 2820 1647 2876 et
1673 2815 1780 2876 ad-

219 2907 745 2968 ministrationem
780 2908 1035 2986 justitiae
1062 2923 1083 2983 3
1127 2912 1263 2968 tum
1305 2908 1573 2986 denique
1605 2909 1775 2986 quia,

221 3000 371 3060 dum
421 2999 509 3060 ibi
552 2999 809 3078 degunt,
856 3007 1005 3061 sunt
1048 2999 1255 3078 aliquo
1303 3000 1486 3060 modo
1522 2999 1775 3074 subditi,

221 3099 527 3173 quatenus
552 3098 846 3155 tenentur
872 3093 1036 3155 illius
1063 3094 1240 3171 regni
1267 3092 1509 3172 legibus
1538 3111 1774 3171 parere.

220 3187 332 3247 Illa
376 3205 522 3266 0130
575 3187 851 3267 exceptio
902 3204 1094 3267 quam
1135 3186 1330 3266 aliqui
1375 3204 1454 3247 ex
1501 3184 1782 3263 allegatis

219 3279 571 3340 doctoribus
607 3280 879 3356 addunt,
928 3279 1271 3341 necessaria
1310 3296 1438 3339 non
1483 3282 1595 3338 est.
1645 3278 1781 3338 Dixi

220 3377 429 3436 autem
454 3418 474 3449 ,
524 3373 577 3434 si
607 3373 840 3434 tributa
877 3373 1004 3434 sint
1043 3372 1292 3452 propria
1331 3376 1395 3433 01
1421 3370 1776 3450 30001011ος

219 3485 368 3527 nam
409 3468 463 3528 si
504 3469 629 3529 sint
664 3467 1064 3547 particulares
1102 3466 1526 3547 impositiones
1569 3466 1780 3528 civita-

219 3565 354 3620 tum
390 3562 468 3623 ad
499 3562 749 3642 propria
789 3560 1114 3623 commoda
1149 3560 1546 3640 particularia
1588 3561 1779 3621 intro·

219 3653 448 3729 ductae,
478 3655 677 3733 magis
704 3673 782 3716 ex
807 3655 1075 3734 quadam
1107 3654 1338 3715 civium
1369 3653 1788 3714 conventione.

218 3752 282 3807 et
309 3746 649 3824 voluntate,
675 3767 748 3809 ac
769 3754 949 3828 pacto
971 3748 1157 3808 tacito
1172 3746 1273 3808 vel
1294 3764 1603 3826 expresso,
1629 3751 1781 3807 tunc

214 3859 345 3902 non
373 3839 817 3920 obligabuntur
841 3840 1084 3903 externi
1098 3886 1120 3918 ,
1161 3846 1223 3901 et
1262 3840 1330 3901 in
1370 3840 1488 3901 1100
1515 3858 1662 3901 0000
1689 3839 1780 3899 vi-

216 3934 443 3994 dentur
467 3933 639 4014 loqui
670 3935 839 3996 citati
870 3940 1168 3996 auctores.
1200 3935 1336 3995 Non
1360 3933 1539 3994 video
1568 3937 1779 3993 tamen

216 4046 327 4088 cur
346 4028 690 4108 specialiter
712 4030 829 4091 hoc
856 4029 1118 4090 doceant
1144 4026 1220 4087 de
1245 4026 1646 4105 vectigalibus
1671 4043 1781 4105 po-

215 4121 348 4181 sitis
391 4122 458 4182 in
507 4121 691 4183 rebus
734 4121 1035 4182 ordinatis
1063 4120 1158 4197 ‚ad
1198 4120 1519 4199 proprium
1567 4136 1777 4194 usum,

215 4232 361 4275 cum
390 4213 606 4275 eadem
649 4216 728 4275 sit
756 4214 916 4274 ratio
952 4213 1029 4274 de
1057 4211 1344 4274 omnibus
1362 4259 1375 4283 ,
1420 4212 1472 4272 si
1500 4217 1778 4272 servetur

213 4308 570 4388 proportio:
606 4309 767 4368 ratio
794 4312 1003 4368 autem
1034 4312 1149 4383 est,
1185 4305 1332 4385 quia
1357 4305 1450 4367 illi
1476 4323 1603 4367 non
1630 4323 1776 4366 con·

215 4404 546 4460 senserunt
586 4400 655 4461 in
695 4400 800 4461 illo
846 4405 1023 4480 pacto
1069 4405 1131 4461 01
1170 4399 1576 4460 conventione
1594 4444 1615 4474 ,
1664 4415 1779 4459 000

215 4494 621 4555 commoditas
652 4494 894 4555 intenta
926 4495 995 4555 in
1027 4512 1132 4556 eos
1162 4493 1510 4571 redundat;
1553 4510 1703 4555 nam
1727 4492 1779 4553 si

215 4588 612 4665 redundaret,
640 4593 703 4650 et
720 4606 798 4649 ex
818 4606 1118 4650 consensu
1146 4587 1443 4669 principis
1471 4586 1781 4666 impositio

214 4682 585 4760 generaliter
605 4682 804 4759 fieret,
827 4687 964 4744 tum
975 4682 1111 4761 jam
1128 4681 1449 4743 induceret
1469 4681 1778 4743 rationem

213 4775 436 4837 tributi
462 4795 575 4838 suo
603 4776 787 4838 modo
808 4775 1139 4856 3000111110.

762 4944 1011 5008 CAPUT
1040 4945 1222 5007 XVII.

216 5115 420 5162 mm!
458 5115 673 5168 motu
711 5115 852 5161 ALIA
889 5115 1176 5177 conm’rxo,
1211 5115 1556 5162 russam
1587 5116 1780 5163 sunm-

299 5209 497 5255 TORUM
536 5208 857 5255 coNsENsUs
872 5238 893 5269 ,
936 5209 1017 5255 AD
1056 5210 1359 5255 JUSTITIAM
1398 5210 1630 5257 TRIBUTI
1670 5213 1778 5256 RE-

298 5301 612 5353 QUIRATUR.

293 5442 350 5501 1.
398 5439 543 5500 Pars
570 5455 805 5517 negans
832 5437 982 5499 satis
1019 5438 1266 5500 videtur
1300 5457 1379 5501 ex
1413 5438 1592 5501 dictis
1620 5458 1778 5502 con-

202 5532 413 5612 0101113
446 5552 524 5596 ex
551 5531 673 5595 illis
703 5531 874 5596 enim
896 5531 1103 5615 colligi
1129 5538 1384 5614 possunt
1418 5539 1540 5596 tres
1563 5533 1779 5602 condi-

1861 489 2063 550 tiones
2088 488 2489 567 tributorum,
2526 491 2775 562 scilicet,
2821 487 3106 568 legitima
3130 495 3422 570 potestas,

1859 584 2027 662 justa
2066 600 2273 658 causa,
2322 601 2396 644 ac
2432 584 2643 645 debita
2682 583 3021 665 proporti0,
3066 601 3207 662 quas
3240 583 3425 663 plane

1863 676 2154 737 videntur
2173 676 2542 738 sufficientes
2560 678 2640 738 ad
2657 677 2959 757 justitiam
2979 676 3226 751 tributi,
3252 681 3315 736 et
3338 677 3426 737 ita

1862 770 2000 830 illas
2023 774 2267 830 tantum
2295 776 2539 850 ponunt
2563 774 2771 833 Castro
2800 776 2862 831 et
2890 769 3157 832 Medina.
3191 771 3267 830 Et
3287 789 3427 849 pro-

1863 864 2049 925 batur
2076 879 2091 922 t
2121 881 2269 924 nam
2290 863 2451 941 aliae,
2482 865 2582 926 vel
2604 864 2962 926 necessariae
2985 881 3110 923 non
3128 870 3294 941 sunt,
3325 864 3424 926 vel

1860 975 1990 1018 non
2018 957 2139 1017 nisi
2160 962 2464 1036 quatenus
2489 958 2559 1018 in
2585 957 2684 1018 his
2710 956 3108 1018 continentur
3133 1001 3153 1031 ,
3189 962 3260 1016 ut
3291 956 3422 1017 dic-

1861 1054 1996 1109 tum
2026 1054 2117 1109 est
2134 1048 2211 1109 de
2235 1068 2356 1110 usu
2374 1055 2436 1110 et
2454 1050 2735 1112 materia.
2768 1049 3057 1128 Idemque
3075 1053 3167 1109 est
3185 1049 3264 1109 de
3286 1067 3425 1128 per-

1864 1142 2028 1205 sonis
2046 1140 2271 1221 quibus
2288 1142 2629 1222 imponitur
2646 1142 2953 1203 tributum
2971 1163 2988 1217 ;
3012 1141 3238 1203 debent
3257 1143 3425 1203 enim

1866 1252 1996 1296 esse
2024 1233 2309 1313 subjectae
2334 1236 2603 1315 principi
2629 1236 2966 1297 secundum
2995 1252 3132 1295 eam
3160 1240 3426 1315 potesta-

1860 1335 1991 1390 tem
2017 1347 2141 1408 qua
2168 1329 2471 1390 tributum
2508 1329 2795 1410 imponit.
2842 1331 2987 1390 Haec
3021 1329 3190 1390 enim
3214 1329 3425 1390 condi-

1860 1421 1950 1483 tio
1976 1439 2124 1483 vera
2151 1428 2264 1498 est,
2298 1421 2406 1483 sed
2433 1422 2773 1484 includitur
2812 1422 2877 1483 in
2915 1422 3116 1501 prima
3144 1421 3221 1483 de
3251 1423 3425 1502 prin-

1860 1517 1995 1595 cipe
2043 1515 2310 1577 habente
2357 1521 2722 1597 potestatem
2770 1538 2786 1578 :
2837 1534 2986 1578 nam
3033 1515 3312 1595 superior
3362 1522 3424 1578 et

1864 1608 2144 1669 subditus
2167 1609 2531 1670 correlativa
2559 1616 2725 1687 sunt,
2760 1617 2823 1671 et
2843 1610 2983 1671 ideo
3006 1628 3080 1670 eo
3106 1610 3238 1689 ipso
3257 1610 3421 1689 quod

1862 1702 2200 1781 requiritur
2236 1708 2503 1782 potestas
2530 1704 2828 1783 principis
2845 1748 2866 1779 ,
2908 1701 3305 1762 manifestum
3333 1706 3425 1761 est

1860 1813 1992 1855 non
2020 1794 2270 1856 extendi
2291 1795 2412 1856 nisi
2439 1794 2518 1855 ad
2545 1796 2820 1858 subditos
2845 1818 2862 1871 3
2911 1794 3020 1855 ubi
3044 1795 3252 1854 statim
3274 1794 3424 1854 offe-

1858 1888 2111 1950 rebatur
2140 1890 2377 1951 occasio
2402 1889 2747 1969 explicandi
2775 1888 3084 1970 quomodo
3112 1887 3424 1948 ecclesias-

1860 1981 1997 2042 ticae
2031 2000 2307 2062 personae
2352 1989 2653 2062 exemptas
2692 1983 2817 2043 sint
2851 2000 2890 2043 a
2924 1980 3172 2043 tributis
3198 1980 3425 2060 princi·

1860 2091 2015 2154 pum
2041 2074 2436 2150 secularium,
2470 2076 2577 2136 sed
2602 2076 2719 2136 hoc
2742 2075 2864 2136 alio
2891 2074 3023 2136 loco
3044 2091 3121 2133 ex
3150 2073 3424 2153 professo

1857 2173 2196 2229 tractatum
2225 2172 2317 2229 est
2331 2213 2352 2243 ,
2392 2172 2456 2229 et
2494 2168 2572 2229 ad
2605 2173 2971 2248 praesentem
3001 2184 3129 2227 non
3168 2170 3419 2244 spectat.

1862 2259 2185 2333 Quomodo
2208 2260 2359 2321 item
2380 2260 2709 2340 privilegia
2730 2259 3196 2338 exemptionum
3217 2258 3284 2317 in
3307 2257 3425 2318 hac

1861 2353 2125 2414 materia
2150 2353 2285 2414 dari
2318 2353 2554 2432 possint
2579 2354 2858 2433 personis
2884 2352 3079 2426 laicis,
3110 2350 3211 2412 vel
3236 2350 3425 2411 semel

1861 2444 2009 2506 data
2030 2446 2332 2507 servanda
2364 2446 2510 2522 sint,
2540 2445 2795 2507 alterius
2818 2448 3010 2509 etiam
3038 2444 3424 2507 00100110ίο0-

1860 2538 2139 2600 rationis

1941 2632 2003 2691 2.
2048 2632 2183 2691 Non
2211 2630 2494 2691 omittam
2522 2636 2734 2693 tamen
2763 2631 3082 2693 advertere
3115 2631 3423 2709 excogita-

1861 2728 1991 2783 tam
2031 2740 2162 2784 esse
2193 2741 2232 2782 a
2266 2722 2633 2801 quibusdam
2673 2724 3092 2785 conditionem
3131 2724 3319 2785 aliam
3352 2730 3425 2785 ut

1860 2815 2225 2893 simpliciter
2271 2814 2679 2876 necessariam
2714 2816 2795 2877 ad
2832 2816 3141 2895 justitiam
3176 2815 3419 2892 tributi,

1860 2908 2183 2982 nimirum,
2221 2915 2294 2967 ut
2333 2926 2479 2968 cum
2519 2909 2773 2969 consilio
2818 2915 2881 2970 et
2915 2914 3215 2971 consensu
3243 2909 3425 2987 regni

1861 3000 2239 3078 imponatur.
2274 3001 2502 3060 Putant
2534 3001 2703 3061 enim
2732 3003 3074 3082 principem
3109 3003 3295 3064 etiam
3322 3021 3424 3062 su-

1862 3109 2151 3172 premum
2190 3109 2320 3154 non
2354 3109 2527 3172 posse
2556 3112 2718 3156 nova
2744 3093 2978 3156 tributa
3008 3095 3327 3176 imponere
3355 3096 3423 3157 in

1861 3202 2055 3263 10300
2082 3202 2194 3246 suo
2221 3186 2356 3247 01110
2378 3203 2677 3248 00000000
2704 3188 2905 3267 10301.
2939 3188 3424 3269 Fundanturque

1860 3278 1928 3338 in
1955 3279 2227 3358 quadam
2249 3277 2385 3359 1030
2409 3280 2742 3360 Hispanias,
2790 3300 2929 3360 quae
2953 3281 3137 3343 hodie
3158 3282 3425 3345 habetur

1862 3371 1995 3431 101.
2029 3374 2068 3434 6
2093 3388 2270 3433 novae
2300 3371 2596 3452 Recopil.,
2622 3373 2719 3434 tit.
2753 3375 2815 3450 6,
2845 3375 2890 3434 1.
2916 3376 2975 3450 1,
3000 3372 3107 3433 ubi
3131 3376 3423 3436 statuitur

1859 3464 2018 3524 utin
2040 3465 2337 3545 Hispania
2359 3484 2468 3527 rex
2491 3483 2620 3526 non
2642 3468 2832 3546 possit
2850 3484 3084 3528 novum
3106 3467 3423 3548 imponere

1859 3557 2191 3634 tributum,
2205 3559 2324 3620 nisi
2335 3559 2505 3639 prius
2522 3566 2857 3622 convocato
2870 3578 3064 3640 103110
3083 3579 3193 3640 per
3207 3579 3425 3641 procu-

1859 3656 2115 3727 ratores,
2134 3657 2196 3713 et
2209 3651 2330 3713 illis
2350 3653 2875 3714 consentientibus
2893 3660 2955 3714 et
2969 3655 3423 3733 acceptantibus

1857 3745 2185 3808 tributum.
2231 3746 2460 3808 Volunt
2486 3752 2698 3807 autem
2723 3747 2885 3808 hanc
2916 3747 3115 3827 legem
3141 3767 3268 3809 non
3290 3754 3423 3811 tam

1860 3838 2229 3900 constituere
2250 3857 2484 3900 novum
2501 3840 2601 3919 jus
2622 3840 2979 3919 positivum,
3006 3859 3197 3920 quam
3221 3842 3424 3903 decla-

1859 3947 1999 3992 rare
2012 3931 2117 4009 jus
2138 3931 2421 4009 gentium
2443 3949 2552 3992 seu
2576 3933 2880 4009 naturale,
2912 3937 2975 3993 et
2997 3933 3144 3995 dare
3167 3935 3423 3996 modum

1861 4030 1923 4085 et
1948 4023 2215 4085 formam
2243 4042 2366 4104 qua
2390 4024 2545 4084 illud
2582 4030 2863 4086 servetur
2887 4046 2905 4101 ς
2951 4031 3087 4086 tum
3122 4027 3271 4105 quia
3297 4047 3423 4089 non

1860 4122 1954 4177 est
1992 4117 2325 4180 verisimile
2361 4135 2536 4197 reges
2562 4118 2875 4199 Hispaniae
2913 4124 3044 4179 tam
3084 4118 3423 4183 liberaliter

1860 4209 2126 4270 voluisse
2162 4209 2375 4271 cedere
2406 4210 2538 4288 juri
2565 4229 2710 4287 suo,
2749 4211 2850 4273 vel
2880 4211 3076 4290 ligare
3092 4258 3113 4289 ,
3143 4232 3217 4275 ac
3238 4215 3423 4276 dimi-

1861 4321 2054 4364 nuere
2092 4308 2455 4383 potestatem
2495 4321 2697 4381 suam,
2728 4306 2782 4366 si
2814 4313 2997 4369 antea
3030 4326 3107 4369 ex
3135 4308 3198 4368 vi
3234 4310 3422 4388 regiae

1860 4396 2179 4476 potestatis
2225 4397 2482 4458 omnino
2528 4396 2788 4459 liberam
2837 4400 3011 4461 illam
3068 4401 3372 4463 haberent
3398 4419 3419 4481 3

1860 4497 1996 4552 tum
2025 4491 2211 4553 etiam
2236 4492 2382 4571 quia
2398 4538 2420 4569 ,
2469 4493 2593 4554 nisi
2618 4493 2751 4555 hoec
2776 4500 3045 4575 potestas
3077 4496 3165 4558 ita
3192 4496 3272 4557 sit
3297 4514 3425 4558 res-

1860 4584 2042 4645 tricta
2071 4585 2139 4645 in
2165 4585 2441 4663 regibuS,
2473 4585 2655 4648 facile
2679 4593 2896 4666 verget
2922 4587 3022 4650 vel
3044 4590 3114 4650 in
3138 4590 3422 4669 tyranni-

1861 4677 2028 4753 dem,
2066 4677 2165 4738 vel
2200 4683 2363 4740 certe
2391 4679 2460 4740 in
2494 4679 2767 4742 notabile
2797 4681 3284 4759 incommodum,
3324 4682 3422 4745 vel

1859 4788 2198 4850 gravamen
2245 4789 2604 4852 regnorum.
2675 4774 2832 4848 Quia
2879 4775 3187 4858 principes
3240 4777 3421 4838 valde

1859 4865 2149 4945 propensi
2181 4870 2325 4926 sunt
2356 4865 2436 4927 ad
2476 4866 2882 4948 imponendas
2919 4867 3181 4931 subditis
3207 4868 3422 4948 hujus-

1859 4956 2029 5018 modi
2070 4959 2444 5035 exactiones,
2482 4977 2848 5040 semperque
2888 4967 3221 5023 causantur
3261 4960 3421 5022 anti-

1859 5069 1979 5131 qua
2009 5051 2240 5112 tributa
2262 5051 2380 5112 sibi
2409 5070 2536 5113 non
2574 5053 2850 5114 sufficere
2886 5053 2967 5114 ad
2992 5072 3134 5115 suos
3161 5054 3421 5115 eximios

1860 5149 2163 5224 sumptus,
2203 5142 2332 5206 'sive
2360 5145 2453 5206 illi
2483 5147 2808 5208 necessarii
2840 5147 2996 5223 sint,
3044 5149 3174 5210 sive
3209 5166 3420 5227 super-

1861 5238 1970 5299 flui
2001 5254 2016 5298 :
2043 5239 2209 5300 unde
2233 5240 2287 5300 si
2308 5258 2422 5302 sua
2443 5241 2573 5302 sola
2597 5247 2897 5321 potestate
2918 5242 3151 5304 tributa
3173 5250 3422 5323 possent

1859 5331 2178 5412 imponere
2215 5334 2351 5396 sine
2379 5352 2678 5396 consensu
2714 5336 2918 5414 10301,
2951 5336 3091 5416 plus
3117 5336 3288 5415 justo
3320 5337 3420 5399 vel

1857 5432 2021 5489 certe
2047 5427 2313 5489 nimium
2348 5427 2605 5509 populos
2631 5435 2986 5508 gravarent.
3029 5430 3279 5493 Accedit
3307 5449 3374 5494 re
3388 5466 3413 5477 ο

1854 5519 2005 5608 gula
2023 5521 2226 5607 juris:
2261 5521 2431 5599 Quod
2455 5541 2649 5590 omnes
2671 5523 2896 5605 tanqit,
2927 5524 3086 5591 debet
3121 5525 3194 5591 ab
3226 5525 3417 5592 omni-
