3976 6219
467 392 588 456 :ns

467 519 630 564 cesse
675 504 768 561 est
801 497 881 562 ad
926 495 1073 560 fidei
1110 495 1642 578 propagationem,
1682 515 1755 558 ac
1792 497 2029 576 justam

467 591 786 669 religionis
806 591 1153 652 christianoe
1168 591 1606 670 protectionem
1623 612 1641 665 ;
1656 592 1718 651 et
1743 590 2030 650 similiter

468 705 547 749 ex
567 690 741 765 parte
763 685 1077 745 actionum
1104 683 1384 744 solvendi
1404 689 1466 743 et
1479 683 1717 762 ligandi
1744 683 2030 743 omnium

467 779 799 842 modorum
839 783 899 839 et
940 778 1365 853 materiarum,
1411 777 1480 838 in
1525 776 1749 856 quibus
1795 776 2029 837 versari

465 877 744 954 possunt,
785 871 971 933 babet
997 870 1281 932 eamdem
1308 869 1888 931 determinationem
1916 887 2029 948 per

469 964 1018 1037 universalitatem,
1052 969 1115 1024 et
1150 964 1218 1023 in
1251 962 1537 1024 omnibus
1562 962 1661 1022 his
1688 962 1875 1023 habet
1908 963 2028 1021 im-

469 1056 974 1132 mutabilitatem,
1001 1057 1149 1135 quia
1176 1073 1289 1116 nec
1316 1055 1556 1134 augeri,
1586 1073 1699 1116 nec
1725 1055 1925 1116 minui
1947 1054 2028 1116 ab

467 1149 828 1211 hominibus
840 1154 1063 1229 potest,
1081 1153 1144 1209 et
1168 1148 1308 1209 ideo
1334 1148 1500 1209 illius
1520 1149 1835 1229 potestatis
1853 1148 2029 1226 origo

467 1242 826 1303 immediate
870 1243 938 1303 in
975 1242 1190 1303 DEUM
1220 1242 1438 1317 fertur,
1480 1242 1629 1322 quia
1654 1259 1781 1302 non
1828 1247 1922 1302 est
1959 1240 2029 1301 in

466 1334 826 1397 bominibus
853 1340 1120 1414 potestas
1145 1353 1262 1397 nec
1303 1335 1542 1410 innata,
1589 1352 1704 1396 nec
1729 1334 2030 1396 extrinse-

468 1445 573 1488 cus
602 1427 770 1502 data,
796 1445 835 1488 a
877 1445 1002 1506 qua
1029 1431 1205 1488 tanta
1231 1427 1526 1490 celsitudo
1550 1427 1868 1507 potestatis
1889 1445 2029 1488 ma-

465 1538 618 1582 nare
645 1520 935 1599 potuerit.

552 1616 652 1676 48.
696 1614 777 1674 At
816 1632 963 1675 vero
1005 1630 1233 1676 munus
1280 1612 1624 1694 episcopale
1668 1630 1796 1674 non
1842 1611 2032 1674 habet

472 1710 706 1768 certam
734 1705 1096 1784 qualitatem
1125 1713 1235 1768 aut
1263 1706 1845 1768 determinationem
1867 1723 1942 1768 ex
1965 1706 2032 1766 vi

469 1797 626 1881 juris
651 1797 871 1873 divini,
898 1816 1099 1877 neque
1126 1798 1194 1860 in
1217 1800 1550 1874 territorio,
1572 1816 1773 1878 neque
1798 1798 1866 1859 in
1891 1816 2030 1878 per·

470 1890 638 1952 sonis
670 1890 1002 1953 subdendis
1038 1892 1183 1953 huic
1217 1892 1317 1954 vel
1341 1893 1434 1953 illi
1464 1892 1781 1971 Episcopo,
1827 1910 2030 1970 neque

469 1983 538 2044 in
580 1983 818 2044 actibus
863 1985 1207 2063 regiminis,
1255 2003 1457 2064 neque
1496 1986 1566 2045 in
1599 1985 1857 2046 materia
1896 1985 2033 2046 illo·

468 2094 612 2139 rum
631 2094 649 2137 ι
668 2076 834 2138 unde
854 2076 1202 2138 videbimus
1224 2076 1427 2156 quoad
1459 2078 1769 2139 territoria
1794 2077 2031 2158 episco-

467 2175 651 2249 patus
677 2186 807 2230 esse
828 2169 1184 2248 inoequales,
1197 2177 1259 2232 et
1280 2171 1570 2233 eumdem
1594 2189 1763 2231 nune
1788 2171 2026 2250 augeri,

469 2280 636 2323 nunc
662 2261 884 2338 minui,
922 2262 1023 2323 vel
1061 2281 1260 2324 unum
1299 2265 1367 2324 in
1404 2264 1558 2324 duos
1593 2263 1812 2339 dividi,
1855 2265 1955 2325 vel
1995 2282 2030 2325 e

468 2371 763 2416 converso
786 2372 864 2415 ex
892 2354 1132 2416 duobus
1159 2373 1356 2416 unum
1384 2355 1560 2430 fieri;
1594 2357 1796 2436 quoad
1824 2373 2031 2435 perso-

365 2488 372 2500 ·
468 2466 582 2509 nas
603 2448 791 2508 etiam
818 2465 897 2509 ex
917 2448 1136 2509 eadem
1159 2448 1407 2510 dioecesi
1428 2449 1651 2528 aliquae
1670 2449 2032 2509 eximuntur

468 2559 507 2601 a
524 2541 901 2620 subjectione
919 2542 1221 2622 Episcopi,
1230 2549 1294 2603 et
1314 2542 1670 2603 immediate
1694 2542 2030 2622 subjiciun-

468 2637 574 2694 tur
615 2635 819 2713 Papae,
864 2633 964 2695 vel
1002 2634 1180 2696 alteri
1207 2634 1392 2713 juxta
1438 2632 1822 2695 voluntatem
1867 2634 2025 2713 ejus,

468 2732 530 2787 et
570 2743 727 2805 saepe
762 2726 1066 2804 contingit
1107 2727 1477 2806 Episcopum
1522 2728 1706 2786 unius
1750 2727 2029 2787 dioecesis

466 2817 696 2878 habere
713 2817 1014 2878 Ecclesias
1039 2818 1345 2896 subjectas
1373 2818 1491 2879 sibi
1512 2820 1582 2878 in
1607 2818 1860 2878 alterius
1878 2818 2029 2879 dioe-

468 2911 614 2987 cesi,
642 2916 704 2972 et
737 2910 1009 2989 aliquam
1035 2917 1389 2991 exemptam
1426 2912 1491 2970 in
1509 2911 1758 2990 proprio
1784 2912 2030 2972 territo·

467 3004 581 3064 rio.
626 3005 695 3064 In
722 3003 871 3084 ipsis
897 3003 1085 3063 etiam
1129 3003 1575 3082 episcopatibus
1602 3008 1695 3065 est
1720 3003 1871 3065 ordo
1897 3004 2028 3064 hie-

466 3097 778 3158 rarchicus
825 3095 1283 3176 Episcoporum,
1322 3096 1933 3178 Archiepiscoporum
1967 3102 2030 3159 et

467 3191 968 3252 Patriarcharum
999 3208 1108 3252 seu
1137 3191 1553 3267 Primatuum,
1568 3191 1677 3270 qui
1700 3191 1871 3252 nullo
1898 3209 2032 3252 mo-

467 3284 547 3345 do
570 3290 767 3364 potest
795 3285 861 3344 in
879 3285 983 3363 jus
1009 3284 1292 3346 divinum
1314 3284 1555 3360 referri,
1582 3289 1656 3344 ut
1672 3302 1785 3364 per
1800 3302 1863 3346 se
1884 3303 2030 3346 con-

468 3384 608 3439 stat.
654 3381 811 3440 Item
838 3380 906 3440 in
934 3378 1174 3440 actibus
1211 3379 1656 3458 jurisdictionis
1695 3378 2034 3458 spiritualis

467 3471 659 3551 aliqui
677 3477 823 3532 sunt
840 3488 994 3551 quos
1016 3489 1145 3533 non
1161 3476 1418 3550 possunt
1438 3471 1720 3551 Episcopi
1747 3488 2032 3533 exercere

467 3566 532 3627 vi
572 3565 671 3625 sui
698 3564 908 3638 officii,
950 3570 1021 3624 ut
1060 3565 1384 3626 instituere
1424 3564 1933 3641 irregularitates,
1961 3571 2033 3626 ut

468 3655 536 3716 in
564 3657 812 3735 propria
842 3656 1105 3717 materia
1148 3657 1325 3730 dixi,·
1350 3656 1450 3717 ve‘l
1480 3657 1876 3735 praescribere
1911 3658 2031 3717 im-

469 3748 826 3828 pedimenta
853 3749 1162 3809 irritantia
1180 3748 1674 3824 matrimonium,
1695 3756 1766 3810 ut
1792 3768 1869 3811 ex
1888 3768 2033 3831 pro-

468 3842 608 3922 pria
655 3841 914 3903 materia
951 3860 1254 3922 suppono,
1303 3841 1401 3902 vel
1449 3842 1800 3922 relinquere
1846 3861 2030 3904 suum

469 3934 911 4015 episcopatum,
948 3941 1060 3998 aut
1090 3935 1170 3996 ad
1197 3935 1389 3996 alium
1416 3939 1704 4006 transire,
1725 3936 1908 4014 juxta
1932 3955 2033 3997 ca-

471 4028 585 4108 pit.
626 4028 802 4091 Inter
828 4029 1190 4108 comm-alia,
1215 4027 1293 4090 de
1326 4027 1626 4089 Translat.
1651 4029 2001 4110 Episcopor.
2013 4074 2033 4105 ,

471 4129 534 4184 et
558 4139 690 4201 cap.
720 4122 879 4187 Nisi
904 4140 1037 4185 oum
1070 4122 1335 4201 priami,
1365 4121 1444 4183 de
1466 4122 1850 4198 Renuntiat.,
1878 4129 1939 4184 et
1965 4122 2035 4183 in

471 4214 829 4275 universum
844 4214 1200 4294 graviorum
1218 4233 1543 4276 causarum
1560 4214 1838 4277 definitio
1848 4217 2036 4294 juxta

472 4325 608 4386 cap.
634 4309 928 4388 Majores,
958 4309 1035 4369 de
1068 4307 1403 4387 Baptismo.
1449 4309 1519 4367 In
1547 4307 1684 4368 aliis
1710 4326 1858 4369 vero
1886 4308 2037 4368 acti-

472 4399 588 4463 bus
635 4400 1082 4479 jurisdictionis
1137 4419 1290 4481 quos
1350 4400 1707 4480 episcopalis
1769 4409 2037 4480 potestas

474 4512 761 4557 exercere
770 4500 988 4575 potest,
1013 4494 1450 4555 limitationem
1470 4500 1532 4555 et
1550 4493 2035 4554 reservationem

471 4606 632 4668 soepe
664 4588 904 4668 recipit,
942 4588 1044 4649 vel
1068 4594 1298 4649 certam
1326 4605 1708 4663 mensuram,
1733 4593 1805 4647 ut
1831 4588 1898 4648 in
1931 4586 2040 4648 ab·

474 4681 905 4758 solutionibus,
944 4681 1525 4761 dispensationibus,
1549 4681 1949 4760 indulgentiis
1975 4686 2040 4742 et

475 4775 614 4837 aliis
651 4775 997 4852 similibus3
1028 4793 1176 4855 ergo
1207 4793 1335 4837 non
1370 4776 1571 4855 potuit
1600 4777 2040 4837 convenienter

473 4868 601 4929 tale
618 4885 849 4929 munus
875 4867 1106 4929 habere
1133 4868 1411 4929 divinam
1440 4858 1889 4953 institutionem
1921 4869 2076 4929 im-‘'

477 4961 814 5024 mediatam
839 4978 978 5041 quae
1005 4960 1187 5023 debet
1218 4979 1350 5024 esse
1381 4966 1548 5023 certa
1564 4967 1624 5022 et
1646 4961 2001 5041 praescripta
2014 4976 2065 5037 ;·

478 5054 679 5134 qualis
713 5054 881 5117 enim
923 5060 987 5115 ct
1012 5060 1250 5134 quanta
1273 5054 1405 5116 haec
1430 5053 1645 5130 fuerit,
1678 5071 1755 5115 cx
1783 5055 1923 5134 jure
1946 5053 2057 5114 di-·

476 5150 625 5211 vino
653 5148 900 5210 definiri
927 5166 1055 5210 non
1082 5154 1283 5228 potest
1292 5164 1313 5226 3
1343 5166 1491 5227 ergo
1527 5164 1641 5209 nec
1665 5148 1870 5227 ipsum
1897 5164 2040 5207 mu·
2062 5149 2076 5218 J

479 5261 597 5302 nus
632 5242 698 5303 in
740 5248 1038 5321 potestate
1069 5242 1508 5322 jurisdictionis
1546 5242 1884 5304 consistens
1917 5240 2058 5312 fuitQ

482 5333 840 5395 immediate
870 5335 1223 5396 institutum
1246 5342 1308 5396 et
1338 5337 1554 5397 datum
1578 5353 1616 5394 a
1631 5334 1901 5410 Christo,
1929 5330 2063 5413 sed-J

481 5426 684 5490 solum
712 5435 1089 5507 pmceptum
1116 5434 1180 5489 et
1210 5430 1603 5505 commissum
1637 5429 1874 5489 Vicario
1903 5445 2038 5488 suo.

562 5523 664 5584 49.
690 5521 926 5585 Bomio
954 5537 1088 5585 om
1122 5521 1474 5586 obviatione.
1495 5514 1581 5571 -'-
1604 5521 1851 5584 Dicetur
1874 5538 1953 5585 ex
1979 5519 2046 5581 vi

1470 392 1586 449 ma
1619 393 1702 448 iv.
1738 393 1819 447 nr.
1849 393 2011 447 Luca
2042 392 2329 448 rosum
2349 392 2684 462 *monica

2101 496 2262 574 juris
2302 495 2499 560 divini
2537 494 2772 557 habere
2813 491 3186 573 Episoapm
3224 491 3534 571 integram
3562 510 3674 571 po-

2107 595 2392 652 testatem
2418 587 2866 668 jurisdictionis
2892 584 3247 665 spiritualis,
3278 585 3399 646 nisi
3430 604 3469 647 a
3504 586 3672 663 Papa

2107 681 2416 761 aliquibus
2435 681 2621 742 rebus
2647 680 2973 754 limitetur,
3000 683 3064 738 et
3089 678 3294 739 solum
3325 678 3392 737 in
3419 677 3537 738 hac
3564 677 3672 740 de-

2113 775 2443 854 pendentia
2496 791 2626 835 esse
2684 772 3040 834 inferiorem
3091 775 3392 850 potestate
3449 770 3629 849 Papae
3645 814 3670 845 ,

2108 873 2292 947 atque
2321 866 2439 928 hoc
2463 866 2654 927 modo
2673 865 2906 926 habere
2934 869 3167 924 certam
3199 862 3584 943 qualitatem,
3606 867 3674 923 et

2107 960 2531 1041 praescriptum
2560 959 2813 1020 modum
2841 977 2920 1019 ex
2945 958 3010 1017 vi
3032 958 3191 1035 J'uris
3218 955 3439 1030 divini,
3470 955 3674 1016 varia-

2106 1053 2297 1115 bilem
2325 1059 2537 1114 tamen
2558 1070 2668 1132 per
2693 1051 3067 1113 humanum.
3094 1050 3212 1113 Sed
3241 1048 3550 1127 impn'mis
3566 1047 3675 1108 hic

2109 1145 2329 1207 modus
2355 1145 2758 1206 institutionis
2783 1143 3024 1204 alienus
3056 1149 3148 1203 est
3178 1142 3257 1202 ab
3283 1141 3673 1202 institutione

2107 1238 2349 1299 divina:
2376 1237 2550 1299 decet
2571 1237 2741 1299 enim
2759 1242 2832 1297 ut
2857 1253 2931 1297 ea
2949 1253 3085 1314 quse
3105 1234 3463 1300 immediate
3485 1252 3523 1296 a
3545 1234 3672 1296 Deo

2108 1330 2460 1411 praescripta
2487 1337 2629 1391 sunt
2656 1328 3145 1391 immutabiliora
3165 1332 3591 1407 permaneant,
3606 1332 3675 1387 et

2109 1422 2198 1483 ita
2219 1423 2502 1484 videmus
2525 1422 2758 1483 servari
2785 1421 2850 1483 in
2872 1420 3364 1483 institutionibus
3387 1418 3673 1480 sacrificii

2110 1520 2173 1575 et
2195 1521 2742 1576 sacramentorum.
2762 1513 3016 1589 Deinde,
3031 1531 3174 1574 cum
3193 1513 3260 1574 in
3279 1511 3388 1573 illo
3410 1528 3675 1573 munere

2108 1611 2282 1670 tanta
2321 1607 2534 1669 futura
2579 1612 2734 1668 esset
2769 1605 3150 1668 mutabilitas
3180 1622 3252 1667 ac
3293 1604 3582 1678 varietas,
3609 1607 3676 1664 et

2109 1717 2435 1779 nunquam
2464 1705 2849 1761 retenturum
2889 1703 3048 1759 esset
3087 1703 3281 1758 totam
3317 1695 3493 1758 illam
3534 1695 3676 1756 uni-

2108 1792 2545 1868 versalitatem,
2565 1809 2812 1853 necesse
2833 1790 2953 1854 fuit
2969 1790 3060 1852 ita
3084 1789 3384 1851 divinitus
3403 1788 3670 1863 institui,

2109 1904 2251 1947 cum
2273 1886 2536 1964 jamjam
2562 1889 2719 1947 esset
2753 1884 2898 1946 data
2926 1883 3208 1945 Eoelesiae
3233 1883 3300 1944 in
3331 1884 3512 1944 Petro
3542 1881 3674 1943 suf-

2109 1977 2321 2040 ficiens
2332 1984 2619 2057 potestas,
2642 1995 2754 2057 per
2765 1994 2952 2055 quam
2968 1981 3167 2055 posset
3183 1975 3459 2037 ordinari
3473 1990 3494 2052 3
3511 1976 3674 2036 Deus

2110 2070 2280 2132 enim
2310 2072 2578 2133 suaviter
2617 2071 2889 2151 disponit
2927 2069 3161 2143 omnia,
3204 2068 3519 2148 operando
3557 2085 3674 2148 per

2110 2181 2322 2224 causas
2380 2164 2709 2240 secundas,
2772 2163 3022 2241 quando
3074 2161 3393 2222 commode
3444 2166 3668 2240 potest.

2110 2257 2385 2335 Denique
2424 2274 2503 2318 ex
2548 2256 2654 2317 illo
2701 2257 2887 2316 modo
2934 2255 3335 2316 institutionis
3376 2253 3672 2314 videntur

2112 2350 2286 2428 sequi
2322 2348 2532 2428 aliqua
2558 2349 2859 2424 absurda3
2890 2366 3088 2408 unum
3115 2353 3227 2423 est,
3256 2345 3672 2426 episcopalem

2106 2442 2600 2521 jurisdictionem
2631 2442 2707 2502 de
2735 2459 2824 2517 se,
2864 2446 2926 2502 et
2955 2459 3031 2502 ex
3066 2441 3130 2501 vi
3159 2440 3316 2519 juris
3338 2438 3539 2499 divini
3565 2456 3675 2498 ex-

2077 2536 2282 2616 ,tendi
2323 2536 2403 2597 ad
2443 2537 2805 2598 universum
2847 2536 3179 2610 mundum,
3226 2540 3290 2596 et
3335 2532 3416 2594 ad
3455 2551 3674 2594 omnes

2108 2629 2416 2703 homineS,
2440 2629 2560 2690 nisi
2577 2647 2687 2708 per
2701 2628 3059 2690 Pontificem
3082 2628 3409 2701 limitetur,
3436 2625 3515 2686 ad
3542 2642 3674 2686 mo-

2109 2722 2258 2783 dum
2287 2722 2732 2802 jurisdictionis
2757 2722 3123 2801 apostolicae,
3153 2720 3319 2800 quod
3345 2738 3457 2800 per
3482 2737 3544 2780 se
3572 2719 3668 2778 in-

2109 2815 2398 2878 credibile
2424 2820 2535 2876 est.
2576 2815 2762 2876 Aliud
2792 2821 2905 2890 est,
2937 2833 3110 2894 posse
3150 2814 3480 2894 Episcopos
3504 2831 3583 2874 ex
3607 2812 3671 2873 vi

2102 2909 2263 2988 juris
2315 2909 2512 2970 divini
2555 2908 2906 2988 dispensare
2950 2908 3018 2968 in
3063 2907 3461 2969 matrimonio
3511 2911 3664 2980 rat0,

2115 3002 2237 3062 nisi
2270 3019 2308 3061 a
2348 3003 2512 3080 Papa
2545 3007 2909 3073 reservetur,
2941 3000 3106 3079 quod
3133 3004 3226 3060 est
3252 3000 3443 3061 etiam
3476 2999 3672 3059 incre-

2115 3097 2327 3160 dibile.
2370 3099 2649 3159 Tertium
2680 3103 2795 3174 est,
2835 3116 3012 3177 posse
3048 3097 3396 3177 relinquere
3437 3097 3663 3177 episoe-

2109 3198 2325 3271 patum
2371 3211 2484 3252 sua
2524 3193 2906 3266 auctoritate,
2961 3192 3081 3252 nisi
3125 3210 3164 3253 a
3204 3192 3346 3271 jure
3395 3191 3671 3251 humano

2110 3291 2266 3346 esset
2310 3285 2717 3364 prohibitum,
2770 3284 2936 3364 quod
2977 3290 3068 3346 est
3109 3290 3323 3346 contra
3366 3285 3670 3344 Innocen-

2111 3378 2270 3438 tium
2300 3380 2401 3453 ΙΙΙ,
2430 3379 2498 3438 in
2528 3378 2589 3439 d.
2624 3396 2758 3457 cap.
2779 3379 2954 3441 Inter
2971 3377 3343 3457 corporalia,·
3355 3382 3414 3438 et
3439 3375 3667 3436 similia

2111 3476 2368 3550 possunt
2398 3471 2598 3531 multa
2637 3471 2890 3548 inferri;
2939 3490 3065 3532 non
3093 3471 3211 3531 fuit
3232 3487 3373 3548 ergo
3399 3468 3540 3528 talis
3569 3469 3671 3527 in-

2112 3566 2349 3625 stitutio
2373 3565 2608 3640 divina,
2651 3565 2758 3625 sed
2791 3564 2991 3625 solum
3019 3564 3174 3638 haec,
3211 3568 3282 3623 ut
3317 3566 3674 3623 crearentur

2110 3656 2415 3736 Episcopi,
2448 3656 2558 3734 qui
2585 3663 2788 3718 essent
2814 3657 3113 3718 ordinarii
3141 3661 3412 3734 pastores
3439 3652 3680 3733 princi—

2110 3751 2281 3832 pales
2306 3752 2659 3811 animarum
2671 3766 2691 3827 ;
2723 3769 2870 3831 ergo
2913 3749 3071 3810 nihil
3105 3749 3272 3810 aliud
3313 3746 3678 3808 immediate

2112 3862 2223 3923 per
2254 3844 2357 3922 jus
2379 3842 2662 3903 divinum
2690 3844 3024 3922 positivum
3047 3842 3403 3902 institutum
3432 3844 3545 3900 est.
3583 3839 3676 3899 Ex

2112 3936 2220 3997 illa
2241 3954 2389 3996 vero
2419 3935 2694 4013 generali
2720 3936 3105 3996 ordinatione
3132 3933 3412 4013 sequitur
3440 3932 3673 4005 statim,

2113 4030 2182 4089 in
2229 4029 2496 4091 creando
2543 4029 2651 4089 illo
2691 4046 2975 4103 munere,
3027 4027 3329 4089 servanda
3371 4024 3678 4104 imprimis

2115 4140 2246 4184 esse
2273 4140 2412 4200 quae
2442 4122 2856 4201 jusdivinum
2887 4120 3169 4182 naturale
3196 4118 3487 4199 postulat,
3534 4136 3680 4196 sup-

2116 4216 2317 4295 posito
2342 4215 2532 4294 priori
2558 4215 2987 4289 fundamento,
3019 4212 3270 4287 scilicet,
3293 4217 3364 4272 nt
3388 4210 3513 4271 tale
3539 4227 3680 4270 mu-

2118 4327 2239 4369 nus
2264 4314 2506 4369 creetur
2534 4325 2677 4368 cum
2715 4306 3003 4368 omnibus
3044 4304 3406 4367 necessariis
3429 4303 3508 4364 ad
3536 4320 3682 4363 con-

2115 4403 2470 4462 venientem
2512 4419 2696 4461 usum
2737 4401 2899 4479 ejus:
2946 4400 3010 4460 in
3039 4399 3139 4460 his
3177 4416 3325 4460 vero
3372 4415 3508 4477 quae
3536 4415 3679 4475 pru-

2117 4494 2411 4556 dentialia
2428 4494 2526 4555 vel
2547 4493 2875 4554 arbitraria
2900 4498 3066 4568 sunt,
3089 4510 3188 4553 res
3206 4498 3338 4553 tota
3358 4490 3684 4552 commissa

2117 4595 2208 4651 est
2251 4590 2461 4665 Petro;
2508 4605 2657 4665 ergo
2698 4588 2777 4649 ab
2813 4587 2945 4663 illo,
2975 4593 3038 4648 et
3080 4605 3193 4667 per
3232 4586 3411 4646 illum
3448 4583 3683 4645 habent

2117 4681 2475 4742 immediate
2505 4680 2787 4760 Episcopi
2806 4697 3055 4740 omnem
3086 4696 3266 4740 suam
3287 4682 3673 4757 potestatem.

2196 4775 2297 4835 ΞΟ.
2344 4773 2517 4835 Unde
2569 4773 2822 4834 tandem
2867 4772 3281 4847 concluditur,
3310 4769 3505 4831 multo
3546 4787 3682 4829 ma-

2117 4867 2212 4947 gis
2232 4866 2297 4926 id
2324 4866 2654 4928 dicendum
2688 4884 2819 4928 esse
2866 4866 2943 4927 de
2980 4869 3281 4945 potestate
3317 4862 3552 4924 ferendi
3593 4861 3679 4921 le·

2117 4976 2246 5038 ges,
2277 4958 2426 5038 quia
2450 4976 2578 5019 non
2621 4958 2822 5019 solum
2874 4963 3073 5037 potest
3121 4956 3230 5017 illa
3264 4956 3542 5029 limitari,
3579 4951 3682 5015 vel

2117 5052 2404 5132 ampliari
2431 5069 2542 5132 per
2591 5050 2978 5127 Pontificem,
3010 5056 3080 5111 ut
3129 5050 3404 5129 quotidie
3434 5048 3528 5123 fit,
3574 5045 3684 5107 sed

2119 5146 2307 5208 etiam
2327 5150 2577 5224 possent
2597 5143 2996 5224 particulares
3014 5142 3400 5223 episcopatus
3415 5139 3679 5212 institui,

2119 5255 2247 5300 non
2274 5237 2644 5299 conferendo
2664 5237 2973 5317 Episcopis
2996 5241 3358 5315 potestatem
3376 5230 3687 5294 condendi

2120 5333 2321 5411 leges3
2354 5330 2500 5410 quia
2528 5329 2661 5391 haec
2687 5336 2953 5409 potestas
2978 5346 3107 5389 non
3135 5334 3228 5390 est
3253 5345 3364 5408 per
3385 5345 3449 5387 se
3475 5341 3688 5386 neces-

2122 5425 2282 5486 saria
2306 5424 2374 5485 in
2406 5424 2579 5484 omni
2602 5422 3035 5502 gubernatore,
3073 5438 3188 5482 nec
3218 5421 3284 5481 in
3313 5419 3486 5481 omni
3517 5417 3689 5497 prin-

2123 5518 2257 5599 cipe
2278 5561 2302 5595 ,
2347 5522 2421 5580 ut
2474 5522 2644 5598 patet
2694 5517 2763 5580 in
2812 5513 3257 5597 temporalibus
3303 5508 3691 5594 principibus
