3976 6219
523 416 644 478 378
1517 421 1637 475 us.
1671 421 1755 475 tv,
1788 420 1871 474 DE
1901 419 2064 474 mes
2094 419 2383 473 roslrlva
2412 416 2741 472 emotum.

521 514 934 579 irritationem
954 513 1253 577 directam
1280 523 1538 596 possunt
1557 515 1920 596 hujusmodi
1939 521 2086 578 vota
2160 521 2276 585 est,
2306 531 2423 575 nec
2446 513 2659 575 minus
2691 511 3026 573 honestum
3056 526 3248 590 quam
3276 505 3673 588 primum·
3706 497 3803 563 hoe

522 609 778 683 irritari,
801 626 874 670 eo
902 608 1066 689 quod
1089 627 1343 685 vovens,
1365 611 1568 689 quoad
1596 628 1775 672 suam
1800 608 2085 670 volunta·
2159 613 2371 669 autem
2397 604 2745 667 virtualiter
2771 602 2847 665 fit
2879 602 3163 664 vovendo
3189 595 3705 663 obedientiam
3750 596 3803 653 in

2161 700 2379 763 ordine
2426 698 2507 761 ad
2551 697 2741 759 talem
2787 703 3034 774 actum3
3060 713 3235 801 ergo,
3278 688 3803 772 suppositotali

2162 799 2329 869 voto,
2373 798 2575 872 poten
2599 790 2880 869 superior
2904 789 3245 870 praecipere
3278 785 3533 848 talem
3564 788 3801 843 3313111.
3864 839 3865 846 ,

2246 886 2347 948 16.
2368 885 2495 949 Lem
2519 885 2824 962 fudam·
2848 882 3391 961 mjmisdwtiou
3425 874 3803 958 quemn
3868 893 3871 960 ῃ

2163 980 2311 1043 data
2336 983 2424 1042 ost
2459 982 2750 1058 quantum
2785 976 3020 1055 meda
3048 975 3132 1038 ad
3154 989 3515 1038 mmo
3564 970 3800 1031 bon-m,
3870 963 3873 990 “

2159 1105 2244 1122 -
2268 1071 2567 1146 Quocirca
2599 1068 2909 1150 loquendo
2940 1069 3021 1131 de
3054 1067 3377 1148 possibili,
3420 1064 3581 1126 hoc
3610 1069 3802 1143 poste-

2160 1166 2801 1227 riuscenseoverum.
2841 1160 3433 1241 Ν333333131111113
3468 1157 3573 1217 de
3602 1164 3798 1235 potae-

2166 1263 2293 1319 tate
2318 1257 2503 1335 legis,
2541 1255 2691 1335 quia
2724 1254 2828 1316 lex
2853 1254 3195 1315 fundatur·
3177 1272 3249 1314 13
3274 1249 3791 1331 jurisdictione,

2167 1349 2847 1430 quaisolumdataest,
2881 1355 3186 1426 quantum
3220 1343 3658 1425 expeditad
3696 1343 3793 1402 bo-

2162 1461 2318 1505 num
2346 1459 2703 1517 commune,
2741 1447 2813 1503 ut
2857 1441 3167 1501 diximus:
3215 1441 3344 1501 1103
3400 1436 3623 1498 aliud
3651 1453 3792 1516 lne-

2162 1542 2412 1616 ceptum
2467 1535 2772 1596 fundatur
2818 1535 2888 1594 in
2934 1533 3258 1594 voluntate
3300 1529 3675 1602 voventis,
3735 1538 3785 1589 et

2161 1636 2364 1710 pacto,
2413 1647 2523 1689 seu
2557 1627 2968 1708 promissione
3015 1626 3175 1704 ejus,
3208 1642 3388 1704 qum,
3428 1621 3621 1701 quia
3670 1622 3782 1681 Deo

2164 1721 2589 1802 principaliter
2614 1720 2710 1795 fit,
2754 1720 2832 1780 de
2870 1724 3016 1779 actu
3047 1719 3237 1779 etiam
3278 1733 3479 1777 mere
3528 1715 3782 1775 interno

2163 1814 2302 1875 fieri
2319 1819 2540 1894 potest.
2563 1815 2718 1875 item
2740 1812 2891 1890 3313
2916 1810 3181 1871 materia
3199 1809 3338 1869 voti
3361 1808 3584 1868 latius
3614 1813 3779 1886 patet

2162 1907 2567 1987 quamlegis3
2598 1902 3293 1966 namvotummaxime
3325 1900 3541 1962 estde
3571 1901 3771 1961 consi-

519 709 649 765 tem
673 708 738 763 et
765 707 1127 807 potestatem
1159 720 1223 763 33
1249 702 1569 780 obligandi
1604 703 1891 778 firmiter,
1930 720 2082 781 pen-

521 796 629 857 det
651 795 911 855 omnino
938 812 978 854 a
996 794 1317 856 voluntate
1341 794 1617 870 31131133,
1642 794 1744 856 vel
1767 794 1850 855 ob
1876 793 2080 856 defec-

520 893 660 948 tum
686 885 906 961 aetatis,
935 891 1000 947 et
1024 886 1378 948 naturalem
1412 887 1882 966 subjectionem,
1921 886 2083 946 utin

521 979 650 1041 filio
682 977 1027 1057 impubere,
1051 979 1150 1040 vel
1165 979 1406 1040 ratione
1428 978 1731 1058 religiosae
1756 977 2079 1059 professio-

521 1073 642 1149 nis,
666 1071 1265 1148 etvotiobedientiae,
1292 1073 1458 1152 quod
1473 1072 1766 1135 includit:
1787 1072 1948 1133 banc
1967 1089 2080 1133 33

519 1171 649 1228 1331
676 1164 1155 1244 dependentiam
1176 1164 1412 1227 babent
1435 1170 1603 1240 vota,
1633 1171 1704 1226 ut
1727 1164 2081 1245 promissio-

520 1276 633 1321 nes
654 1257 734 1319 ad
765 1258 960 1318 Deum
983 1263 1152 1332 3331,
1183 1275 1255 1319 33
1270 1257 1531 1319 subinde
1545 1258 1737 1319 etiam
1750 1263 1822 1318 ut
1838 1262 2081 1319 menta-

519 1350 607 1412 lia
638 1355 806 1425 sunt,
829 1349 978 1429 quia
1001 1355 1283 1429 respectu
1303 1350 1413 1411 Dei
1431 1350 1521 1410 ibi
1542 1355 2077 1412 consummantur.

520 1443 798 1523 Denique
822 1447 968 1503 vota
998 1442 1131 1503 bmc
1158 1443 1579 1504 conditionem
1605 1442 1955 1518 includunt,
1984 1459 2084 1503 13-

520 1536 691 1597 11033
737 1535 914 1613 cujus
953 1535 1187 1596 irritari
1230 1542 1509 1614 possunt,
1553 1553 1682 1597 non
1717 1535 2084 1596 subsistente

521 1627 894 1690 conditione.
921 1629 998 1688 Et
1024 1627 1113 1688 ita
1139 1644 1219 1689 ex
1243 1627 1342 1688 his
1364 1626 1600 1688 actibus
1615 1627 1861 1688 nullum
1883 1631 2083 1705 potest

519 1720 683 1781 sumi
729 1724 1171 1798 argumentum
1215 1737 1254 1780 3
1292 1719 1504 1795 simili,
1544 1721 1694 1798 quia
1731 1725 1878 1780 sunt
1904 1718 2084 1780 valde

520 1811 772 1888 diversi,
804 1818 868 1874 et
891 1829 932 1872 a
951 1811 1210 1874 diversis
1226 1829 1357 1873 333
1381 1811 1453 1874 fit
1470 1812 1691 1874 illatio.

601 1906 704 1965 14.
747 1907 840 1968 De
877 1905 1227 1968 remissione
1262 1923 1581 1986 pomarum·
1619 1923 1731 1986 per
1769 1905 2085 1983 ἐπαεῖραι-

521 1999 1055 2072 tias.—Quartum
1075 1999 1431 2079 exemplum
1458 2004 1594 2059 erat
1621 1997 1698 2060 de
1723 1997 2084 2060 remissione

518 2107 846 2171 poenarum
876 2091 1042 2170 apud
1069 2093 1265 2153 Deum
1300 2110 1413 2173 per
1437 2091 1879 2169 indulgentias,
1916 2090 2085 2170 quod

519 2183 686 2245 idem
707 2184 897 2246 habet
917 2202 1304 2265 responsum.
1348 2187 1506 2246 Nam
1536 2189 1804 2263 potestas
1843 2183 1922 2243 ed
1961 2183 2083 2243 dis-

514 2277 904 2357 pensandum
932 2278 1294 2339 thesaurum
1339 2295 1451 2358 per
1481 2277 1940 2339 concessionem
1986 2277 2083 2336 in-

517 2370 998 2449 dulgentiarum,
1029 2372 1230 2450 magis
1264 2372 1583 2432 reducitur
1610 2370 1689 2430 ed
1716 2373 2081 2449 potestatem

516 2461 634 2523 fori
664 2463 1003 2525 interioris:
1033 2482 1183 2524 nam
1213 2464 1368 2525 illud
1390 2465 1712 2541 negotium
1735 2463 1926 2524 etiam
1945 2480 2082 2522 ver-

515 2561 687 2615 satur
712 2557 876 2617 inter
895 2556 1215 2618 hominem
1234 2562 1296 2618 et
1317 2558 1535 2631 Deum,
1557 2560 1619 2616 et
1639 2556 1719 2617 ad
1746 2556 2080 2634 perfectam

514 2646 945 2709 liberationem
970 2649 1197 2710 animae
1223 2648 1303 2708 ab
1323 2650 1498 2708 omni
1521 2655 1698 2709 reatu
1726 2648 2072 2722 ordinatur,

516 2739 677 2799 utin
704 2740 953 2819 proprio
980 2746 1157 2801 tract.
1192 2741 1271 2800 de
1298 2739 1650 2817 Indulgent.
1683 2739 1919 2799 dictum
1952 2743 2067 2799 est.

516 2830 792 2909 Denique
818 2831 986 2910 quod
1026 2831 1246 2891 ultimo
1276 2831 1412 2891 loco
1443 2831 1530 2891 ibi
1558 2830 1916 2905 assumitur,
1956 2830 2075 2891 fal-

516 2940 657 2983 sum
701 2928 816 2998 est,
869 2922 1127 3000 scilicet,
1168 2923 1870 2984 excommunicationem
1920 2924 2072 2985 ferri

514 3021 765 3095 propter
790 3021 1001 3078 actum
1028 3035 1182 3096 pure
1210 3017 1543 3079 mentalem
1556 3039 1573 3091 3
1601 3033 1749 3078 nam
1778 3017 1918 3094 iura
1936 3036 2076 3097 quae

512 3109 850 3189 loquuntur
866 3111 943 3172 de
969 3117 1214 3191 peccato
1241 3109 1512 3188 13313313,
1538 3111 1974 3190 intelliguntur
2001 3111 2079 3173 de

513 3202 623 3264 illa
657 3222 797 3283 quse
838 3204 1045 3284 prodit
1080 3205 1288 3285 aliquo
1319 3205 1505 3266 modo
1535 3205 1604 3265 in
1633 3210 1843 3266 actum
1872 3209 2075 3265 exter-

514 3315 692 3373 num,
728 3302 801 3359 ut
834 3298 1246 3360 communiter
1272 3298 1552 3360 doctores
1578 3297 1828 3377 allegati
1850 3298 2077 3358 docent

511 3392 664 3452 etin
689 3392 938 3470 propria
964 3393 1227 3453 materia
1253 3409 1331 3452 ex
1366 3392 1638 3471 professo
1677 3391 2074 3451 113313311331

513 3489 605 3544 331
636 3487 700 3542 31
729 3482 1188 3561 explicandum,
1211 3489 1273 3543 et
1291 3483 1593 3543 nonnulla
1609 3481 1686 3542 de
1705 3482 1823 3542 1103
1845 3485 2074 3559 puncto

513 3574 787 3635 diximus
812 3574 881 3633 in
914 3580 962 3634 t.
994 3576 1034 3635 5
1062 3573 1139 3635 de
1165 3576 1447 3648 Censur.,
1472 3574 1700 3652 disput.
1732 3576 1795 3648 4,
1827 3579 1969 3633 sect.
2005 3576 2067 3634 Ξ.

512 3668 600 3728 Ι)3
630 3664 753 3725 alia
777 3682 927 3726 vero
956 3665 1315 3725 difficultate
1353 3664 1440 3724 ibi
1473 3669 1639 3725 tacta
1669 3665 1747 3726 de
1773 3664 2074 3725 conditio-

510 3757 694 3819 nibus
733 3756 987 3818 occultis
1032 3762 1286 3818 actuum
1335 3761 1759 3832 externorum,
1795 3756 2073 3818 dicemus

512 3848 898 3911 commodius
926 3849 1125 3929 capite
1150 3851 1454 3929 sequenti.

594 3943 694 4003 15.
737 3941 835 4004 Ad
860 3941 1149 4004 ultimam
1175 3942 1709 4005 confirmationem
1734 3943 1811 4006 de
1839 3941 2077 4021 subjec-

510 4036 679 4097 tione
696 4035 901 4115 quoad
916 4044 1090 4097 actus
1120 4037 1397 4098 internos
1419 4036 1733 4098 mediante
1754 4041 1925 4111 voto,
1948 4053 2076 4095 non

508 4127 731 4188 desunt
752 4126 862 4206 qui
889 4127 1268 4203 existiment,
1304 4128 1494 4189 etiam
1519 4127 1761 4189 ratione
1779 4126 1909 4187 voti
1930 4125 2080 4187 obe-

508 4218 781 4293 dientiae,
824 4236 953 4280 non
993 4238 1167 4299 posse
1195 4221 1577 4301 superiorem
1609 4220 1943 4299 3113313313
1969 4235 2076 4278 33-

509 4319 648 4373 tum
694 4329 866 4372 mere
904 4312 1248 4387 internum,
1290 4320 1360 4374 ut
1382 4313 1555 4374 verbi
1587 4313 1810 4391 gratia,
1851 4310 2076 4372 oratio-

512 4420 659 4464 nem
704 4403 1073 4481 mentalem3
1109 4404 1281 4484 quia,
1329 4404 1476 4466 licet
1516 4406 1711 4484 possit
1748 4403 2077 4483 prohibere

511 4495 847 4557 exteriores
873 4505 1045 4556 ectus
1070 4497 1180 4576 qui
1210 4496 1571 4558 interiorem
1597 4496 1900 4575 impedire
1931 4512 2075 4574 pos·

511 4593 677 4663 sunt,
699 4605 829 4649 nou
844 4605 993 4649 vero
1011 4587 1241 4649 directe
1263 4588 1535 4667 obligare
1558 4589 1639 4649 ad
1666 4588 2080 4650 exercendum

515 4685 724 4742 actum
749 4680 1130 4742 interiorem.
1150 4681 1228 4740 Et
1248 4680 1494 4742 videtur
1517 4679 1724 4742 favere
1751 4682 1821 4741 D.
1853 4679 2075 4759 Thom.

514 4775 573 4834 2.
606 4774 669 4848 2,
698 4778 913 4851 quoest.
951 4774 1090 4846 104,
1132 4779 1250 4834 art.
1280 4774 1341 4847 5,
1377 4779 1681 4851 quatenus
1706 4773 2082 4853 generaliter

513 4864 625 4939 ait,
669 4864 894 4949 quoad,
914 4864 1237 4925 interiores
1281 4864 1479 4926 animi
1511 4875 1716 4927 motus
1757 4865 2080 4927 hominem

515 4956 629 5018 soli
656 4957 781 5018 Deo
812 4955 1053 5033 subjici.
1096 4957 1166 5018 ln
1196 4958 1579 5019 contrarium
1611 4975 1757 5019 vero
1789 4964 1905 5032 est,
1929 4957 2079 5037 quia

515 5050 703 5112 homo
732 5055 935 5130 potest
955 5068 1180 5113 vovere
1202 5052 1327 5114 Deo
1345 5051 1699 5112 immediate
1719 5057 1782 5114 et
1798 5051 2078 5112 absolute

515 5148 723 5205 actum
773 5162 943 5206 mere
986 5144 1327 5220 internum,
1371 5148 1445 5205 ut
1471 5161 1687 5205 omnes
1722 5144 1790 5204 in
1818 5144 2082 5206 materia

516 5235 595 5296 de
611 5241 755 5297 voto
782 5237 1063 5299 absolute
1080 5237 1388 5315 fatentur-3
1415 5243 1479 5299 et
1496 5243 1589 5298 est
1605 5254 1705 5298 res
1722 5236 1914 5312 clara,
1935 5236 2084 5315 quia

519 5327 641 5388 tale
680 5332 899 5389 votum
943 5331 1062 5391 erit
1089 5331 1166 5392 de
1193 5331 1436 5393 meliori
1462 5331 1628 5393 bono
1662 5335 1725 5392 et
1753 5329 2077 5410 possibili:

516 5437 668 5499 ergo
689 5424 891 5498 potest
908 5422 1097 5483 etiam
1120 5422 1290 5486 idem
1317 5442 1539 5486 vovere
1564 5423 1681 5485 sub
1703 5422 2079 5497 conditione,

519 5514 574 5591 si
595 5511 887 5581 praetatus
911 5515 1271 5602 pmceperit'
1269 5560 1293 5594 ,
1318 5516 1604 5598 quiahoc
1634 5533 1750 5582 nec
1774 5514 2087 5585 difficilius

2160 1999 2284 2075 liis,
2314 1999 2392 2059 de
2430 1998 2654 2079 quibus
2689 2015 2816 2058 non
2858 2001 2952 2057 est
2977 1997 3100 2057 lex.
3137 1996 3239 2055 An
3280 2012 3437 2055 vero
3483 1994 3571 2055 de
3600 1994 3767 2053 facto

2162 2092 2408 2153 Praelati
2428 2091 2802 2170 religionum
2834 2088 3108 2150 habeant
3142 2087 3316 2148 banc
3345 2092 3742 2165 potestatem,

2162 2190 2226 2246 et
2272 2185 2407 2246 11133
2453 2185 2536 2246 sit
2580 2184 2848 2245 intentio
2882 2181 3251 2243 voventium
3299 2179 3725 2251 obedientiam,

2161 2278 2390 2356 pendet
2405 2295 2483 2338 ex
2499 2276 2717 2354 regula
2730 2275 3221 2353 uniuscujusque
3237 2270 3739 2349 religionisQuia

2156 2371 2339 2450 juxta
2382 2369 2735 2430 doctrinam
2774 2371 2846 2430 D.
2897 2367 3177 2440 Thomae,
3206 2372 3272 2426 et
3313 2379 3744 2436 communem,

2161 2481 2290 2524 303
2320 2480 2536 2523 013333
2562 2462 2840 2541 religiosi
2868 2465 3097 2521 vovent
3124 2457 3424 2519 eamdem
3450 2455 3745 2516 obedien·

2160 2556 2339 2630 tiam,
2369 2554 2476 2616 sed
2502 2554 2736 2632 singuli
2759 2551 3101 2615 secundum
3129 2569 3311 2612 suam
3346 2549 3666 2628 regulam,
3689 2552 3745 2607 et

2161 2647 2301 2708 ideo
2321 2647 2374 2708 si
2393 2647 2613 2725 regula
2632 2646 2934 2725 praecipit,
2954 2644 3055 2705 vel
3076 2642 3357 2704 consulit
3377 2648 3561 2702 actus
3581 2658 3743 2700 men·

2162 2740 2340 2815 tales,
2363 2740 2466 2802 vel
2486 2738 2793 2818 significat
2827 2737 3117 2798 Praelatos
3150 2754 3328 2815 posse
3362 2735 3509 2795 illos
3538 2734 3740 2811 injun-

2163 2852 2335 2913 gere,
2383 2839 2533 2894 tunc
2571 2833 2792 2895 eodem
2832 2832 3019 2893 modo
3058 2828 3620 2908 interpretandum
3660 2831 3741 2886 est

2162 2926 2529 2988 obedientiae
2559 2931 2800 3000 votum,
2830 2930 2923 2999 ut,
2943 2923 3193 2996 scilicet,
3214 2922 3467 3000 possint
3497 2918 3731 2981 Praelati

2156 3018 2311 3080 tales
2332 3023 2504 3079 actus
2530 3019 2848 3097 imponere
2860 3033 2880 3094 ;
2898 3023 3063 3077 recte
3084 3020 3298 3075 autem
3311 3012 3561 3074 facient
3583 3029 3731 3072 nun-

2158 3130 2347 3192 quam
2394 3129 2497 3172 eos
2551 3109 2929 3190 imponendo
2983 3106 3098 3168 sub
3147 3105 3358 3185 rigore
3414 3103 3727 3185 praeeepti‚

2160 3212 2409 3285 propter
2451 3204 2797 3284 periculum
2832 3200 3200 3276 vitandum3
3248 3200 3409 3260 satis
3447 3201 3632 3261 enim
3656 3202 3734 3258 est

2160 3298 2530 3359 exteriorem
2561 3294 2951 3357 vacationem
2976 3292 3330 3372 praecipere.

2708 3476 2959 3538 CAPUT
3019 3475 3176 3536 xm.

2159 3683 2360 3729 UTRUH
2390 3681 2506 3727 mx
2531 3680 2822 3728 memmi
2837 3680 3032 3728 Possm·
3057 3680 3566 3727 oonoomamn
3594 3680 3734 3726 Pu·

2237 3774 2450 3820 Gssm
2487 3773 2606 3819 Am·
2639 3773 2974 3820 reomau
3004 3773 3190 3820 mus
3228 3773 3526 3820 mmos
3574 3771 3733 3820 Slffl

2237 3866 2359 3913 CUI
2389 3865 2706 3912 nummus.

2242 4044 2302 4103 1.
2348 4040 2598 4103 Duobus
2622 4038 2819 4101 modic
2847 4038 3280 4103 cadere-actum
3300 4039 3614 4103 mmm
3639 4039 3732 4100 in-

2162 4136 2380 4197 directe
2405 4133 2513 4195 cub
2530 4136 2895 4211 proeceptum
2917 4132 2987 4194 de
3013 4137 3251 4194 memo
3287 4136 3452 4193 adu.
3479 4132 3730 4191 —Duo·

2157 4227 2275 4289 bus
2292 4226 2493 4288 modis
2511 4230 2714 4306 potest
2725 4224 2988 4286 interior
3004 4229 3177 4286 actus
3194 4223 3415 4286 cadere
3434 4223 3718 4285 indirecte

2161 4320 2279 4381 sub
2321 4324 2701 4399 praeoeptum
2744 4318 2821 4379 de
2864 4317 3155 4378 exteriori
3197 4322 3363 4392 3313,
3411 4323 3487 4378 31
3520 4307 3727 4378 notavi

2163 4412 2274 4474 lib.
2310 4413 2371 4487 3,
2415 4429 2551 4490 cap.
2587 4412 2688 4486 12,
2727 4411 2796 4471 in
2835 4409 2999 4487 fine3
3030 4426 3197 4470 unus
3225 4414 3318 4471 est
3343 4415 3599 4471 tantum
3629 4425 3726 4489 per

2165 4503 2503 4584 quamdam
2541 4501 3059 4578 consecutionem,
3100 4507 3406 4581 quatenus
3432 4520 3549 4581 per
3581 4501 3726 4580 legis

2164 4594 2649 4676 prohibitionem
2682 4594 2950 4656 exterior
2969 4598 3142 4654 actus
3159 4593 3233 4656 fit
3254 4592 3481 4668 malus,
3505 4599 3650 4655 tam
3667 4593 3722 4652 in

2160 4691 2401 4751 ratione
2432 4693 2603 4748 actus
2622 4704 2816 4767 quam
2840 4687 2909 4747 in
2930 4686 3173 4747 ratione
3200 4685 3426 4764 objecti
3453 4686 3727 4759 moralis,

2163 4787 2228 4843 et
2250 4780 2390 4842 ideo
2423 4798 2502 4841 ex
2532 4780 2596 4840 vi
2622 4778 2792 4841 illius
2824 4777 2982 4857 legis
3017 4781 3469 4857 consequenter
3492 4776 3572 4837 fit
3612 4794 3731 4837 ma·

2166 4874 2300 4935 lum
2316 4874 2647 4951 ‘internum
2676 4871 3057 4952 propositum
3093 4869 3367 4932 faciendi
3402 4868 3607 4931 talem
3650 4886 3732 4931 ao-

2167 4958 2313 5027 tum'
2323 4954 2729 5044 prohibitum
2745 4964 2848 5025 vel
2867 4979 2996 5023 non
3015 4961 3288 5024 faciendi
3303 4960 3498 5023 talem
3522 4967 3730 5023 actum

2167 5062 2544 5138 praeceptum
2575 5072 2688 5135 pro
2714 5055 2824 5116 tali
2849 5059 3150 5159 tempore.
3190 5055 3268 5115 Et
3296 5053 3374 5114 de
3400 5053 3524 5115 boc
3550 5054 3731 5115 modo

2164 5168 2292 5210 non
2311 5154 2597 5210 movetur
2618 5147 2900 5227 33313110,
2930 5147 3080 5225 quia
3104 5146 3271 5208 dicto
3296 5147 3435 5208 loco
3460 5148 3733 5208 ostendi-

2164 5260 2326 5318 mus,
2373 5259 2453 5303 ex
2497 5241 2670 5301 omni
2716 5240 2855 5318 lege
2900 5239 3178 5301 humana
3216 5240 3389 5319 justa
3435 5238 3732 5320 consequi

2163 5334 2326 5395 hanc
2356 5333 2828 5438 obligationem.
2850 5332 3017 5395 unde
3038 5349 3285 5393 neeesse
3305 5337 3399 5393 est
3417 5338 3491 5392 ut
3512 5332 3733 5410 majori

2163 5426 2405 5489 ratione
2445 5425 2612 5488 11333
2654 5425 2784 5487 vim
2822 5425 3050 5487 habeat
3095 5424 3197 5486 lex
3233 5424 3580 5486 canonioa.·
3590 5425 3731 5499 Quis

2165 5519 2336 5586 3111111
2352 5518 2599 5586 dubitet
2620 5536 2752 5582 esse
2767 5523 3091 5603 peccatum
3113 5517 3376 5581 mortale
3389 5535 3735 5602 proponere
