3976 6219
520 371 601 431 44

519 490 776 552 modum
798 494 1155 572 temporale.
1183 497 1286 555 Est
1309 497 1475 556 enim
1501 500 1773 559 notanda
1794 499 2080 560 differen-

518 583 608 643 tia
648 585 810 644 inter
852 586 1219 663 injustitiam
1248 590 1313 649 in
1359 592 1641 665 materia,
1675 592 1773 653 vel
1801 593 1867 651 in
1896 593 2079 652 modo

521 675 713 751 legis:
745 678 908 754 quod
952 680 1018 737 in
1054 681 1266 757 priori,
1305 683 1354 741 si
1385 683 1461 743 de
1490 684 1794 761 injustitia
1822 691 2075 757 constet,

519 767 692 827 nulla
714 787 788 828 ex
819 788 1020 843 causa,
1048 772 1234 831 etiam
1264 782 1515 854 propter
1539 777 1861 836 vitandum
1888 778 2080 855 quod-

520 878 781 938 cumque
810 862 1255 925 detrimentum
1282 867 1382 927 vel
1422 869 1799 940 scandalum,
1829 869 2079 930 obedire

520 951 681 1025 licet,
714 954 859 1030 quia
885 955 1120 1015 malum
1156 958 1356 1020 facere
1390 979 1711 1038 nunquam
1758 960 1901 1022 licet
1941 981 2080 1040 pro·

518 1051 655 1124 pter
688 1045 885 1106 ullum
911 1047 1140 1109 finem:
1188 1058 1252 1111 at
1280 1071 1425 1112 vero
1468 1054 1531 1112 in
1576 1054 1698 1113 alio
1738 1072 1906 1129 casu,
1938 1056 2080 1116 licet

517 1135 616 1196 lex
655 1137 732 1197 de
754 1156 818 1198 se
857 1158 983 1199 non
1012 1142 1263 1220 obliget,
1290 1151 1489 1222 potest
1520 1146 1800 1206 subditus
1841 1147 1933 1207 illi
1973 1167 2080 1227 pa-

518 1247 678 1303 rere,
710 1231 759 1290 si
790 1232 944 1307 vult,
977 1234 1312 1296 dummodo
1346 1238 1663 1315 injustitiae
1704 1257 1830 1299 non
1866 1259 2082 1319 coope-

518 1328 713 1397 retur,
756 1326 903 1401 quia
955 1332 1154 1404 potest
1205 1330 1420 1390 cedere
1467 1331 1596 1407 juri
1636 1350 1769 1390 suo.
1819 1333 1894 1391 Et
1942 1333 2082 1392 ideo

521 1414 721 1473 multo
764 1416 1004 1477 facilius
1047 1424 1196 1479 tunc
1245 1422 1507 1499 obligari
1554 1423 1778 1501 poterit
1821 1424 1888 1483 in
1934 1442 2082 1484 casu

521 1507 749 1568 dubio:
782 1510 908 1569 imo
940 1512 1127 1571 etiam
1163 1513 1232 1572 in
1266 1532 1410 1574 55511
1451 1516 1515 1574 111
1541 1534 1664 1593 (1115
1692 1518 1770 1575 sit
1801 1523 1964 1576 certa
1987 1517 2081 1576 in-

515 1601 778 1679 justitia,
813 1604 1144 1681 aliquando
1171 1608 1395 1684 poterit
1423 1608 1683 1686 obligari
1713 1616 1963 1688 propter
1990 1612 2073 1669 vi⁴

517 1693 778 1753 tandum
817 1697 1211 1758 scandalum:
1245 1718 1394 1759 nam
1440 1700 1557 1760 hoc
1596 1702 1919 1762 vitandum
1964 1709 2077 1769 est.

518 1785 707 1844 etiam
747 1805 888 1847 cum
934 1789 1304 1850 detrimento
1344 1794 1699 1871 temporali,
1743 1812 1876 1872 cap.
1925 1797 1963 1854 2
2007 1795 2082 1853 de

520 1879 862 1959 Praescript‚
894 1888 955 1941 et
994 1884 1264 1943 sumitur
1305 1903 1380 1944 ex
1414 1887 1780 1963 AugustinO,
1814 1906 1996 1947 serm.
2043 1890 2083 1948 6

519 1969 596 2028 (15
626 1971 809 2030 Verb.
840 1974 1105 2050 Domini,
1136 1981 1197 2035 et
1225 1977 1290 2035 in
1325 1977 1566 2037 Psalmo
1597 1981 1735 2050 124,
1763 1985 1824 2037 et
1845 1980 2083 2040 notavit

520 2062 587 2120 D.
622 2061 911 2137 ThomaS,
954 2066 1116 2125 dicta
1150 2074 1363 2146 quaest.
1406 2071 1507 2143 96,
1539 2076 1652 2130 art.
1687 2073 1749 2144 4,
1780 2076 1841 2130 et
1883 2072 2080 2131 videri

519 2160 776 2230 possunt
816 2155 1069 2216 Adrian.
1118 2160 1323 2236 quodl.
1375 2163 1412 2220 6
1459 2163 1535 2221 ad
1571 2163 1836 2241 primam
1878 2163 2079 2241 objec-

518 2244 776 2319 tionem,
798 2247 1061 2323 Gabriel,
1088 2250 1155 2309 in
1179 2253 1240 2325 4,
1267 2251 1328 2311 (1.
1358 2254 1456 2326 16,
1483 2260 1696 2331 (1115551.
1726 2256 1785 2329 3,
1807 2256 2074 2331 Juristae,

518 2335 586 2394 in
623 2336 682 2396 d.
725 2355 857 2415 cap.
897 2341 935 2398 2
963 2340 1037 2400 de
1069 2344 1439 2421 Praescript.,
1483 2348 1978 2422 PanormitanuS,
2013 2350 2079 2407 in

518 2445 651 2504 cap.
685 2428 760 2487 de
777 2430 1007 2504 Const.,
1040 2451 1104 2491 11.
1133 2436 1194 2508 9,
1224 2435 1468 2495 Cardin.
1497 2438 1710 2516 incap.
1732 2440 1823 2499 De
1852 2441 1971 2510 his,
2003 2442 2082 2499 50

519 2518 578 2578 d.
587 2564 607 2593 ,
652 2520 1083 2671 Bieglarminus,
1133 2525 1291 2585 libro
1338 2530 1378 2587 4
1421 2528 1496 2588 de
1530 2530 1708 2590 Rom.
1764 2531 2080 2605 Pontifice,

520 2628 656 2689 cap.
770 2656 783 2671 .

1118 2799 1364 2863 CAPUT
1406 2804 1479 2863 X.

598 2998 799 3044 Unum
837 3001 1232 3046 PERPETUITAS
1273 3004 1363 3048 SIT
1399 3005 1475 3049 m:
1516 3005 1770 3052 RATIONE
1809 3008 1995 3052 LEGIS.

601 3171 656 3228 1.
708 3170 851 3243 Quoe
885 3174 970 3233 sit
997 3176 1367 3253 perpetuitas
1411 3179 1492 3237 ad
1529 3177 1712 3256 leyem
1755 3179 2075 3257 requisita.

518 3292 601 3304 -
629 3264 871 3324 Divisio
900 3265 1083 3342 liujus
1115 3269 1539 3344 perpetuitatis
1568 3269 1634 3328 iu
1667 3272 1991 3346 positivam
2026 3276 2081 3332 et

518 3357 880 3431 ueyativam.
907 3390 989 3402 —
1015 3358 1329 3435 Duplicem
1368 3361 1844 3438 perpetuitatem
1881 3362 2080 3422 solent

520 3445 867 3524 philosophi
906 3448 1307 3526 distinguere,
1349 3469 1543 3510 unam
1568 3470 1645 3511 ex
1680 3459 1852 3530 parte
1890 3454 2076 3527 initii,

520 3555 708 3615 quam
731 3546 956 3599 vocant
977 3558 1015 3599 a
1035 3548 1204 3618 parte
1229 3548 1395 3616 ante,
1419 3543 1603 3602 aliam
1624 3562 1699 3603 ex
1718 3550 1890 3622 parte
1913 3544 2076 3619 finis,

521 3647 708 3706 (1115111
739 3650 776 3690 5
805 3637 978 3709 parte
1011 3638 1145 3709 post
1172 3639 1416 3693 vocant.
1452 3636 1563 3694 Hic
1590 3653 1715 3695 non
1746 3643 2080 3696 tractamus

520 3720 595 3780 de
628 3723 817 3800 priori
842 3744 856 3782 :
887 3742 1034 3783 nam
1063 3725 1394 3785 dividendo
1422 3728 1624 3805 legem
1652 3729 1921 3789 diximus
1944 3730 2079 3790 dari

521 3832 713 3873 unam
747 3815 948 3893 legem
989 3823 1306 3893 aeternam,
1343 3838 1479 3897 quae
1513 3821 1676 3880 intra
1724 3823 1913 3881 Deum
1945 3828 2075 3883 est:

521 3904 669 3964 alias
695 3925 843 3967 vero
870 3926 999 3968 esse
1026 3911 1392 3988 temporales
1420 3930 1494 3971 ex
1518 3918 1689 3989 parte
1717 3913 1900 3972 initii.
1924 3915 2079 3972 Nam

519 3997 663 4058 licet
715 4000 815 4060 lex
867 4002 1163 4061 naturalis
1217 4003 1339 4062 dici
1393 4005 1581 4081 possit
1636 4004 1844 4082 aliquo
1894 4005 2080 4064 modo

520 4097 771 4166 aeterna,
794 4098 865 4152 ut
895 4093 1090 4153 voluit
1121 4095 1352 4167 Glossa‚
1377 4096 1443 4155 in
1464 4097 1687 4175 princ„
1711 4098 1773 4157 d.
1807 4100 1869 4171 5,
1892 4098 2080 4157 verbo

525 4182 737 4261 Coepit,
763 4185 976 4262 utique
1007 4186 1328 4264 objectiva,
1355 4205 1462 4247 5511
1490 4188 1692 4266 quoad
1721 4207 1848 4249 esse
1876 4208 2081 4249 essen-

519 4276 645 4349 tiae,
678 4283 748 4336 ut
782 4277 944 4338 infra
984 4280 1427 4357 explicabitur:
1461 4282 1866 4343 nihilominus
1898 4289 2082 4362 prout

521 4369 728 4428 existit
766 4371 832 4429 in
879 4373 1190 4442 creaturiS,
1232 4391 1309 4432 ex
1348 4378 1625 4451 tempore
1670 4375 1900 4453 incepit
1939 4394 2082 4436 cum

522 4465 824 4536 creatura,
865 4468 934 4521 ut
969 4463 1126 4522 bene
1158 4464 1484 4524 Gratianus
1529 4465 1779 4525 ibidem*
1804 4467 1981 4541 dixit,
2022 4475 2084 4528 et

520 4552 607 4611 ita
652 4571 690 4612 a
739 4560 913 4631 parte
968 4561 1113 4614 ante
1166 4572 1293 4614 non
1343 4562 1541 4634 potest
1590 4556 1713 4616 dici
1764 4565 2076 4637 perpetua.

520 4646 876 4705 Tractamus
904 4646 1098 4723 igitur
1132 4648 1208 4706 de
1243 4648 1650 4726 perpetuitate
1682 4649 1748 4708 in
1775 4648 2079 4724 futurum,

522 4756 600 4798 ex
628 4756 750 4816 quo
778 4738 878 4797 lex
908 4739 1098 4799 semel
1124 4739 1250 4799 lata
1275 4746 1386 4799 est.
1421 4741 1564 4813 Quae
1592 4744 1963 4820 perpetuitas
1992 4762 2085 4803 so-

520 4829 606 4889 let
634 4829 890 4889 ulterius
922 4830 1218 4908 distingui
1254 4832 1321 4890 in
1353 4834 1825 4910 perpetuitatem
1852 4836 2084 4913 simpli-

521 4922 700 4998 citer,
756 4941 892 5000 quae
938 4925 1248 4984 aeternitas
1297 4924 1555 4998 dicitur,
1605 4926 1701 4985 vel
1746 4929 2085 4988 secundum

525 5014 698 5092 quid,
727 5033 866 5092 quae
896 5016 1017 5076 dici
1045 5021 1245 5095 potest
1285 5017 1530 5076 duratio
1556 5017 1727 5095 longi
1767 5021 2081 5097 temporiS,

523 5123 660 5182 quae
707 5106 773 5165 in
820 5108 1132 5188 Scriptura
1177 5127 1337 5187 saepe
1382 5126 1586 5168 aevum
1639 5110 1734 5169 vel
1784 5117 2084 5171 aeternum

522 5196 816 5256 saeculum
848 5200 1211 5278 appellatur.
1250 5202 1324 5260 Ut
1351 5206 1560 5260 autem
1590 5203 1945 5262 omittamus
1979 5221 2083 5261 va-

524 5289 647 5348 rias
675 5289 1170 5366 significationeS,
1207 5311 1344 5371 quae
1379 5293 1576 5370 magis
1613 5294 1690 5354 ad
1723 5296 2083 5374 speculatio-

523 5399 669 5441 nem
693 5382 1032 5459 pertinent:
1062 5386 1457 5463 perpetuitaS,
1480 5386 1555 5445 de
1578 5405 1699 5464 qua
1721 5393 2078 5461 tractamus,

524 5473 724 5534 solum
768 5479 859 5533 est
903 5475 1188 5555 quoedam
1236 5476 1388 5554 legis
1428 5477 1725 5538 stabilitas
1774 5480 1851 5539 ad
1892 5497 2081 5557 quam

1517 386 1634 438 Lm.
1672 388 1709 438 1.
1746 386 1827 437 DE
1858 385 2112 438 NATURA
2145 386 2323 440 LEGIS
2354 386 2418 438 IN
2452 387 2746 439 comm.

2159 494 2413 567 spectat,
2444 494 2512 548 ut
2550 488 2776 549 habeat
2819 507 3001 548 suum
3047 506 3176 549 esse
3221 507 3363 548 cum
3403 490 3610 551 valore
3650 510 3720 552 ac
3776 481 3781 486 ⁸

2159 580 2426 640 efficacia
2472 580 2790 658 obligandi
2831 582 2918 640 ita
2969 581 3163 640 fixum
3208 587 3269 641 et
3314 600 3716 660 permanens,

2161 679 2464 750 quantum
2492 679 2584 733 est
2610 692 2688 733 ex
2719 674 2782 732 vi
2810 692 2934 732 suae
2962 674 3220 749 originis
3248 680 3308 733 et
3339 675 3720 734 constitutio·

2161 765 2279 838 1115,
2323 771 2393 823 111
2426 766 2501 825 (15
2536 783 2600 825 55
2633 766 2814 826 duret
2842 783 3104 843 semper,
3150 771 3257 824 aut
3294 785 3404 845 per
3435 766 3720 826 indefini-

2159 863 2319 931 tum,
2361 857 2457 916 vel
2484 858 2847 917 diuturnum
2885 864 3149 936 tempuS.
3189 858 3306 930 Qui
3334 859 3552 917 modus
3583 877 3720 937 per-

2160 952 2474 1028 petuitatis
2507 957 2706 1030 potest
2733 971 2860 1012 esse
2891 950 3116 1030 duplex
3140 972 3153 1010 :
3183 969 3347 1009 unus
3376 951 3493 1010 (1151
3523 956 3720 1028 potest

2160 1045 2502 1121 5535111155,
2522 1047 2675 1106 alter
2690 1046 3007 1125 positivuS.
3026 1045 3357 1121 Negativus
3372 1051 3461 1104 est
3474 1045 3719 1122 quando

2161 1135 2263 1196 lex
2302 1137 2622 1198 indefinite
2662 1139 2881 1212 fertur,
2914 1143 2974 1197 et
3014 1137 3152 1197 ideo
3195 1136 3503 1196 infinitam
3533 1137 3721 1196 habet

2162 1229 2573 1305 durationem,
2618 1230 2761 1290 licet
2804 1231 3077 1290 revocari
3117 1230 3307 1308 possit
3354 1236 3415 1288 et
3446 1229 3578 1288 tolli
3610 1247 3721 1307 per

2162 1323 2532 1382 extrinsecas
2561 1341 2792 1397 5511555,
2821 1323 3128 1401 quomodo
3155 1322 3382 1381 dicitur
3408 1322 3719 1399 suspensio

2162 1421 2456 1493 perpetua
2498 1418 2807 1493 negative,
2837 1434 2973 1493 quae
3013 1416 3145 1475 51115
3184 1415 3450 1474 termino
3494 1414 3713 1473 fertur.

2162 1509 2422 1567 Positive
2441 1514 2647 1568 autem
2668 1514 2966 1587 perpetua
2984 1508 3207 1567 dicitur
3223 1507 3325 1566 lex
3341 1525 3478 1584 quae
3498 1512 3717 1565 natura

2162 1619 2274 1660 sua
2309 1601 2406 1661 vel
2437 1620 2546 1680 per
2583 1619 2868 1679 expressa
2906 1600 3095 1660 verba
3131 1600 3348 1673 fertur,
3375 1604 3445 1658 ut
3481 1616 3722 1676 semper

2163 1693 2342 1753 duret
2375 1700 2436 1754 et
2463 1712 2782 1772 nunquam
2811 1699 3153 1766 revocetur,
3193 1698 3263 1751 ut
3289 1692 3586 1770 depositio
3603 1690 3720 1749 di-

2162 1787 2320 1845 citur
2376 1787 2689 1864 suspensio
2742 1790 3056 1864 perpetua.
3113 1786 3198 1844 De
3252 1789 3514 1861 utroque
3572 1796 3719 1859 ergo

2161 1879 2346 1937 modo
2394 1878 2817 1956 perpetuitatis
2849 1883 3046 1956 potest
3090 1877 3222 1936 haec
3262 1876 3518 1954 quaestio
3561 1880 3720 1934 trac-

2161 1970 2301 2029 tari.
2334 1971 2409 2029 Et
2438 1970 2730 2048 quoniam
2757 1970 2889 2046 ejus
2916 1969 3240 2028 difficultas
3280 1974 3409 2026 tota
3447 1972 3721 2026 versatur

2161 2063 2322 2121 circa
2357 2062 2663 2122 humanas
2690 2062 2875 2139 legeS,
2903 2062 3042 2121 ideo
3071 2079 3268 2138 operae
3303 2060 3568 2138 pretium
3605 2059 3721 2118 erit

2158 2154 2329 2232 prius
2355 2154 2525 2213 illam
2554 2154 2620 2212 in
2655 2154 2881 2213 divinis
2908 2152 3149 2231 legibus
3182 2151 3488 2229 expedire.

2241 2250 2298 2306 2.
2348 2248 2567 2307 Prima
2603 2250 2877 2310 assertio.
2901 2279 2983 2291 —
3010 2247 3298 2306 Divinam
3331 2246 3512 2322 leqem
3540 2243 3720 2305 etiam

2160 2340 2470 2401 vindicare
2510 2342 2968 2417 perpetuitatem
3016 2341 3410 2415 assiquatam.
3457 2369 3536 2381 —
3579 2336 3718 2395 Dico

2161 2450 2309 2509 ergo
2350 2433 2586 2510 primo:
2618 2433 2831 2492 Omnis
2873 2432 3084 2490 divina
3112 2430 3211 2489 lex
3248 2430 3719 2509 perpetuitatem

2160 2523 2388 2582 dictam
2415 2525 2762 2603 participat.
2798 2523 3152 2583 Declaratur
3186 2523 3455 2582 breviter
3493 2522 3721 2580 discur-

2161 2617 2351 2675 rendo
2398 2635 2508 2694 per
2539 2617 2834 2694 singulaS.
2881 2618 3033 2675 Nam
3075 2617 3175 2676 lex
3204 2621 3433 2675 aeterna
3478 2614 3721 2692 proprie

2161 2725 2234 2767 ac
2259 2709 2620 2786 simpliciter
2658 2714 2954 2787 perpetua
2983 2713 3094 2782 est,
3124 2708 3267 2786 quia
3305 2708 3370 2765 in
3400 2725 3462 2765 se
3493 2706 3722 2764 immu-

2159 2801 2365 2860 tabilis
2402 2810 2512 2861 est.
2553 2802 2842 2874 Quamvis
2868 2801 3035 2860 enim
3079 2805 3260 2878 prout
3302 2799 3452 2858 dicit
3484 2816 3722 2876 respec-

2161 2900 2298 2954 tum
2343 2896 2420 2954 ad
2467 2901 2798 2970 creaturas,
2844 2913 2969 2954 non
3008 2913 3250 2973 semper
3292 2893 3577 2971 respiciat
3617 2910 3722 2952 eas

2161 2989 2497 3049 secundum
2531 2988 2820 3048 eumdem
2852 2989 3105 3047 modum
3131 2988 3491 3059 existentiae‚
3518 3002 3718 3062 neque

2161 3082 2439 3160 imponat
2466 3082 2553 3142 eis
2594 3081 2759 3158 leges
2801 3099 2936 3160 quae
2975 3098 3085 3160 pro
3126 3085 3255 3139 toto
3293 3085 3567 3158 tempore
3608 3078 3721 3136 du-

2160 3180 2321 3247 rent,
2350 3175 2454 3233 sed
2477 3174 2658 3250 juxta
2679 3174 2932 3233 modum
2957 3172 3279 3232 definitum
3304 3171 3382 3230 ab
3406 3172 3536 3248 ipso
3558 3171 3716 3242 Deo;

2160 3267 2565 3327 nihilominus
2599 3268 2781 3344 juxta
2818 3265 2996 3324 illum
3039 3265 3315 3339 modurn,
3348 3269 3408 3324 et
3446 3281 3520 3322 ex
3548 3268 3720 3341 parte

2159 3360 2289 3433 Dei,
2321 3359 2419 3418 lex
2449 3359 2637 3419 semel
2672 3359 2750 3418 ab
2777 3360 2909 3437 ipso
2937 3365 3227 3435 concepta
3263 3362 3559 3435 perpetuo
3591 3372 3721 3413 ma-

2161 3458 2284 3511 net.
2322 3451 2549 3511 Deinde
2577 3451 2678 3510 lex
2705 3451 3003 3510 naturalis
3030 3451 3215 3510 etiam
3241 3449 3359 3508 dici
3390 3453 3588 3526 potest
3615 3446 3720 3505 ab·

2161 3544 2356 3603 solute
2397 3549 2715 3622 perpetua,
2747 3545 2894 3621 quia
2922 3561 3000 3602 ex
3031 3550 3203 3621 parte
3232 3542 3479 3614 111511115,
3504 3543 3570 3599 111
3599 3558 3720 3617 (1115

2159 3637 2381 3713 scripta
2412 3646 2523 3710 est,
2552 3636 3025 3713 perpetuitatem
3052 3635 3259 3694 habet.
3279 3635 3352 3693 Et
3367 3632 3617 3692 aliunde
3644 3649 3722 3690 ex

2162 3733 2333 3805 parte
2380 3727 2601 3804 objecti
2646 3727 2908 3786 includit
2955 3727 3347 3785 intrinsecam
3396 3724 3720 3784 necessita-

2158 3826 2285 3879 tem
2311 3841 2325 3878 :
2353 3820 2636 3898 prohibet
2659 3820 2825 3880 enim
2852 3838 2988 3897 quae
3017 3820 3345 3878 intrinsece
3365 3817 3528 3877 mala
3550 3822 3716 3890 sunt,

2160 3917 2222 3972 et
2261 3912 2535 3990 praecipit
2575 3930 2711 3989 quae
2741 3930 2848 3990 per
2880 3929 2944 3970 se
2983 3911 3324 3970 necessaria
3350 3916 3494 3969 sunt
3504 3925 3524 3984 3
3555 3908 3720 3986 quod

2160 4009 2369 4064 autem
2388 4010 2478 4063 est
2497 4004 2934 4077 necessarium,
2960 4009 3331 4082 perpetuum
3350 4009 3469 4078 est3
3497 4008 3559 4061 et
3582 4001 3719 4061 ideo

2161 4095 2566 4154 immutabilis
2594 4095 2816 4155 dicitur
2855 4114 2893 4155 a
2927 4096 3241 4169 Gratiano,
3269 4096 3327 4154 d.
3363 4097 3424 4168 5,
3455 4095 3518 4154 iu
3550 4094 3721 4172 prin-

2160 4187 2308 4265 cip„
2339 4193 2402 4246 et
2441 4188 2501 4247 d.
2549 4190 2610 4262 6,
2660 4187 2696 4266 ξ
2737 4188 2880 4261 ult.,
2911 4194 2973 4247 et
3015 4188 3180 4247 idem
3218 4186 3479 4246 habetur
3519 4185 3717 4245 Instit.

2160 4279 2236 4339 de
2272 4279 2404 4339 Jur.
2439 4288 2648 4338 natur.
2693 4285 2862 4357 gent.
2905 4286 2965 4339 et
2997 4280 3190 4354 civil.,
3236 4280 3273 4359 ξ
3307 4280 3433 4342 Sed
3457 4285 3512 4339 et
3537 4283 3722 4339 uatu-

2161 4372 2312 4444 rale,
2333 4376 2395 4431 et
2423 4371 2584 4430 infra
2612 4390 2721 4430 suo
2748 4371 2878 4431 loco
2900 4372 3082 4431 latius
3106 4373 3363 4432 dicetur.
3389 4373 3508 4431 Nec
3534 4371 3724 4430 refert

2163 4463 2327 4541 quod
2373 4476 2741 4542 praeceptum
2774 4465 3052 4524 naturale
3086 4465 3154 4523 in
3195 4483 3322 4524 una
3362 4463 3722 4542 opportuni-

2161 4560 2288 4615 tate
2324 4555 2557 4632 obligat
2602 4562 2662 4615 et
2694 4557 2913 4616 nonin
2947 4556 3090 4632 alia,
3136 4559 3302 4634 quod
3344 4558 3614 4617 maxime
3651 4557 3722 4615 in

2164 4650 2546 4709 affirmativis
2577 4668 2795 4710 verum
2835 4650 3022 4709 habet
3033 4665 3053 4725 3
3085 4669 3236 4725 non,
3284 4651 3563 4728 inquam,
3602 4651 3723 4709 hoc

2165 4742 2385 4815 obstat,
2426 4742 2572 4820 quia
2603 4748 2974 4820 proeceptum
3023 4761 3264 4820 semper
3307 4743 3472 4802 idem
3504 4748 3616 4816 est,
3660 4750 3725 4803 et

2164 4841 2467 4913 quantum
2499 4841 2590 4894 est
2636 4853 2714 4894 ex
2759 4854 2822 4895 se
2867 4853 3109 4914 semper
3139 4835 3391 4913 obligat,
3439 4836 3723 4914 quamvis

2165 4946 2290 4986 non
2319 4946 2430 5005 pro
2460 4945 2724 5005 semper,
2763 4932 2825 4987 et
2852 4928 2915 4986 id
2955 4928 3101 4987 satis
3142 4934 3233 4987 est
3262 4934 3330 4987 ut
3355 4928 3454 4987 lex
3483 4929 3561 4987 sit
3588 4947 3726 5007 per-

2164 5025 2370 5097 petua.
2419 5018 2592 5090 Quod
2646 5021 2876 5097 optime
2922 5020 3249 5098 explicavit
3299 5021 3684 5097 Augustinus
3701 5066 3721 5095 ,

2165 5110 2273 5171 lib.
2326 5112 2362 5170 3
2406 5110 2703 5184 Confess,
2746 5130 2877 5189 cap.
2920 5113 3020 5185 37,
3064 5112 3294 5185 (1155115,
3325 5111 3484 5170 115115
3522 5111 3725 5189 legem

2166 5202 2537 5274 naturalem,
2568 5208 2635 5263 ut
2677 5209 2877 5263 omnia
2917 5204 3362 5264 ordinatissime
3387 5204 3565 5277 fiant,
3607 5206 3726 5262 im-

2164 5294 2526 5353 mutabilem
2571 5312 2723 5367 esse,
2752 5294 2897 5354 licet
2937 5295 3003 5354 in
3037 5295 3439 5373 applicatione
3482 5296 3612 5372 ejus
3644 5296 3726 5355 ad

2163 5386 2367 5444 varias
2409 5387 2697 5447 materias
2723 5386 2823 5448 vel
2852 5388 3201 5448 occasiones
3234 5387 3422 5465 possit
3449 5405 3577 5447 esse
3617 5405 3726 5447 va·-

2161 5478 2365 5538 riati0.
