3976 6219
1245 397 1379 449 CAP.
1417 399 1475 449 V.
1512 400 1574 450 IN
1605 399 1728 460 Quo
1762 397 2095 450 CONSlSTAT
2129 400 2247 451 LEx
2285 401 2653 454 NATURALIS.

343 489 830 568 independenter
871 493 950 552 ab
994 494 1148 573 ip80,
1185 496 1273 556 ita
1304 497 1589 558 honestas
1629 500 1907 560 veritatis

342 588 404 643 et
448 584 766 661 turpitudo
813 588 1123 647 mendacii
1166 589 1307 649 talis
1347 598 1437 651 est
1479 610 1555 652 ex
1595 610 1683 668 se,
1715 599 1776 651 et
1815 611 1907 652 se-

343 676 618 734 cundum
669 684 961 738 aeternam
1007 683 1376 743 veritatem:
1431 704 1579 763 ergo
1628 690 1906 764 respectu

341 767 559 827 talium
605 776 856 830 actuum
904 772 1003 832 vel
1052 782 1491 853 praeceptorum
1538 797 1663 837 non
1707 784 1908 856 potest

333 860 646 938 judicium
695 861 922 923 habere
964 867 1268 926 rationem
1302 868 1475 944 16315,
1520 870 1907 949 quandoqui-

339 952 481 1013 dem
515 961 659 1015 ante
700 973 884 1016 omne
905 956 1209 1033 judicium
1251 967 1394 1020 sunt
1425 961 1571 1021 boni
1601 962 1700 1022 vel
1728 963 1900 1037 mali,

338 1051 523 1124 atque
562 1048 715 1107 adeo
752 1051 1041 1128 praecepti
1076 1052 1173 1111 vel
1207 1055 1531 1131 prohibiti3
1563 1072 1711 1130 ergo
1744 1055 1902 1113 nihil

339 1146 542 1217 potest
559 1141 787 1201 habere
806 1142 1112 1202 rationem
1135 1144 1288 1222 legis
1306 1148 1605 1208 naturalis
1626 1157 1902 1228 respectu

338 1231 612 1307 illorum,
645 1233 764 1292 nisi
797 1240 1021 1293 natura
1048 1236 1182 1313 ipsa
1203 1240 1545 1300 rationalis,
1572 1243 1800 1316 Terti0,
1835 1244 1902 1303 in

337 1321 474 1383 aliis
509 1327 747 1386 naturis
777 1344 986 1385 rerum
1018 1327 1404 1406 inferiorum,
1435 1350 1724 1394 mensura
1753 1336 1900 1398 boni

338 1421 400 1474 et
446 1417 617 1492 mali,
668 1419 1090 1478 convenientis
1141 1427 1204 1480 et
1247 1422 1763 1486 disconvenientis
1808 1435 1900 1489 est

339 1512 824 1590 uniuscujusque
863 1515 954 1574 rei
996 1522 1255 1577 natura:
1304 1525 1404 1594 ut,
1453 1521 1625 1581 verbi
1671 1526 1891 1600 gratia,

306 1678 312 1684 .
340 1603 510 1664 calor
537 1611 626 1665 est
652 1605 1115 1669 disconveniens
1139 1629 1338 1688 aquae,
1366 1618 1426 1672 ct
1451 1614 1645 1691 frigus
1672 1634 1893 1676 conve-

337 1696 539 1770 niens,
570 1698 716 1775 quia
750 1718 910 1777 aqua
940 1720 1015 1761 ex
1063 1704 1125 1762 vi
1159 1723 1283 1764 suae
1327 1704 1538 1765 formae
1567 1714 1627 1766 et
1656 1715 1892 1769 naturae

334 1789 606 1865 postulat
635 1790 830 1868 frigus
865 1799 926 1853 et
963 1812 1085 1854 non
1120 1797 1408 1871 calorem,
1439 1800 1544 1859 sed
1571 1802 1774 1877 potius
1801 1802 1892 1861 illi

333 1888 661 1958 repugnat.
677 1884 851 1944 Unde
867 1886 917 1944 si
932 1885 1191 1947 velimus
1214 1907 1565 1951 mensuram
1592 1891 1887 1971 aliquam,

332 1976 394 2029 et
443 1975 616 2049 quasi
663 1974 865 2053 legem
914 1980 1228 2056 assignare
1275 1985 1623 2042 motionum
1673 2003 1893 2045 conve-

330 2060 638 2123 nientium
667 2074 729 2127 et
757 2069 1351 2133 disconvenientium
1380 2075 1491 2134 tali
1518 2076 1632 2148 rei,
1655 2078 1891 2137 nullam

328 2152 718 2217 inveniemus
750 2167 975 2237 praeter
1007 2169 1298 2224 naturam
1331 2168 1496 2244 eJus3
1537 2187 1684 2246 ergo
1724 2170 1890 2230 idem

328 2263 470 2306 cum
516 2253 911 2328 proportione
956 2260 1048 2313 est
1091 2256 1159 2314 in
1204 2263 1427 2318 natura
1474 2262 1783 2337 rationali,
1824 2263 1891 2321 in

327 2358 451 2419 qua
503 2344 930 2405 convenientia
986 2346 1086 2406 vel
1135 2348 1662 2413 disconvenientia
1715 2360 1887 2414 actus

326 2432 507 2493 liberi
548 2435 624 2494 ad
665 2437 861 2514 ipsam
903 2445 1191 2499 naturam
1232 2443 1598 2503 rationalem
1636 2451 1705 2504 ut
1746 2447 1886 2505 talis

327 2532 437 2599 est,
483 2529 797 2589 constituit
838 2531 1219 2592 honestatem
1265 2534 1364 2593 vel
1409 2537 1882 2613 turpitudinem,

326 2626 391 2680 et
445 2620 533 2681 ita
588 2623 786 2701 magis
835 2625 1078 2703 proprie
1132 2626 1400 2704 pertinet
1453 2628 1531 2688 ad
1578 2629 1882 2691 rationem

323 2711 498 2791 16315.

409 2809 467 2868 5.
513 2808 890 2871 Εωσῖτιαῑὶταν
914 2810 1118 2888 prima
1149 2811 1347 2890 opinio
1382 2814 1449 2873 do
1473 2814 1706 2876 ratione
1733 2816 1883 2894 leqz's

322 2902 738 2963 naturalis.—
751 2904 820 2962 In
848 2903 964 2963 hac
998 2905 1299 2965 sententia
1325 2924 1535 2965 veram
1565 2925 1692 2968 esse
1726 2910 1883 2969 exis-

323 2993 479 3053 timo
508 2994 871 3069 doctrinam,
903 3015 1089 3074 quam
1121 2998 1185 3055 in
1226 2998 1629 3060 fundamento
1658 3020 1882 3079 suppo-

323 3087 420 3148 nit
439 3087 514 3148 de
535 3089 860 3151 intrinseca
886 3090 1203 3152 honestate
1221 3091 1322 3153 vel
1340 3093 1578 3154 malitia
1603 3101 1878 3171 actuum,

325 3200 448 3260 qua
499 3182 614 3242 sub
664 3183 864 3260 legem
914 3184 1257 3245 naturalem
1307 3186 1737 3264 prohibentem
1783 3189 1883 3249 vel

322 3276 780 3354 praecipientem
826 3277 1077 3351 cadunt,
1124 3284 1194 3336 ut
1236 3278 1302 3337 in
1350 3279 1624 3339 discursu
1670 3283 1882 3360 capitis

322 3367 667 3429 declarabo,
705 3369 1120 3430 Nihilominus
1163 3372 1467 3431 sententia
1506 3372 1640 3450 ipsa
1672 3379 1881 3450 quate-

324 3479 441 3519 nus
463 3461 540 3520 ad
559 3460 758 3539 legem
777 3463 1122 3523 naturalem
1139 3463 1570 3524 declarandam
1591 3467 1876 3543 pertinet,

323 3558 385 3611 et
420 3552 639 3612 modus
665 3553 955 3631 loquendi
985 3555 1059 3614 de
1089 3554 1196 3614 illa
1227 3555 1381 3614 mihi
1410 3574 1534 3616 non
1562 3557 1876 3635 probatur.

326 3645 554 3717 Primo,
596 3646 743 3723 quia
791 3646 1011 3706 modus
1055 3647 1346 3725 loquendi
1387 3649 1624 3708 alienus
1665 3655 1757 3709 est
1800 3652 1879 3710 ab

323 3737 614 3797 omnibus
658 3739 959 3816 theologis
1002 3745 1063 3799 et
1107 3740 1509 3819 philosophiS,
1555 3748 1623 3801 ut
1670 3745 1880 3803 statim

327 3828 688 3890 videbimus
719 3832 1021 3908 Secundo,
1052 3834 1197 3911 quia
1221 3838 1445 3893 natura
1470 3834 1600 3912 ipsa
1626 3837 1881 3896 rationis

323 3923 571 4000 praecise
600 3929 887 4001 spectata,
914 3930 985 3983 ut
1007 3926 1146 3985 talis
1168 3927 1429 3986 essentia
1452 3933 1563 4002 est,
1591 3946 1704 3987 nec
1727 3947 1878 4006 prae·

323 4014 490 4092 cipit,
523 4033 638 4073 nec
671 4018 933 4076 ostendit
973 4016 1357 4079 honestatem
1399 4024 1508 4078 aut
1549 4021 1876 4093 malitiam,

325 4123 439 4165 nec
468 4106 680 4184 dirigit
703 4115 811 4167 aut
837 4108 1170 4185 illuminat,
1201 4129 1314 4170 nec
1341 4112 1535 4172 alium
1563 4115 1881 4191 proprium

323 4199 610 4260 effectum
639 4200 791 4278 legis
822 4202 1043 4264 habet:
1077 4222 1224 4279 ergo
1252 4223 1378 4264 non
1406 4212 1607 4284 potest
1635 4205 1757 4264 dici
1783 4206 1883 4265 lex

322 4292 445 4351 nisi
491 4292 754 4352 velimus
798 4294 974 4354 valde
1020 4297 1328 4374 aequivoce
1370 4303 1431 4356 et
1472 4297 1883 4375 metaphorice

323 4385 577 4445 uomine
606 4384 760 4463 legis
788 4387 901 4462 uti,
941 4387 1103 4465 quod
1137 4389 1357 4447 evertit
1391 4394 1586 4448 totam
1617 4390 1885 4466 disputa-

322 4478 558 4536 tionem
585 4499 599 4536 :
634 4497 778 4537 nam
807 4480 1210 4558 supponimus
1237 4498 1380 4540 cum
1408 4480 1723 4540 communi
1746 4499 1883 4539 sen-

320 4570 521 4629 tentia
550 4588 673 4628 non
716 4570 914 4630 solum
954 4572 1299 4646 doctorum,
1332 4573 1438 4632 sed
1477 4574 1663 4632 etiam
1704 4591 1883 4632 cano-

323 4681 476 4721 num
507 4669 567 4722 et
605 4663 841 4742 legum,
868 4666 968 4743 jus
1006 4665 1287 4725 naturale
1334 4685 1463 4726 esse
1504 4685 1720 4726 verum
1754 4668 1882 4744 juS,

324 4760 390 4815 et
416 4755 617 4833 legem
654 4758 1001 4818 naturalem
1035 4776 1164 4818 esse
1196 4776 1408 4818 veram
1433 4759 1657 4836 legem.

407 4848 467 4907 6.
516 4850 744 4924 Tertio,
775 4850 1124 4910 declaratur
1144 4851 1210 4910 in
1237 4851 1404 4909 hunc
1431 4851 1708 4925 modum,
1739 4851 1887 4929 quia

322 4958 455 4998 non
483 4958 667 5001 omne
700 4941 763 5000 id
792 4943 955 5021 quod
983 4948 1073 5002 est
1100 4943 1573 5002 fundamentum
1607 4943 1889 5002 honesta-

324 5033 432 5107 tis,
465 5051 572 5092 seu
618 5034 1003 5094 rectitudinis
1051 5040 1222 5094 actus
1268 5035 1405 5110 lege
1451 5034 1762 5113 praecepti,
1793 5033 1891 5091 vel

327 5126 495 5203 quod
519 5133 610 5186 est
627 5125 1102 5187 fundamentum
1133 5128 1535 5205 turpitudinis
1557 5133 1730 5186 actus
1757 5126 1892 5203 lege

325 5218 650 5296 prohibiti,
685 5225 883 5296 potest
910 5220 1027 5278 dici
1055 5220 1185 5279 lex:
1214 5237 1361 5297 ergo
1381 5220 1521 5279 licet
1548 5226 1772 5279 natura
1800 5237 1896 5277 ra-

327 5310 579 5369 tionalis
607 5312 685 5369 sit
717 5311 1192 5370 fundamentum
1222 5311 1560 5371 honestatis
1582 5311 1899 5389 objectivae

328 5408 582 5461 actuum
612 5403 942 5463 moralium
974 5403 1415 5476 humanorum,
1450 5421 1575 5462 non
1606 5402 1744 5461 ideo
1777 5400 1900 5460 dici

327 5500 535 5573 potest
561 5493 684 5569 lex,
716 5501 778 5555 et
814 5496 1033 5557 eadem
1054 5497 1316 5570 ratione,
1339 5494 1625 5575 quamvis
1657 5494 1901 5553 dicatur

3429 398 3534 455 101

1987 517 2302 575 mensura,
2343 520 2468 561 non
2499 503 2636 562 ideo
2663 508 2829 562 recte
2858 500 3242 562 concluditur
3267 500 3431 578 quod
3466 501 3548 560 sit

1985 589 2109 664 lex,
2126 593 2275 670 quia
2298 612 2588 654 mensura
2608 594 2791 653 latius
2814 600 2981 672 patet
3004 611 3190 671 quam
3210 592 3310 651 lex
3335 610 3351 652 ι
3378 593 3545 653 unde

1986 689 2151 744 totus
2184 685 2489 746 discursus
2513 688 2787 766 procedit
2812 706 2849 746 a
2879 685 3153 763 generali
3177 686 3254 745 ad
3284 686 3545 764 speciale

1988 777 2354 839 affirmative
2395 781 2761 857 colligendo,
2789 780 2953 859 quod
2980 781 3267 838 vitiosum
3292 784 3404 838 est.
3437 787 3546 838 As-

1985 877 2303 948 sumptum
2334 872 2680 932 declaratur
2708 872 2921 931 multis
2949 871 3170 930 modIS.
3203 871 3428 944 Prim0,
3476 871 3544 929 in

1984 960 2419 1041 eleemosyna:
2452 965 2797 1042 indigentia
2828 964 3138 1042 pauperiS,
3187 969 3249 1021 et
3285 961 3545 1021 facultas

1984 1053 2187 1113 dantis
2214 1061 2303 1115 est
2336 1057 2815 1116 fundamentum
2852 1055 3213 1128 honestatis,
3253 1054 3352 1114 vel
3389 1054 3546 1113 obli-

1983 1148 2247 1224 gationis
2298 1155 2467 1208 actus
2515 1150 2942 1226 eleemosynae,
2992 1153 3055 1206 et
3104 1152 3313 1206 tamen
3359 1164 3543 1206 nemo

1980 1239 2132 1298 dicit
2150 1241 2573 1301 necessitatem
2595 1241 2879 1320 pauperis
2903 1257 3031 1300 csse
3055 1238 3255 1315 legem
3280 1237 3542 1297 eleemo-

1977 1350 2148 1410 synae
2183 1354 2197 1392 :
2231 1333 2429 1393 simile
2475 1340 2566 1394 est
2592 1333 2757 1411 quod
2791 1334 2867 1392 de
2900 1331 3310 1408 temperantia
3352 1330 3543 1389 tradit

1977 1426 2048 1486 D.
2077 1425 2367 1500 ThomaS,
2399 1428 2460 1485 2.
2492 1429 2553 1501 2,
2585 1444 2647 1504 q.
2699 1427 2839 1500 141,
2872 1430 2989 1484 art.
3022 1425 3083 1497 6,
3114 1422 3538 1482 necessitatem

1976 1519 2246 1596 corporis
2274 1535 2401 1578 esse
2429 1518 2709 1595 regulam
2737 1515 3163 1595 temperantiae
3179 1531 3198 1590 3
3229 1532 3414 1574 nemo
3448 1520 3538 1573 ta-

1973 1629 2119 1670 men
2148 1611 2307 1671 dicet
2340 1630 2469 1671 esse
2499 1611 2729 1689 legem,
2760 1611 2865 1670 sed
2895 1628 3021 1670 csse
3054 1609 3536 1667 fundamentum

1972 1703 2147 1780 16315.
2180 1705 2306 1763 11110
2334 1703 2562 1763 ibidem
2583 1703 2662 1762 ad
2694 1706 2752 1777 1,
2776 1703 2863 1762 ait
2885 1703 2955 1761 D.
2979 1701 3244 1760 Thomas
3272 1699 3536 1758 beatitu-

1971 1796 2182 1856 dinem
2231 1815 2361 1857 6556
2410 1798 2691 1874 regulam
2752 1803 3002 1855 actuum
3069 1795 3489 1853 humanorum
3512 1837 3533 1867 ,

1971 1895 2273 1966 quatenus
2298 1890 2541 1950 honesti
2573 1894 2739 1962 sunt,
2789 1895 2851 1949 et
2878 1894 3086 1947 tamen
3119 1905 3244 1945 non
3274 1892 3363 1945 est
3396 1885 3529 1960 lex;

1972 1987 2209 2040 constat
2237 2000 2383 2058 ergo
2410 1983 2713 2041 rationem
2742 1979 2971 2057 regulae
3000 1985 3062 2038 et
3095 1995 3401 2038 mensurae
3443 1976 3533 2035 16-

1972 2074 2094 2132 11115
2123 2079 2350 2150 patere.
2385 2076 2536 2133 ltem
2579 2073 2719 2132 finis
2763 2078 2854 2132 est
2900 2071 3116 2148 regula
3143 2076 3204 2130 et
3241 2088 3532 2130 mensura

1971 2165 2339 2238 mediorum,
2370 2172 2431 2225 et
2458 2182 2583 2223 non
2613 2171 2702 2224 est
2720 2165 2819 2225 lex
2841 2181 2860 2240 ;
2885 2169 2946 2224 et
2968 2164 3275 2239 objectum
3304 2168 3397 2221 est
3428 2180 3529 2220 re-

1971 2258 2119 2334 gula
2158 2263 2219 2318 et
2253 2276 2544 2318 mensura
2566 2264 2837 2331 actuum,
2870 2262 2931 2315 et
2959 2255 3239 2314 similiter
3279 2273 3405 2313 non
3439 2259 3530 2313 est

1969 2349 2092 2423 lex,
2129 2351 2229 2411 vel
2257 2350 2608 2410 laboramus
2634 2351 2701 2409 in
2724 2349 3036 2428 aequivoco
3067 2346 3377 2406 abutendo
3406 2352 3527 2405 ter-

1965 2444 2174 2503 11111115.

2047 2539 2106 2595 7.
2150 2538 2565 2615 Impuynatur
2587 2537 2881 2616 proedicta
2910 2537 3108 2614 opinio
3137 2552 3207 2596 ex
3246 2533 3528 2594 absurdis

1962 2646 2095 2708 quoe
2134 2634 2481 2708 sequuntur.
2504 2663 2587 2674 —
2624 2631 2923 2689 Praeterea
2951 2645 3276 2706 possumus
3302 2625 3380 2685 ab
3422 2625 3526 2684 in-

1963 2721 2470 2781 convenientibus
2483 2721 2905 2798 argumentari
2911 2736 2931 2795 3
2944 2737 3139 2779 unum
3157 2718 3422 2796 est,quia
3436 2736 3527 2778 se-

1962 2814 2177 2891 quitur
2203 2832 2328 2873 non
2360 2814 2566 2873 minus
2593 2813 2837 2891 proprie
2860 2812 3087 2872 habere
3119 2813 3315 2871 Deum
3342 2829 3520 2869 suam

1960 2906 2159 2984 legem
2209 2906 2579 2980 naturalem,
2630 2924 2765 2984 quae
2823 2906 3027 2983 ipsum
3075 2904 3228 2981 liget
3269 2909 3331 2963 et
3368 2902 3522 2962 obli-

1962 3005 2087 3077 get,
2132 3017 2317 3078 quam
2356 2999 2661 3072 homineS,
2692 2999 2854 3076 quod
2887 2998 3132 3058 videtur
3156 2996 3516 3056 absurdum.

1962 3093 2221 3170 Sequela
2245 3098 2431 3170 patet,
2454 3093 2602 3171 quia
2629 3091 2816 3151 etiam
2846 3092 2967 3150 Deo
2995 3095 3323 3168 repugnat,
3345 3088 3520 3148 verbi

1963 3186 2183 3261 gratia,
2238 3185 2652 3256 mendacium,
2701 3185 2867 3261 quod
2917 3189 3008 3242 est
3054 3182 3521 3241 disconveniens

1963 3278 2283 3339 excellenti
2298 3283 2535 3337 naturae
2556 3296 2712 3351 suae3
2731 3282 2821 3336 est
2839 3293 2987 3351 ergo
3015 3276 3145 3352 ipsa
3169 3280 3390 3334 natura
3413 3274 3521 3333 Dei

1961 3369 2177 3446 regula
2212 3369 2569 3444 honestatiS,
2599 3387 2735 3447 quoe
2762 3373 2851 3428 est
2892 3367 2959 3426 in
2988 3366 3247 3426 dicendo
3274 3383 3516 3439 verum,

1962 3466 2024 3520 et
2067 3461 2495 3539 turpitudinis,
2540 3480 2677 3541 quae
2723 3466 2814 3521 est
2854 3460 2919 3520 in
2966 3459 3324 3534 mendacio;
3374 3475 3520 3535 ergo

1960 3558 2185 3613 natura
2224 3554 2333 3612 Dei
2378 3572 2505 3613 non
2554 3555 2763 3613 minus
2791 3560 2882 3614 est
2924 3553 3023 3614 lex
3067 3557 3346 3630 respectu
3386 3550 3516 3625 Dei,

1961 3663 2150 3723 quam
2197 3647 2276 3705 sit
2329 3652 2551 3705 natura
2593 3646 2862 3706 hominis
2908 3650 3189 3724 respectu
3226 3643 3519 3702 hominis,

1960 3739 2114 3798 Nam
2139 3739 2301 3816 quod
2322 3738 2603 3798 voluntas
2626 3740 2732 3799 Dei
2761 3745 3000 3799 tantam
3021 3738 3245 3798 habeat
3271 3737 3523 3795 rectitu-

1960 3831 2196 3904 dinem,
2236 3836 2305 3889 ut
2330 3849 2455 3889 non
2490 3832 2678 3909 possit
2715 3850 2840 3891 non
2869 3830 3242 3892 conformari
3273 3829 3365 3888 illi
3413 3848 3529 3888 na·

1960 3930 2139 3997 turae,
2178 3924 2424 4001 quando
2466 3924 2697 4002 aliquid
2723 3924 2991 4002 postulat
3020 3929 3091 3982 ut
3112 3923 3523 3982 necessarium

1962 4016 2040 4076 ad
2067 4016 2476 4088 honestatem,
2506 4016 2663 4074 nihil
2691 4016 2878 4075 refert
2902 4016 2980 4075 ad
3009 4016 3316 4074 rationem
3345 4014 3521 4091 16315,

1963 4126 2101 4186 quae
2149 4107 2349 4166 solum
2381 4107 2635 4185 ponitur
2663 4108 2728 4165 in
2770 4105 2877 4165 illa
2911 4108 3150 4166 ratione
3194 4123 3523 4178 mensurae,

1965 4217 2101 4276 quae
2129 4199 2195 4257 in
2223 4204 2448 4257 natura
2466 4198 2675 4256 divina
2701 4197 3036 4256 invenitur.
3072 4197 3244 4256 Unde
3271 4198 3342 4256 D.
3366 4197 3530 4255 Tho-

1966 4308 2122 4364 11165,
2156 4293 2183 4349 1
2214 4307 2275 4368 p.
2285 4335 2304 4365 ,
2334 4307 2394 4368 q.
2428 4292 2530 4362 21,
2552 4293 2668 4348 art.
2698 4293 2757 4363 1,
2784 4288 2861 4347 ad
2898 4289 2957 4362 3,
2984 4288 3071 4347 ait
3092 4288 3397 4364 justitiam
3422 4288 3526 4348 Dei

1963 4383 2264 4460 respicere
2317 4382 2663 4442 decentiam
2712 4381 2926 4459 ipsiuS,
2971 4379 3309 4439 secundum
3361 4380 3527 4456 quod

1966 4476 2165 4536 reddit
2188 4475 2304 4534 sibi
2328 4474 2493 4552 quod
2523 4474 2639 4533 sibi
2663 4473 2954 4547 debetur-3
2978 4473 3111 4551 ipsa
3138 4490 3286 4550 ergo
3308 4479 3530 4531 nat-ura

1965 4569 2073 4629 Dei
2106 4574 2197 4629 est
2234 4586 2521 4627 mensura
2548 4585 2800 4626 suarum
2844 4566 3182 4640 actionum,
3226 4571 3531 4644 quatenus

1965 4662 2402 4721 convenienter
2451 4665 2513 4719 et
2552 4660 2839 4720 decenter
2867 4667 2945 4719 ad
2983 4659 3155 4719 illam
3191 4664 3526 4737 operatur:

1966 4755 2083 4815 erit
2120 4771 2266 4831 ergo
2315 4753 2434 4812 lex.
2467 4754 2621 4812 Item
2649 4753 2862 4812 eadem
2900 4753 3138 4812 ratione
3177 4752 3386 4811 divina
3422 4751 3532 4810 bo-

1966 4847 2128 4906 nitas
2159 4846 2550 4905 manifestata
2589 4844 2769 4904 beato
2802 4845 2919 4903 erit
2955 4844 3056 4903 lex
3082 4844 3309 4903 amoris
3340 4843 3533 4903 beati-

1969 4939 2105 5001 fici:
2130 4940 2275 5017 quia
2303 4943 2394 4997 est
2421 4955 2711 4997 mensura
2729 4937 3066 4995 honestatis
3090 4937 3142 5013 ej
3154 4956 3245 5009 us,
3283 4942 3343 4995 et
3366 4937 3537 4997 modi

1971 5050 2155 5109 quem
2187 5031 2511 5090 observare
2536 5029 2717 5089 debet
2739 5030 2805 5087 in
2830 5028 3163 5106 diligendO.
3190 5030 3537 5107 Parumque

1973 5124 2164 5184 refert
2191 5123 2355 5200 quod
2404 5140 2581 5181 amor
2621 5121 2726 5180 ille
2774 5121 2852 5179 sit
2902 5120 3279 5180 necessarius
3319 5139 3534 5196 necne,

1979 5214 2479 5294 quandoquidem
2515 5213 2616 5271 lex
2657 5213 2788 5272 haec
2820 5217 2911 5271 est
2933 5231 3101 5272 mere
3129 5214 3449 5288 naturaliS,
3482 5220 3544 5274 et

1980 5307 2179 5365 solum
2213 5305 2473 5381 requirit
2498 5304 2800 5363 rationem
2824 5322 3130 5364 mensura}
3158 5308 3224 5364 in
3260 5307 3393 5383 ipsa
3435 5324 3545 5364 na-

1982 5404 2127 5457 tura
2161 5398 2549 5455 existentem.

2064 5490 2124 5548 8.
2173 5487 2406 5549 Deinde
2454 5487 2734 5565 sequitur
2778 5486 2981 5564 legem
3025 5488 3374 5549 naturalem
3424 5505 3553 5547 non
