<?xml version="1.0" encoding="UTF-8"?>
<!DOCTYPE html PUBLIC "-//W3C//DTD XHTML 1.0 Transitional//EN"
    "http://www.w3.org/TR/xhtml1/DTD/xhtml1-transitional.dtd">
<html xmlns="http://www.w3.org/1999/xhtml" xml:lang="en" lang="en">
 <head>
  <title>
</title>
<meta http-equiv="Content-Type" content="text/html;charset=utf-8" />
  <meta name='ocr-system' content='tesseract 3.04.00' />
  <meta name='ocr-capabilities' content='ocr_page ocr_carea ocr_par ocr_line ocrx_word'/>
</head>
<body>
  <div class='ocr_page' id='page_1' title='image "./rpfranciscisuar02duvagoog_0535.png"; bbox 0 0 3976 6219; ppageno 0'>
   <div class='ocr_carea' id='block_1_1' title="bbox 794 431 2952 500">
    <p class='ocr_par' dir='ltr' id='par_1_1' title="bbox 794 431 2952 500">
     <span class='ocr_line' id='line_1_1' title="bbox 794 431 2952 500; baseline 0.001 -18"><span class='ocrx_word' id='word_1_1' title='bbox 794 431 929 485; x_wconf 78' lang='lat' dir='ltr'>CAP.</span> <span class='ocrx_word' id='word_1_2' title='bbox 965 433 1116 484; x_wconf 83' lang='lat' dir='ltr'>xxn.</span> <span class='ocrx_word' id='word_1_3' title='bbox 1160 433 1374 486; x_wconf 75' lang='lat' dir='ltr'>UTRUM</span> <span class='ocrx_word' id='word_1_4' title='bbox 1404 435 1525 488; x_wconf 82' lang='lat' dir='ltr'>LEX</span> <span class='ocrx_word' id='word_1_5' title='bbox 1561 435 1695 488; x_wconf 77' lang='lat' dir='ltr'>n‘so</span> <span class='ocrx_word' id='word_1_6' title='bbox 1726 437 1878 490; x_wconf 83' lang='lat' dir='ltr'>JURE</span> <span class='ocrx_word' id='word_1_7' title='bbox 1909 437 2198 490; x_wconf 77' lang='lat' dir='ltr'>lRRITANS</span> <span class='ocrx_word' id='word_1_8' title='bbox 2231 437 2458 500; x_wconf 74' lang='lat' dir='ltr'>ACTUM,</span> <span class='ocrx_word' id='word_1_9' title='bbox 2494 434 2783 496; x_wconf 68' lang='lat' dir='ltr'>mmmm,</span> <span class='ocrx_word' id='word_1_10' title='bbox 2819 433 2952 485; x_wconf 79' lang='lat' dir='ltr'>ETC.</span> 
     </span>
    </p>
   </div>
   <div class='ocr_carea' id='block_1_2' title="bbox 229 530 1818 5523">
    <p class='ocr_par' dir='ltr' id='par_1_2' title="bbox 229 530 1818 5337">
     <span class='ocr_line' id='line_1_2' title="bbox 229 530 1818 613; baseline 0.004 -21"><span class='ocrx_word' id='word_1_11' title='bbox 229 530 500 592; x_wconf 87' lang='lat' dir='ltr'>terdum</span> <span class='ocrx_word' id='word_1_12' title='bbox 527 531 748 612; x_wconf 89' lang='lat' dir='ltr'>aliquis</span> <span class='ocrx_word' id='word_1_13' title='bbox 776 531 1001 593; x_wconf 84' lang='lat' dir='ltr'>incutit</span> <span class='ocrx_word' id='word_1_14' title='bbox 1022 531 1214 608; x_wconf 68' lang='lat' dir='ltr'>{alteri</span> <span class='ocrx_word' id='word_1_15' title='bbox 1242 535 1408 597; x_wconf 91' lang='lat' dir='ltr'>hunc</span> <span class='ocrx_word' id='word_1_16' title='bbox 1452 543 1712 613; x_wconf 89' lang='lat' dir='ltr'>metum,</span> <span class='ocrx_word' id='word_1_17' title='bbox 1747 543 1818 598; x_wconf 90' lang='lat' dir='ltr'>ut</span> 
     </span>
     <span class='ocr_line' id='line_1_3' title="bbox 233 624 1815 709; baseline 0.003 -25"><span class='ocrx_word' id='word_1_18' title='bbox 233 642 324 685; x_wconf 87' lang='lat' dir='ltr'>ex</span> <span class='ocrx_word' id='word_1_19' title='bbox 373 624 659 686; x_wconf 82' lang='lat' dir='ltr'>nullitate</span> <span class='ocrx_word' id='word_1_20' title='bbox 693 630 865 686; x_wconf 91' lang='lat' dir='ltr'>actus</span> <span class='ocrx_word' id='word_1_21' title='bbox 906 627 1297 688; x_wconf 89' lang='lat' dir='ltr'>commodum</span> <span class='ocrx_word' id='word_1_22' title='bbox 1345 637 1636 709; x_wconf 82' lang='lat' dir='ltr'>reportet,</span> <span class='ocrx_word' id='word_1_23' title='bbox 1673 648 1815 691; x_wconf 93' lang='lat' dir='ltr'>cum</span> 
     </span>
     <span class='ocr_line' id='line_1_4' title="bbox 234 717 1816 805; baseline 0.005 -28"><span class='ocrx_word' id='word_1_24' title='bbox 234 735 485 795; x_wconf 87' lang='lat' dir='ltr'>magno</span> <span class='ocrx_word' id='word_1_25' title='bbox 536 717 789 778; x_wconf 84' lang='lat' dir='ltr'>alterius</span> <span class='ocrx_word' id='word_1_26' title='bbox 838 718 1229 789; x_wconf 86' lang='lat' dir='ltr'>detrimento.</span> <span class='ocrx_word' id='word_1_27' title='bbox 1278 724 1385 805; x_wconf 84' lang='lat' dir='ltr'>qui</span> <span class='ocrx_word' id='word_1_28' title='bbox 1424 741 1535 802; x_wconf 93' lang='lat' dir='ltr'>per</span> <span class='ocrx_word' id='word_1_29' title='bbox 1581 723 1816 784; x_wconf 87' lang='lat' dir='ltr'>violen-</span> 
     </span>
     <span class='ocr_line' id='line_1_5' title="bbox 232 811 1816 893; baseline 0.005 -24"><span class='ocrx_word' id='word_1_30' title='bbox 232 811 407 870; x_wconf 87' lang='lat' dir='ltr'>tiam</span> <span class='ocrx_word' id='word_1_31' title='bbox 454 811 693 888; x_wconf 83' lang='lat' dir='ltr'>cogitur</span> <span class='ocrx_word' id='word_1_32' title='bbox 740 812 829 872; x_wconf 90' lang='lat' dir='ltr'>ita</span> <span class='ocrx_word' id='word_1_33' title='bbox 870 812 1070 874; x_wconf 86' lang='lat' dir='ltr'>facere</span> <span class='ocrx_word' id='word_1_34' title='bbox 1099 819 1348 892; x_wconf 88' lang='lat' dir='ltr'>actum;</span> <span class='ocrx_word' id='word_1_35' title='bbox 1384 816 1630 876; x_wconf 88' lang='lat' dir='ltr'>videtur</span> <span class='ocrx_word' id='word_1_36' title='bbox 1669 834 1816 893; x_wconf 83' lang='lat' dir='ltr'>crgo</span> 
     </span>
     <span class='ocr_line' id='line_1_6' title="bbox 235 902 1817 987; baseline 0.006 -27"><span class='ocrx_word' id='word_1_37' title='bbox 235 908 402 962; x_wconf 90' lang='lat' dir='ltr'>tunc</span> <span class='ocrx_word' id='word_1_38' title='bbox 435 902 708 963; x_wconf 90' lang='lat' dir='ltr'>alienum</span> <span class='ocrx_word' id='word_1_39' title='bbox 749 922 787 964; x_wconf 89' lang='lat' dir='ltr'>a</span> <span class='ocrx_word' id='word_1_40' title='bbox 830 904 1069 965; x_wconf 90' lang='lat' dir='ltr'>ratione</span> <span class='ocrx_word' id='word_1_41' title='bbox 1107 911 1179 965; x_wconf 94' lang='lat' dir='ltr'>ut</span> <span class='ocrx_word' id='word_1_42' title='bbox 1214 906 1314 967; x_wconf 88' lang='lat' dir='ltr'>lex</span> <span class='ocrx_word' id='word_1_43' title='bbox 1342 908 1546 968; x_wconf 83' lang='lat' dir='ltr'>faveat</span> <span class='ocrx_word' id='word_1_44' title='bbox 1575 908 1666 969; x_wconf 90' lang='lat' dir='ltr'>illi</span> <span class='ocrx_word' id='word_1_45' title='bbox 1707 909 1817 987; x_wconf 91' lang='lat' dir='ltr'>qui</span> 
     </span>
     <span class='ocr_line' id='line_1_7' title="bbox 233 993 1817 1079; baseline 0.004 -25"><span class='ocrx_word' id='word_1_46' title='bbox 233 993 548 1072; x_wconf 89' lang='lat' dir='ltr'>injuriam</span> <span class='ocrx_word' id='word_1_47' title='bbox 595 995 802 1071; x_wconf 81' lang='lat' dir='ltr'>infert,</span> <span class='ocrx_word' id='word_1_48' title='bbox 841 997 910 1057; x_wconf 92' lang='lat' dir='ltr'>in</span> <span class='ocrx_word' id='word_1_49' title='bbox 942 997 1241 1058; x_wconf 89' lang='lat' dir='ltr'>damnum</span> <span class='ocrx_word' id='word_1_50' title='bbox 1276 1000 1443 1060; x_wconf 90' lang='lat' dir='ltr'>illius</span> <span class='ocrx_word' id='word_1_51' title='bbox 1496 1001 1603 1079; x_wconf 90' lang='lat' dir='ltr'>qui</span> <span class='ocrx_word' id='word_1_52' title='bbox 1653 1001 1817 1079; x_wconf 84' lang='lat' dir='ltr'>inju-</span> 
     </span>
     <span class='ocr_line' id='line_1_8' title="bbox 235 1086 1817 1171; baseline 0.005 -27"><span class='ocrx_word' id='word_1_53' title='bbox 235 1086 411 1146; x_wconf 85' lang='lat' dir='ltr'>riam</span> <span class='ocrx_word' id='word_1_54' title='bbox 448 1088 719 1166; x_wconf 86' lang='lat' dir='ltr'>patitur3</span> <span class='ocrx_word' id='word_1_55' title='bbox 770 1087 1004 1150; x_wconf 88' lang='lat' dir='ltr'>favebit</span> <span class='ocrx_word' id='word_1_56' title='bbox 1053 1098 1260 1152; x_wconf 87' lang='lat' dir='ltr'>autem</span> <span class='ocrx_word' id='word_1_57' title='bbox 1309 1093 1359 1152; x_wconf 92' lang='lat' dir='ltr'>si</span> <span class='ocrx_word' id='word_1_58' title='bbox 1397 1093 1449 1153; x_wconf 89' lang='lat' dir='ltr'>is</span> <span class='ocrx_word' id='word_1_59' title='bbox 1476 1093 1584 1171; x_wconf 89' lang='lat' dir='ltr'>qui</span> <span class='ocrx_word' id='word_1_60' title='bbox 1629 1092 1817 1152; x_wconf 83' lang='lat' dir='ltr'>infert</span> 
     </span>
     <span class='ocr_line' id='line_1_9' title="bbox 235 1178 1810 1258; baseline 0.006 -21"><span class='ocrx_word' id='word_1_61' title='bbox 235 1178 429 1239; x_wconf 86' lang='lat' dir='ltr'>alteri</span> <span class='ocrx_word' id='word_1_62' title='bbox 481 1180 783 1258; x_wconf 88' lang='lat' dir='ltr'>injustum</span> <span class='ocrx_word' id='word_1_63' title='bbox 843 1189 1080 1244; x_wconf 91' lang='lat' dir='ltr'>metum</span> <span class='ocrx_word' id='word_1_64' title='bbox 1139 1184 1415 1246; x_wconf 89' lang='lat' dir='ltr'>obtineat</span> <span class='ocrx_word' id='word_1_65' title='bbox 1460 1185 1810 1246; x_wconf 89' lang='lat' dir='ltr'>nullitatem</span> 
     </span>
     <span class='ocr_line' id='line_1_10' title="bbox 234 1275 1812 1357; baseline 0.005 -27"><span class='ocrx_word' id='word_1_66' title='bbox 234 1276 423 1332; x_wconf 89' lang='lat' dir='ltr'>actus</span> <span class='ocrx_word' id='word_1_67' title='bbox 450 1291 637 1351; x_wconf 88' lang='lat' dir='ltr'>quam</span> <span class='ocrx_word' id='word_1_68' title='bbox 660 1275 789 1353; x_wconf 89' lang='lat' dir='ltr'>ipse</span> <span class='ocrx_word' id='word_1_69' title='bbox 814 1275 1024 1355; x_wconf 90' lang='lat' dir='ltr'>inique</span> <span class='ocrx_word' id='word_1_70' title='bbox 1050 1277 1342 1353; x_wconf 74' lang='lat' dir='ltr'>intendit,</span> <span class='ocrx_word' id='word_1_71' title='bbox 1363 1284 1426 1339; x_wconf 91' lang='lat' dir='ltr'>et</span> <span class='ocrx_word' id='word_1_72' title='bbox 1443 1277 1622 1338; x_wconf 91' lang='lat' dir='ltr'>alteri</span> <span class='ocrx_word' id='word_1_73' title='bbox 1648 1278 1734 1357; x_wconf 89' lang='lat' dir='ltr'>inj</span> <span class='ocrx_word' id='word_1_74' title='bbox 1744 1297 1812 1338; x_wconf 91' lang='lat' dir='ltr'>u-</span> 
     </span>
     <span class='ocr_line' id='line_1_11' title="bbox 234 1363 1813 1450; baseline 0.005 -27"><span class='ocrx_word' id='word_1_75' title='bbox 234 1363 409 1424; x_wconf 89' lang='lat' dir='ltr'>riam</span> <span class='ocrx_word' id='word_1_76' title='bbox 450 1384 626 1444; x_wconf 88' lang='lat' dir='ltr'>passo</span> <span class='ocrx_word' id='word_1_77' title='bbox 665 1368 1008 1445; x_wconf 90' lang='lat' dir='ltr'>perniciosa</span> <span class='ocrx_word' id='word_1_78' title='bbox 1047 1376 1220 1432; x_wconf 85' lang='lat' dir='ltr'>esset.</span> <span class='ocrx_word' id='word_1_79' title='bbox 1266 1371 1634 1450; x_wconf 83' lang='lat' dir='ltr'><strong>Exemplum</strong></span> <span class='ocrx_word' id='word_1_80' title='bbox 1682 1389 1813 1431; x_wconf 90' lang='lat' dir='ltr'>esse</span> 
     </span>
     <span class='ocr_line' id='line_1_12' title="bbox 237 1457 1814 1543; baseline 0.006 -28"><span class='ocrx_word' id='word_1_81' title='bbox 237 1462 452 1536; x_wconf 89' lang='lat' dir='ltr'>potest</span> <span class='ocrx_word' id='word_1_82' title='bbox 495 1457 563 1517; x_wconf 89' lang='lat' dir='ltr'>in</span> <span class='ocrx_word' id='word_1_83' title='bbox 593 1464 960 1522; x_wconf 87' lang='lat' dir='ltr'>testamento</span> <span class='ocrx_word' id='word_1_84' title='bbox 1015 1463 1222 1523; x_wconf 90' lang='lat' dir='ltr'>minus</span> <span class='ocrx_word' id='word_1_85' title='bbox 1271 1462 1531 1524; x_wconf 82' lang='lat' dir='ltr'>solemni</span> <span class='ocrx_word' id='word_1_86' title='bbox 1546 1509 1567 1539; x_wconf 90' lang='lat'>,</span> <span class='ocrx_word' id='word_1_87' title='bbox 1615 1464 1666 1524; x_wconf 91' lang='lat' dir='ltr'>si</span> <span class='ocrx_word' id='word_1_88' title='bbox 1702 1481 1814 1543; x_wconf 89' lang='lat' dir='ltr'>per</span> 
     </span>
     <span class='ocr_line' id='line_1_13' title="bbox 237 1553 1813 1633; baseline 0.004 -24"><span class='ocrx_word' id='word_1_89' title='bbox 237 1555 487 1610; x_wconf 89' lang='lat' dir='ltr'>metum</span> <span class='ocrx_word' id='word_1_90' title='bbox 507 1569 763 1629; x_wconf 81' lang='lat' dir='ltr'>gravem</span> <span class='ocrx_word' id='word_1_91' title='bbox 783 1553 922 1631; x_wconf 91' lang='lat' dir='ltr'>quis</span> <span class='ocrx_word' id='word_1_92' title='bbox 945 1560 1198 1633; x_wconf 85' lang='lat' dir='ltr'>cogatur</span> <span class='ocrx_word' id='word_1_93' title='bbox 1221 1556 1289 1615; x_wconf 93' lang='lat' dir='ltr'>in</span> <span class='ocrx_word' id='word_1_94' title='bbox 1313 1574 1424 1616; x_wconf 90' lang='lat' dir='ltr'>suo</span> <span class='ocrx_word' id='word_1_95' title='bbox 1447 1561 1813 1616; x_wconf 88' lang='lat' dir='ltr'>testamento</span> 
     </span>
     <span class='ocr_line' id='line_1_14' title="bbox 237 1644 1813 1727; baseline 0.004 -25"><span class='ocrx_word' id='word_1_96' title='bbox 237 1660 376 1702; x_wconf 91' lang='lat' dir='ltr'>non</span> <span class='ocrx_word' id='word_1_97' title='bbox 403 1661 646 1704; x_wconf 90' lang='lat' dir='ltr'>servare</span> <span class='ocrx_word' id='word_1_98' title='bbox 673 1644 1124 1708; x_wconf 81' lang='lat' dir='ltr'>solemnitatem</span> <span class='ocrx_word' id='word_1_99' title='bbox 1151 1648 1510 1727; x_wconf 83' lang='lat' dir='ltr'>requisitam</span> <span class='ocrx_word' id='word_1_100' title='bbox 1539 1649 1616 1709; x_wconf 93' lang='lat' dir='ltr'>ad</span> <span class='ocrx_word' id='word_1_101' title='bbox 1646 1648 1813 1708; x_wconf 89' lang='lat' dir='ltr'>valo-</span> 
     </span>
     <span class='ocr_line' id='line_1_15' title="bbox 237 1736 1813 1820; baseline 0.005 -26"><span class='ocrx_word' id='word_1_102' title='bbox 237 1753 381 1796; x_wconf 90' lang='lat' dir='ltr'>rem</span> <span class='ocrx_word' id='word_1_103' title='bbox 405 1736 561 1813; x_wconf 78' lang='lat' dir='ltr'>ejuS,</span> <span class='ocrx_word' id='word_1_104' title='bbox 591 1754 671 1797; x_wconf 92' lang='lat' dir='ltr'>ne</span> <span class='ocrx_word' id='word_1_105' title='bbox 695 1742 969 1799; x_wconf 89' lang='lat' dir='ltr'>transeat</span> <span class='ocrx_word' id='word_1_106' title='bbox 993 1740 1317 1801; x_wconf 66' lang='lat' dir='ltr'>haereditas</span> <span class='ocrx_word' id='word_1_107' title='bbox 1353 1741 1429 1802; x_wconf 87' lang='lat' dir='ltr'>ad</span> <span class='ocrx_word' id='word_1_108' title='bbox 1459 1758 1601 1801; x_wconf 90' lang='lat' dir='ltr'>eum</span> <span class='ocrx_word' id='word_1_109' title='bbox 1624 1758 1813 1820; x_wconf 89' lang='lat' dir='ltr'>quem</span> 
     </span>
     <span class='ocr_line' id='line_1_16' title="bbox 237 1828 1812 1909; baseline 0.006 -23"><span class='ocrx_word' id='word_1_110' title='bbox 237 1828 377 1907; x_wconf 87' lang='lat' dir='ltr'>ipse</span> <span class='ocrx_word' id='word_1_111' title='bbox 406 1828 541 1888; x_wconf 89' lang='lat' dir='ltr'>vult</span> <span class='ocrx_word' id='word_1_112' title='bbox 566 1829 910 1907; x_wconf 89' lang='lat' dir='ltr'>instituere,</span> <span class='ocrx_word' id='word_1_113' title='bbox 947 1833 1053 1893; x_wconf 90' lang='lat' dir='ltr'>sed</span> <span class='ocrx_word' id='word_1_114' title='bbox 1086 1833 1164 1893; x_wconf 88' lang='lat' dir='ltr'>ad</span> <span class='ocrx_word' id='word_1_115' title='bbox 1191 1834 1410 1909; x_wconf 90' lang='lat' dir='ltr'>alium,</span> <span class='ocrx_word' id='word_1_116' title='bbox 1463 1840 1524 1894; x_wconf 91' lang='lat' dir='ltr'>et</span> <span class='ocrx_word' id='word_1_117' title='bbox 1559 1834 1812 1896; x_wconf 78' lang='lat' dir='ltr'>fortasse</span> 
     </span>
     <span class='ocr_line' id='line_1_17' title="bbox 237 1920 1813 2001; baseline 0.005 -23"><span class='ocrx_word' id='word_1_118' title='bbox 237 1921 323 1979; x_wconf 88' lang='lat' dir='ltr'>ad</span> <span class='ocrx_word' id='word_1_119' title='bbox 353 1920 558 1999; x_wconf 91' lang='lat' dir='ltr'>ipsum</span> <span class='ocrx_word' id='word_1_120' title='bbox 597 1923 704 2001; x_wconf 91' lang='lat' dir='ltr'>qui</span> <span class='ocrx_word' id='word_1_121' title='bbox 735 1923 961 1985; x_wconf 83' lang='lat' dir='ltr'>incutit</span> <span class='ocrx_word' id='word_1_122' title='bbox 988 1931 1244 1986; x_wconf 90' lang='lat' dir='ltr'>metum.</span> <span class='ocrx_word' id='word_1_123' title='bbox 1271 1928 1341 1987; x_wconf 92' lang='lat' dir='ltr'>In</span> <span class='ocrx_word' id='word_1_124' title='bbox 1375 1944 1448 1987; x_wconf 91' lang='lat' dir='ltr'>eo</span> <span class='ocrx_word' id='word_1_125' title='bbox 1467 1927 1634 1988; x_wconf 90' lang='lat' dir='ltr'>enim</span> <span class='ocrx_word' id='word_1_126' title='bbox 1669 1945 1813 1988; x_wconf 89' lang='lat' dir='ltr'>casu</span> 
     </span>
     <span class='ocr_line' id='line_1_18' title="bbox 238 2016 1812 2099; baseline 0.006 -27"><span class='ocrx_word' id='word_1_127' title='bbox 238 2021 655 2092; x_wconf 83' lang='lat' dir='ltr'>consequetur</span> <span class='ocrx_word' id='word_1_128' title='bbox 698 2016 801 2076; x_wconf 89' lang='lat' dir='ltr'>ille</span> <span class='ocrx_word' id='word_1_129' title='bbox 839 2017 1112 2097; x_wconf 89' lang='lat' dir='ltr'>iniquus,</span> <span class='ocrx_word' id='word_1_130' title='bbox 1155 2020 1383 2081; x_wconf 89' lang='lat' dir='ltr'>virtute</span> <span class='ocrx_word' id='word_1_131' title='bbox 1431 2020 1606 2097; x_wconf 85' lang='grc'>18313,</span> <span class='ocrx_word' id='word_1_132' title='bbox 1647 2020 1812 2099; x_wconf 91' lang='lat' dir='ltr'>quod</span> 
     </span>
     <span class='ocr_line' id='line_1_19' title="bbox 238 2105 1810 2191; baseline 0.006 -28"><span class='ocrx_word' id='word_1_133' title='bbox 238 2105 459 2183; x_wconf 91' lang='lat' dir='ltr'>inique</span> <span class='ocrx_word' id='word_1_134' title='bbox 493 2107 782 2183; x_wconf 88' lang='lat' dir='ltr'>intendit,</span> <span class='ocrx_word' id='word_1_135' title='bbox 812 2109 863 2169; x_wconf 92' lang='lat' dir='ltr'>si</span> <span class='ocrx_word' id='word_1_136' title='bbox 898 2116 1072 2171; x_wconf 90' lang='lat' dir='ltr'>actus</span> <span class='ocrx_word' id='word_1_137' title='bbox 1100 2130 1226 2172; x_wconf 89' lang='lat' dir='ltr'>non</span> <span class='ocrx_word' id='word_1_138' title='bbox 1255 2112 1333 2171; x_wconf 90' lang='lat' dir='ltr'>sit</span> <span class='ocrx_word' id='word_1_139' title='bbox 1361 2112 1622 2187; x_wconf 88' lang='lat' dir='ltr'>validus,</span> <span class='ocrx_word' id='word_1_140' title='bbox 1645 2112 1810 2191; x_wconf 91' lang='lat' dir='ltr'>quod</span> 
     </span>
     <span class='ocr_line' id='line_1_20' title="bbox 236 2196 1810 2264; baseline 0.006 -9"><span class='ocrx_word' id='word_1_141' title='bbox 236 2196 492 2256; x_wconf 85' lang='lat' dir='ltr'>videtur</span> <span class='ocrx_word' id='word_1_142' title='bbox 526 2200 884 2261; x_wconf 88' lang='lat' dir='ltr'>absurdum.</span> <span class='ocrx_word' id='word_1_143' title='bbox 915 2204 1066 2264; x_wconf 90' lang='lat' dir='ltr'>Item</span> <span class='ocrx_word' id='word_1_144' title='bbox 1095 2203 1449 2264; x_wconf 83' lang='lat' dir='ltr'>solemnitas</span> <span class='ocrx_word' id='word_1_145' title='bbox 1480 2204 1587 2264; x_wconf 88' lang='lat' dir='ltr'>illa</span> <span class='ocrx_word' id='word_1_146' title='bbox 1617 2203 1810 2264; x_wconf 88' lang='lat' dir='ltr'>intro·</span> 
     </span>
     <span class='ocr_line' id='line_1_21' title="bbox 239 2287 1810 2372; baseline 0.007 -26"><span class='ocrx_word' id='word_1_147' title='bbox 239 2287 430 2348; x_wconf 89' lang='lat' dir='ltr'>ducta</span> <span class='ocrx_word' id='word_1_148' title='bbox 452 2295 545 2349; x_wconf 90' lang='lat' dir='ltr'>est</span> <span class='ocrx_word' id='word_1_149' title='bbox 567 2290 633 2350; x_wconf 88' lang='lat' dir='ltr'>in</span> <span class='ocrx_word' id='word_1_150' title='bbox 656 2291 931 2354; x_wconf 84' lang='lat' dir='ltr'>favorem</span> <span class='ocrx_word' id='word_1_151' title='bbox 953 2296 1278 2372; x_wconf 88' lang='lat' dir='ltr'>testatoris,</span> <span class='ocrx_word' id='word_1_152' title='bbox 1305 2301 1375 2356; x_wconf 91' lang='lat' dir='ltr'>ut</span> <span class='ocrx_word' id='word_1_153' title='bbox 1397 2295 1693 2356; x_wconf 90' lang='lat' dir='ltr'>tollantur</span> <span class='ocrx_word' id='word_1_154' title='bbox 1708 2313 1810 2356; x_wconf 90' lang='lat' dir='ltr'>oc-</span> 
     </span>
     <span class='ocr_line' id='line_1_22' title="bbox 239 2381 1809 2468; baseline 0.005 -27"><span class='ocrx_word' id='word_1_155' title='bbox 239 2381 518 2441; x_wconf 89' lang='lat' dir='ltr'>casiones</span> <span class='ocrx_word' id='word_1_156' title='bbox 558 2382 966 2445; x_wconf 82' lang='lat' dir='ltr'>defraudandi</span> <span class='ocrx_word' id='word_1_157' title='bbox 1008 2394 1279 2449; x_wconf 90' lang='lat' dir='ltr'>mentem</span> <span class='ocrx_word' id='word_1_158' title='bbox 1307 2390 1462 2468; x_wconf 70' lang='lat' dir='ltr'>ejus»,</span> <span class='ocrx_word' id='word_1_159' title='bbox 1500 2406 1648 2465; x_wconf 84' lang='lat' dir='ltr'>ergo</span> <span class='ocrx_word' id='word_1_160' title='bbox 1681 2406 1809 2449; x_wconf 91' lang='lat' dir='ltr'>non</span> 
     </span>
     <span class='ocr_line' id='line_1_23' title="bbox 240 2473 1809 2559; baseline 0.005 -26"><span class='ocrx_word' id='word_1_161' title='bbox 240 2473 427 2534; x_wconf 88' lang='lat' dir='ltr'>dehet</span> <span class='ocrx_word' id='word_1_162' title='bbox 452 2475 540 2534; x_wconf 84' lang='lat' dir='ltr'>ita</span> <span class='ocrx_word' id='word_1_163' title='bbox 562 2476 795 2537; x_wconf 89' lang='lat' dir='ltr'>servari</span> <span class='ocrx_word' id='word_1_164' title='bbox 816 2484 885 2537; x_wconf 89' lang='lat' dir='ltr'>ut</span> <span class='ocrx_word' id='word_1_165' title='bbox 903 2480 1207 2541; x_wconf 88' lang='lat' dir='ltr'>redundet</span> <span class='ocrx_word' id='word_1_166' title='bbox 1224 2482 1291 2541; x_wconf 90' lang='lat' dir='ltr'>in</span> <span class='ocrx_word' id='word_1_167' title='bbox 1310 2483 1363 2559; x_wconf 84' lang='lat' dir='ltr'>ej</span> <span class='ocrx_word' id='word_1_168' title='bbox 1373 2500 1444 2541; x_wconf 90' lang='lat' dir='ltr'>us</span> <span class='ocrx_word' id='word_1_169' title='bbox 1469 2482 1809 2541; x_wconf 91' lang='lat' dir='ltr'>incommo-</span> 
     </span>
     <span class='ocr_line' id='line_1_24' title="bbox 242 2566 1809 2650; baseline 0.007 -26"><span class='ocrx_word' id='word_1_170' title='bbox 242 2566 421 2639; x_wconf 90' lang='lat' dir='ltr'>dum,</span> <span class='ocrx_word' id='word_1_171' title='bbox 463 2566 647 2643; x_wconf 85' lang='lat' dir='ltr'>juxta</span> <span class='ocrx_word' id='word_1_172' title='bbox 689 2570 968 2648; x_wconf 80' lang='lat' dir='ltr'>regulam</span> <span class='ocrx_word' id='word_1_173' title='bbox 1006 2572 1167 2650; x_wconf 89' lang='lat' dir='ltr'>juris</span> <span class='ocrx_word' id='word_1_174' title='bbox 1193 2576 1297 2647; x_wconf 88' lang='grc'>61,</span> <span class='ocrx_word' id='word_1_175' title='bbox 1322 2575 1452 2634; x_wconf 83' lang='grc'>1116</span> <span class='ocrx_word' id='word_1_176' title='bbox 1485 2588 1501 2633; x_wconf 74' lang='lat' dir='ltr'><em>z</em></span> <span class='ocrx_word' id='word_1_177' title='bbox 1545 2574 1713 2646; x_wconf 81' lang='lat' dir='ltr'>Quod</span> <span class='ocrx_word' id='word_1_178' title='bbox 1742 2575 1809 2634; x_wconf 87' lang='lat' dir='ltr'>in</span> 
     </span>
     <span class='ocr_line' id='line_1_25' title="bbox 241 2660 1809 2741; baseline 0.004 -21"><span class='ocrx_word' id='word_1_179' title='bbox 241 2660 508 2739; x_wconf 81' lang='lat' dir='ltr'>alicujus</span> <span class='ocrx_word' id='word_1_180' title='bbox 560 2663 831 2738; x_wconf 56' lang='lat' dir='ltr'>„qratiam</span> <span class='ocrx_word' id='word_1_181' title='bbox 867 2666 1226 2741; x_wconf 73' lang='lat' dir='ltr'>conceditur,</span> <span class='ocrx_word' id='word_1_182' title='bbox 1267 2683 1385 2726; x_wconf 83' lang='lat' dir='ltr'>non</span> <span class='ocrx_word' id='word_1_183' title='bbox 1417 2670 1504 2727; x_wconf 78' lang='lat' dir='ltr'>est</span> <span class='ocrx_word' id='word_1_184' title='bbox 1543 2666 1610 2725; x_wconf 83' lang='lat' dir='ltr'>in</span> <span class='ocrx_word' id='word_1_185' title='bbox 1635 2666 1809 2727; x_wconf 82' lang='lat' dir='ltr'>illius</span> 
     </span>
     <span class='ocr_line' id='line_1_26' title="bbox 241 2752 1805 2835; baseline 0.001 -21"><span class='ocrx_word' id='word_1_186' title='bbox 241 2752 623 2830; x_wconf 72' lang='lat' dir='ltr'>dispendium</span> <span class='ocrx_word' id='word_1_187' title='bbox 660 2757 1108 2833; x_wconf 64' lang='lat' dir='ltr'>retorquendum</span> <span class='ocrx_word' id='word_1_188' title='bbox 1133 2782 1157 2816; x_wconf 90' lang='lat'>.-</span> <span class='ocrx_word' id='word_1_189' title='bbox 1206 2774 1354 2835; x_wconf 81' lang='lat' dir='ltr'>ergo</span> <span class='ocrx_word' id='word_1_190' title='bbox 1395 2757 1463 2816; x_wconf 91' lang='lat' dir='ltr'>in</span> <span class='ocrx_word' id='word_1_191' title='bbox 1506 2756 1614 2817; x_wconf 90' lang='lat' dir='ltr'>illo</span> <span class='ocrx_word' id='word_1_192' title='bbox 1660 2775 1805 2817; x_wconf 90' lang='lat' dir='ltr'>casu</span> 
     </span>
     <span class='ocr_line' id='line_1_27' title="bbox 243 2844 1808 2922; baseline 0.003 -19"><span class='ocrx_word' id='word_1_193' title='bbox 243 2861 371 2903; x_wconf 92' lang='lat' dir='ltr'>non</span> <span class='ocrx_word' id='word_1_194' title='bbox 418 2844 772 2922; x_wconf 85' lang='lat' dir='ltr'>operabitur</span> <span class='ocrx_word' id='word_1_195' title='bbox 810 2863 992 2904; x_wconf 91' lang='lat' dir='ltr'>suum</span> <span class='ocrx_word' id='word_1_196' title='bbox 1039 2845 1349 2907; x_wconf 86' lang='lat' dir='ltr'>effectum.</span> <span class='ocrx_word' id='word_1_197' title='bbox 1395 2850 1469 2907; x_wconf 91' lang='lat' dir='ltr'>Et</span> <span class='ocrx_word' id='word_1_198' title='bbox 1496 2848 1661 2908; x_wconf 88' lang='lat' dir='ltr'>idem</span> <span class='ocrx_word' id='word_1_199' title='bbox 1687 2849 1808 2909; x_wconf 88' lang='lat' dir='ltr'>erit</span> 
     </span>
     <span class='ocr_line' id='line_1_28' title="bbox 244 2936 1803 3018; baseline 0.003 -23"><span class='ocrx_word' id='word_1_200' title='bbox 244 2936 486 3015; x_wconf 89' lang='lat' dir='ltr'>quotics</span> <span class='ocrx_word' id='word_1_201' title='bbox 514 2941 717 2996; x_wconf 89' lang='lat' dir='ltr'>metus</span> <span class='ocrx_word' id='word_1_202' title='bbox 740 2936 1176 2997; x_wconf 85' lang='lat' dir='ltr'>redundaverit</span> <span class='ocrx_word' id='word_1_203' title='bbox 1202 2939 1270 2999; x_wconf 90' lang='lat' dir='ltr'>in</span> <span class='ocrx_word' id='word_1_204' title='bbox 1305 2938 1588 2999; x_wconf 88' lang='lat' dir='ltr'>fraudem</span> <span class='ocrx_word' id='word_1_205' title='bbox 1626 2940 1803 3018; x_wconf 89' lang='grc'>18313,</span> 
     </span>
     <span class='ocr_line' id='line_1_29' title="bbox 244 3027 1807 3108; baseline 0.002 -19"><span class='ocrx_word' id='word_1_206' title='bbox 244 3047 354 3089; x_wconf 88' lang='grc'>388</span> <span class='ocrx_word' id='word_1_207' title='bbox 395 3042 609 3089; x_wconf 87' lang='lat' dir='ltr'>contra</span> <span class='ocrx_word' id='word_1_208' title='bbox 635 3027 823 3089; x_wconf 86' lang='lat' dir='ltr'>finem</span> <span class='ocrx_word' id='word_1_209' title='bbox 852 3029 1007 3106; x_wconf 81' lang='lat' dir='ltr'>ejuS.</span> <span class='ocrx_word' id='word_1_210' title='bbox 1044 3030 1402 3108; x_wconf 89' lang='lat' dir='ltr'>Respondeo</span> <span class='ocrx_word' id='word_1_211' title='bbox 1433 3029 1564 3090; x_wconf 87' lang='lat' dir='ltr'>hoec</span> <span class='ocrx_word' id='word_1_212' title='bbox 1596 3032 1807 3092; x_wconf 88' lang='lat' dir='ltr'>omnia</span> 
     </span>
     <span class='ocr_line' id='line_1_30' title="bbox 244 3121 1805 3204; baseline 0.002 -21"><span class='ocrx_word' id='word_1_213' title='bbox 244 3122 406 3183; x_wconf 90' lang='lat' dir='ltr'>nihil</span> <span class='ocrx_word' id='word_1_214' title='bbox 456 3121 693 3183; x_wconf 89' lang='lat' dir='ltr'>obstare</span> <span class='ocrx_word' id='word_1_215' title='bbox 741 3123 1072 3200; x_wconf 90' lang='lat' dir='ltr'>quominus</span> <span class='ocrx_word' id='word_1_216' title='bbox 1115 3129 1288 3183; x_wconf 90' lang='lat' dir='ltr'>actus</span> <span class='ocrx_word' id='word_1_217' title='bbox 1323 3124 1427 3184; x_wconf 92' lang='lat' dir='ltr'>ille</span> <span class='ocrx_word' id='word_1_218' title='bbox 1469 3125 1603 3185; x_wconf 91' lang='lat' dir='ltr'>sine</span> <span class='ocrx_word' id='word_1_219' title='bbox 1650 3125 1805 3204; x_wconf 82' lang='grc'>18313</span> 
     </span>
     <span class='ocr_line' id='line_1_31' title="bbox 245 3214 1805 3295; baseline 0.001 -19"><span class='ocrx_word' id='word_1_220' title='bbox 245 3215 630 3276; x_wconf 84' lang='lat' dir='ltr'>solemnitate</span> <span class='ocrx_word' id='word_1_221' title='bbox 673 3214 871 3276; x_wconf 77' lang='lat' dir='ltr'>factus</span> <span class='ocrx_word' id='word_1_222' title='bbox 911 3214 1221 3275; x_wconf 87' lang='lat' dir='ltr'>invalidus</span> <span class='ocrx_word' id='word_1_223' title='bbox 1273 3216 1352 3277; x_wconf 89' lang='lat' dir='ltr'>sit</span> <span class='ocrx_word' id='word_1_224' title='bbox 1370 3262 1391 3292; x_wconf 95' lang='lat'>,</span> <span class='ocrx_word' id='word_1_225' title='bbox 1449 3217 1595 3295; x_wconf 86' lang='lat' dir='ltr'>quia</span> <span class='ocrx_word' id='word_1_226' title='bbox 1639 3224 1805 3278; x_wconf 75' lang='lat' dir='ltr'>caret</span> 
     </span>
     <span class='ocr_line' id='line_1_32' title="bbox 245 3307 1800 3388; baseline 0.003 -20"><span class='ocrx_word' id='word_1_227' title='bbox 245 3307 632 3368; x_wconf 83' lang='lat' dir='ltr'>substantiali</span> <span class='ocrx_word' id='word_1_228' title='bbox 691 3308 894 3369; x_wconf 87' lang='lat' dir='ltr'>forma</span> <span class='ocrx_word' id='word_1_229' title='bbox 947 3309 1079 3370; x_wconf 90' lang='lat' dir='ltr'>sine</span> <span class='ocrx_word' id='word_1_230' title='bbox 1127 3309 1260 3388; x_wconf 75' lang='lat' dir='ltr'>qual</span> <span class='ocrx_word' id='word_1_231' title='bbox 1300 3308 1628 3370; x_wconf 87' lang='lat' dir='ltr'>subsistere</span> <span class='ocrx_word' id='word_1_232' title='bbox 1672 3329 1800 3372; x_wconf 90' lang='lat' dir='ltr'>non</span> 
     </span>
     <span class='ocr_line' id='line_1_33' title="bbox 243 3401 1802 3483; baseline 0.003 -22"><span class='ocrx_word' id='word_1_233' title='bbox 243 3407 463 3481; x_wconf 86' lang='lat' dir='ltr'>potest.</span> <span class='ocrx_word' id='word_1_234' title='bbox 495 3403 569 3461; x_wconf 91' lang='lat' dir='ltr'>Et</span> <span class='ocrx_word' id='word_1_235' title='bbox 595 3401 761 3481; x_wconf 90' lang='lat' dir='ltr'>quod</span> <span class='ocrx_word' id='word_1_236' title='bbox 787 3419 899 3481; x_wconf 90' lang='lat' dir='ltr'>per</span> <span class='ocrx_word' id='word_1_237' title='bbox 931 3402 1323 3481; x_wconf 87' lang='lat' dir='ltr'>iniquitatem</span> <span class='ocrx_word' id='word_1_238' title='bbox 1346 3409 1409 3464; x_wconf 93' lang='lat' dir='ltr'>et</span> <span class='ocrx_word' id='word_1_239' title='bbox 1434 3404 1802 3483; x_wconf 85' lang='lat' dir='ltr'>injustitiam</span> 
     </span>
     <span class='ocr_line' id='line_1_34' title="bbox 244 3494 1802 3576; baseline 0.002 -21"><span class='ocrx_word' id='word_1_240' title='bbox 244 3494 350 3555; x_wconf 87' lang='lat' dir='ltr'>illa</span> <span class='ocrx_word' id='word_1_241' title='bbox 377 3496 656 3576; x_wconf 87' lang='lat' dir='ltr'>privetur</span> <span class='ocrx_word' id='word_1_242' title='bbox 687 3512 911 3575; x_wconf 87' lang='lat' dir='ltr'>parum</span> <span class='ocrx_word' id='word_1_243' title='bbox 946 3494 1135 3556; x_wconf 83' lang='lat' dir='ltr'>refert</span> <span class='ocrx_word' id='word_1_244' title='bbox 1163 3540 1183 3570; x_wconf 95' lang='lat'>,</span> <span class='ocrx_word' id='word_1_245' title='bbox 1216 3497 1364 3575; x_wconf 86' lang='lat' dir='ltr'>quia</span> <span class='ocrx_word' id='word_1_246' title='bbox 1403 3497 1652 3558; x_wconf 85' lang='lat' dir='ltr'>nullitas</span> <span class='ocrx_word' id='word_1_247' title='bbox 1676 3496 1802 3558; x_wconf 85' lang='lat' dir='ltr'>for-</span> 
     </span>
     <span class='ocr_line' id='line_1_35' title="bbox 246 3587 1800 3667; baseline 0.003 -20"><span class='ocrx_word' id='word_1_248' title='bbox 246 3588 487 3648; x_wconf 88' lang='lat' dir='ltr'>maliter</span> <span class='ocrx_word' id='word_1_249' title='bbox 517 3587 800 3667; x_wconf 87' lang='lat' dir='ltr'>provenit</span> <span class='ocrx_word' id='word_1_250' title='bbox 838 3604 915 3647; x_wconf 87' lang='lat' dir='ltr'>ex</span> <span class='ocrx_word' id='word_1_251' title='bbox 946 3587 1217 3648; x_wconf 87' lang='lat' dir='ltr'>carentia</span> <span class='ocrx_word' id='word_1_252' title='bbox 1254 3588 1493 3665; x_wconf 83' lang='lat' dir='ltr'>formae,</span> <span class='ocrx_word' id='word_1_253' title='bbox 1524 3590 1800 3652; x_wconf 87' lang='lat' dir='ltr'>acciden-</span> 
     </span>
     <span class='ocr_line' id='line_1_36' title="bbox 249 3678 1799 3761; baseline 0.003 -23"><span class='ocrx_word' id='word_1_254' title='bbox 249 3680 594 3759; x_wconf 88' lang='lat' dir='ltr'>tariumque</span> <span class='ocrx_word' id='word_1_255' title='bbox 623 3685 714 3741; x_wconf 89' lang='lat' dir='ltr'>est</span> <span class='ocrx_word' id='word_1_256' title='bbox 735 3679 900 3757; x_wconf 91' lang='lat' dir='ltr'>quod</span> <span class='ocrx_word' id='word_1_257' title='bbox 932 3678 1010 3739; x_wconf 87' lang='lat' dir='ltr'>ab</span> <span class='ocrx_word' id='word_1_258' title='bbox 1036 3679 1153 3740; x_wconf 90' lang='lat' dir='ltr'>hac</span> <span class='ocrx_word' id='word_1_259' title='bbox 1192 3679 1290 3739; x_wconf 88' lang='lat' dir='ltr'>vel</span> <span class='ocrx_word' id='word_1_260' title='bbox 1318 3681 1424 3741; x_wconf 89' lang='lat' dir='ltr'>illa</span> <span class='ocrx_word' id='word_1_261' title='bbox 1451 3700 1632 3742; x_wconf 90' lang='lat' dir='ltr'>causa</span> <span class='ocrx_word' id='word_1_262' title='bbox 1658 3701 1799 3761; x_wconf 90' lang='lat' dir='ltr'>pro-</span> 
     </span>
     <span class='ocr_line' id='line_1_37' title="bbox 245 3771 1799 3853; baseline 0.003 -22"><span class='ocrx_word' id='word_1_263' title='bbox 245 3772 474 3832; x_wconf 91' lang='lat' dir='ltr'>veniat.</span> <span class='ocrx_word' id='word_1_264' title='bbox 503 3774 625 3833; x_wconf 91' lang='lat' dir='ltr'>Nec</span> <span class='ocrx_word' id='word_1_265' title='bbox 647 3772 744 3832; x_wconf 88' lang='lat' dir='ltr'>lex</span> <span class='ocrx_word' id='word_1_266' title='bbox 764 3783 1126 3850; x_wconf 90' lang='lat' dir='ltr'>cooperatur</span> <span class='ocrx_word' id='word_1_267' title='bbox 1146 3771 1226 3832; x_wconf 88' lang='lat' dir='ltr'>ad</span> <span class='ocrx_word' id='word_1_268' title='bbox 1247 3772 1497 3833; x_wconf 88' lang='lat' dir='ltr'>alterius</span> <span class='ocrx_word' id='word_1_269' title='bbox 1517 3774 1799 3853; x_wconf 89' lang='lat' dir='ltr'>iniquam</span> 
     </span>
     <span class='ocr_line' id='line_1_38' title="bbox 247 3862 1799 3945; baseline 0.001 -21"><span class='ocrx_word' id='word_1_270' title='bbox 247 3864 394 3939; x_wconf 92' lang='lat' dir='ltr'>vim,</span> <span class='ocrx_word' id='word_1_271' title='bbox 423 3865 528 3925; x_wconf 91' lang='lat' dir='ltr'>sed</span> <span class='ocrx_word' id='word_1_272' title='bbox 549 3863 657 3925; x_wconf 87' lang='lat' dir='ltr'>illa</span> <span class='ocrx_word' id='word_1_273' title='bbox 678 3881 806 3924; x_wconf 92' lang='lat' dir='ltr'>non</span> <span class='ocrx_word' id='word_1_274' title='bbox 835 3862 1113 3924; x_wconf 89' lang='lat' dir='ltr'>obstante</span> <span class='ocrx_word' id='word_1_275' title='bbox 1140 3863 1427 3925; x_wconf 82' lang='lat' dir='ltr'>effectum</span> <span class='ocrx_word' id='word_1_276' title='bbox 1449 3883 1632 3925; x_wconf 90' lang='lat' dir='ltr'>suum</span> <span class='ocrx_word' id='word_1_277' title='bbox 1655 3884 1799 3945; x_wconf 90' lang='lat' dir='ltr'>ope-</span> 
     </span>
     <span class='ocr_line' id='line_1_39' title="bbox 246 3955 1800 4037; baseline 0.001 -21"><span class='ocrx_word' id='word_1_278' title='bbox 246 3963 433 4034; x_wconf 85' lang='lat' dir='ltr'>ratur,</span> <span class='ocrx_word' id='word_1_279' title='bbox 459 3958 607 4037; x_wconf 89' lang='lat' dir='ltr'>quia</span> <span class='ocrx_word' id='word_1_280' title='bbox 638 3957 726 4018; x_wconf 89' lang='lat' dir='ltr'>ita</span> <span class='ocrx_word' id='word_1_281' title='bbox 748 3957 994 4036; x_wconf 87' lang='lat' dir='ltr'>expedit</span> <span class='ocrx_word' id='word_1_282' title='bbox 1009 3956 1325 4016; x_wconf 90' lang='lat' dir='ltr'>communi</span> <span class='ocrx_word' id='word_1_283' title='bbox 1351 3955 1533 4018; x_wconf 88' lang='lat' dir='ltr'>bono.</span> <span class='ocrx_word' id='word_1_284' title='bbox 1566 3958 1642 4017; x_wconf 92' lang='lat' dir='ltr'>Et</span> <span class='ocrx_word' id='word_1_285' title='bbox 1659 3958 1800 4019; x_wconf 92' lang='lat' dir='ltr'>ideo</span> 
     </span>
     <span class='ocr_line' id='line_1_40' title="bbox 247 4048 1798 4126; baseline -0.001 -15"><span class='ocrx_word' id='word_1_286' title='bbox 247 4050 429 4112; x_wconf 88' lang='lat' dir='ltr'>etiam</span> <span class='ocrx_word' id='word_1_287' title='bbox 469 4068 597 4110; x_wconf 91' lang='lat' dir='ltr'>non</span> <span class='ocrx_word' id='word_1_288' title='bbox 650 4049 1074 4111; x_wconf 84' lang='lat' dir='ltr'>consideratur</span> <span class='ocrx_word' id='word_1_289' title='bbox 1113 4048 1425 4126; x_wconf 87' lang='lat' dir='ltr'>privatum</span> <span class='ocrx_word' id='word_1_290' title='bbox 1460 4049 1798 4110; x_wconf 86' lang='lat' dir='ltr'>incommo-</span> 
     </span>
     <span class='ocr_line' id='line_1_41' title="bbox 246 4139 1800 4220; baseline 0 -18"><span class='ocrx_word' id='word_1_291' title='bbox 246 4144 388 4203; x_wconf 90' lang='lat' dir='ltr'>dum</span> <span class='ocrx_word' id='word_1_292' title='bbox 405 4142 590 4220; x_wconf 90' lang='lat' dir='ltr'>hujus</span> <span class='ocrx_word' id='word_1_293' title='bbox 610 4141 706 4202; x_wconf 90' lang='lat' dir='ltr'>vel</span> <span class='ocrx_word' id='word_1_294' title='bbox 722 4141 888 4201; x_wconf 92' lang='lat' dir='ltr'>illius</span> <span class='ocrx_word' id='word_1_295' title='bbox 904 4157 1204 4218; x_wconf 62' lang='lat' dir='ltr'>personae,</span> <span class='ocrx_word' id='word_1_296' title='bbox 1217 4139 1381 4218; x_wconf 87' lang='lat' dir='ltr'>quod</span> <span class='ocrx_word' id='word_1_297' title='bbox 1396 4158 1506 4219; x_wconf 91' lang='lat' dir='ltr'>per</span> <span class='ocrx_word' id='word_1_298' title='bbox 1524 4142 1800 4202; x_wconf 88' lang='lat' dir='ltr'>accidens</span> 
     </span>
     <span class='ocr_line' id='line_1_42' title="bbox 246 4231 1799 4314; baseline -0.001 -19"><span class='ocrx_word' id='word_1_299' title='bbox 246 4236 537 4314; x_wconf 88' lang='lat' dir='ltr'>sequitur,</span> <span class='ocrx_word' id='word_1_300' title='bbox 565 4242 626 4294; x_wconf 91' lang='lat' dir='ltr'>et</span> <span class='ocrx_word' id='word_1_301' title='bbox 652 4251 779 4294; x_wconf 91' lang='lat' dir='ltr'>non</span> <span class='ocrx_word' id='word_1_302' title='bbox 802 4237 1001 4311; x_wconf 90' lang='lat' dir='ltr'>potest</span> <span class='ocrx_word' id='word_1_303' title='bbox 1022 4249 1267 4310; x_wconf 89' lang='lat' dir='ltr'>semper</span> <span class='ocrx_word' id='word_1_304' title='bbox 1307 4249 1345 4291; x_wconf 88' lang='lat' dir='ltr'>a</span> <span class='ocrx_word' id='word_1_305' title='bbox 1376 4231 1511 4310; x_wconf 89' lang='grc'>1838</span> <span class='ocrx_word' id='word_1_306' title='bbox 1539 4233 1799 4312; x_wconf 88' lang='lat' dir='ltr'>impedi-</span> 
     </span>
     <span class='ocr_line' id='line_1_43' title="bbox 247 4322 1795 4405; baseline 0 -20"><span class='ocrx_word' id='word_1_307' title='bbox 247 4328 319 4386; x_wconf 92' lang='lat' dir='ltr'>ri.</span> <span class='ocrx_word' id='word_1_308' title='bbox 349 4329 424 4387; x_wconf 89' lang='lat' dir='ltr'>Et</span> <span class='ocrx_word' id='word_1_309' title='bbox 442 4327 529 4386; x_wconf 90' lang='lat' dir='ltr'>ita</span> <span class='ocrx_word' id='word_1_310' title='bbox 553 4343 678 4385; x_wconf 93' lang='lat' dir='ltr'>non</span> <span class='ocrx_word' id='word_1_311' title='bbox 707 4324 982 4405; x_wconf 88' lang='lat' dir='ltr'>procedit</span> <span class='ocrx_word' id='word_1_312' title='bbox 1004 4329 1154 4383; x_wconf 93' lang='lat' dir='ltr'>tunc</span> <span class='ocrx_word' id='word_1_313' title='bbox 1173 4322 1389 4401; x_wconf 85' lang='lat' dir='ltr'>regula</span> <span class='ocrx_word' id='word_1_314' title='bbox 1407 4324 1563 4402; x_wconf 86' lang='lat' dir='ltr'>juris</span> <span class='ocrx_word' id='word_1_315' title='bbox 1586 4327 1795 4401; x_wconf 89' lang='lat' dir='ltr'>citata,</span> 
     </span>
     <span class='ocr_line' id='line_1_44' title="bbox 247 4415 1800 4498; baseline 0.001 -21"><span class='ocrx_word' id='word_1_316' title='bbox 247 4418 389 4497; x_wconf 87' lang='lat' dir='ltr'>quia</span> <span class='ocrx_word' id='word_1_317' title='bbox 437 4435 579 4478; x_wconf 89' lang='lat' dir='ltr'>cum</span> <span class='ocrx_word' id='word_1_318' title='bbox 625 4417 1020 4498; x_wconf 87' lang='lat' dir='ltr'>proportione</span> <span class='ocrx_word' id='word_1_319' title='bbox 1071 4421 1165 4478; x_wconf 91' lang='lat' dir='ltr'>est</span> <span class='ocrx_word' id='word_1_320' title='bbox 1215 4415 1617 4495; x_wconf 81' lang='lat' dir='ltr'>intelligenda</span> <span class='ocrx_word' id='word_1_321' title='bbox 1635 4465 1653 4492; x_wconf 89' lang='lat'>,</span> <span class='ocrx_word' id='word_1_322' title='bbox 1701 4417 1800 4478; x_wconf 91' lang='lat' dir='ltr'>vel</span> 
     </span>
     <span class='ocr_line' id='line_1_45' title="bbox 250 4511 1800 4592; baseline 0 -20"><span class='ocrx_word' id='word_1_323' title='bbox 250 4512 489 4592; x_wconf 89' lang='lat' dir='ltr'>quando</span> <span class='ocrx_word' id='word_1_324' title='bbox 526 4512 756 4591; x_wconf 91' lang='lat' dir='ltr'>aliquid</span> <span class='ocrx_word' id='word_1_325' title='bbox 801 4511 1155 4572; x_wconf 88' lang='lat' dir='ltr'>conceditur</span> <span class='ocrx_word' id='word_1_326' title='bbox 1197 4517 1447 4590; x_wconf 87' lang='lat' dir='ltr'>propter</span> <span class='ocrx_word' id='word_1_327' title='bbox 1489 4513 1800 4591; x_wconf 87' lang='lat' dir='ltr'>privatum</span> 
     </span>
     <span class='ocr_line' id='line_1_46' title="bbox 251 4603 1799 4683; baseline 0 -18"><span class='ocrx_word' id='word_1_328' title='bbox 251 4605 633 4667; x_wconf 90' lang='lat' dir='ltr'>commodum</span> <span class='ocrx_word' id='word_1_329' title='bbox 676 4609 739 4664; x_wconf 92' lang='lat' dir='ltr'>et</span> <span class='ocrx_word' id='word_1_330' title='bbox 773 4609 1052 4683; x_wconf 88' lang='lat' dir='ltr'>respectu</span> <span class='ocrx_word' id='word_1_331' title='bbox 1097 4603 1372 4682; x_wconf 84' lang='lat' dir='ltr'>ejusdem</span> <span class='ocrx_word' id='word_1_332' title='bbox 1417 4609 1649 4680; x_wconf 88' lang='lat' dir='ltr'>cessat,</span> <span class='ocrx_word' id='word_1_333' title='bbox 1700 4605 1799 4665; x_wconf 89' lang='lat' dir='ltr'>vel</span> 
     </span>
     <span class='ocr_line' id='line_1_47' title="bbox 252 4696 1799 4778; baseline 0 -20"><span class='ocrx_word' id='word_1_334' title='bbox 252 4698 489 4778; x_wconf 90' lang='lat' dir='ltr'>quando</span> <span class='ocrx_word' id='word_1_335' title='bbox 511 4703 646 4758; x_wconf 87' lang='lat' dir='ltr'>erat</span> <span class='ocrx_word' id='word_1_336' title='bbox 666 4702 913 4777; x_wconf 87' lang='lat' dir='ltr'>propter</span> <span class='ocrx_word' id='word_1_337' title='bbox 947 4713 1275 4757; x_wconf 90' lang='lat' dir='ltr'>commune</span> <span class='ocrx_word' id='word_1_338' title='bbox 1315 4696 1572 4770; x_wconf 89' lang='lat' dir='ltr'>honum,</span> <span class='ocrx_word' id='word_1_339' title='bbox 1615 4703 1678 4758; x_wconf 90' lang='lat' dir='ltr'>et</span> <span class='ocrx_word' id='word_1_340' title='bbox 1703 4714 1799 4759; x_wconf 89' lang='lat' dir='ltr'>re-</span> 
     </span>
     <span class='ocr_line' id='line_1_48' title="bbox 251 4787 1800 4869; baseline 0 -19"><span class='ocrx_word' id='word_1_341' title='bbox 251 4791 540 4869; x_wconf 85' lang='lat' dir='ltr'>gulariter</span> <span class='ocrx_word' id='word_1_342' title='bbox 575 4796 788 4864; x_wconf 90' lang='lat' dir='ltr'>cessat,</span> <span class='ocrx_word' id='word_1_343' title='bbox 841 4794 902 4849; x_wconf 92' lang='lat' dir='ltr'>et</span> <span class='ocrx_word' id='word_1_344' title='bbox 937 4788 1006 4848; x_wconf 91' lang='lat' dir='ltr'>in</span> <span class='ocrx_word' id='word_1_345' title='bbox 1046 4805 1376 4848; x_wconf 91' lang='lat' dir='ltr'>commune</span> <span class='ocrx_word' id='word_1_346' title='bbox 1408 4787 1800 4867; x_wconf 83' lang='lat' dir='ltr'>dispendium</span> 
     </span>
     <span class='ocr_line' id='line_1_49' title="bbox 252 4880 1799 4958; baseline -0.002 -13"><span class='ocrx_word' id='word_1_347' title='bbox 252 4883 642 4945; x_wconf 87' lang='lat' dir='ltr'>convertitur.</span> <span class='ocrx_word' id='word_1_348' title='bbox 674 4883 744 4942; x_wconf 89' lang='lat' dir='ltr'>In</span> <span class='ocrx_word' id='word_1_349' title='bbox 769 4881 876 4940; x_wconf 92' lang='lat' dir='ltr'>illo</span> <span class='ocrx_word' id='word_1_350' title='bbox 894 4885 1104 4941; x_wconf 91' lang='lat' dir='ltr'>tamen</span> <span class='ocrx_word' id='word_1_351' title='bbox 1130 4898 1271 4940; x_wconf 88' lang='lat' dir='ltr'>casu</span> <span class='ocrx_word' id='word_1_352' title='bbox 1291 4880 1650 4958; x_wconf 81' lang='lat' dir='ltr'>particulari</span> <span class='ocrx_word' id='word_1_353' title='bbox 1669 4899 1799 4942; x_wconf 90' lang='lat' dir='ltr'>ma-</span> 
     </span>
     <span class='ocr_line' id='line_1_50' title="bbox 253 4971 1799 5055; baseline -0.002 -18"><span class='ocrx_word' id='word_1_354' title='bbox 253 4976 415 5038; x_wconf 89' lang='lat' dir='ltr'>nebit</span> <span class='ocrx_word' id='word_1_355' title='bbox 445 4977 551 5055; x_wconf 89' lang='lat' dir='ltr'>qui</span> <span class='ocrx_word' id='word_1_356' title='bbox 566 4975 861 5055; x_wconf 88' lang='lat' dir='ltr'>injuriam</span> <span class='ocrx_word' id='word_1_357' title='bbox 874 4972 1086 5032; x_wconf 89' lang='lat' dir='ltr'>intulit</span> <span class='ocrx_word' id='word_1_358' title='bbox 1103 4971 1411 5049; x_wconf 84' lang='lat' dir='ltr'>obligatus</span> <span class='ocrx_word' id='word_1_359' title='bbox 1441 4972 1521 5032; x_wconf 91' lang='lat' dir='ltr'>ad</span> <span class='ocrx_word' id='word_1_360' title='bbox 1552 4974 1799 5034; x_wconf 89' lang='lat' dir='ltr'>restitu-</span> 
     </span>
     <span class='ocr_line' id='line_1_51' title="bbox 253 5065 1802 5146; baseline -0.002 -15"><span class='ocrx_word' id='word_1_361' title='bbox 253 5071 476 5132; x_wconf 90' lang='lat' dir='ltr'>tionem</span> <span class='ocrx_word' id='word_1_362' title='bbox 505 5068 720 5129; x_wconf 87' lang='lat' dir='ltr'>damni</span> <span class='ocrx_word' id='word_1_363' title='bbox 747 5066 923 5141; x_wconf 91' lang='lat' dir='ltr'>illati,</span> <span class='ocrx_word' id='word_1_364' title='bbox 953 5071 1084 5125; x_wconf 87' lang='lat' dir='ltr'>tam</span> <span class='ocrx_word' id='word_1_365' title='bbox 1113 5065 1182 5125; x_wconf 91' lang='lat' dir='ltr'>in</span> <span class='ocrx_word' id='word_1_366' title='bbox 1213 5066 1590 5127; x_wconf 88' lang='lat' dir='ltr'>conscientia</span> <span class='ocrx_word' id='word_1_367' title='bbox 1612 5085 1802 5146; x_wconf 90' lang='lat' dir='ltr'>quam</span> 
     </span>
     <span class='ocr_line' id='line_1_52' title="bbox 253 5158 1801 5238; baseline -0.002 -13"><span class='ocrx_word' id='word_1_368' title='bbox 253 5165 315 5225; x_wconf 87' lang='lat' dir='ltr'>in</span> <span class='ocrx_word' id='word_1_369' title='bbox 351 5162 636 5224; x_wconf 83' lang='lat' dir='ltr'>exteriori</span> <span class='ocrx_word' id='word_1_370' title='bbox 673 5160 830 5236; x_wconf 80' lang='lat' dir='ltr'>fore,</span> <span class='ocrx_word' id='word_1_371' title='bbox 872 5159 925 5219; x_wconf 90' lang='lat' dir='ltr'>si</span> <span class='ocrx_word' id='word_1_372' title='bbox 966 5164 1165 5220; x_wconf 90' lang='lat' dir='ltr'>metus</span> <span class='ocrx_word' id='word_1_373' title='bbox 1202 5164 1265 5219; x_wconf 89' lang='lat' dir='ltr'>et</span> <span class='ocrx_word' id='word_1_374' title='bbox 1305 5158 1539 5238; x_wconf 85' lang='lat' dir='ltr'>inJ‘uria</span> <span class='ocrx_word' id='word_1_375' title='bbox 1583 5160 1651 5221; x_wconf 90' lang='lat' dir='ltr'>in</span> <span class='ocrx_word' id='word_1_376' title='bbox 1692 5160 1801 5222; x_wconf 90' lang='lat' dir='ltr'>illo</span> 
     </span>
     <span class='ocr_line' id='line_1_53' title="bbox 254 5253 1401 5337; baseline -0.001 -20"><span class='ocrx_word' id='word_1_377' title='bbox 254 5255 488 5337; x_wconf 87' lang='lat' dir='ltr'>probari</span> <span class='ocrx_word' id='word_1_378' title='bbox 516 5253 725 5334; x_wconf 88' lang='lat' dir='ltr'>possit.</span> <span class='ocrx_word' id='word_1_379' title='bbox 1396 5266 1401 5271; x_wconf 84' lang='grc'><em>’</em></span> 
     </span>
    </p>

    <p class='ocr_par' dir='ltr' id='par_1_3' title="bbox 257 5344 1799 5523">
     <span class='ocr_line' id='line_1_54' title="bbox 327 5344 1799 5425; baseline -0.001 -16"><span class='ocrx_word' id='word_1_380' title='bbox 327 5351 421 5410; x_wconf 76' lang='grc'>13.</span> <span class='ocrx_word' id='word_1_381' title='bbox 467 5349 542 5414; x_wconf 94' lang='lat' dir='ltr'><em>N</em></span> <span class='ocrx_word' id='word_1_382' title='bbox 539 5347 656 5409; x_wconf 74' lang='lat' dir='ltr'>ihil</span> <span class='ocrx_word' id='word_1_383' title='bbox 677 5346 907 5408; x_wconf 79' lang='lat' dir='ltr'>obstare</span> <span class='ocrx_word' id='word_1_384' title='bbox 928 5344 1241 5425; x_wconf 73' lang='lat' dir='ltr'>quominus</span> <span class='ocrx_word' id='word_1_385' title='bbox 1267 5344 1363 5407; x_wconf 67' lang='lat' dir='ltr'>lem</span> <span class='ocrx_word' id='word_1_386' title='bbox 1388 5362 1564 5408; x_wconf 81' lang='lat' dir='ltr'>suum</span> <span class='ocrx_word' id='word_1_387' title='bbox 1587 5347 1799 5409; x_wconf 75' lang='lat' dir='ltr'>habeat</span> 
     </span>
     <span class='ocr_line' id='line_1_55' title="bbox 257 5438 1798 5523; baseline -0.001 -18"><span class='ocrx_word' id='word_1_388' title='bbox 257 5445 518 5523; x_wconf 78' lang='lat' dir='ltr'>effectum</span> <span class='ocrx_word' id='word_1_389' title='bbox 563 5440 757 5520; x_wconf 85' lang='lat' dir='ltr'>quoad</span> <span class='ocrx_word' id='word_1_390' title='bbox 798 5438 1228 5512; x_wconf 73' lang='lat' dir='ltr'>irritationem,</span> <span class='ocrx_word' id='word_1_391' title='bbox 1269 5440 1500 5517; x_wconf 82' lang='lat' dir='ltr'>quando</span> <span class='ocrx_word' id='word_1_392' title='bbox 1535 5441 1594 5502; x_wconf 83' lang='lat' dir='ltr'>is</span> <span class='ocrx_word' id='word_1_393' title='bbox 1627 5442 1798 5520; x_wconf 81' lang='lat' dir='ltr'>cujus</span> 
     </span>
    </p>
   </div>
   <div class='ocr_carea' id='block_1_3' title="bbox 256 5530 1796 5610">
    <p class='ocr_par' dir='ltr' id='par_1_4' title="bbox 256 5530 1796 5610">
     <span class='ocr_line' id='line_1_56' title="bbox 256 5530 1796 5610; baseline -0.011 -2"><span class='ocrx_word' id='word_1_394' title='bbox 256 5535 487 5610; x_wconf 58' lang='lat' dir='ltr'>interest</span> <span class='ocrx_word' id='word_1_395' title='bbox 532 5534 681 5610; x_wconf 71' lang='lat' dir='ltr'>codic</span> <span class='ocrx_word' id='word_1_396' title='bbox 724 5531 857 5609; x_wconf 60' lang='lat' dir='ltr'>furi</span> <span class='ocrx_word' id='word_1_397' title='bbox 900 5548 1005 5610; x_wconf 61' lang='grc' dir='ltr'>«ΜΟ</span> <span class='ocrx_word' id='word_1_398' title='bbox 1044 5530 1110 5602; x_wconf 77' lang='lat' dir='ltr'>Ob</span> <span class='ocrx_word' id='word_1_399' title='bbox 1157 5547 1454 5609; x_wconf 58' lang='lat' dir='ltr'>commune</span> <span class='ocrx_word' id='word_1_400' title='bbox 1479 5532 1796 5608; x_wconf 72' lang='lat' dir='ltr'>bonum,-</span> 
     </span>
    </p>
   </div>
   <div class='ocr_carea' id='block_1_4' title="bbox 3347 427 3461 486">
    <p class='ocr_par' dir='ltr' id='par_1_5' title="bbox 3347 427 3461 486">
     <span class='ocr_line' id='line_1_57' title="bbox 3347 427 3461 486; baseline -0.018 -1"><span class='ocrx_word' id='word_1_401' title='bbox 3347 427 3461 486; x_wconf 82' lang='lat'>517</span> 
     </span>
    </p>
   </div>
   <div class='ocr_carea' id='block_1_5' title="bbox 1874 531 3467 5625">
    <p class='ocr_par' dir='ltr' id='par_1_6' title="bbox 1874 531 3467 5625">
     <span class='ocr_line' id='line_1_58' title="bbox 1895 531 3462 600; baseline -0.005 0"><span class='ocrx_word' id='word_1_402' title='bbox 1895 540 2067 600; x_wconf 79' lang='lat' dir='ltr'>Idem</span> <span class='ocrx_word' id='word_1_403' title='bbox 2103 543 2190 600; x_wconf 82' lang='lat' dir='ltr'>est</span> <span class='ocrx_word' id='word_1_404' title='bbox 2220 540 2288 600; x_wconf 79' lang='lat' dir='ltr'>de</span> <span class='ocrx_word' id='word_1_405' title='bbox 2329 536 2699 600; x_wconf 74' lang='lat' dir='ltr'>solemnitate</span> <span class='ocrx_word' id='word_1_406' title='bbox 2725 531 3103 596; x_wconf 80' lang='lat' dir='ltr'>matrimonii</span> <span class='ocrx_word' id='word_1_407' title='bbox 3133 549 3264 594; x_wconf 83' lang='lat' dir='ltr'>oum</span> <span class='ocrx_word' id='word_1_408' title='bbox 3293 531 3462 593; x_wconf 80' lang='lat' dir='ltr'>testi-</span> 
     </span>
     <span class='ocr_line' id='line_1_59' title="bbox 1899 628 3463 705; baseline -0.005 -14"><span class='ocrx_word' id='word_1_409' title='bbox 1899 632 2028 705; x_wconf 71' lang='lat' dir='ltr'>buS,</span> <span class='ocrx_word' id='word_1_410' title='bbox 2071 633 2228 693; x_wconf 83' lang='lat' dir='ltr'>siout</span> <span class='ocrx_word' id='word_1_411' title='bbox 2265 636 2318 693; x_wconf 86' lang='lat' dir='ltr'>et</span> <span class='ocrx_word' id='word_1_412' title='bbox 2355 632 2423 691; x_wconf 84' lang='lat' dir='ltr'>in</span> <span class='ocrx_word' id='word_1_413' title='bbox 2449 628 2831 689; x_wconf 82' lang='lat' dir='ltr'>matrimonio</span> <span class='ocrx_word' id='word_1_414' title='bbox 2859 632 3019 687; x_wconf 79' lang='lat' dir='ltr'>metu</span> <span class='ocrx_word' id='word_1_415' title='bbox 3056 630 3463 686; x_wconf 76' lang='lat' dir='ltr'>contracto.—</span> 
     </span>
     <span class='ocr_line' id='line_1_60' title="bbox 1895 716 3463 804; baseline -0.006 -19"><span class='ocrx_word' id='word_1_416' title='bbox 1895 726 2097 804; x_wconf 89' lang='lat' dir='ltr'>Atque</span> <span class='ocrx_word' id='word_1_417' title='bbox 2147 725 2291 784; x_wconf 92' lang='lat' dir='ltr'>hinc</span> <span class='ocrx_word' id='word_1_418' title='bbox 2344 722 2600 783; x_wconf 87' lang='lat' dir='ltr'>ulterius</span> <span class='ocrx_word' id='word_1_419' title='bbox 2659 725 2895 780; x_wconf 90' lang='lat' dir='ltr'>constat</span> <span class='ocrx_word' id='word_1_420' title='bbox 2944 720 3092 799; x_wconf 87' lang='lat' dir='ltr'>quid</span> <span class='ocrx_word' id='word_1_421' title='bbox 3152 716 3227 778; x_wconf 92' lang='lat' dir='ltr'>dc</span> <span class='ocrx_word' id='word_1_422' title='bbox 3278 717 3463 777; x_wconf 89' lang='lat' dir='ltr'>tertio</span> 
     </span>
     <span class='ocr_line' id='line_1_61' title="bbox 1897 811 3462 887; baseline -0.006 -9"><span class='ocrx_word' id='word_1_423' title='bbox 1897 817 2178 879; x_wconf 90' lang='lat' dir='ltr'>membro</span> <span class='ocrx_word' id='word_1_424' title='bbox 2201 816 2535 877; x_wconf 91' lang='lat' dir='ltr'>dicendum</span> <span class='ocrx_word' id='word_1_425' title='bbox 2564 814 2665 887; x_wconf 91' lang='lat' dir='ltr'>sit,</span> <span class='ocrx_word' id='word_1_426' title='bbox 2705 813 2955 887; x_wconf 89' lang='lat' dir='ltr'>scilicet,</span> <span class='ocrx_word' id='word_1_427' title='bbox 2987 830 3069 873; x_wconf 91' lang='lat' dir='ltr'>an</span> <span class='ocrx_word' id='word_1_428' title='bbox 3100 812 3234 872; x_wconf 85' lang='lat' dir='ltr'>haec</span> <span class='ocrx_word' id='word_1_429' title='bbox 3260 811 3462 870; x_wconf 86' lang='lat' dir='ltr'>irrita-</span> 
     </span>
     <span class='ocr_line' id='line_1_62' title="bbox 1895 902 3464 987; baseline -0.006 -17"><span class='ocrx_word' id='word_1_430' title='bbox 1895 911 1986 970; x_wconf 87' lang='lat' dir='ltr'>tio</span> <span class='ocrx_word' id='word_1_431' title='bbox 2037 914 2225 970; x_wconf 85' lang='lat' dir='ltr'>cesset</span> <span class='ocrx_word' id='word_1_432' title='bbox 2250 908 2500 987; x_wconf 86' lang='lat' dir='ltr'>quando</span> <span class='ocrx_word' id='word_1_433' title='bbox 2541 907 2595 966; x_wconf 91' lang='lat' dir='ltr'>is</span> <span class='ocrx_word' id='word_1_434' title='bbox 2627 906 2803 984; x_wconf 86' lang='lat' dir='ltr'>cujus</span> <span class='ocrx_word' id='word_1_435' title='bbox 2849 905 3101 965; x_wconf 83' lang='lat' dir='ltr'>interest</span> <span class='ocrx_word' id='word_1_436' title='bbox 3136 903 3299 964; x_wconf 90' lang='lat' dir='ltr'>cedit</span> <span class='ocrx_word' id='word_1_437' title='bbox 3331 902 3464 980; x_wconf 90' lang='lat' dir='ltr'>juri</span> 
     </span>
     <span class='ocr_line' id='line_1_63' title="bbox 1898 993 3461 1069; baseline -0.006 -6"><span class='ocrx_word' id='word_1_438' title='bbox 1898 1021 2033 1063; x_wconf 92' lang='lat' dir='ltr'>suo.</span> <span class='ocrx_word' id='word_1_439' title='bbox 2065 1002 2404 1062; x_wconf 90' lang='lat' dir='ltr'>Dicendum</span> <span class='ocrx_word' id='word_1_440' title='bbox 2446 1005 2536 1060; x_wconf 90' lang='lat' dir='ltr'>est</span> <span class='ocrx_word' id='word_1_441' title='bbox 2573 998 2731 1059; x_wconf 87' lang='lat' dir='ltr'>nihil</span> <span class='ocrx_word' id='word_1_442' title='bbox 2769 997 2887 1057; x_wconf 91' lang='lat' dir='ltr'>hoc</span> <span class='ocrx_word' id='word_1_443' title='bbox 2931 996 3181 1069; x_wconf 80' lang='lat' dir='ltr'>referre,</span> <span class='ocrx_word' id='word_1_444' title='bbox 3221 993 3317 1055; x_wconf 89' lang='lat' dir='ltr'>vel</span> <span class='ocrx_word' id='word_1_445' title='bbox 3353 994 3461 1053; x_wconf 88' lang='lat' dir='ltr'>ob-</span> 
     </span>
     <span class='ocr_line' id='line_1_64' title="bbox 1897 1078 3467 1173; baseline -0.005 -18"><span class='ocrx_word' id='word_1_446' title='bbox 1897 1101 2060 1155; x_wconf 93' lang='lat' dir='ltr'>stare</span> <span class='ocrx_word' id='word_1_447' title='bbox 2093 1094 2425 1173; x_wconf 88' lang='lat' dir='ltr'>quominus</span> <span class='ocrx_word' id='word_1_448' title='bbox 2460 1093 2562 1153; x_wconf 85' lang='lat' dir='ltr'>lex</span> <span class='ocrx_word' id='word_1_449' title='bbox 2589 1092 2880 1153; x_wconf 83' lang='lat' dir='ltr'>effectum</span> <span class='ocrx_word' id='word_1_450' title='bbox 2923 1106 3104 1148; x_wconf 90' lang='lat' dir='ltr'>suum</span> <span class='ocrx_word' id='word_1_451' title='bbox 3148 1078 3467 1166; x_wconf 78' lang='lat' dir='ltr'>operetur.</span> 
     </span>
     <span class='ocr_line' id='line_1_65' title="bbox 1890 1181 3458 1266; baseline -0.005 -19"><span class='ocrx_word' id='word_1_452' title='bbox 1890 1188 1966 1247; x_wconf 90' lang='lat' dir='ltr'>Et</span> <span class='ocrx_word' id='word_1_453' title='bbox 1983 1187 2141 1247; x_wconf 93' lang='lat' dir='ltr'>ratio</span> <span class='ocrx_word' id='word_1_454' title='bbox 2158 1206 2195 1247; x_wconf 94' lang='lat' dir='ltr'>a</span> <span class='ocrx_word' id='word_1_455' title='bbox 2216 1185 2408 1266; x_wconf 88' lang='lat' dir='ltr'>priori</span> <span class='ocrx_word' id='word_1_456' title='bbox 2432 1192 2545 1261; x_wconf 89' lang='lat' dir='ltr'>est,</span> <span class='ocrx_word' id='word_1_457' title='bbox 2568 1185 2715 1264; x_wconf 88' lang='lat' dir='ltr'>quia</span> <span class='ocrx_word' id='word_1_458' title='bbox 2739 1182 2843 1243; x_wconf 85' lang='lat' dir='ltr'>lex</span> <span class='ocrx_word' id='word_1_459' title='bbox 2861 1181 3106 1259; x_wconf 88' lang='lat' dir='ltr'>respicit</span> <span class='ocrx_word' id='word_1_460' title='bbox 3132 1198 3458 1240; x_wconf 87' lang='lat' dir='ltr'>commune</span> 
     </span>
     <span class='ocr_line' id='line_1_66' title="bbox 1892 1274 3460 1350; baseline -0.005 -10"><span class='ocrx_word' id='word_1_461' title='bbox 1892 1281 2130 1342; x_wconf 88' lang='lat' dir='ltr'>bonum</span> <span class='ocrx_word' id='word_1_462' title='bbox 2170 1280 2236 1339; x_wconf 89' lang='lat' dir='ltr'>in</span> <span class='ocrx_word' id='word_1_463' title='bbox 2272 1278 2383 1338; x_wconf 89' lang='lat' dir='ltr'>tali</span> <span class='ocrx_word' id='word_1_464' title='bbox 2420 1278 2788 1350; x_wconf 85' lang='lat' dir='ltr'>irritatione,</span> <span class='ocrx_word' id='word_1_465' title='bbox 2838 1280 2902 1335; x_wconf 91' lang='lat' dir='ltr'>et</span> <span class='ocrx_word' id='word_1_466' title='bbox 2949 1274 3065 1333; x_wconf 89' lang='lat' dir='ltr'>hoc</span> <span class='ocrx_word' id='word_1_467' title='bbox 3100 1290 3225 1332; x_wconf 89' lang='lat' dir='ltr'>non</span> <span class='ocrx_word' id='word_1_468' title='bbox 3268 1277 3460 1332; x_wconf 78' lang='lat' dir='ltr'>cessat</span> 
     </span>
     <span class='ocr_line' id='line_1_67' title="bbox 1892 1364 3459 1451; baseline -0.007 -17"><span class='ocrx_word' id='word_1_469' title='bbox 1892 1372 2132 1436; x_wconf 89' lang='lat' dir='ltr'>etiamsi</span> <span class='ocrx_word' id='word_1_470' title='bbox 2163 1372 2473 1451; x_wconf 87' lang='lat' dir='ltr'>privatum</span> <span class='ocrx_word' id='word_1_471' title='bbox 2499 1368 2958 1430; x_wconf 91' lang='lat' dir='ltr'>incommodum</span> <span class='ocrx_word' id='word_1_472' title='bbox 2986 1385 3098 1446; x_wconf 88' lang='lat' dir='ltr'>per</span> <span class='ocrx_word' id='word_1_473' title='bbox 3123 1364 3459 1425; x_wconf 91' lang='lat' dir='ltr'>cessionem</span> 
     </span>
     <span class='ocr_line' id='line_1_68' title="bbox 1894 1459 3459 1547; baseline -0.007 -20"><span class='ocrx_word' id='word_1_474' title='bbox 1894 1483 2169 1547; x_wconf 81' lang='lat' dir='ltr'>personae</span> <span class='ocrx_word' id='word_1_475' title='bbox 2206 1463 2552 1525; x_wconf 85' lang='lat' dir='ltr'>voluntarie</span> <span class='ocrx_word' id='word_1_476' title='bbox 2588 1480 2820 1523; x_wconf 89' lang='lat' dir='ltr'>cessare</span> <span class='ocrx_word' id='word_1_477' title='bbox 2851 1461 3153 1520; x_wconf 80' lang='lat' dir='ltr'>videatur.</span> <span class='ocrx_word' id='word_1_478' title='bbox 3187 1459 3306 1519; x_wconf 89' lang='lat' dir='ltr'>Nec</span> <span class='ocrx_word' id='word_1_479' title='bbox 3342 1475 3459 1535; x_wconf 94' lang='lat' dir='ltr'>po-</span> 
     </span>
     <span class='ocr_line' id='line_1_69' title="bbox 1892 1550 3459 1637; baseline -0.008 -17"><span class='ocrx_word' id='word_1_480' title='bbox 1892 1564 2015 1620; x_wconf 90' lang='lat' dir='ltr'>test</span> <span class='ocrx_word' id='word_1_481' title='bbox 2061 1558 2199 1637; x_wconf 89' lang='lat' dir='ltr'>quis</span> <span class='ocrx_word' id='word_1_482' title='bbox 2238 1556 2598 1618; x_wconf 90' lang='lat' dir='ltr'>renuntiare</span> <span class='ocrx_word' id='word_1_483' title='bbox 2651 1561 2759 1614; x_wconf 90' lang='lat' dir='ltr'>aut</span> <span class='ocrx_word' id='word_1_484' title='bbox 2809 1554 3103 1630; x_wconf 85' lang='lat' dir='ltr'>derogare</span> <span class='ocrx_word' id='word_1_485' title='bbox 3142 1550 3459 1612; x_wconf 88' lang='lat' dir='ltr'>communi</span> 
     </span>
     <span class='ocr_line' id='line_1_70' title="bbox 1892 1641 3458 1730; baseline -0.007 -18"><span class='ocrx_word' id='word_1_486' title='bbox 1892 1651 2079 1725; x_wconf 91' lang='lat' dir='ltr'>bon0,</span> <span class='ocrx_word' id='word_1_487' title='bbox 2105 1649 2376 1712; x_wconf 87' lang='lat' dir='ltr'>cedendo</span> <span class='ocrx_word' id='word_1_488' title='bbox 2413 1641 2685 1730; x_wconf 86' lang='lat' dir='ltr'>propri0,</span> <span class='ocrx_word' id='word_1_489' title='bbox 2724 1647 2881 1707; x_wconf 91' lang='lat' dir='ltr'>sicut</span> <span class='ocrx_word' id='word_1_490' title='bbox 2921 1664 3045 1706; x_wconf 91' lang='lat' dir='ltr'>non</span> <span class='ocrx_word' id='word_1_491' title='bbox 3083 1648 3282 1723; x_wconf 89' lang='lat' dir='ltr'>potest</span> <span class='ocrx_word' id='word_1_492' title='bbox 3320 1643 3458 1721; x_wconf 89' lang='lat' dir='ltr'>quis</span> 
     </span>
     <span class='ocr_line' id='line_1_71' title="bbox 1894 1736 3458 1822; baseline -0.006 -17"><span class='ocrx_word' id='word_1_493' title='bbox 1894 1744 2253 1806; x_wconf 87' lang='lat' dir='ltr'>renuntiare</span> <span class='ocrx_word' id='word_1_494' title='bbox 2280 1741 2605 1822; x_wconf 85' lang='lat' dir='ltr'>privilegio</span> <span class='ocrx_word' id='word_1_495' title='bbox 2635 1737 3064 1801; x_wconf 88' lang='lat' dir='ltr'>communitati</span> <span class='ocrx_word' id='word_1_496' title='bbox 3097 1755 3210 1814; x_wconf 89' lang='lat' dir='ltr'>per</span> <span class='ocrx_word' id='word_1_497' title='bbox 3245 1754 3308 1796; x_wconf 87' lang='lat' dir='ltr'>se</span> <span class='ocrx_word' id='word_1_498' title='bbox 3333 1736 3458 1814; x_wconf 88' lang='lat' dir='ltr'>pri-</span> 
     </span>
     <span class='ocr_line' id='line_1_72' title="bbox 1893 1828 3457 1911; baseline -0.008 -13"><span class='ocrx_word' id='word_1_499' title='bbox 1893 1855 1998 1898; x_wconf 93' lang='lat' dir='ltr'>mo</span> <span class='ocrx_word' id='word_1_500' title='bbox 2052 1853 2355 1911; x_wconf 89' lang='lat' dir='ltr'>concesso,</span> <span class='ocrx_word' id='word_1_501' title='bbox 2395 1840 2458 1896; x_wconf 92' lang='lat' dir='ltr'>et</span> <span class='ocrx_word' id='word_1_502' title='bbox 2511 1833 2628 1894; x_wconf 89' lang='lat' dir='ltr'>sibi</span> <span class='ocrx_word' id='word_1_503' title='bbox 2681 1834 2921 1893; x_wconf 89' lang='lat' dir='ltr'>ratione</span> <span class='ocrx_word' id='word_1_504' title='bbox 2960 1830 3147 1890; x_wconf 91' lang='lat' dir='ltr'>totius</span> <span class='ocrx_word' id='word_1_505' title='bbox 3189 1828 3457 1906; x_wconf 85' lang='lat' dir='ltr'>corporis</span> 
     </span>
     <span class='ocr_line' id='line_1_73' title="bbox 1893 1922 3455 2003; baseline -0.01 -11"><span class='ocrx_word' id='word_1_506' title='bbox 1893 1929 2369 2003; x_wconf 88' lang='lat' dir='ltr'>communicato,</span> <span class='ocrx_word' id='word_1_507' title='bbox 2392 1928 2594 1988; x_wconf 88' lang='lat' dir='ltr'>utlate</span> <span class='ocrx_word' id='word_1_508' title='bbox 2622 1927 2752 1987; x_wconf 83' lang='lat' dir='ltr'>dixi</span> <span class='ocrx_word' id='word_1_509' title='bbox 2778 1925 2887 1985; x_wconf 91' lang='lat' dir='ltr'>lib.</span> <span class='ocrx_word' id='word_1_510' title='bbox 2916 1926 2954 1983; x_wconf 72' lang='lat'><strong>2</strong></span> <span class='ocrx_word' id='word_1_511' title='bbox 2976 1923 3052 1984; x_wconf 90' lang='lat' dir='ltr'>de</span> <span class='ocrx_word' id='word_1_512' title='bbox 3079 1922 3455 1994; x_wconf 84' lang='lat' dir='ltr'>Jurament.,</span> 
     </span>
     <span class='ocr_line' id='line_1_74' title="bbox 1892 2012 3456 2102; baseline -0.01 -17"><span class='ocrx_word' id='word_1_513' title='bbox 1892 2041 2025 2102; x_wconf 87' lang='lat' dir='ltr'>cap.</span> <span class='ocrx_word' id='word_1_514' title='bbox 2059 2024 2161 2098; x_wconf 75' lang='lat'>23,</span> <span class='ocrx_word' id='word_1_515' title='bbox 2200 2022 2267 2081; x_wconf 91' lang='lat' dir='ltr'>in</span> <span class='ocrx_word' id='word_1_516' title='bbox 2305 2020 2598 2100; x_wconf 88' lang='lat' dir='ltr'>princip.,</span> <span class='ocrx_word' id='word_1_517' title='bbox 2639 2024 2700 2079; x_wconf 92' lang='lat' dir='ltr'>et</span> <span class='ocrx_word' id='word_1_518' title='bbox 2737 2037 2870 2097; x_wconf 80' lang='lat' dir='ltr'>cap.</span> <span class='ocrx_word' id='word_1_519' title='bbox 2917 2017 3018 2090; x_wconf 71' lang='lat'>26,</span> <span class='ocrx_word' id='word_1_520' title='bbox 3068 2033 3133 2074; x_wconf 91' lang='lat' dir='ltr'>n.</span> <span class='ocrx_word' id='word_1_521' title='bbox 3183 2016 3221 2074; x_wconf 90' lang='lat'>6</span> <span class='ocrx_word' id='word_1_522' title='bbox 3254 2035 3271 2087; x_wconf 92' lang='lat'>;</span> <span class='ocrx_word' id='word_1_523' title='bbox 3316 2012 3456 2072; x_wconf 88' lang='lat' dir='ltr'>talis</span> 
     </span>
     <span class='ocr_line' id='line_1_75' title="bbox 1892 2105 3456 2195; baseline -0.009 -18"><span class='ocrx_word' id='word_1_524' title='bbox 1892 2134 2041 2195; x_wconf 84' lang='lat' dir='ltr'>ergo</span> <span class='ocrx_word' id='word_1_525' title='bbox 2069 2115 2258 2176; x_wconf 89' lang='lat' dir='ltr'>cessio</span> <span class='ocrx_word' id='word_1_526' title='bbox 2281 2115 2349 2174; x_wconf 91' lang='lat' dir='ltr'>in</span> <span class='ocrx_word' id='word_1_527' title='bbox 2372 2112 2661 2193; x_wconf 83' lang='lat' dir='ltr'>praesenti</span> <span class='ocrx_word' id='word_1_528' title='bbox 2693 2129 2835 2171; x_wconf 89' lang='lat' dir='ltr'>casu</span> <span class='ocrx_word' id='word_1_529' title='bbox 2860 2108 3075 2169; x_wconf 85' lang='lat' dir='ltr'>frivola</span> <span class='ocrx_word' id='word_1_530' title='bbox 3098 2113 3188 2168; x_wconf 87' lang='lat' dir='ltr'>est</span> <span class='ocrx_word' id='word_1_531' title='bbox 3219 2111 3281 2166; x_wconf 88' lang='lat' dir='ltr'>et</span> <span class='ocrx_word' id='word_1_532' title='bbox 3318 2105 3456 2164; x_wconf 89' lang='lat' dir='ltr'>nul-</span> 
     </span>
     <span class='ocr_line' id='line_1_76' title="bbox 1888 2198 3455 2285; baseline -0.008 -16"><span class='ocrx_word' id='word_1_533' title='bbox 1888 2209 1974 2285; x_wconf 92' lang='lat' dir='ltr'>la,</span> <span class='ocrx_word' id='word_1_534' title='bbox 2007 2208 2171 2268; x_wconf 90' lang='lat' dir='ltr'>unde</span> <span class='ocrx_word' id='word_1_535' title='bbox 2208 2224 2336 2267; x_wconf 90' lang='lat' dir='ltr'>non</span> <span class='ocrx_word' id='word_1_536' title='bbox 2363 2210 2563 2285; x_wconf 89' lang='lat' dir='ltr'>potest</span> <span class='ocrx_word' id='word_1_537' title='bbox 2601 2204 3015 2264; x_wconf 88' lang='lat' dir='ltr'>irritationem</span> <span class='ocrx_word' id='word_1_538' title='bbox 3061 2199 3216 2277; x_wconf 84' lang='grc'>18313</span> <span class='ocrx_word' id='word_1_539' title='bbox 3259 2198 3455 2275; x_wconf 89' lang='lat' dir='ltr'>impc-</span> 
     </span>
     <span class='ocr_line' id='line_1_77' title="bbox 1889 2291 3454 2379; baseline -0.008 -18"><span class='ocrx_word' id='word_1_540' title='bbox 1889 2300 2023 2361; x_wconf 92' lang='lat' dir='ltr'>dire</span> <span class='ocrx_word' id='word_1_541' title='bbox 2050 2322 2067 2375; x_wconf 94' lang='lat'>;</span> <span class='ocrx_word' id='word_1_542' title='bbox 2103 2300 2267 2379; x_wconf 90' lang='lat' dir='ltr'>quod</span> <span class='ocrx_word' id='word_1_543' title='bbox 2297 2298 2487 2359; x_wconf 90' lang='lat' dir='ltr'>etiam</span> <span class='ocrx_word' id='word_1_544' title='bbox 2509 2296 2864 2356; x_wconf 92' lang='lat' dir='ltr'>inductione</span> <span class='ocrx_word' id='word_1_545' title='bbox 2893 2292 3129 2354; x_wconf 89' lang='lat' dir='ltr'>ostendi</span> <span class='ocrx_word' id='word_1_546' title='bbox 3158 2296 3354 2369; x_wconf 88' lang='lat' dir='ltr'>potest</span> <span class='ocrx_word' id='word_1_547' title='bbox 3388 2291 3454 2349; x_wconf 87' lang='lat' dir='ltr'>in</span> 
     </span>
     <span class='ocr_line' id='line_1_78' title="bbox 1887 2384 3451 2471; baseline -0.009 -18"><span class='ocrx_word' id='word_1_548' title='bbox 1887 2398 2149 2471; x_wconf 90' lang='lat' dir='ltr'>utroque</span> <span class='ocrx_word' id='word_1_549' title='bbox 2194 2391 2378 2451; x_wconf 92' lang='lat' dir='ltr'>modo</span> <span class='ocrx_word' id='word_1_550' title='bbox 2401 2389 2761 2448; x_wconf 87' lang='lat' dir='ltr'>irritationis</span> <span class='ocrx_word' id='word_1_551' title='bbox 2801 2403 2984 2465; x_wconf 85' lang='lat' dir='ltr'>supra</span> <span class='ocrx_word' id='word_1_552' title='bbox 3025 2384 3240 2463; x_wconf 81' lang='lat' dir='ltr'>posito,</span> <span class='ocrx_word' id='word_1_553' title='bbox 3275 2384 3451 2458; x_wconf 88' lang='lat' dir='ltr'>Nam,</span> 
     </span>
     <span class='ocr_line' id='line_1_79' title="bbox 1889 2473 3454 2556; baseline -0.008 -11"><span class='ocrx_word' id='word_1_554' title='bbox 1889 2485 2032 2546; x_wconf 90' lang='lat' dir='ltr'>licet</span> <span class='ocrx_word' id='word_1_555' title='bbox 2052 2490 2309 2545; x_wconf 87' lang='lat' dir='ltr'>testator</span> <span class='ocrx_word' id='word_1_556' title='bbox 2335 2482 2495 2543; x_wconf 87' lang='lat' dir='ltr'>dicat</span> <span class='ocrx_word' id='word_1_557' title='bbox 2521 2499 2584 2541; x_wconf 89' lang='grc'>38</span> <span class='ocrx_word' id='word_1_558' title='bbox 2623 2481 2836 2541; x_wconf 88' lang='lat' dir='ltr'>cedere</span> <span class='ocrx_word' id='word_1_559' title='bbox 2871 2478 2999 2556; x_wconf 90' lang='lat' dir='ltr'>juri</span> <span class='ocrx_word' id='word_1_560' title='bbox 3042 2493 3174 2550; x_wconf 88' lang='grc'>380,</span> <span class='ocrx_word' id='word_1_561' title='bbox 3205 2481 3268 2534; x_wconf 90' lang='lat' dir='ltr'>et</span> <span class='ocrx_word' id='word_1_562' title='bbox 3298 2473 3454 2533; x_wconf 90' lang='lat' dir='ltr'>velle</span> 
     </span>
     <span class='ocr_line' id='line_1_80' title="bbox 1886 2566 3455 2637; baseline -0.008 0"><span class='ocrx_word' id='word_1_563' title='bbox 1886 2583 1958 2637; x_wconf 91' lang='lat' dir='ltr'>ut</span> <span class='ocrx_word' id='word_1_564' title='bbox 1986 2581 2423 2637; x_wconf 88' lang='lat' dir='ltr'>testamentum</span> <span class='ocrx_word' id='word_1_565' title='bbox 2451 2575 2583 2634; x_wconf 88' lang='lat' dir='ltr'>sine</span> <span class='ocrx_word' id='word_1_566' title='bbox 2610 2572 2817 2633; x_wconf 88' lang='lat' dir='ltr'>debita</span> <span class='ocrx_word' id='word_1_567' title='bbox 2838 2569 3225 2633; x_wconf 87' lang='lat' dir='ltr'>solemnitate</span> <span class='ocrx_word' id='word_1_568' title='bbox 3248 2566 3327 2625; x_wconf 90' lang='lat' dir='ltr'>sit</span> <span class='ocrx_word' id='word_1_569' title='bbox 3350 2584 3455 2625; x_wconf 81' lang='lat' dir='ltr'>va-</span> 
     </span>
     <span class='ocr_line' id='line_1_81' title="bbox 1886 2663 3451 2742; baseline -0.008 -14"><span class='ocrx_word' id='word_1_570' title='bbox 1886 2669 2088 2728; x_wconf 90' lang='lat' dir='ltr'>lidum</span> <span class='ocrx_word' id='word_1_571' title='bbox 2121 2674 2182 2729; x_wconf 87' lang='lat' dir='ltr'>et</span> <span class='ocrx_word' id='word_1_572' title='bbox 2209 2667 2423 2728; x_wconf 86' lang='lat' dir='ltr'>efficax</span> <span class='ocrx_word' id='word_1_573' title='bbox 2453 2712 2471 2742; x_wconf 91' lang='lat'>,</span> <span class='ocrx_word' id='word_1_574' title='bbox 2511 2665 2670 2726; x_wconf 90' lang='lat' dir='ltr'>nihil</span> <span class='ocrx_word' id='word_1_575' title='bbox 2714 2663 2957 2736; x_wconf 87' lang='lat' dir='ltr'>efficiet,</span> <span class='ocrx_word' id='word_1_576' title='bbox 3003 2666 3072 2720; x_wconf 90' lang='lat' dir='ltr'>ut</span> <span class='ocrx_word' id='word_1_577' title='bbox 3107 2678 3273 2720; x_wconf 86' lang='lat' dir='ltr'>nuuc</span> <span class='ocrx_word' id='word_1_578' title='bbox 3300 2677 3451 2737; x_wconf 87' lang='lat' dir='ltr'>sup-</span> 
     </span>
     <span class='ocr_line' id='line_1_82' title="bbox 1885 2752 3452 2841; baseline -0.006 -20"><span class='ocrx_word' id='word_1_579' title='bbox 1885 2779 2049 2841; x_wconf 91' lang='lat' dir='ltr'>pono</span> <span class='ocrx_word' id='word_1_580' title='bbox 2078 2805 2100 2835; x_wconf 92' lang='lat'>,</span> <span class='ocrx_word' id='word_1_581' title='bbox 2157 2766 2218 2820; x_wconf 90' lang='lat' dir='ltr'>et</span> <span class='ocrx_word' id='word_1_582' title='bbox 2263 2760 2507 2820; x_wconf 90' lang='lat' dir='ltr'>videtur</span> <span class='ocrx_word' id='word_1_583' title='bbox 2554 2775 2681 2818; x_wconf 87' lang='grc'>8338</span> <span class='ocrx_word' id='word_1_584' title='bbox 2738 2761 2913 2817; x_wconf 89' lang='lat' dir='ltr'>extra</span> <span class='ocrx_word' id='word_1_585' title='bbox 2970 2752 3452 2814; x_wconf 87' lang='lat' dir='ltr'>controversiam</span> 
     </span>
     <span class='ocr_line' id='line_1_83' title="bbox 1886 2846 3450 2934; baseline -0.007 -20"><span class='ocrx_word' id='word_1_586' title='bbox 1886 2854 2093 2934; x_wconf 90' lang='lat' dir='ltr'>quoad</span> <span class='ocrx_word' id='word_1_587' title='bbox 2124 2853 2397 2915; x_wconf 85' lang='lat' dir='ltr'>valorem</span> <span class='ocrx_word' id='word_1_588' title='bbox 2426 2850 2803 2923; x_wconf 89' lang='lat' dir='ltr'>testamenti,</span> <span class='ocrx_word' id='word_1_589' title='bbox 2833 2854 2903 2907; x_wconf 94' lang='lat' dir='ltr'>ut</span> <span class='ocrx_word' id='word_1_590' title='bbox 2928 2846 3047 2908; x_wconf 90' lang='lat' dir='ltr'>tale</span> <span class='ocrx_word' id='word_1_591' title='bbox 3077 2847 3450 2906; x_wconf 87' lang='lat' dir='ltr'>instrumen-</span> 
     </span>
     <span class='ocr_line' id='line_1_84' title="bbox 1889 2937 3450 3019; baseline -0.007 -13"><span class='ocrx_word' id='word_1_592' title='bbox 1889 2951 2023 3005; x_wconf 89' lang='lat' dir='ltr'>tum</span> <span class='ocrx_word' id='word_1_593' title='bbox 2050 2951 2167 3019; x_wconf 89' lang='lat' dir='ltr'>est,</span> <span class='ocrx_word' id='word_1_594' title='bbox 2188 2945 2431 3005; x_wconf 92' lang='lat' dir='ltr'>etiamsi</span> <span class='ocrx_word' id='word_1_595' title='bbox 2454 2944 2529 3004; x_wconf 91' lang='grc'>(18</span> <span class='ocrx_word' id='word_1_596' title='bbox 2549 2942 2820 3003; x_wconf 87' lang='lat' dir='ltr'>efficacia</span> <span class='ocrx_word' id='word_1_597' title='bbox 2838 2939 3175 3001; x_wconf 90' lang='lat' dir='ltr'>voluntatis</span> <span class='ocrx_word' id='word_1_598' title='bbox 3203 2937 3280 2997; x_wconf 91' lang='lat' dir='ltr'>ad</span> <span class='ocrx_word' id='word_1_599' title='bbox 3301 2937 3450 2996; x_wconf 88' lang='lat' dir='ltr'>dan·</span> 
     </span>
     <span class='ocr_line' id='line_1_85' title="bbox 1886 3029 3446 3102; baseline -0.006 -5"><span class='ocrx_word' id='word_1_600' title='bbox 1886 3038 2040 3098; x_wconf 88' lang='lat' dir='ltr'>dum</span> <span class='ocrx_word' id='word_1_601' title='bbox 2068 3037 2417 3096; x_wconf 90' lang='lat' dir='ltr'>dominium</span> <span class='ocrx_word' id='word_1_602' title='bbox 2439 3036 2504 3095; x_wconf 92' lang='lat' dir='ltr'>in</span> <span class='ocrx_word' id='word_1_603' title='bbox 2529 3034 2899 3095; x_wconf 89' lang='lat' dir='ltr'>conscientia</span> <span class='ocrx_word' id='word_1_604' title='bbox 2915 3033 2995 3091; x_wconf 87' lang='lat' dir='ltr'>sit</span> <span class='ocrx_word' id='word_1_605' title='bbox 3012 3029 3446 3102; x_wconf 85' lang='lat' dir='ltr'>controversia,</span> 
     </span>
     <span class='ocr_line' id='line_1_86' title="bbox 1884 3125 3449 3209; baseline -0.006 -17"><span class='ocrx_word' id='word_1_606' title='bbox 1884 3148 2024 3209; x_wconf 74' lang='lat' dir='ltr'>quas</span> <span class='ocrx_word' id='word_1_607' title='bbox 2051 3148 2218 3190; x_wconf 88' lang='lat' dir='ltr'>nunc</span> <span class='ocrx_word' id='word_1_608' title='bbox 2238 3130 2555 3191; x_wconf 86' lang='lat' dir='ltr'>tractanda</span> <span class='ocrx_word' id='word_1_609' title='bbox 2580 3147 2709 3188; x_wconf 93' lang='lat' dir='ltr'>non</span> <span class='ocrx_word' id='word_1_610' title='bbox 2741 3132 2851 3189; x_wconf 90' lang='lat' dir='ltr'>est.</span> <span class='ocrx_word' id='word_1_611' title='bbox 2880 3126 3074 3204; x_wconf 81' lang='lat' dir='ltr'>Magis</span> <span class='ocrx_word' id='word_1_612' title='bbox 3099 3143 3245 3186; x_wconf 90' lang='lat' dir='ltr'>vero</span> <span class='ocrx_word' id='word_1_613' title='bbox 3270 3125 3449 3184; x_wconf 92' lang='lat' dir='ltr'>indu-</span> 
     </span>
     <span class='ocr_line' id='line_1_87' title="bbox 1884 3218 3448 3298; baseline -0.003 -15"><span class='ocrx_word' id='word_1_614' title='bbox 1884 3223 2153 3283; x_wconf 90' lang='lat' dir='ltr'>bitatum</span> <span class='ocrx_word' id='word_1_615' title='bbox 2172 3229 2264 3284; x_wconf 90' lang='lat' dir='ltr'>est</span> <span class='ocrx_word' id='word_1_616' title='bbox 2294 3223 2361 3283; x_wconf 90' lang='lat' dir='ltr'>in</span> <span class='ocrx_word' id='word_1_617' title='bbox 2379 3223 2765 3283; x_wconf 89' lang='lat' dir='ltr'>solemnitate</span> <span class='ocrx_word' id='word_1_618' title='bbox 2779 3219 3131 3298; x_wconf 80' lang='lat' dir='ltr'>praescripta</span> <span class='ocrx_word' id='word_1_619' title='bbox 3159 3236 3268 3297; x_wconf 87' lang='lat' dir='ltr'>per</span> <span class='ocrx_word' id='word_1_620' title='bbox 3294 3218 3448 3278; x_wconf 91' lang='lat' dir='ltr'>Con-</span> 
     </span>
     <span class='ocr_line' id='line_1_88' title="bbox 1881 3311 3441 3395; baseline -0.005 -20"><span class='ocrx_word' id='word_1_621' title='bbox 1881 3316 2094 3375; x_wconf 90' lang='lat' dir='ltr'>cilium</span> <span class='ocrx_word' id='word_1_622' title='bbox 2143 3333 2256 3395; x_wconf 88' lang='lat' dir='ltr'>pro</span> <span class='ocrx_word' id='word_1_623' title='bbox 2302 3315 2698 3375; x_wconf 90' lang='lat' dir='ltr'>matrimonio</span> <span class='ocrx_word' id='word_1_624' title='bbox 2742 3311 3157 3373; x_wconf 78' lang='lat' dir='ltr'>contrahendo</span> <span class='ocrx_word' id='word_1_625' title='bbox 3179 3326 3199 3386; x_wconf 86' lang='lat'>3</span> <span class='ocrx_word' id='word_1_626' title='bbox 3256 3327 3403 3369; x_wconf 91' lang='lat' dir='ltr'>nam</span> <span class='ocrx_word' id='word_1_627' title='bbox 3419 3353 3441 3384; x_wconf 95' lang='lat'>,</span> 
     </span>
     <span class='ocr_line' id='line_1_89' title="bbox 1883 3403 3445 3469; baseline -0.004 -1"><span class='ocrx_word' id='word_1_628' title='bbox 1883 3408 2125 3469; x_wconf 88' lang='lat' dir='ltr'>etiamsi</span> <span class='ocrx_word' id='word_1_629' title='bbox 2171 3406 2602 3467; x_wconf 84' lang='lat' dir='ltr'>contrahentes</span> <span class='ocrx_word' id='word_1_630' title='bbox 2656 3405 2924 3465; x_wconf 86' lang='lat' dir='ltr'>maxime</span> <span class='ocrx_word' id='word_1_631' title='bbox 2982 3403 3176 3463; x_wconf 88' lang='lat' dir='ltr'>velint</span> <span class='ocrx_word' id='word_1_632' title='bbox 3228 3403 3445 3462; x_wconf 91' lang='lat' dir='ltr'>cedere</span> 
     </span>
     <span class='ocr_line' id='line_1_90' title="bbox 1876 3498 3439 3579; baseline -0.004 -19"><span class='ocrx_word' id='word_1_633' title='bbox 1876 3500 2006 3579; x_wconf 85' lang='lat' dir='ltr'>juri</span> <span class='ocrx_word' id='word_1_634' title='bbox 2049 3518 2160 3560; x_wconf 92' lang='lat' dir='ltr'>suo</span> <span class='ocrx_word' id='word_1_635' title='bbox 2206 3505 2269 3560; x_wconf 88' lang='lat' dir='ltr'>et</span> <span class='ocrx_word' id='word_1_636' title='bbox 2315 3500 2495 3561; x_wconf 88' lang='lat' dir='ltr'>aliter</span> <span class='ocrx_word' id='word_1_637' title='bbox 2540 3498 2927 3573; x_wconf 89' lang='lat' dir='ltr'>contrahere,</span> <span class='ocrx_word' id='word_1_638' title='bbox 2965 3514 3092 3556; x_wconf 92' lang='lat' dir='ltr'>non</span> <span class='ocrx_word' id='word_1_639' title='bbox 3128 3500 3439 3575; x_wconf 86' lang='lat' dir='ltr'>poterunt,</span> 
     </span>
     <span class='ocr_line' id='line_1_91' title="bbox 1880 3587 3442 3654; baseline -0.004 -2"><span class='ocrx_word' id='word_1_640' title='bbox 1880 3593 2123 3652; x_wconf 87' lang='lat' dir='ltr'>etiamsi</span> <span class='ocrx_word' id='word_1_641' title='bbox 2161 3610 2238 3654; x_wconf 87' lang='lat' dir='ltr'>ex</span> <span class='ocrx_word' id='word_1_642' title='bbox 2273 3592 2383 3652; x_wconf 88' lang='lat' dir='ltr'>tali</span> <span class='ocrx_word' id='word_1_643' title='bbox 2433 3595 2748 3651; x_wconf 87' lang='lat' dir='ltr'>contractu</span> <span class='ocrx_word' id='word_1_644' title='bbox 2777 3589 2845 3649; x_wconf 91' lang='lat' dir='ltr'>in</span> <span class='ocrx_word' id='word_1_645' title='bbox 2879 3589 2989 3648; x_wconf 87' lang='lat' dir='ltr'>tali</span> <span class='ocrx_word' id='word_1_646' title='bbox 3022 3606 3165 3648; x_wconf 89' lang='lat' dir='ltr'>casu</span> <span class='ocrx_word' id='word_1_647' title='bbox 3195 3587 3442 3646; x_wconf 91' lang='lat' dir='ltr'>nullum</span> 
     </span>
     <span class='ocr_line' id='line_1_92' title="bbox 1878 3679 3445 3764; baseline -0.005 -18"><span class='ocrx_word' id='word_1_648' title='bbox 1878 3690 2238 3764; x_wconf 87' lang='lat' dir='ltr'>sequeretur</span> <span class='ocrx_word' id='word_1_649' title='bbox 2278 3683 2761 3757; x_wconf 90' lang='lat' dir='ltr'>incommodum,</span> <span class='ocrx_word' id='word_1_650' title='bbox 2817 3681 2966 3760; x_wconf 91' lang='lat' dir='ltr'>quia</span> <span class='ocrx_word' id='word_1_651' title='bbox 3008 3679 3311 3758; x_wconf 87' lang='lat' dir='ltr'>generalis</span> <span class='ocrx_word' id='word_1_652' title='bbox 3344 3680 3445 3738; x_wconf 88' lang='lat' dir='ltr'>lex</span> 
     </span>
     <span class='ocr_line' id='line_1_93' title="bbox 1878 3772 3442 3850; baseline -0.004 -12"><span class='ocrx_word' id='word_1_653' title='bbox 1878 3777 1996 3838; x_wconf 92' lang='lat' dir='ltr'>hoc</span> <span class='ocrx_word' id='word_1_654' title='bbox 2021 3794 2147 3836; x_wconf 92' lang='lat' dir='ltr'>non</span> <span class='ocrx_word' id='word_1_655' title='bbox 2177 3776 2544 3838; x_wconf 88' lang='lat' dir='ltr'>considerat.</span> <span class='ocrx_word' id='word_1_656' title='bbox 2578 3775 2745 3835; x_wconf 90' lang='lat' dir='ltr'>Idem</span> <span class='ocrx_word' id='word_1_657' title='bbox 2781 3778 2873 3834; x_wconf 89' lang='lat' dir='ltr'>est</span> <span class='ocrx_word' id='word_1_658' title='bbox 2897 3772 2974 3832; x_wconf 87' lang='lat' dir='ltr'>de</span> <span class='ocrx_word' id='word_1_659' title='bbox 3000 3772 3136 3850; x_wconf 82' lang='lat' dir='ltr'>lege</span> <span class='ocrx_word' id='word_1_660' title='bbox 3161 3772 3442 3831; x_wconf 89' lang='lat' dir='ltr'>irritante</span> 
     </span>
     <span class='ocr_line' id='line_1_94' title="bbox 1878 3862 3443 3940; baseline -0.005 -11"><span class='ocrx_word' id='word_1_661' title='bbox 1878 3868 2348 3928; x_wconf 87' lang='lat' dir='ltr'>matrimonium</span> <span class='ocrx_word' id='word_1_662' title='bbox 2376 3873 2547 3927; x_wconf 90' lang='lat' dir='ltr'>metu</span> <span class='ocrx_word' id='word_1_663' title='bbox 2576 3871 2990 3940; x_wconf 88' lang='lat' dir='ltr'>contractum;</span> <span class='ocrx_word' id='word_1_664' title='bbox 3017 3880 3188 3937; x_wconf 89' lang='lat' dir='ltr'>nam,</span> <span class='ocrx_word' id='word_1_665' title='bbox 3219 3862 3365 3922; x_wconf 91' lang='lat' dir='ltr'>licet</span> <span class='ocrx_word' id='word_1_666' title='bbox 3392 3863 3443 3922; x_wconf 91' lang='lat' dir='ltr'>is</span> 
     </span>
     <span class='ocr_line' id='line_1_95' title="bbox 1878 3955 3442 4037; baseline -0.003 -18"><span class='ocrx_word' id='word_1_667' title='bbox 1878 3960 1988 4037; x_wconf 91' lang='lat' dir='ltr'>qui</span> <span class='ocrx_word' id='word_1_668' title='bbox 2016 3964 2256 4019; x_wconf 90' lang='lat' dir='ltr'>metum</span> <span class='ocrx_word' id='word_1_669' title='bbox 2285 3957 2518 4036; x_wconf 90' lang='lat' dir='ltr'>patitur</span> <span class='ocrx_word' id='word_1_670' title='bbox 2546 3956 2696 4017; x_wconf 91' lang='lat' dir='ltr'>velit</span> <span class='ocrx_word' id='word_1_671' title='bbox 2726 3956 2941 4017; x_wconf 88' lang='lat' dir='ltr'>cedere</span> <span class='ocrx_word' id='word_1_672' title='bbox 2961 3955 3093 4031; x_wconf 89' lang='lat' dir='ltr'>juri</span> <span class='ocrx_word' id='word_1_673' title='bbox 3119 3971 3229 4014; x_wconf 90' lang='lat' dir='ltr'>suo</span> <span class='ocrx_word' id='word_1_674' title='bbox 3253 3958 3315 4013; x_wconf 89' lang='lat' dir='ltr'>et</span> <span class='ocrx_word' id='word_1_675' title='bbox 3338 3972 3442 4014; x_wconf 87' lang='lat' dir='ltr'>va·</span> 
     </span>
     <span class='ocr_line' id='line_1_96' title="bbox 1876 4046 3443 4126; baseline -0.004 -15"><span class='ocrx_word' id='word_1_676' title='bbox 1876 4050 2002 4111; x_wconf 90' lang='lat' dir='ltr'>lide</span> <span class='ocrx_word' id='word_1_677' title='bbox 2049 4049 2437 4124; x_wconf 87' lang='lat' dir='ltr'>contrahere,</span> <span class='ocrx_word' id='word_1_678' title='bbox 2472 4059 2542 4108; x_wconf 90' lang='lat' dir='ltr'>ut</span> <span class='ocrx_word' id='word_1_679' title='bbox 2579 4047 2769 4126; x_wconf 91' lang='lat' dir='ltr'>possit</span> <span class='ocrx_word' id='word_1_680' title='bbox 2814 4046 2978 4106; x_wconf 88' lang='lat' dir='ltr'>licite</span> <span class='ocrx_word' id='word_1_681' title='bbox 3012 4062 3443 4105; x_wconf 88' lang='lat' dir='ltr'>consummare</span> 
     </span>
     <span class='ocr_line' id='line_1_97' title="bbox 1879 4137 3443 4217; baseline -0.005 -13"><span class='ocrx_word' id='word_1_682' title='bbox 1879 4149 1941 4204; x_wconf 88' lang='lat' dir='ltr'>et</span> <span class='ocrx_word' id='word_1_683' title='bbox 1963 4144 2051 4203; x_wconf 91' lang='lat' dir='ltr'>sic</span> <span class='ocrx_word' id='word_1_684' title='bbox 2076 4147 2342 4202; x_wconf 89' lang='lat' dir='ltr'>mortem</span> <span class='ocrx_word' id='word_1_685' title='bbox 2383 4141 2665 4215; x_wconf 85' lang='lat' dir='ltr'>evadere,</span> <span class='ocrx_word' id='word_1_686' title='bbox 2701 4157 2829 4199; x_wconf 93' lang='lat' dir='ltr'>non</span> <span class='ocrx_word' id='word_1_687' title='bbox 2854 4138 3110 4217; x_wconf 88' lang='lat' dir='ltr'>poterit,·</span> <span class='ocrx_word' id='word_1_688' title='bbox 3132 4142 3199 4196; x_wconf 90' lang='lat' dir='ltr'>ut</span> <span class='ocrx_word' id='word_1_689' title='bbox 3240 4137 3443 4198; x_wconf 90' lang='lat' dir='ltr'>verior</span> 
     </span>
     <span class='ocr_line' id='line_1_98' title="bbox 1881 4229 3440 4314; baseline -0.004 -19"><span class='ocrx_word' id='word_1_690' title='bbox 1881 4234 2071 4295; x_wconf 89' lang='lat' dir='ltr'>habet</span> <span class='ocrx_word' id='word_1_691' title='bbox 2089 4235 2321 4314; x_wconf 89' lang='lat' dir='ltr'>opini0,</span> <span class='ocrx_word' id='word_1_692' title='bbox 2344 4251 2533 4312; x_wconf 91' lang='lat' dir='ltr'>quam</span> <span class='ocrx_word' id='word_1_693' title='bbox 2561 4237 2726 4292; x_wconf 87' lang='lat' dir='ltr'>recte</span> <span class='ocrx_word' id='word_1_694' title='bbox 2745 4235 2967 4290; x_wconf 90' lang='lat' dir='ltr'>tractat</span> <span class='ocrx_word' id='word_1_695' title='bbox 2993 4229 3204 4302; x_wconf 69' lang='lat' dir='ltr'>Sanc„</span> <span class='ocrx_word' id='word_1_696' title='bbox 3233 4229 3275 4289; x_wconf 90' lang='lat' dir='ltr'>l.</span> <span class='ocrx_word' id='word_1_697' title='bbox 3301 4231 3340 4288; x_wconf 71' lang='lat'>4</span> <span class='ocrx_word' id='word_1_698' title='bbox 3363 4229 3440 4289; x_wconf 89' lang='lat' dir='ltr'>de</span> 
     </span>
     <span class='ocr_line' id='line_1_99' title="bbox 1878 4321 3440 4405; baseline -0.005 -18"><span class='ocrx_word' id='word_1_699' title='bbox 1878 4327 2178 4401; x_wconf 63' lang='lat' dir='ltr'>Matr-im„</span> <span class='ocrx_word' id='word_1_700' title='bbox 2202 4326 2362 4405; x_wconf 89' lang='lat' dir='ltr'>disp.</span> <span class='ocrx_word' id='word_1_701' title='bbox 2396 4327 2494 4400; x_wconf 71' lang='lat'>⁴8,</span> <span class='ocrx_word' id='word_1_702' title='bbox 2517 4344 2555 4385; x_wconf 90' lang='lat' dir='ltr'>a</span> <span class='ocrx_word' id='word_1_703' title='bbox 2583 4343 2646 4384; x_wconf 93' lang='lat' dir='ltr'>n.</span> <span class='ocrx_word' id='word_1_704' title='bbox 2681 4325 2779 4398; x_wconf 76' lang='lat'>133</span> <span class='ocrx_word' id='word_1_705' title='bbox 2800 4322 2946 4401; x_wconf 87' lang='lat' dir='ltr'>quia</span> <span class='ocrx_word' id='word_1_706' title='bbox 2972 4323 3060 4381; x_wconf 90' lang='lat' dir='ltr'>ita</span> <span class='ocrx_word' id='word_1_707' title='bbox 3086 4321 3333 4399; x_wconf 82' lang='lat' dir='ltr'>expedit</span> <span class='ocrx_word' id='word_1_708' title='bbox 3362 4321 3440 4380; x_wconf 82' lang='lat' dir='ltr'>ad</span> 
     </span>
     <span class='ocr_line' id='line_1_100' title="bbox 1878 4414 3441 4495; baseline -0.005 -16"><span class='ocrx_word' id='word_1_709' title='bbox 1878 4436 2208 4480; x_wconf 90' lang='lat' dir='ltr'>commune</span> <span class='ocrx_word' id='word_1_710' title='bbox 2227 4419 2457 4479; x_wconf 89' lang='lat' dir='ltr'>bonum</span> <span class='ocrx_word' id='word_1_711' title='bbox 2482 4435 2594 4495; x_wconf 89' lang='lat' dir='ltr'>per</span> <span class='ocrx_word' id='word_1_712' title='bbox 2608 4415 2809 4494; x_wconf 81' lang='lat' dir='ltr'>legem</span> <span class='ocrx_word' id='word_1_713' title='bbox 2825 4414 2997 4474; x_wconf 89' lang='lat' dir='ltr'>illam</span> <span class='ocrx_word' id='word_1_714' title='bbox 3027 4414 3362 4485; x_wconf 89' lang='lat' dir='ltr'>intentum,</span> <span class='ocrx_word' id='word_1_715' title='bbox 3380 4419 3441 4472; x_wconf 87' lang='lat' dir='ltr'>et</span> 
     </span>
     <span class='ocr_line' id='line_1_101' title="bbox 1879 4506 3440 4592; baseline -0.006 -19"><span class='ocrx_word' id='word_1_716' title='bbox 1879 4512 2026 4592; x_wconf 88' lang='lat' dir='ltr'>quia</span> <span class='ocrx_word' id='word_1_717' title='bbox 2047 4510 2323 4572; x_wconf 86' lang='lat' dir='ltr'>formalis</span> <span class='ocrx_word' id='word_1_718' title='bbox 2351 4509 2667 4589; x_wconf 89' lang='lat' dir='ltr'>dispositio</span> <span class='ocrx_word' id='word_1_719' title='bbox 2689 4508 2843 4586; x_wconf 84' lang='lat' dir='ltr'>legis</span> <span class='ocrx_word' id='word_1_720' title='bbox 2866 4513 2927 4568; x_wconf 89' lang='lat' dir='ltr'>et</span> <span class='ocrx_word' id='word_1_721' title='bbox 2952 4506 3110 4567; x_wconf 88' lang='lat' dir='ltr'>ratio</span> <span class='ocrx_word' id='word_1_722' title='bbox 3128 4506 3260 4582; x_wconf 88' lang='lat' dir='ltr'>ejus</span> <span class='ocrx_word' id='word_1_723' title='bbox 3283 4523 3440 4565; x_wconf 86' lang='lat' dir='ltr'>sem-</span> 
     </span>
     <span class='ocr_line' id='line_1_102' title="bbox 1881 4597 3442 4684; baseline -0.006 -19"><span class='ocrx_word' id='word_1_724' title='bbox 1881 4623 1993 4684; x_wconf 89' lang='lat' dir='ltr'>per</span> <span class='ocrx_word' id='word_1_725' title='bbox 2018 4604 2314 4678; x_wconf 88' lang='lat' dir='ltr'>subsistit,</span> <span class='ocrx_word' id='word_1_726' title='bbox 2357 4601 2598 4664; x_wconf 85' lang='lat' dir='ltr'>etiamsi</span> <span class='ocrx_word' id='word_1_727' title='bbox 2627 4618 2888 4679; x_wconf 89' lang='lat' dir='ltr'>persona</span> <span class='ocrx_word' id='word_1_728' title='bbox 2912 4600 3019 4659; x_wconf 93' lang='lat' dir='ltr'>illa</span> <span class='ocrx_word' id='word_1_729' title='bbox 3056 4597 3442 4677; x_wconf 88' lang='lat' dir='ltr'>particularis</span> 
     </span>
     <span class='ocr_line' id='line_1_103' title="bbox 1879 4690 3441 4773; baseline -0.005 -16"><span class='ocrx_word' id='word_1_730' title='bbox 1879 4696 2029 4757; x_wconf 90' lang='lat' dir='ltr'>velit</span> <span class='ocrx_word' id='word_1_731' title='bbox 2051 4696 2264 4766; x_wconf 71' lang='lat' dir='ltr'>cedere</span> <span class='ocrx_word' id='word_1_732' title='bbox 2286 4695 2416 4773; x_wconf 89' lang='lat' dir='ltr'>juri</span> <span class='ocrx_word' id='word_1_733' title='bbox 2439 4712 2551 4755; x_wconf 90' lang='lat' dir='ltr'>suo</span> <span class='ocrx_word' id='word_1_734' title='bbox 2579 4698 2830 4773; x_wconf 90' lang='lat' dir='ltr'>propter</span> <span class='ocrx_word' id='word_1_735' title='bbox 2851 4691 3211 4753; x_wconf 86' lang='lat' dir='ltr'>evitandum</span> <span class='ocrx_word' id='word_1_736' title='bbox 3240 4690 3441 4768; x_wconf 89' lang='lat' dir='ltr'>priva-</span> 
     </span>
     <span class='ocr_line' id='line_1_104' title="bbox 1878 4782 3435 4865; baseline -0.003 -17"><span class='ocrx_word' id='word_1_737' title='bbox 1878 4793 2015 4848; x_wconf 90' lang='lat' dir='ltr'>tum</span> <span class='ocrx_word' id='word_1_738' title='bbox 2042 4788 2530 4862; x_wconf 90' lang='lat' dir='ltr'>incommodum,</span> <span class='ocrx_word' id='word_1_739' title='bbox 2561 4785 2730 4865; x_wconf 91' lang='lat' dir='ltr'>quod</span> <span class='ocrx_word' id='word_1_740' title='bbox 2765 4785 2866 4846; x_wconf 88' lang='lat' dir='ltr'>lex</span> <span class='ocrx_word' id='word_1_741' title='bbox 2906 4785 3035 4844; x_wconf 88' lang='lat' dir='ltr'>non</span> <span class='ocrx_word' id='word_1_742' title='bbox 3072 4782 3435 4844; x_wconf 88' lang='lat' dir='ltr'>considerat.</span> 
     </span>
     <span class='ocr_line' id='line_1_105' title="bbox 1962 4875 3443 4960; baseline -0.003 -20"><span class='ocrx_word' id='word_1_743' title='bbox 1962 4884 2059 4943; x_wconf 73' lang='lat'>14.</span> <span class='ocrx_word' id='word_1_744' title='bbox 2097 4879 2685 4960; x_wconf 71' lang='lat' dir='ltr'>objectiones.—Sed</span> <span class='ocrx_word' id='word_1_745' title='bbox 2712 4878 2898 4956; x_wconf 86' lang='lat' dir='ltr'>objici</span> <span class='ocrx_word' id='word_1_746' title='bbox 2920 4881 3140 4956; x_wconf 89' lang='lat' dir='ltr'>potest,</span> <span class='ocrx_word' id='word_1_747' title='bbox 3169 4876 3315 4954; x_wconf 88' lang='lat' dir='ltr'>quia</span> <span class='ocrx_word' id='word_1_748' title='bbox 3341 4875 3443 4935; x_wconf 88' lang='lat' dir='ltr'>lex</span> 
     </span>
     <span class='ocr_line' id='line_1_106' title="bbox 1877 4968 3440 5054; baseline -0.005 -18"><span class='ocrx_word' id='word_1_749' title='bbox 1877 4975 2193 5054; x_wconf 85' lang='lat' dir='ltr'>postulans</span> <span class='ocrx_word' id='word_1_750' title='bbox 2214 4992 2450 5035; x_wconf 89' lang='lat' dir='ltr'>annum</span> <span class='ocrx_word' id='word_1_751' title='bbox 2478 4974 2793 5051; x_wconf 80' lang='lat' dir='ltr'>integrum</span> <span class='ocrx_word' id='word_1_752' title='bbox 2814 4969 3193 5048; x_wconf 90' lang='lat' dir='ltr'>probationis</span> <span class='ocrx_word' id='word_1_753' title='bbox 3216 4968 3294 5028; x_wconf 90' lang='lat' dir='ltr'>ad</span> <span class='ocrx_word' id='word_1_754' title='bbox 3326 4987 3440 5029; x_wconf 91' lang='lat' dir='ltr'>va-</span> 
     </span>
     <span class='ocr_line' id='line_1_107' title="bbox 1879 5061 3440 5145; baseline -0.004 -18"><span class='ocrx_word' id='word_1_755' title='bbox 1879 5065 2182 5127; x_wconf 90' lang='lat' dir='ltr'>liditatem</span> <span class='ocrx_word' id='word_1_756' title='bbox 2209 5064 2602 5145; x_wconf 85' lang='lat' dir='ltr'>professionis</span> <span class='ocrx_word' id='word_1_757' title='bbox 2624 5061 2930 5142; x_wconf 85' lang='lat' dir='ltr'>generalis</span> <span class='ocrx_word' id='word_1_758' title='bbox 2958 5065 3091 5121; x_wconf 88' lang='lat' dir='ltr'>erat</span> <span class='ocrx_word' id='word_1_759' title='bbox 3117 5065 3260 5120; x_wconf 90' lang='lat' dir='ltr'>ante</span> <span class='ocrx_word' id='word_1_760' title='bbox 3286 5062 3440 5121; x_wconf 90' lang='lat' dir='ltr'>Con-</span> 
     </span>
     <span class='ocr_line' id='line_1_108' title="bbox 1879 5150 3439 5233; baseline -0.004 -13"><span class='ocrx_word' id='word_1_761' title='bbox 1879 5158 2092 5220; x_wconf 83' lang='lat' dir='ltr'>cilium</span> <span class='ocrx_word' id='word_1_762' title='bbox 2118 5159 2576 5231; x_wconf 89' lang='lat' dir='ltr'>Tridentinum,</span> <span class='ocrx_word' id='word_1_763' title='bbox 2613 5161 2676 5216; x_wconf 91' lang='lat' dir='ltr'>et</span> <span class='ocrx_word' id='word_1_764' title='bbox 2702 5160 2916 5215; x_wconf 89' lang='lat' dir='ltr'>tamen</span> <span class='ocrx_word' id='word_1_765' title='bbox 2944 5157 3185 5233; x_wconf 88' lang='lat' dir='ltr'>poterat</span> <span class='ocrx_word' id='word_1_766' title='bbox 3214 5150 3439 5232; x_wconf 90' lang='lat' dir='ltr'>aliquis</span> 
     </span>
     <span class='ocr_line' id='line_1_109' title="bbox 1880 5244 3443 5332; baseline 0.002 -20"><span class='ocrx_word' id='word_1_767' title='bbox 1880 5250 2098 5312; x_wconf 90' lang='lat' dir='ltr'>cedere</span> <span class='ocrx_word' id='word_1_768' title='bbox 2117 5251 2249 5332; x_wconf 85' lang='lat' dir='ltr'>juri</span> <span class='ocrx_word' id='word_1_769' title='bbox 2266 5268 2400 5327; x_wconf 90' lang='lat' dir='ltr'>suo,</span> <span class='ocrx_word' id='word_1_770' title='bbox 2419 5255 2481 5314; x_wconf 88' lang='lat' dir='ltr'>et</span> <span class='ocrx_word' id='word_1_771' title='bbox 2493 5247 2767 5314; x_wconf 76' lang='lat' dir='ltr'>cessabat</span> <span class='ocrx_word' id='word_1_772' title='bbox 2786 5244 3048 5314; x_wconf 75' lang='lat' dir='ltr'>irritatio</span> <span class='ocrx_word' id='word_1_773' title='bbox 3064 5265 3081 5313; x_wconf 72' lang='grc' dir='ltr'><strong>ε</strong></span> <span class='ocrx_word' id='word_1_774' title='bbox 3104 5262 3252 5331; x_wconf 76' lang='lat' dir='ltr'>ergo</span> <span class='ocrx_word' id='word_1_775' title='bbox 3275 5244 3443 5316; x_wconf 81' lang='lat' dir='ltr'>idem</span> 
     </span>
     <span class='ocr_line' id='line_1_110' title="bbox 1878 5344 3441 5427; baseline -0.001 -18"><span class='ocrx_word' id='word_1_776' title='bbox 1878 5344 1998 5409; x_wconf 85' lang='lat' dir='ltr'>erit</span> <span class='ocrx_word' id='word_1_777' title='bbox 2011 5345 2078 5405; x_wconf 90' lang='lat' dir='ltr'>in</span> <span class='ocrx_word' id='word_1_778' title='bbox 2091 5363 2478 5427; x_wconf 89' lang='lat' dir='ltr'>quacumque</span> <span class='ocrx_word' id='word_1_779' title='bbox 2489 5348 2676 5408; x_wconf 89' lang='lat' dir='ltr'>simili</span> <span class='ocrx_word' id='word_1_780' title='bbox 2687 5347 2846 5426; x_wconf 88' lang='grc'>1838,</span> <span class='ocrx_word' id='word_1_781' title='bbox 2868 5347 3165 5426; x_wconf 88' lang='lat' dir='ltr'>quamdiu</span> <span class='ocrx_word' id='word_1_782' title='bbox 3184 5347 3314 5426; x_wconf 87' lang='lat' dir='ltr'>ipsa</span> <span class='ocrx_word' id='word_1_783' title='bbox 3336 5367 3441 5408; x_wconf 88' lang='lat' dir='ltr'>ex-</span> 
     </span>
     <span class='ocr_line' id='line_1_111' title="bbox 1874 5440 3444 5522; baseline 0.002 -21"><span class='ocrx_word' id='word_1_784' title='bbox 1874 5456 2081 5522; x_wconf 90' lang='lat' dir='ltr'>presse</span> <span class='ocrx_word' id='word_1_785' title='bbox 2094 5457 2218 5499; x_wconf 90' lang='lat' dir='ltr'>non</span> <span class='ocrx_word' id='word_1_786' title='bbox 2233 5440 2505 5501; x_wconf 86' lang='lat' dir='ltr'>excludit</span> <span class='ocrx_word' id='word_1_787' title='bbox 2518 5442 2677 5502; x_wconf 90' lang='lat' dir='ltr'>hanc</span> <span class='ocrx_word' id='word_1_788' title='bbox 2687 5441 3038 5502; x_wconf 83' lang='lat' dir='ltr'>facultatem</span> <span class='ocrx_word' id='word_1_789' title='bbox 3051 5440 3306 5501; x_wconf 90' lang='lat' dir='ltr'>cedendi</span> <span class='ocrx_word' id='word_1_790' title='bbox 3312 5442 3336 5518; x_wconf 90' lang='lat' dir='ltr'>j</span> <span class='ocrx_word' id='word_1_791' title='bbox 3344 5442 3444 5504; x_wconf 86' lang='lat' dir='ltr'>uri</span> 
     </span>
     <span class='ocr_line' id='line_1_112' title="bbox 1876 5532 3443 5625; baseline -0.004 -26"><span class='ocrx_word' id='word_1_792' title='bbox 1876 5552 2013 5618; x_wconf 81' lang='lat' dir='ltr'>suc,</span> <span class='ocrx_word' id='word_1_793' title='bbox 2043 5549 2325 5625; x_wconf 85' lang='lat' dir='ltr'>expresse</span> <span class='ocrx_word' id='word_1_794' title='bbox 2356 5532 2760 5623; x_wconf 82' lang='lat' dir='ltr'>disponendo,</span> <span class='ocrx_word' id='word_1_795' title='bbox 2789 5538 2859 5594; x_wconf 89' lang='lat' dir='ltr'>ut</span> <span class='ocrx_word' id='word_1_796' title='bbox 2886 5533 3006 5598; x_wconf 83' lang='lat' dir='ltr'>tale</span> <span class='ocrx_word' id='word_1_797' title='bbox 3026 5533 3131 5618; x_wconf 80' lang='lat' dir='ltr'>jus</span> <span class='ocrx_word' id='word_1_798' title='bbox 3155 5550 3282 5596; x_wconf 87' lang='lat' dir='ltr'>non</span> <span class='ocrx_word' id='word_1_799' title='bbox 3305 5549 3443 5616; x_wconf 86' lang='lat' dir='ltr'>pos-</span> 
     </span>
    </p>
   </div>
  </div>
 </body>
</html>
