3976 6219
768 432 902 483 CAP.
937 433 1024 483 XI.
1059 431 1271 483 UTRUM
1300 430 1427 482 LEX
1457 427 1743 480 POENALIS
1776 424 2040 478 OBLIGET
2070 425 2327 477 JUDICEM
2360 427 2443 477 Ao
2475 426 2730 491 POENAM,
2764 432 2899 484 ETC.
3317 427 3433 485 467

239 537 310 592 ut
341 530 649 592 ordinarie
680 530 985 591 committi
1015 531 1191 605 solet,
1242 536 1305 591 et
1356 547 1485 589 non
1531 526 1800 589 excludit
1878 525 2518 589 conscientia—Solet
2551 533 2760 588 autem
2792 530 2923 591 haec
2959 531 3258 610 generalis
3298 532 3438 591 doc-

238 623 690 705 providentiam
718 623 795 684 ad
817 622 1049 683 bonum
1087 641 1416 684 commune
1429 644 1446 698 3
1469 627 1532 682 et
1548 621 1627 682 ad
1651 620 1798 681 alio-
1879 619 2045 679 trina
2079 617 2359 693 limitari,
2397 623 2469 679 ut
2495 620 2701 681 locum
2742 622 2965 684 habeat
3004 625 3070 684 in
3111 624 3436 685 ordinariis

240 736 382 779 rum
411 717 767 796 exemplum
813 716 1226 777 necessarium
1262 722 1375 792 est,
1426 721 1497 776 ut
1535 713 1802 775 sumitur
1873 711 2189 792 judicibus
2228 727 2243 769 τ
2282 730 2408 772 non
2456 720 2667 774 autem
2708 716 2773 775 in
2808 735 3095 796 supremo
3133 719 3433 797 principe,

243 830 316 871 ex
353 810 398 870 l.
444 810 751 890 Quidquid
795 827 957 890 erqo,
991 809 1027 890 ξ
1057 812 1279 885 Poma,
1340 809 1405 871 ff.
1453 809 1529 870 de
1558 808 1665 869 His
1692 804 1802 885 qui
1880 805 1979 866 vel
1996 823 2165 884 rege,
2186 805 2331 883 quia
2357 805 2447 865 illi
2473 805 2713 868 licitum
2733 814 2827 869 est
2852 828 3098 889 poenam
3126 829 3233 871 reo
3272 830 3437 871 com-

240 908 536 963 notantur
563 902 810 979 infam.,
839 898 949 964 ubi
983 903 1145 965 Glos.
1177 903 1349 965 verb.
1386 903 1699 966 Onera-sset
1736 898 1801 959 id
1880 899 2146 960 mittere.
2175 899 2358 959 Docet
2382 900 2451 959 D.
2479 899 2594 960 Th.
2626 903 2685 961 2.
2714 904 2775 977 2,
2797 921 2859 982 q.
2886 905 2988 979 67,
3019 909 3135 965 art.
3162 905 3225 979 4,
3251 921 3436 982 quem

242 1001 437 1057 notat.
1881 990 1988 1051 alii
2017 992 2430 1053 communiter
2472 1000 2837 1072 sequuntur,
2874 1001 2935 1056 et
2976 996 3141 1056 idem
3185 995 3438 1056 tradunt

320 1089 379 1150 6.
417 1087 736 1168 obligatur
749 1088 948 1168 judea
970 1086 1052 1150 ad
1075 1088 1450 1151 statuendam
1478 1091 1663 1149 totam
1675 1102 1804 1165 ρω-
1876 1084 2117 1163 juristae
2149 1084 2215 1144 in
2241 1084 2364 1163 leg.
2401 1086 2602 1150 Nulla
2613 1087 2791 1165 juris
2818 1088 3003 1164 ratio,
3031 1088 3097 1149 ff.
3125 1089 3200 1149 de
3222 1089 3431 1167 Legib.

241 1198 381 1242 nam
408 1182 640 1261 quando
677 1198 842 1244 secus
867 1182 1093 1257 faceret
1136 1184 1342 1243 contra
1355 1180 1469 1258 jm
1509 1179 1700 1254 tertii,
1730 1183 1800 1240 at
1880 1176 2028 1249 Quae
2067 1174 2346 1237 doctrina.
2382 1177 2451 1237 in
2483 1178 2773 1239 exteriori
2797 1180 2932 1240 foro
2958 1180 3134 1241 facile
3153 1182 3439 1242 admitte-

241 1276 309 1336 in
335 1292 514 1353 poena
550 1275 911 1353 pecuniaria
950 1273 1257 1353 applicata
1296 1273 1471 1352 parti
1518 1273 1697 1335 loesoe.
1720 1307 1800 1316 —
1882 1273 2008 1344 tur,
2046 1269 2196 1348 quia
2232 1268 2519 1348 princeps
2545 1270 2801 1351 impune
2833 1272 2898 1334 id
2918 1273 3135 1348 faciet3
3183 1273 3439 1334 inferior

243 1366 418 1427 Circa
445 1366 923 1428 diminutionem
946 1371 1154 1427 autem
1173 1384 1393 1445 poenae,
1414 1364 1673 1425 ulterius
1694 1364 1802 1425 ad·
1817 1378 1850 1409 ο
1882 1366 2092 1423 autem
2111 1362 2302 1441 judex
2322 1362 2533 1442 puniri
2560 1363 2640 1425 ob
2675 1365 2957 1426 eamdem
2987 1383 3233 1427 causam
3266 1373 3440 1445 pote,-

241 1460 609 1521 vertendum
655 1466 748 1522 est
787 1459 1120 1539 aliquando
1162 1477 1289 1520 esse
1331 1475 1580 1538 poenam
1620 1457 1797 1536 legis,
1881 1454 1986 1529 rit,
2021 1455 2075 1516 si
2113 1455 2181 1515 in
2220 1454 2459 1516 casibus
2502 1474 2628 1517 non
2662 1458 2973 1536 permissis
3002 1458 3068 1519 id
3102 1458 3308 1519 faciat.
3358 1460 3440 1519 At

243 1570 381 1630 quae
422 1553 490 1612 in
530 1552 798 1613 aliorum
831 1550 1162 1613 utilitatem
1192 1557 1256 1612 et
1282 1549 1677 1611 commodum
1705 1567 1803 1611 ce·
1882 1565 2030 1607 vero
2062 1548 2128 1607 in
2173 1548 2310 1608 foro
2353 1549 2737 1611 censcientiae
2774 1551 3020 1612 videtur
3059 1551 3323 1611 difficilis
3364 1569 3438 1612 ea

242 1642 355 1720 dit,
382 1650 451 1706 ut
476 1648 570 1706 est
589 1662 773 1724 poena
790 1644 1169 1724 pecuniaria,
1194 1660 1329 1722 quse
1352 1642 1668 1703 interdum
1695 1658 1803 1721 ap-

242 1737 506 1817 plicatur
530 1740 691 1818 parti
734 1737 915 1815 laesae,
957 1737 1271 1799 interdum
1311 1735 1482 1811 flscO,
1514 1736 1614 1796 vel
1640 1737 1797 1797 aliis.

242 1830 592 1910 Aliquando
619 1849 767 1892 vero
789 1848 973 1911 poena
994 1836 1237 1891 tantum
1261 1835 1354 1891 est
1380 1830 1447 1890 in
1463 1829 1801 1891 vindictam

244 1922 321 1982 ad
352 1923 831 1985 satisfactionem
859 1922 1235 2003 reipublicae,
1274 1928 1338 1984 et
1374 1923 1766 2001 praeservatio
1780 1956 1801 1965 -

243 2032 390 2075 nem
412 2015 700 2093 aliorum,
729 2022 800 2077 ut
823 2022 913 2078 est
952 2033 1136 2096 poena
1157 2014 1512 2095 corporalis
1545 2014 1803 2087 Quando

246 2107 441 2185 igitur
493 2126 679 2187 poena
725 2113 815 2171 est
869 2108 1091 2188 prioris
1134 2106 1411 2182 rationis,
1468 2107 1804 2170 intervenit

243 2199 543 2278 obligatio
575 2219 703 2261 non
735 2201 936 2262 solum
983 2200 1160 2279 legis,
1190 2200 1297 2262 sed
1337 2194 1526 2261 etiam
1547 2199 1804 2277 justitiae

244 2292 323 2353 ad
346 2310 472 2354 non
495 2292 965 2354 diminuendam
987 2292 1194 2369 illam3
1217 2292 1380 2373 quod
1404 2292 1675 2354 maxime
1701 2310 1804 2356 ve·

244 2403 384 2446 rum
403 2391 540 2461 -est,
594 2386 646 2446 si
693 2385 832 2446 talis
866 2403 1052 2465 poena
1083 2386 1215 2465 ipso
1258 2386 1420 2447 facto
1439 2388 1560 2464 'per
1601 2385 1804 2465 legem

245 2478 534 2557 imposita
565 2478 645 2538 sit
676 2494 693 2539 ι
724 2495 872 2538 nam
911 2485 1063 2538 tunc
1096 2478 1435 2558 acquiritur
1457 2479 1558 2557 jus
1598 2479 1802 2555 alteri,

245 2570 345 2630 cui
387 2568 527 2630 talis
552 2588 738 2650 poena
765 2588 873 2650 per
909 2570 1113 2649 legem
1150 2570 1455 2650 applicata
1502 2577 1615 2648 est,
1659 2573 1807 2652 quia

243 2669 382 2743 post
408 2662 599 2723 latam
622 2662 992 2724 sententiam
1019 2662 1487 2725 declaratoriam
1505 2664 1803 2741 criminis,

246 2756 458 2817 statim
479 2756 581 2817 lex
607 2756 740 2836 ipsa
766 2755 1058 2817 transfert
1073 2756 1177 2834 jus
1193 2756 1261 2817 in
1288 2756 1508 2835 illum3
1537 2774 1685 2836 ergo
1711 2758 1806 2818 in·

245 2849 487 2928 justitia
516 2847 610 2908 illi
652 2847 748 2923 fit,
788 2848 841 2907 si
862 2847 974 2908 tali
997 2848 1136 2926 jure
1171 2848 1468 2928 privetur.
1500 2850 1670 2911 Idem
1696 2868 1807 2911 au·

248 2948 376 3004 tem
403 2960 533 3004 esse
561 2941 845 3003 existimo
849 2986 870 3017 ,
897 2941 1141 3002 etiamsi
1180 2959 1366 3021 poena
1391 2942 1547 3021 legis
1575 2959 1701 3002 non
1728 2943 1809 3003 sit

248 3035 381 3116 ipso
409 3034 595 3109 facto,
625 3033 772 3114 quia
816 3031 1066 3113 aliquod
1108 3034 1213 3113 J'us
1252 3035 1594 3114 acquiritur
1627 3034 1808 3095 alteri

248 3129 329 3190 ad
370 3126 702 3208 pecuniam
728 3126 924 3201 illam,
951 3132 1013 3187 et
1045 3127 1211 3205 juste
1243 3128 1401 3207 petit
1437 3146 1477 3190 a
1500 3127 1711 3207 judice
1738 3133 1812 3189 ut

250 3221 408 3283 illud
444 3220 561 3282 sibi
601 3225 824 3297 servet,
872 3225 1241 3300 teneturque
1268 3221 1461 3300 Judex
1503 3240 1581 3283 ex
1610 3222 1811 3282 officio

246 3314 502 3376 reddere
528 3315 622 3376 ini
653 3315 756 3395 jus
792 3331 973 3375 suum
987 3336 1005 3389 ;
1050 3332 1202 3393 ergo
1242 3330 1457 3375 contra
1489 3314 1667 3375 illum
1713 3314 1811 3374 in-

241 3408 446 3486 justus
465 3413 577 3483 est,
603 3407 866 3468 sitalem
890 3418 1140 3486 poenam
1175 3407 1231 3468 ei
1256 3424 1382 3467 non
1410 3406 1696 3486 applicet.
1732 3407 1812 3466 At

249 3518 397 3562 vero
424 3499 673 3580 quando
699 3511 884 3578 poena
910 3503 1159 3559 tantum
1179 3503 1269 3559 est
1288 3498 1683 3573 vindicativa,
1702 3513 1812 3558 seu

251 3592 606 3672 corporalis,
625 3603 754 3652 non
782 3591 1103 3653 intercedit
1129 3590 1247 3651 hoc
1274 3606 1469 3670 genus
1492 3590 1811 3670 injustitioe

249 3691 529 3766 respectu
559 3685 751 3761 tertii,
780 3684 1062 3764 quamvis
1087 3697 1272 3764 poena
1304 3684 1646 3745 minuatur.

333 3781 392 3839 7.
416 3778 712 3842 Remissio
741 3788 929 3856 pm
945 3777 1331 3840 vindicativoe
1350 3788 1453 3839 sea
1480 3775 1813 3855 corporalis

250 3871 500 3945 illicita,
529 3871 760 3950 quando
787 3873 994 3931 contra
1029 3881 1327 3931 002an
1355 3869 1587 3930 bomem.
1606 3895 1690 3914 --
1705 3867 1812 3927 Ni-

251 3961 591 4022 hilominus
605 3966 818 4022 tamen
843 3960 1074 4040 duplici
1093 3958 1216 4020 alia
1240 3958 1480 4020 ratione
1505 3957 1661 4019 illud
1683 3976 1811 4019 non

150 4088 158 4091 >
250 4053 411 4116 licet.
432 4055 659 4130 Primo,
680 4054 827 4132 quia
850 4057 942 4113 est
958 4056 1174 4112 contra
1192 4067 1523 4111 commune
1550 4050 1804 4126 bonum,

251 4153 435 4226 atque
461 4147 614 4207 adeo
642 4150 858 4205 contra
880 4142 1143 4221 legalem
1160 4142 1493 4221 justitiam,
1522 4142 1688 4222 quod
1710 4139 1814 4204 de-

250 4240 398 4300 licta
430 4240 727 4299 maneant
753 4234 1083 4315 impunita,
1105 4240 1216 4295 eut
1241 4252 1368 4295 non
1396 4236 1541 4297 satis
1567 4236 1809 4316 punita,

252 4330 400 4408 quia
417 4336 508 4391 est
523 4325 773 4390 moralis
816 4327 1052 4388 occasio
1082 4334 1152 4389 ut
1175 4321 1682 4408 multiplicentur.
1710 4329 1813 4389 Se·-

254 4422 477 4497 cundo,
516 4421 662 4501 quia
699 4420 893 4500 judex
932 4438 1010 4481 ex
1033 4420 1235 4482 officio
1276 4438 1410 4496 suo,
1440 4438 1513 4482 ac
1553 4421 1814 4501 proinde

253 4532 332 4575 ex
355 4514 616 4593 justitia,
650 4517 900 4574 tenetur
917 4513 1235 4575 observare
1255 4512 1423 4592 leges
1433 4514 1654 4592 justas,
1677 4529 1815 4594 quoe

254 4607 334 4667 ad
356 4607 590 4668 bonum
608 4622 935 4667 commune
953 4606 1354 4684 ordinantur3
1382 4606 1511 4667 imo
1532 4611 1596 4667 et
1614 4606 1817 4668 facere

258 4706 320 4762 et
354 4718 686 4780 procurare
708 4704 781 4760 ut
824 4705 1189 4761 serventur:
1219 4696 1322 4760 lex
1346 4706 1580 4775 autem,
1606 4704 1818 4780 quate·

257 4811 376 4853 nus
416 4792 683 4872 imponit
705 4793 938 4872 justam
979 4807 1253 4872 poenam,
1292 4791 1461 4871 justa
1496 4795 1612 4868 est,
1642 4797 1706 4853 et
1737 4790 1818 4852 ed

257 4903 586 4947 commune
633 4885 870 4946 bonum
914 4884 1291 4961 necessaria3
1330 4900 1499 4963 ergo.
1542 4883 1820 4946 Tandem

257 4977 379 5038 dici
400 4983 599 5057 potest
623 4974 965 5058 respublica
994 4976 1311 5056 acquirere
1332 4973 1591 5055 speciale
1606 4976 1711 5056 jus
1749 4977 1819 5037 in

255 5068 445 5131 talem
482 5086 812 5150 personam
853 5069 1338 5149 delinquentem,
1368 5074 1440 5130 ut
1474 5069 1555 5131 ab
1591 5069 1700 5131 illa
1720 5086 1821 5129 su-

257 5165 387 5222 mat
402 5160 637 5239 justam
657 5161 995 5222 vindictam
1021 5180 1037 5220 x
1061 5175 1211 5239 ergo
1232 5176 1361 5220 non
1378 5165 1577 5240 potest
1600 5161 1820 5222 volun-

258 5258 386 5315 tate
402 5253 625 5333 judicis
656 5253 761 5314 illo
772 5254 915 5332 jure
934 5253 1184 5333 privari.

338 5346 400 5407 8.
444 5346 819 5428 Differmtia
854 5347 1242 5410 communiter
1266 5347 1502 5409 tradita
1526 5347 1687 5409 inter
1719 5361 1823 5408 ev·-

253 5454 526 5519 premum
539 5439 808 5518 judicem
839 5443 893 5501 ot
918 5439 1271 5516 inferiorem
1298 5439 1495 5520 quoad
1517 5439 1823 5500 remissio-

255 5547 389 5594 πω
434 5546 629 5612 pm
670 5531 930 5610 licitam
968 5532 1259 5611 difficili-5
1292 5532 1529 5596 videm·
1571 5531 1643 5593 in
1683 5533 1822 5609 soro

1883 1638 2254 1715 differentia,
2290 1644 2352 1701 et
2390 1641 2481 1702 ita
2520 1641 2665 1703 Soto
2692 1662 2878 1723 supra
2916 1643 3339 1706 indifferenter
3360 1643 3437 1705 de

1883 1741 2143 1814 utroque
2163 1732 2460 1814 loquitur,
2484 1735 2634 1815 quia
2654 1735 2754 1797 vel
2778 1742 2873 1797 est
2897 1754 3099 1799 sermo
3128 1736 3205 1797 de
3225 1737 3441 1798 remis-

1881 1827 2055 1887 sione
2078 1844 2154 1887 ex
2176 1824 2303 1887 sola
2320 1828 2636 1889 voluntate
2653 1828 2786 1889 sine
2806 1829 3068 1904 ratione,
3084 1828 3183 1891 vel
3201 1847 3277 1891 ex
3296 1848 3441 1891 cau-

1881 1938 1946 1980 sa
1963 1921 2171 2000 justa:
2199 1919 2370 1999 prior
2385 1920 2606 1982 modus
2629 1921 2820 1982 etiam
2851 1921 3116 2002 principi
3149 1939 3276 1983 non
3297 1922 3441 1985 licet

1881 2013 1950 2073 in
1995 2013 2390 2090 conscientia,
2434 2015 2581 2095 quia
2616 2026 2803 2094 supra
2843 2014 3077 2076 dictum
3113 2020 3204 2076 est
3237 2016 3439 2095 legem

1876 2105 2112 2184 justam
2148 2105 2423 2186 obligare
2469 2107 2812 2188 principem
2850 2108 3056 2187 quoad
3088 2108 3217 2169 vim
3248 2108 3442 2169 direc-

1882 2200 2077 2259 tivam
2098 2214 2118 2277 3
2143 2201 2467 2280 posteriori
2491 2206 2702 2263 autem
2735 2201 2945 2278 modo,
2967 2201 3157 2262 etiam
3186 2202 3443 2264 inferior

1876 2291 2074 2369 judex
2093 2298 2294 2372 potest
2323 2294 2637 2355 interdum
2658 2294 2972 2357 remittere
2995 2312 3244 2374 poenam
3262 2293 3439 2373 legiS,

1884 2388 1957 2444 ut
1977 2390 2153 2446 notat
2167 2386 2378 2447 Glossa
2402 2387 2591 2448 citata
2615 2387 2683 2448 in
2714 2387 2879 2448 dicto
2905 2386 3076 2450 verb.
3107 2388 3440 2462 onerasset,

1886 2482 1949 2539 et
1973 2477 2129 2555 Fel.,
2162 2478 2360 2540 multa
2393 2479 2666 2540 referens
2692 2479 2761 2539 in
2784 2497 2919 2559 cap.
2964 2481 2994 2540 1
3041 2479 3118 2541 de
3158 2480 3442 2556 constit„

1885 2589 1951 2633 n.
1983 2573 2086 2643 49,
2121 2576 2186 2632 et
2214 2571 2482 2633 sumitur
2502 2589 2579 2632 ex
2597 2572 2780 2633 Decio
2800 2571 2980 2649 ibid„
3009 2572 3150 2635 lect.
3178 2574 3241 2648 2,
3262 2590 3441 2633 num.

1887 2664 2002 2725 ult.
2042 2665 2304 2725 Possunt
2345 2666 2515 2726 enim
2553 2680 2868 2729 occurrere
2912 2663 3116 2746 plures
3150 2664 3445 2745 legitimae

1885 2772 2085 2819 causoe
2105 2758 2291 2836 hujus
2309 2757 2704 2835 remissionis,
2718 2759 2944 2838 quibus
2962 2758 3445 2835 occurrentibus,

1879 2849 2193 2928 judicibus
2236 2851 2368 2912 haec
2406 2855 2675 2930 potestas
2718 2851 3157 2927 committitur3
3197 2856 3270 2911 ut
3306 2856 3451 2912 sunt

1887 2949 2035 3005 setas
2052 2944 2130 3004 ad
2147 2942 2543 3005 tolerandum
2561 2958 2811 3023 poenam
2831 2945 3228 3021 insufficiens,
3253 2943 3451 3023 qualis

1890 3052 2018 3097 esse
2053 3041 2255 3116 potest
2282 3041 2566 3097 senectus
2592 3041 2655 3096 et
2674 3038 2961 3117 pueritia,
2988 3044 3059 3098 ut
3093 3043 3266 3118 patet
3299 3055 3376 3098 ex
3400 3037 3445 3098 l.

1888 3131 1957 3190 D.
1977 3128 2241 3192 Adrian.
2249 3174 2270 3205 ,
2283 3128 2350 3189 ff.
2363 3128 2441 3190 de
2452 3131 2660 3190 Term.
2684 3135 2873 3206 motu,
2886 3131 3002 3209 etgl.
3020 3130 3369 3206 Auxilium,
3380 3130 3444 3191 ff.

1890 3221 1965 3282 de
1983 3221 2136 3284 Min.
2165 3223 2253 3284 ibi
2276 3243 2290 3282 z
2315 3221 2392 3288 N
2388 3224 2472 3285 isi
2503 3229 2794 3303 quatenus
2815 3225 3113 3287 interdum
3141 3225 3450 3287 miseratio

1891 3315 2098 3377 celatis
2116 3317 2197 3377 ad
2220 3315 2519 3377 mitiorem
2540 3332 2776 3394 paenam
2789 3316 3058 3395 judicem
3074 3316 3452 3395 peramavit,-

1891 3407 1957 3465 in
2008 3421 2193 3486 poena
2232 3412 2445 3467 autem
2478 3407 2836 3485 pecuniaria
2871 3425 3050 3468 causa
3076 3408 3452 3469 remissionis

1890 3498 2046 3560 solet
2066 3516 2197 3560 esse
2221 3504 2571 3578 paupertas,
2594 3498 2728 3559 inl.
2746 3499 3043 3574 Illioicas,
3063 3498 3101 3579 g
3120 3498 3259 3573 ult„
3283 3498 3350 3558 ff.
3375 3499 3451 3560 de

1890 3589 2081 3651 Offici.
2114 3591 2318 3671 proesi.
2341 3589 2606 3652 Multum
2625 3590 2814 3652 etiam
2850 3590 3041 3651 refert
3066 3591 3287 3652 modus
3311 3609 3452 3672 pro·

1889 3680 2191 3759 bationls3
2221 3699 2391 3759 nam,
2418 3683 2470 3743 si
2488 3700 2632 3745 reus
2654 3699 2782 3744 nan
2809 3688 2902 3743 est
2927 3684 3183 3748 omnino
3210 3685 3455 3744 convic-

1890 3781 2013 3850 tus,
2053 3776 2453 3854 temperanda
2487 3781 2585 3837 est
2606 3793 2811 3856 poena.
2863 3776 3017 3837 Item
3060 3775 3278 3837 modus
3316 3792 3454 3856 pec-

1892 3868 2076 3929 candi
2115 3868 2613 3942 considerandus,
2644 3874 2716 3928 ut
2752 3868 2806 3928 si
2839 3883 2917 3928 ex
2952 3869 3260 3947 passione,
3303 3876 3450 3945 etc„

1892 3960 1936 4023 l.
1963 3959 2302 4036 Absentem,
2333 3959 2401 4021 ff.
2424 3961 2500 4021 de
2522 3961 2695 4020 Poen.
2736 3961 2822 4020 De
2864 3973 2989 4039 qua
3021 3959 3217 4021 videri
3257 3968 3453 4040 potest

1892 4052 2089 4114 Felin.
2115 4053 2183 4113 in
2208 4069 2263 4114 c.
2295 4052 2571 4126 Qualiter
2597 4057 2653 4114 et
2674 4053 2930 4132 quanda,
2960 4055 3022 4128 2,
3045 4053 3120 4114 de
3139 4054 3420 4114 Accusat.
3428 4099 3449 4129 ,

1893 4162 1932 4205 a
1955 4162 2132 4205 num.
2158 4147 2240 4207 29
2253 4160 2274 4223 3
2304 4149 2368 4206 et
2383 4143 2679 4206 latissime
2706 4145 2940 4224 Tiraq.,
2963 4150 3140 4208 tract.
3169 4146 3245 4207 de
3278 4147 3448 4209 Poen.

1890 4243 2235 4317 temperan.

1971 4333 2034 4392 9.
2091 4330 2304 4396 Verum
2329 4330 2653 4393 dison-inm
2680 4329 2839 4393 inter
2857 4330 3192 4411 principem
3214 4336 3271 4394 et
3296 4332 3453 4410 iale-

1891 4424 2116 4484 rim-om
2126 4423 2417 4502 frediani,
2437 4421 2693 4499 facilius
2716 4437 2918 4502 nimpe
2932 4437 3104 4503 posse
3124 4425 3451 4504 indulqere,

1892 4532 2012 4577 non
2027 4527 2142 4594 pro
2167 4533 2327 4578 mero
2358 4511 3175 4594 arbitria—Respondent,
3204 4522 3454 4577 utrum-

1896 4624 2018 4687 que
2053 4606 2308 4686 quidem
2329 4619 2547 4668 verum
2586 4623 2739 4681 esse,
2772 4606 3021 4683 scilicet,
3046 4613 3110 4669 et
3136 4601 3456 4670 inferiores

1892 4699 2131 4779 judices
2148 4715 2324 4778 posse
2335 4698 2520 4778 justis
2538 4715 2615 4759 ex
2633 4697 2830 4760 causis
2854 4704 3197 4778 temperare
3219 4716 3452 4779 poenas,

1900 4797 1961 4853 et
1988 4791 2330 4871 principem
2371 4803 2500 4850 non
2541 4807 2717 4869 posse
2738 4807 2911 4851 mero
2939 4789 3216 4866 arbitrio,
3242 4796 3305 4852 et
3322 4792 3454 4851 sine

1899 4884 2291 4965 ullaprorsus
2309 4897 2496 4945 causa
2517 4882 2840 4962 indulgere
2851 4884 3246 4963 peccantibus
3270 4900 3287 4945 z
3307 4900 3456 4944 nam

1899 4978 2032 5039 sine
2052 4976 2242 5038 dubio
2263 4981 2419 5038 esset
2435 4992 2736 5055 magnum
2751 4974 3105 5055 reipublicae
3121 4990 3456 5037 nocumen-

1899 5074 2058 5131 tum.
2112 5069 2531 5131 Nihilominus
2575 5074 2785 5129 tamen
2834 5067 3081 5147 aliquod
3125 5068 3457 5130 intervenit

1900 5162 2233 5224 discrimen
2252 5184 2270 5237 3
2297 5179 2447 5224 nam
2462 5159 2702 5222 facilius
2719 5160 2835 5221 hoc
2854 5159 3054 5222 facere
3076 5165 3273 5240 potest
3289 5159 3458 5239 prin-

1900 5272 2042 5334 ceps
2060 5265 2250 5334 quam
2262 5253 2469 5335 judex.
2487 5254 2642 5316 Nam
2658 5251 2916 5314 inferior
2933 5252 3133 5313 solum
3146 5251 3208 5313 id
3232 5257 3454 5331 potest,

1899 5345 2002 5406 vel
2022 5345 2091 5406 in
2115 5345 2357 5406 casibus
2376 5345 2520 5424 jure
2542 5343 2863 5425 expressiS,
2890 5344 2991 5406 vel
3021 5344 3460 5405 consuetudine

1901 5437 2184 5520 receptis,
2205 5443 2314 5500 aut
2334 5445 2495 5501 certe
2521 5456 2633 5519 per
2649 5438 2904 5499 modum
2922 5436 3188 5518 epiikiae,
3213 5435 3459 5516 quando

1901 5547 2032 5595 non
2054 5537 2148 5595 est
2166 5531 2366 5595 facilis
2386 5545 2670 5596 recursus
2685 5531 2766 5594 ad
2787 5532 3187 5613 superiorem.
3214 5530 3296 5593 At
3312 5544 3459 5592 vero
