3976 6219
470 518 636 577 serta
659 512 727 575 in
753 526 1004 592 corpore
1036 509 1219 592 juris,
1255 529 1382 593 qua
1409 518 1674 575 utuntur
1708 512 1900 574 etiam
1927 511 2043 574 ali-

471 606 583 687 qui
609 623 686 666 ex
727 604 904 666 dictis
948 604 1328 682 doctoribus,
1367 607 1437 667 in
1485 606 1772 685 praesenti
1797 624 1925 668 non
1950 611 2043 667 aet

471 697 880 774 admittenda,
906 699 1054 778 quia
1071 705 1378 778 repugnat
1398 699 1528 778 juri
1553 699 1850 761 canonico
1873 699 2041 779 quod

470 809 752 872 expresse
767 792 942 853 illam
964 791 1236 854 excludit
1255 792 1325 853 in
1356 792 1630 872 epistolis
1647 792 2038 869 Pontificum,

466 891 544 948 ut
580 884 889 961 vidimus3
927 890 1020 947 est
1062 890 1272 947 autem
1318 884 1536 947 eadem
1571 886 1730 947 ratio
1777 885 1856 947 de
1905 904 2045 947 sen-

383 1050 388 1055 ,
469 977 705 1041 tentiis.
733 979 910 1055 Item,
936 978 1085 1058 quia
1124 995 1202 1039 ex
1247 977 1408 1039 dicto
1445 978 1630 1059 capit.
1664 979 2039 1056 Pastoralie,

471 1076 684 1152 aperte
711 1071 1020 1150 colligitur
1048 1070 1371 1150 epistolam
1393 1070 1763 1134 decretalem
1791 1072 2045 1153 pontifi-

472 1165 658 1243 ciam,
687 1164 932 1227 etiamsi
954 1164 1034 1227 sit
1059 1164 1391 1244 contraius
1425 1158 1780 1242 commune,
1809 1166 2043 1229 habere

471 1258 928 1333 auctoritatem,
966 1257 1290 1337 solumque
1317 1256 1623 1319 limitatur
1649 1256 1835 1319 modo
1856 1275 2047 1339 supra

473 1352 662 1429 dict0,
717 1352 963 1432 quando
1013 1356 1104 1412 est
1137 1356 1354 1413 contra
1383 1350 1486 1432 jus
1514 1369 1846 1413 commune
1878 1370 1894 1410 ε
1931 1369 2044 1413 no-

471 1446 646 1509 mine
679 1450 889 1507 autem
913 1444 1235 1506 decretalis
1275 1445 1464 1507 etiam
1491 1445 1797 1507 sententia
1825 1442 1953 1507 lata
1979 1449 2045 1507 et

472 1540 703 1619 scripta
724 1558 763 1600 a
804 1540 972 1619 Papa
998 1538 1564 1618 comprehenditur,
1594 1543 1666 1599 ut
1699 1556 1915 1600 omnes
1952 1539 2045 1600 fa-

471 1636 707 1708 tentur,
729 1638 793 1693 et
811 1636 1050 1693 constat
1077 1650 1156 1693 ex
1179 1650 1298 1693 usu
1317 1630 1716 1693 decretalium
1737 1648 1758 1709 3
1793 1650 1922 1693 non
1951 1637 2045 1693 est

473 1742 623 1803 ergo
655 1724 926 1788 conditio
971 1724 1330 1803 simpliciter
1358 1724 1700 1786 necessaria
1739 1724 1820 1785 ad
1853 1726 2043 1785 ratio-

473 1836 622 1881 nem
661 1818 846 1896 legis,
887 1816 1054 1897 quod
1101 1818 1408 1879 sententia
1443 1818 1523 1879 sit
1550 1817 1784 1879 inserta
1810 1818 1879 1880 in
1911 1836 2045 1879 cor-

473 1927 625 1993 pore
665 1911 847 1990 juriS‚
891 1910 1036 1971 licet
1072 1910 1152 1971 ad
1183 1910 1746 1991 promulgationem
1786 1911 1942 1990 legis
1981 1916 2047 1973 et

475 2004 557 2065 ad
585 2004 1005 2083 cognitionem
1051 2005 1186 2083 ejus
1226 2004 1424 2085 magis
1463 2004 1776 2085 publicam
1813 2009 1877 2066 et
1913 2022 2047 2067 cer-

473 2097 698 2161 tiorem
723 2097 992 2161 multum
1017 2098 1312 2161 conferat.

555 2192 618 2253 9.
667 2190 1050 2271 objiciuntur
1073 2193 1346 2273 quas-dam
1367 2192 1694 2270 Pontiflois
1717 2192 1894 2256 verba
1913 2210 2059 2278 qm·-

473 2282 755 2349 vidmtur
775 2285 925 2348 aliis
943 2302 1301 2365 repuqnare,
1323 2290 1378 2348 et
1403 2286 2047 2365 explicantm.—Gon-

473 2381 575 2439 tra
599 2377 762 2439 hanc
789 2395 937 2439 vero
963 2377 1408 2439 resolutionem
1427 2378 1612 2457 objici
1635 2386 1892 2459 possunt
1907 2398 2047 2442 ver-

475 2470 560 2535 ba
585 2470 918 2533 Alexandri
945 2473 1022 2533 111
1045 2472 1114 2532 in
1147 2491 1283 2551 cap.
1311 2472 1500 2548 Dicet,
1533 2472 1611 2533 de
1638 2474 1875 2553 Sponsa
1893 2474 2047 2535 duo-

475 2582 620 2629 rum
640 2611 661 2641 ,
720 2565 830 2626 ubi
877 2564 1096 2627 definit
1133 2565 1606 2626 matrimonium
1655 2573 1864 2629 ratum
1917 2586 2047 2628 non

475 2658 726 2721 dissolvi
744 2678 854 2737 per
875 2657 1251 2737 subsequens
1277 2664 1770 2720 consummatum
1790 2705 1811 2735 ,
1837 2666 1914 2721 et
1937 2660 2049 2721 ad-

473 2752 722 2833 jtmgit:
753 2751 1043 2824 Quamvis
1073 2750 1255 2814 aliter
1281 2767 1322 2813 a
1353 2751 1705 2829 quibusdam
1727 2754 2049 2831 praedeces-

477 2843 718 2909 toribus
737 2842 970 2905 nostris
995 2842 1082 2906 sit
1103 2842 1426 2922 aliquando
1439 2842 1809 2920 judicatum,
1834 2844 2051 2925 utique

475 2953 592 3018 per
621 2932 1012 3009 sententiam,
1045 2940 1118 2997 ut
1143 2934 1558 2996 communiter
1587 2935 1832 2999 videtur
1868 2938 2051 3001 intel-

477 3028 592 3107 ligi
617 3042 638 3106 3
659 3044 808 3107 ergo
828 3027 1136 3090 sententia
1158 3027 1474 3089 Pontificis
1489 3046 1618 3090 non
1631 3035 1831 3111 potest
1845 3031 2049 3095 facere

477 3120 686 3202 legem
698 3168 721 3199 ,
770 3139 935 3183 cum0
949 3128 1080 3185 tam
1111 3129 1368 3202 gravem
1408 3140 1683 3185 errorem
1731 3127 2051 3190 continere

480 3213 694 3296 possit.
713 3214 946 3278 Similis
958 3215 1220 3296 objectio
1242 3213 1378 3276 fieri
1388 3220 1590 3295 potest
1607 3235 1686 3278 ex
1703 3235 1760 3280 c.
1789 3219 2022 3294 Quanto
2024 3265 2047 3296 ,

481 3307 559 3370 de
585 3307 900 3385 Divertiis,
936 3308 1046 3371 ubi
1076 3310 1392 3372 Innocent.
1427 3309 1506 3370 111
1531 3309 1708 3372 docet
1733 3312 2051 3374 matrimo-

479 3400 661 3463 nium
711 3400 878 3462 inter
929 3401 1142 3464 fideles
1177 3401 1543 3482 baptizatos
1593 3408 1656 3464 et
1707 3405 2051 3468 catholicos

479 3500 887 3573 contractum,
909 3512 1035 3557 non
1053 3493 1302 3556 dissolvi
1315 3512 1428 3574 per
1441 3494 1728 3557 haeresim
1741 3513 1850 3558 seu
1867 3515 2051 3578 apos-

479 3588 704 3654 tasiam
729 3606 769 3648 a
794 3587 917 3650 fide
945 3586 1198 3650 alterius
1234 3588 1538 3667 conjugis,
1581 3592 1645 3648 et
1685 3587 2047 3670 subiungit:

479 3685 650 3751 Dicet
673 3683 922 3765 quidam
941 3683 1336 3764 proedecosaor
1365 3687 1565 3746 noster
1591 3685 1843 3749 sensim
1867 3687 2052 3750 aliter

480 3776 785 3844 videatur.
829 3776 1004 3851 Quod
1029 3775 1188 3837 dixit
1211 3780 1460 3856 propter
1481 3774 1788 3838 Goelestin.
1820 3778 1900 3840 111
1943 3779 2055 3858 qui

483 3869 868 3935 contrarium
897 3868 1238 3950 respondit,
1264 3874 1338 3930 ut
1363 3869 1432 3931 in
1459 3886 1594 3950 cap.
1635 3869 2048 3949 Laudabilcm,

481 3963 638 4027 alias
681 3967 714 4025 1
761 3964 839 4027 de
883 3964 1171 4028 convers.
1217 3961 1452 4026 infidel.
1490 3962 1642 4025 olim
1681 3961 2050 4043 habebatur,

481 4062 558 4120 ut
581 4058 669 4120 ibi
699 4063 875 4120 notat
901 4057 1132 4135 Glossa,
1155 4063 1217 4120 et
1238 4075 1408 4118 nunc
1437 4055 1702 4118 habetur
1737 4058 1808 4120 in
1836 4059 2053 4122 collec-

480 4150 755 4214 tionibus
779 4151 1036 4214 Antonii
1061 4149 1420 4232 Augustini,
1453 4149 1691 4214 collect.
1725 4153 1788 4230 2,
1822 4152 1920 4215 tit.
1945 4154 2051 4229 23,

483 4265 619 4328 cap.
645 4247 706 4309 2.
885 4271 892 4282 ·

563 4341 664 4402 10.
709 4338 883 4402 Circa
919 4338 1218 4419 primum,
1248 4339 1597 4404 Alexander
1631 4340 1711 4402 111
1738 4357 1867 4402 non
1893 4339 2055 4402 desi-

482 4439 637 4517 gnat
661 4433 770 4515 qui
800 4433 1035 4496 fuerint
1059 4433 1154 4495 illi
1179 4434 1508 4496 Pontifices
1535 4434 1644 4514 qui
1681 4433 1861 4497 aliter
1883 4433 2053 4514 judi-

481 4534 726 4606 carunt,
756 4533 820 4590 et
843 4527 1054 4590 Glossa
1078 4527 1168 4588 ibi
1186 4527 1388 4589 solum
1409 4527 1638 4607 allegat
1661 4527 2053 4588 consuetudi-

479 4640 630 4687 nem
651 4621 988 4702 quamdam
1014 4621 1452 4696 Mutinensem,
1503 4620 1680 4700 cujus
1716 4619 1789 4682 fit
1813 4619 2052 4682 mentio

479 4715 552 4781 in
593 4732 728 4794 cap.
764 4714 880 4776 ult.
910 4713 1188 4794 ejusdem
1214 4713 1404 4793 tituli,
1455 4731 1596 4793 quae
1641 4718 1734 4774 est
1773 4712 2051 4794 imperti-

479 4825 676 4884 nens3
717 4823 868 4868 nam
895 4806 986 4868 ibi
1027 4825 1156 4868 non
1181 4806 1406 4868 dicitur
1439 4806 1616 4869 illam
1659 4805 2051 4868 consuetudi-

479 4921 629 4967 nem
673 4900 863 4964 fuisse
903 4917 1016 4980 per
1042 4899 1314 4980 aliquem
1340 4917 1658 4962 summum
1685 4899 2051 4962 Pontificem

479 4995 908 5078 approbatam.
940 4995 1070 5056 Imo
1093 4993 1386 5056 Innocen.
1413 4995 1492 5056 111
1520 4993 1590 5056 in
1628 4993 1739 5056 illo
1761 5011 1896 5074 cap.
1929 4993 2044 5055 ult.

478 5089 631 5152 dicit
655 5089 852 5166 fuisso
895 5091 1104 5170 contra
1140 5087 1210 5150 id
1239 5087 1394 5166 quod
1425 5089 1610 5151 sentit
1642 5088 1840 5150 sancti
1869 5086 2049 5150 Petri

479 5183 665 5258 sedes,
693 5186 759 5244 et
781 5180 923 5244 ideo
945 5197 1073 5244 non
1094 5199 1416 5262 possumus
1444 5187 1610 5243 certo
1633 5180 1836 5242 dicere
1864 5179 2048 5261 quale

475 5275 665 5340 fuerit
691 5275 847 5337 illud
862 5275 1171 5356 judicium
1188 5274 1438 5338 illorum
1462 5273 1852 5337 Pontificum.
1896 5276 2047 5338 Res-

476 5366 740 5452 ponderi
799 5386 946 5448 ergo
999 5375 1200 5450 potest
1267 5371 1669 5452 supponendo
1726 5369 2046 5450 probabile

475 5480 608 5526 esse
643 5478 820 5543 posse
852 5462 1214 5526 Pontificem
1241 5481 1320 5526 ex
1354 5464 1523 5543 justa
1565 5481 1754 5526 causa
1798 5461 2045 5543 dispen-

472 5571 611 5618 sare
650 5555 722 5618 in
757 5554 1157 5619 matrimonio
1207 5560 1346 5620 rato
1383 5574 1514 5620 non
1561 5560 2039 5635 consummato3

1387 376 1428 393 '‘
1462 410 1580 465 us.
1614 410 1698 465 ιν.
1731 410 1816 465 nn
1845 409 2009 466 mas
2040 408 2329 465 rosum
2358 406 2685 463 monica,

2117 511 2277 573 forte
2324 511 2517 590 igitur
2542 508 2637 569 illi
2662 504 3012 582 Pontifices,
3036 522 3191 585 quos
3222 504 3577 569 Alexander
3613 506 3693 569 111

2118 606 2560 667 commemorat
2570 646 2593 678 ,
2628 618 2759 663 non
2794 604 3043 661 tantum
3085 599 3545 671 sententiando,
3582 607 3698 661 aut

2117 696 2565 779 respondendo,
2590 695 2697 757 sed
2724 694 2914 756 etiam
2944 692 3249 768 faciendo,
3278 692 3695 755 dissolverunt

2118 792 2226 853 illa
2268 789 2691 865 matrimonia,
2740 804 2870 848 non
2904 785 3159 865 quidem
3188 784 3525 864 judicando
3550 787 3697 867 ipso

2116 886 2279 949 facto
2314 884 2565 946 dissolvi
2608 881 2850 961 (stando
2894 880 2964 941 in
2990 880 3119 941 solo
3144 882 3285 960 jure
3310 880 3543 958 divino)
3574 898 3698 961 per

2120 979 2497 1058 subsequens
2542 980 3070 1050 consummatum,
3112 974 3219 1035 sed
3244 974 3589 1052 judicando
3616 973 3699 1033 il·-

2116 1072 2245 1133 lam
2286 1072 2475 1133 fuisse
2512 1086 2765 1131 causam
2796 1067 3208 1129 sufficientem
3244 1066 3325 1128 ad
3354 1066 3535 1127 illam
3566 1067 3698 1127 dis-

2116 1165 2546 1247 pensationem
2589 1160 3077 1237 concedendam;
3125 1167 3189 1222 et
3226 1159 3371 1221 licet
3420 1160 3585 1221 forte
3624 1161 3698 1221 in

2116 1258 2236 1321 hoc
2270 1257 2631 1333 erraverint,
2674 1256 2797 1319 erit
2834 1272 3010 1316 error
3035 1253 3205 1325 facti,
3258 1258 3323 1315 et
3352 1270 3484 1315 non
3507 1254 3693 1332 juris.

2118 1353 2257 1415 Non
2282 1358 2375 1414 est
2402 1357 2611 1413 autem
2636 1348 2973 1413 verisimile
2998 1348 3189 1409 fuisse
3203 1346 3517 1427 judicium
3537 1347 3699 1409 illud

2118 1444 2375 1509 ferendo
2424 1444 2779 1523 generalem
2820 1443 3025 1522 legem
3078 1440 3425 1502 formaliter
3474 1446 3543 1502 et
3588 1457 3703 1502 ex-

2120 1558 2351 1621 presse,
2398 1540 2507 1601 sed
2545 1539 2803 1601 fortasse
2848 1534 3261 1616 dispensando
3304 1552 3451 1595 cnm
3478 1534 3699 1615 aliquo

2119 1633 2373 1713 populo,
2430 1638 2541 1693 aut
2590 1632 2809 1693 saltem
2864 1629 3131 1691 similem
3178 1627 3699 1690 consuetudinem

2122 1726 2353 1787 alicubi
2380 1725 2724 1799 tolerando,
2764 1722 2867 1785 vel
2908 1720 3307 1802 approbando
3335 1737 3353 1781 ε
3396 1738 3549 1781 nam
3574 1721 3699 1783 hoc

2122 1825 2324 1881 totum
2350 1820 2687 1900 pertineret
2726 1816 2807 1877 ad
2832 1833 3106 1877 errorem
3142 1814 3311 1891 facti,
3340 1821 3404 1875 et
3422 1815 3697 1895 particu-

2125 1912 2345 1989 larem,
2381 1912 2447 1973 id
2474 1917 2588 1986 est,
2608 1928 2739 1972 non
2768 1908 3223 1971 redundantem
3252 1907 3320 1967 in
3350 1907 3695 1987 perniciem

2122 2006 2311 2067 totius
2344 2004 2653 2080 Ecclesiae,
2691 2008 2757 2066 et
2802 2003 2941 2065 ideo
2976 2020 3105 2064 non
3152 2006 3461 2082 repugnat
3498 1997 3698 2063 conti-

2207 2196 2275 2255 11
2290 2238 2305 2253 .
2351 2192 2525 2267 Quod
2548 2194 2601 2254 si
2636 2192 2893 2253 fortasse
2922 2189 3227 2269 judicium
3252 2188 3408 2249 illud
3432 2188 3555 2249 fuit
3574 2206 3699 2269 per

2126 2287 2498 2349 sententiam
2524 2286 2717 2347 latam
2756 2286 2827 2345 in
2866 2284 3075 2363 aliqua
3098 2282 3461 2363 particulari
3506 2300 3700 2343 causa

2128 2379 2292 2458 (licet
2318 2380 2383 2440 id
2405 2398 2535 2441 uon
2573 2380 2855 2455 constet),
2880 2377 3212 2439 dicendum
3238 2380 3331 2437 est
3352 2375 3527 2437 illam
3552 2394 3701 2437 sen-

2124 2473 2385 2534 tentiam
2410 2491 2539 2534 non
2558 2472 2749 2534 fuisse
2775 2472 2967 2532 latam
2990 2468 3455 2548 interpretando
3478 2487 3559 2529 ex
3594 2487 3703 2529 ca-

2126 2565 2347 2627 thedra
2380 2567 2485 2644 jus
2513 2566 2821 2640 divinum,
2878 2564 2986 2625 sed
3028 2562 3365 2641 judicando
3408 2564 3485 2624 de
3533 2562 3699 2623 facto

2127 2658 2464 2720 secundum
2498 2658 2857 2738 opinionem
2888 2657 3218 2736 privatam,
3276 2662 3339 2717 et
3380 2657 3521 2718 ideo
3564 2675 3701 2718 non

2127 2753 2395 2832 potuisse
2420 2751 2715 2813 inducere
2744 2748 3099 2830 generalem
3124 2749 3353 2829 legem.
3380 2750 3579 2829 Atque
3603 2751 3703 2811 ita

2126 2845 2458 2925 respondet
2478 2847 2695 2907 Covar.
2718 2846 2757 2905 Ξ
2786 2862 2851 2923 p.
2884 2843 3117 2923 quarti,
3140 2861 3195 2904 c.
3228 2846 3291 2918 7,
3321 2842 3360 2922 5
3394 2845 3455 2919 3,
3485 2862 3553 2903 n.
3586 2846 3693 2904 15.

2126 2938 2265 3000 Non
2318 2944 2409 2999 est
2449 2939 2603 2999 item
2634 2954 2879 2999 necesse
2920 2935 3185 2997 verbum
3223 2936 3277 2998 J
3276 2936 3563 2999 udicandi
3594 2954 3699 2997 re·-

2126 3030 2290 3094 ferre
2338 3032 2419 3093 ad
2470 3031 2843 3093 sententiam
2886 3028 3149 3108 alicujus
3180 3046 3380 3091 causoe
3422 3029 3697 3091 definiti-

2125 3143 2293 3202 vam,
2326 3125 2431 3186 sed
2468 3125 2549 3186 ad
2586 3125 2903 3204 privatum
2938 3123 3263 3204 judicium,
3292 3123 3458 3202 quod
3500 3123 3701 3185 inter·-

2128 3219 2279 3280 dum
2298 3224 2391 3280 est
2416 3235 2528 3298 per
2554 3218 2915 3298 opinionem
2937 3216 3268 3298 privatam,
3294 3221 3357 3278 et
3383 3217 3471 3276 ita
3488 3218 3697 3296 potuit

2128 3313 2485 3391 contingere
2512 3310 2581 3372 in
2609 3311 2731 3372 illis
2753 3309 3176 3372 Pontificibus.
3201 3311 3279 3371 Et
3298 3309 3387 3372 ita
3407 3312 3703 3390 exposuit

2130 3405 2297 3468 Cano
2314 3404 2425 3468 lib.
2458 3405 2499 3465 6
2521 3404 2599 3466 de
2620 3403 2815 3480 Locis,
2846 3421 2978 3484 cap.
3012 3403 3075 3479 8,
3096 3402 3177 3464 ad
3204 3404 3268 3479 3,
3288 3408 3352 3465 et
3372 3403 3696 3482 Bellarm„

2128 3497 2239 3560 lib.
2283 3500 2324 3559 4
2352 3498 2431 3560 de
2470 3498 2734 3582 Roman.
2768 3495 3023 3572 Pontis„
3054 3513 3191 3576 cap.
3225 3498 3327 3573 13,
3378 3495 3447 3558 in
3492 3497 3696 3577 princ.

2130 3592 2261 3652 lmo
2292 3591 2485 3652 etiam
2526 3592 2606 3654 de
2638 3589 2940 3652 Alexand.
2988 3587 3070 3654 111
3116 3588 3265 3651 dicit
3304 3606 3437 3650 non
3476 3590 3703 3652 defini-

2128 3685 2309 3759 visse,
2354 3684 2463 3746 sed
2508 3690 2755 3748 tantum
2804 3684 2960 3764 quid
3004 3683 3259 3746 sentiret
3306 3683 3699 3764 explicuisse,

2130 3776 2285 3838 sicut
2310 3776 2781 3858 praedecessores
2808 3778 2909 3839 sui
2948 3777 3241 3840 fecerant.
3273 3775 3465 3857 quue
3490 3778 3703 3858 colligi

2131 3875 2333 3949 potest
2372 3888 2451 3932 ex
2488 3871 2693 3934 verbis
2736 3871 3018 3952 ejusdem
3066 3869 3367 3934 Alexand.
3396 3871 3469 3932 in
3512 3872 3701 3934 Conc.

2131 3964 2331 4026 Later.
2338 4009 2361 4041 ,
2390 3984 2453 4046 p.
2486 3966 2550 4042 6,
2574 3983 2711 4046 cap.
2744 3967 2807 4043 8,
2836 3965 2948 4026 ubi
2976 3963 3244 4028 habetur
3268 3965 3517 4045 integra
3541 3967 3705 4046 epis-

2130 4057 2279 4135 tola,
2310 4075 2449 4138 quae
2474 4058 2657 4122 valde
2682 4058 3009 4122 familiaris
3038 4065 3154 4136 est,
3197 4060 3356 4121 etin
3392 4077 3467 4122 ea
3496 4060 3702 4122 solum

2132 4151 2281 4215 dicit
2314 4172 2381 4217 se
2422 4153 2581 4218 velle
2624 4154 2865 4236 aperire
2908 4153 3060 4234 quid
3104 4155 3357 4231 sentiat,
3390 4161 3451 4216 et
3478 4160 3702 4233 postea

2131 4263 2261 4308 non
2288 4247 2566 4328 loquitur
2604 4248 2683 4310 de
2708 4247 2887 4310 omni
2930 4247 3335 4310 matrimonio
3376 4252 3531 4323 rato,
3580 4247 3697 4309 sed

2131 4337 2359 4402 multas
2386 4341 2675 4422 adjungit
2710 4340 3200 4404 circumstantias
3244 4345 3310 4404 et
3340 4340 3701 4403 solemnita-

2130 4437 2247 4508 tes»,
2274 4451 2348 4494 ac
2376 4434 2634 4497 taudem
2662 4434 3015 4497 concludit:
3058 4434 3348 4509 Qamvt's
3368 4435 3489 4498 alii
3516 4435 3703 4498 alitor

2129 4525 2417 4604 seutiam,
2448 4529 2633 4592 alitor
2654 4529 2839 4592 etiam
2864 4545 2907 4592 a
2938 4526 3291 4610 quibusdam
3310 4528 3703 4608 proedoomo-

2129 4620 2303 4684 ribus
2326 4621 2555 4684 nostris
2591 4621 2677 4685 ait
2704 4623 3027 4704 aliquando
3040 4622 3416 4701 judicatum.
3450 4621 3597 4698 Sed,
3626 4622 3705 4683 li-

2128 4718 2227 4774 cet
2252 4712 2367 4776 hoc
2392 4713 2553 4778 forte
2584 4713 2676 4776 ita
2698 4714 2767 4776 in
2792 4715 3101 4796 principio
3140 4713 3351 4790 fuerit,
3378 4713 3704 4776 nihilomi-

2128 4825 2248 4868 nus
2270 4813 2599 4888 postquam
2624 4808 2943 4888 responsio
2975 4808 3087 4869 illa
3108 4807 3243 4888 juri
3266 4808 3567 4870 canonico
3590 4827 3705 4888 per

2126 4899 2311 4979 Greg.
2339 4902 2421 4962 IX
2444 4901 2677 4964 inserta
2698 4907 2813 4978 est,
2845 4906 2909 4964 et
2937 4919 3051 4982 pro
3078 4899 3353 4981 generali
3390 4900 3535 4980 lege
3566 4906 3703 4962 tra-

2127 4993 2260 5054 dita
2282 4994 2589 5056 universae
2630 4993 2934 5071 Ecclesiae,
2976 5012 3105 5056 non
3133 5000 3225 5056 aet
3250 4993 3517 5055 dubium
3544 4995 3702 5074 quin

2124 5086 2206 5146 sit
2235 5086 2603 5149 universalis
2630 5104 2703 5150 ac
2727 5103 2878 5148 vera
2912 5086 3037 5165 lex,
3070 5105 3144 5150 ac
3170 5085 3435 5149 subinde
3462 5091 3702 5149 certam

2125 5179 2316 5242 fidem
2336 5180 2523 5243 faciat
2552 5180 2703 5261 quia
2724 5198 2853 5243 non
2893 5187 3094 5261 potest
3120 5180 3581 5244 intolerabilem
3600 5199 3703 5242 er-

2123 5291 2332 5336 rorem
2362 5275 2702 5338 continere.

2205 5369 2305 5430 12.
2350 5367 2634 5431 Secunda
2660 5367 2924 5448 objectio
2955 5368 3156 5449 magis
3174 5367 3453 5450 procedit
3478 5372 3701 5429 contra

2121 5461 2397 5541 priorem
2443 5461 2885 5524 resolutionem
2932 5462 3011 5528 de
3056 5463 3329 5544 epistolis
3373 5460 3701 5524 decretali-

2121 5555 2263 5635 bus,
2320 5563 2509 5640 quam
2558 5563 2774 5622 contra
2816 5556 2981 5622 hanc
3024 5557 3104 5622 de
3148 5557 3496 5637 sententia;
3539 5573 3699 5620 nam
