3976 6219
945 380 1078 432 CAP.
1116 379 1243 432 ΧΠ.
1279 381 1363 432 ΑΝ
1394 379 1497 433 ms
1529 380 1863 433 NATURALE
1895 379 2130 431 MUTAm
2167 381 2287 431 VEL
2322 382 2698 445 DISPENSARI,
2736 382 2868 435 E‘rc.

308 482 575 563 pensatis
617 478 1082 542 infirmitatibus
1126 483 1188 538 et
1231 477 1619 553 utilitatibus,
1669 479 1861 557 possit

306 574 751 636 rationabiliter
781 572 1050 632 obviare.
1091 572 1165 630 Et
1192 570 1535 631 declaratur
1565 589 1603 631 a
1626 571 1811 630 simili
1840 591 1855 630 =

308 669 453 747 quia
482 668 597 726 nisi
624 668 784 743 Papa
816 665 903 724 ita
929 663 1215 724 conderet
1241 663 1406 742 leges
1429 681 1591 737 suas,
1621 669 1690 722 ut
1721 681 1863 723 con-

309 761 548 821 cederet
567 758 878 837 Episcopis
894 757 1249 818 facultatem
1269 758 1334 817 in
1357 757 1445 817 615
1469 756 1865 835 dispensandi

307 853 372 912 in
423 852 662 912 casibus
706 850 1077 925 necessariis,
1130 850 1197 909 10
1240 849 1462 928 quibus
1503 867 1629 908 non
1679 849 1869 927 possit

308 946 488 1020 adiri,
514 944 614 1005 vel
643 943 874 1004 consuli
904 943 1209 1017 Pontifex,
1236 961 1360 1003 non
1388 948 1550 1004 recte
1583 943 1868 1021 provide-

308 1045 402 1098 ret
434 1037 749 1097 Ecclesiae:
777 1042 837 1097 61
857 1037 994 1096 ideo
1015 1055 1089 1096 ex
1109 1036 1225 1096 1106
1253 1036 1552 1115 principio
1570 1035 1869 1112 colligunt

307 1135 586 1191 auctores
616 1131 1028 1190 communiter
1052 1147 1226 1208 posse
1253 1130 1318 1189 10
1347 1130 1445 1189 1115
1473 1129 1713 1188 casibus
1747 1128 1865 1186 dis-

307 1242 566 1303 pensare
611 1223 935 1284 inferiores
983 1223 1051 1282 in
1098 1222 1233 1299 lege
1278 1221 1610 1301 superioris
1642 1243 1659 1295 ;
1719 1237 1866 1297 ergo

306 1317 594 1377 similiter
647 1318 715 1375 in
761 1315 1049 1393 praesenti
1074 1359 1094 1389 ,
1150 1319 1391 1374 servata
1445 1313 1861 1393 proportione.

307 1409 584 1469 Tandem
631 1408 750 1468 1166
797 1408 1034 1467 ratione
1083 1424 1298 1466 omnes
1348 1405 1642 1481 fatentur,
1692 1423 1866 1484 posse

308 1501 526 1561 cadere
562 1500 1132 1579 interpretationem
1171 1500 1232 1558 in
1264 1499 1401 1576 lege
1437 1497 1722 1571 naturali,
1762 1497 1868 1558 sed

310 1594 525 1654 eadem
552 1599 642 1654 est
668 1593 824 1654 ratio
853 1593 927 1652 de
956 1592 1486 1671 interpretatione,
1529 1597 1591 1652 et
1622 1591 1866 1670 dispen-

313 1687 587 1747 satione:
647 1702 793 1746 nam
844 1685 1121 1746 eamdem
1175 1690 1537 1764 potestatem
1583 1684 1863 1762 requirit,

314 1780 461 1859 quia
502 1779 925 1858 interpretatio
964 1777 1316 1839 authentica
1358 1777 1515 1856 legis
1552 1777 1750 1838 solum
1789 1776 1868 1837 ab

315 1878 564 1933 auctore
595 1872 750 1951 legis
787 1872 923 1933 fieri
946 1877 1142 1951 potest
1159 1894 1176 1946 3
1216 1889 1362 1949 ergo
1395 1871 1608 1931 eadem
1629 1871 1868 1931 ratione

313 1966 695 2025 admittenda
723 1971 816 2025 est
844 1964 1237 2043 dispensatio,
1279 1963 1423 2042 quia
1451 1981 1609 2041 saepe
1637 1980 1746 2041 per
1774 1980 1869 2022 so-

310 2055 433 2115 lam
455 2058 1029 2135 interpretationem
1051 2075 1177 2116 non
1197 2061 1397 2135 potest
1412 2055 1869 2116 occurrentibus

311 2148 551 2207 casibus
567 2147 904 2208 subveniri.

391 2241 449 2300 5.
499 2241 778 2303 Secunda
806 2242 1006 2318 opinio
1047 2243 1410 2302 communior
1458 2258 1728 2302 asserens
1759 2241 1873 2318 jus

309 2334 590 2395 naturale
615 2334 683 2394 in
708 2333 873 2393 nullo
901 2339 1194 2412 proeoeplo
1217 2334 1356 2394 tolli
1392 2350 1562 2411 posse
1605 2333 1697 2392 vel
1749 2334 1872 2394 dis·

305 2427 553 2506 pensari
575 2445 685 2505 per
716 2426 1039 2486 humanam
1063 2431 1433 2503 potestatem.
1452 2424 1871 2484 —Nihilomi-

310 2538 428 2579 nus
455 2518 763 2579 contraria
810 2518 1115 2578 sententia
1148 2518 1322 2578 docet
1344 2517 1450 2594 jus
1486 2517 1765 2577 naturale
1802 2517 1870 2575 in

314 2612 487 2672 nullo
525 2630 670 2672 vero
700 2619 1004 2692 praecepto
1054 2628 1165 2670 suo
1212 2610 1366 2683 tolli,
1414 2609 1703 2682 diminui,
1748 2609 1870 2667 dis-

313 2707 580 2784 pensari.
604 2710 713 2766 aut
737 2705 859 2765 alio
881 2704 1067 2765 simili
1092 2704 1274 2763 modo
1301 2720 1476 2781 posse
1506 2701 1734 2761 mutari
1761 2720 1872 2779 per

314 2799 584 2877 aliquam
629 2798 867 2875 legem,
921 2797 1019 2857 vel
1080 2800 1441 2875 potestatem
1504 2794 1865 2856 humanam.

316 2893 456 2953 Hoec
494 2900 584 2953 est
615 2893 744 2952 sine
772 2891 960 2951 dubio
986 2889 1286 2950 sententia
1333 2888 1678 2948 communis
1701 2889 1872 2949 theo·

314 2985 622 3063 logorum,
644 3003 796 3063 quos
820 2984 1006 3044 latius
1033 2983 1369 3044 referemus
1394 2980 1590 3058 capite
1614 2999 1872 3059 sequen-

313 3079 401 3156 ti;
454 3079 761 3159 praecipue
810 3096 958 3139 vero
1003 3078 1073 3139 D.
1120 3076 1370 3137 Thomae
1416 3075 1578 3135 dicta
1613 3092 1675 3153 q.
1730 3075 1868 3149 100,

314 3178 430 3233 art.
464 3174 524 3249 8,
553 3177 614 3232 et
628 3172 761 3231 aliis
786 3172 933 3231 locis
951 3169 1230 3248 allegatis
1259 3169 1458 3248 capite
1483 3167 1871 3247 praecedenti,

315 3271 379 3326 et
403 3265 742 3346 specialiter
764 3265 840 3325 de
862 3266 1047 3342 Papa,
1078 3261 1352 3342 quodlib.
1392 3265 1453 3336 4,
1488 3266 1604 3321 art.
1642 3262 1737 3320 13.
1762 3262 1875 3321 Su-

315 3362 510 3418 mitur
554 3376 628 3418 ex
659 3358 879 3419 Alense
926 3358 963 3416 3
1009 3374 1100 3434 p.,
1142 3373 1203 3434 q.
1249 3357 1351 3429 27,
1389 3353 1619 3414 memb.
1669 3356 1731 3429 4,
1766 3372 1875 3432 per

315 3456 540 3527 totum,
570 3452 714 3512 licet
740 3450 967 3510 memb.
999 3451 1061 3523 2,
1099 3448 1136 3528 ξ
1175 3452 1237 3524 2,
1289 3447 1543 3507 obscure
1587 3446 1874 3526 loquatur

315 3544 393 3605 de
421 3546 832 3606 mutabilitate
886 3544 1040 3622 legis
1080 3542 1400 3616 naturaliS‚
1431 3546 1502 3600 ut
1528 3540 1874 3601 videbimus

315 3640 514 3718 capite
556 3640 855 3718 sequenti.
907 3639 1077 3698 Idem
1126 3636 1404 3698 sentiunt
1445 3634 1717 3712 theologi
1763 3635 1872 3713 qui

314 3733 591 3795 absolute
634 3740 865 3812 negant
913 3736 1140 3812 Papam
1184 3750 1359 3812 posse
1408 3730 1756 3808 dispensare
1805 3730 1872 3791 in

311 3828 449 3906 jure
480 3827 693 3887 divino
718 3848 731 3886 :
756 3845 903 3887 nam
927 3828 1065 3887 siin
1093 3826 1353 3904 positivo
1377 3824 1587 3884 divino
1611 3841 1740 3883 non
1767 3842 1873 3902 po-

313 3927 455 3997 test,
485 3921 680 3981 multo
700 3921 906 3981 minus
921 3922 987 3981 in
1013 3918 1304 3980 naturali.
1332 3918 1476 3997 quia
1505 3921 1566 3979 et
1592 3918 1873 3978 divinum

313 4016 501 4075 etiam
536 4020 624 4074 est
646 4020 708 4074 et
732 4013 1213 4087 immutabilius;
1256 4011 1392 4072 illos
1419 4018 1628 4072 autem
1655 4010 1875 4070 refere-

313 4125 453 4167 mus
494 4108 657 4167 infra
681 4107 999 4167 tractando
1027 4106 1103 4166 de
1129 4105 1265 4181 lege
1307 4105 1538 4181 gratiae.
1581 4104 1874 4181 Expresse

311 4220 462 4263 vero
511 4201 587 4261 de
628 4201 764 4280 lege
791 4199 1064 4260 naturali
1098 4196 1164 4257 id
1188 4195 1378 4255 tradit
1413 4194 1753 4266 AlmainuS,
1798 4192 1875 4251 de

310 4300 531 4375 potest.
589 4294 888 4369 Ecclesiae,
932 4310 1063 4372 cap.
1129 4292 1226 4362 13,
1259 4287 1453 4348 concl.
1507 4290 1565 4360 1,
1603 4290 1665 4345 61
1708 4284 1872 4345 idem

309 4388 499 4448 sentit
542 4387 608 4447 in
640 4389 702 4461 4,
734 4386 874 4446 dist.
926 4387 1024 4460 15,
1055 4404 1116 4463 q.
1149 4386 1210 4459 2,
1246 4386 1363 4441 art.
1406 4383 1466 4440 1.
1521 4379 1689 4439 Idem
1736 4376 1875 4456 Syl-

312 4487 538 4554 vester,
584 4479 774 4541 verbo
806 4480 1007 4557 Papa,
1047 4496 1107 4555 q.
1149 4477 1256 4551 163
1295 4472 1504 4548 Abul„
1540 4471 1732 4531 Exod.
1768 4472 1870 4544 ΞΟ,

313 4593 377 4652 q.
417 4576 494 4634 35
531 4572 609 4632 ad
655 4570 952 4643 medium,
990 4576 1051 4630 et
1079 4567 1368 4647 supponit
1411 4583 1571 4644 saepe
1604 4563 1873 4623 Victoria

312 4665 519 4726 relect.
554 4668 593 4725 2
638 4665 714 4724 de
745 4666 968 4724 Potest.
1003 4663 1205 4741 Papae,
1237 4666 1299 4721 ct
1320 4677 1495 4720 6006.
1525 4674 1545 4734 3
1582 4656 1874 4736 supponit

312 4758 465 4817 item
499 4757 738 4827 Dried0,
768 4756 879 4816 lib.
912 4759 973 4830 Ξ,
1004 4754 1080 4814 (16
1103 4753 1302 4814 Liber.
1337 4751 1589 4825 Christ„
1622 4769 1673 4810 6.
1707 4751 1770 4823 4,
1806 4749 1873 4808 in

313 4850 474 4925 fine3
508 4851 673 4924 Soto,
703 4849 748 4910 l.
775 4852 803 4909 1
832 4848 907 4909 (16
928 4849 1113 4923 Just„
1144 4866 1206 4925 q.
1239 4849 1301 4921 7,
1326 4850 1442 4905 art.
1472 4845 1530 4917 3,
1557 4844 1602 4903 l.
1633 4845 1695 4917 4,
1719 4862 1780 4921 q.
1811 4844 1873 4917 3,

313 4963 370 5003 a.
407 4947 467 5018 1,
506 4943 586 5002 ad
631 4947 689 5017 1,
735 4949 798 5004 61
832 4943 877 5002 1.
921 4944 1017 5018 10,
1056 4960 1119 5019 q.
1164 4943 1224 5016 3,
1257 4944 1374 5000 art.
1412 4940 1476 5013 4,
1506 4937 1569 4997 id
1598 4935 1873 4997 extendit

313 5037 503 5097 etiam
551 5035 631 5095 ad
687 5036 946 5115 speciale
1007 5033 1360 5112 exemplum
1413 5031 1488 5091 de
1539 5029 1875 5099 residentia

312 5130 770 5207 Episcoporum.
803 5129 877 5187 Et
906 5125 1184 5186 moderni
1210 5123 1485 5201 theologi
1530 5120 1875 5181 communi-

311 5225 428 5294 ter,
466 5226 528 5280 61
557 5237 633 5279 ex
665 5219 1035 5298 jurisperitis
1060 5218 1176 5278 1106
1204 5216 1523 5276 105100601
1552 5215 1774 5274 Glossae
1803 5213 1868 5271 in

312 5330 452 5391 cap.
500 5312 660 5375 Sunt
691 5313 924 5392 quidem
961 5313 1065 5386 25,
1096 5329 1158 5390 q.
1190 5312 1251 5385 2,
1283 5327 1392 5388 per
1426 5308 1601 5368 illum
1630 5313 1868 5368 textum

311 5410 375 5465 et
396 5413 778 5483 sequentem,
808 5410 869 5464 ct
896 5403 1103 5464 Glossa
1139 5403 1204 5461 in
1234 5420 1366 5480 cap.
1409 5401 1759 5478 Proposuit,
1793 5400 1869 5461 de

311 5496 589 5557 Concess.
649 5495 923 5556 Praeben.
948 5541 969 5571 ,
1021 5495 1165 5555 11661
1209 5492 1463 5554 obscure
1514 5491 1862 5572 loquantur.

3390 379 3506 440 137

1940 477 2173 539 Clarius
2195 478 2259 538 id
2288 479 2962 542 docentTurrecremat.
2987 481 3348 558 inSumma,
3368 483 3411 545 1.
3437 485 3500 560 3,

1942 590 1995 630 6.
2050 572 2128 630 54
2156 577 2218 630 et
2257 574 2332 632 57
2350 587 2370 648 3
2402 574 2728 647 NavarruS,
2765 574 2976 634 consil.
3026 576 3066 634 4
3107 575 3182 635 de
3210 577 3498 655 Despous.

1944 662 2277 741 impuber.,
2310 683 2376 724 n.
2411 668 2506 738 16,
2540 673 2601 725 61
2635 666 2899 726 sumitur
2930 685 3006 726 ex
3031 667 3244 726 eodem
3272 668 3337 727 in
3366 687 3500 748 cap.

1948 756 2056 815 Ita
2081 759 2493 834 quorumdam,
2518 756 2592 817 de
2611 758 2644 817 J
2653 757 2860 831 udaeiS,
2886 758 3077 819 Gloss.
3109 759 3345 837 penult.
3355 805 3373 834 ,
3398 778 3508 839 per

1947 853 2167 922 totam,
2221 850 2516 910 Covarrus
2566 851 2630 909 in
2671 851 2887 927 regula
2939 852 3276 927 Peccatum,
3316 871 3379 930 p.
3441 855 3502 929 2,

1948 940 1984 1019 ξ
2014 946 2109 1016 11,
2146 960 2211 1001 0.
2243 944 2280 1002 3
2308 950 2369 1002 et
2412 943 2833 1021 sequentibuS,
2874 950 2935 1004 et
2962 944 3028 1003 in
3057 963 3188 1022 cap.
3222 944 3509 1017 Quamvis

1943 1043 2213 1112 pactum,
2244 1039 2271 1095 1
2307 1055 2397 1115 p.,
2428 1035 2548 1114 §4,
2582 1055 2645 1095 0.
2676 1039 2736 1107 6,
2776 1043 2837 1096 61
2866 1039 2931 1096 10
2963 1037 3229 1115 Epitom.
3260 1039 3322 1110 4,
3348 1056 3408 1115 p.
3442 1039 3503 1113 2,

1946 1145 2080 1205 cap.
2122 1130 2180 1201 6,
2216 1128 2252 1207 ξ
2286 1131 2348 1203 9,
2380 1147 2445 1188 0.
2476 1132 2510 1188 3
2537 1150 2551 1187 :
2586 1129 2833 1189 Barbos,
2868 1131 2934 1190 in
2953 1130 3173 1205 Rubr.,
3204 1130 3269 1189 ff.
3299 1130 3508 1190 Soluto

1945 1221 2250 1296 matrim„
2285 1225 2323 1282 2
2374 1242 2465 1302 p.,
2500 1240 2561 1283 n.
2597 1224 2749 1300 1013
2800 1228 2861 1283 et
2906 1223 3140 1283 Albert.
3187 1222 3504 1301 Bolognet.

1945 1319 2124 1374 tract.
2171 1314 2246 1375 de
2282 1315 2492 1393 Legib.
2527 1322 2588 1376 et
2628 1317 2791 1391 100,
2840 1336 2972 1396 cap.
3014 1319 3116 1391 26,
3160 1335 3223 1377 0.
3263 1318 3299 1376 3
3329 1322 3391 1377 et
3416 1335 3509 1376 se-

1947 1407 2300 1486 quentibus.
2352 1410 2428 1468 Et
2481 1407 2644 1468 11606
2695 1411 3069 1470 sententiam
3118 1410 3329 1487 judico
3379 1427 3510 1470 6556

1947 1501 2202 1560 omnino
2229 1518 2463 1575 veram,
2512 1501 2655 1562 licet
2683 1502 2888 1580 quoad
2934 1503 3172 1580 aliquos
3217 1502 3508 1562 articulos

1947 1593 2080 1670 ejus
2106 1594 2294 1672 possit
2315 1612 2442 1655 esse
2474 1595 2548 1656 (16
2571 1595 2931 1656 nominibus
2967 1596 3282 1656 dissensio.

2027 1686 2089 1745 6.
2137 1686 2365 1759 Quibus
2408 1689 2601 1750 modis
2640 1690 2843 1750 cadere
2890 1690 3083 1766 possit
3127 1689 3369 1768 aliquid
3402 1689 3510 1751 sub

1932 1779 2049 1856 jus
2074 1781 2540 1841 naturam—Ut
2574 1799 2721 1858 ergo
2750 1781 3076 1842 veritatem
3110 1781 3382 1842 breviter
3408 1800 3513 1842 ex-

1947 1871 2263 1949 plicemus,
2289 1873 2738 1934 advertendum
2761 1880 2853 1934 est
2879 1874 3089 1934 multis
3117 1875 3315 1934 modis
3335 1893 3510 1954 posse

1948 1963 2184 2042 aliquid
2216 1964 2336 2024 dici
2365 1967 2440 2026 de
2462 1967 2604 2043 jure
2638 1967 2927 2027 naturali.
2961 1968 3201 2028 Primus
3224 1975 3285 2028 et
3315 1969 3481 2029 maxi

1951 2075 2052 2117 me
2088 2059 2372 2136 proprius
2415 2068 2507 2120 est
2537 2060 2785 2137 quando
2828 2059 2929 2120 lex
2978 2061 3182 2138 aliqua
3216 2061 3513 2122 naturalis

1952 2149 2017 2209 id
2049 2151 2349 2229 praecipit,
2400 2157 2462 2210 et
2496 2151 2597 2211 hic
2644 2158 2735 2211 est
2784 2153 3003 2212 modus
3034 2153 3316 2230 proprius
3355 2153 3515 2231 juris

1952 2243 2254 2302 naturalis
2281 2243 2356 2302 de
2387 2262 2511 2322 quo
2542 2262 2655 2303 nos
2692 2250 3047 2304 tractamus.
3084 2243 3178 2303 Ad
3212 2245 3374 2321 quod
3408 2264 3514 2305 ne·

1953 2353 2116 2394 cesse
2140 2342 2232 2395 est
2259 2342 2329 2394 ut
2359 2335 2514 2395 ratio
2536 2336 2835 2396 naturalis
2873 2354 2982 2414 per
3003 2354 3067 2396 se
3096 2341 3365 2414 spectata
3388 2337 3515 2396 dic-

1952 2432 2062 2502 tet,
2085 2428 2317 2506 aliquid
2341 2444 2470 2486 esse
2491 2428 2900 2488 necessarium
2924 2428 3003 2487 ad
3032 2444 3278 2488 morum
3298 2429 3516 2489 hones-

1950 2524 2166 2593 tatem,
2198 2520 2324 2579 sive
2365 2520 2429 2579 id
2459 2519 2648 2580 dictet
2686 2521 2916 2598 absque
2945 2520 3245 2593 discursu,
3284 2520 3412 2580 sive
3441 2538 3517 2580 ex

1949 2612 2080 2687 1110,
2114 2630 2262 2686 000,
2289 2614 2386 2673 vel
2423 2612 2700 2691 pluribus
2717 2633 2735 2685 ;
2766 2612 3102 2672 dummodo
3124 2613 3291 2672 enim
3321 2613 3515 2672 illatio

1950 2722 2194 2782 semper
2236 2705 2317 2765 sit
2362 2706 2723 2780 necessaria,
2776 2723 2996 2783 parum
3030 2705 3148 2765 hoc
3194 2705 3403 2780 refert,
3445 2712 3516 2765 01

1949 2816 2106 2876 saepe
2134 2798 2281 2858 dixi.
2306 2798 2446 2858 Alio
2471 2815 2617 2858 vero
2646 2797 2830 2857 modo
2860 2797 3084 2857 dicitur
3115 2796 3351 2876 aliquid
3388 2815 3514 2858 esse

1951 2892 2027 2952 de
2061 2892 2204 2970 jure
2241 2891 2508 2951 naturali
2554 2890 2755 2951 solum
2790 2891 3172 2970 permissive,
3198 2895 3307 2950 aut
3329 2908 3516 2967 nega-

1952 2985 2099 3058 tive,
2128 2990 2236 3043 aut
2264 2984 2607 3043 concessive
2629 2986 2721 3059 (ut
2750 2984 2835 3042 sic
2860 3001 2957 3042 res
2986 2981 3368 3061 explicetur).
3400 2984 3515 3041 Ta-

1952 3078 2038 3139 lia
2080 3083 2223 3139 sunt
2250 3077 2447 3138 multa
2474 3095 2613 3157 quae
2655 3081 2893 3137 attento
2919 3076 3048 3137 solo
3081 3075 3347 3136 naturali
3376 3075 3514 3153 jure

1954 3172 2124 3232 licita
2152 3176 2316 3244 sunt,
2341 3170 2441 3229 vel
2457 3170 2599 3229 data
2618 3168 2997 3244 hominibus,
3023 3175 3093 3227 ut
3120 3186 3329 3228 rerum
3352 3186 3513 3227 com-

1955 3265 2228 3324 munitas
2256 3308 2276 3338 ,
2328 3262 2655 3322 hominum
2689 3260 2940 3321 libertas
2961 3305 2981 3335 ,
3033 3266 3096 3322 et
3143 3260 3409 3320 similia:
3440 3259 3515 3319 de

1954 3358 2177 3436 quibus
2204 3357 2301 3417 lex
2336 3363 2570 3417 natura}
2593 3375 2719 3417 non
2747 3356 3025 3435 praecipit
3053 3361 3123 3414 ut
3145 3354 3213 3414 in
3251 3370 3322 3413 eo
3354 3358 3514 3411 statu

1952 3458 2358 3529 permaneant
2391 3468 2407 3512 ε
2439 3451 2544 3511 sed
2573 3452 2688 3511 hoc
2717 3449 3011 3528 relinquit
3039 3446 3366 3508 hominum
3398 3445 3517 3503 dis-

1952 3544 2240 3623 positioni
2260 3545 2442 3623 juxta
2478 3545 2733 3604 rationis
2761 3542 3159 3621 exigentiam.
3192 3539 3290 3600 Sic
3316 3543 3518 3618 potest

1952 3637 2076 3697 dici
2117 3637 2362 3697 nuditas
2408 3637 2708 3697 naturalis
2756 3636 3019 3709 homini,
3060 3652 3198 3713 quoe
3248 3632 3313 3691 in
3352 3636 3515 3691 statu

1952 3731 2321 3792 innocentiae
2350 3731 2681 3811 operienda
2707 3748 2834 3791 non
2860 3735 3047 3803 esset3
3075 3728 3141 3787 in
3164 3731 3327 3786 statu
3366 3742 3515 3785 vero

1952 3832 2191 3885 naturae
2237 3825 2421 3904 lapsae
2452 3825 2619 3884 aliud
2642 3824 2831 3883 dictat
2856 3820 3160 3883 naturalis
3194 3818 3373 3879 ratio,
3418 3817 3516 3877 Sic

1954 3919 2143 3979 etiam
2176 3917 2427 3977 libertas
2447 3924 2538 3977 est
2565 3916 2803 3975 homini
2833 3913 3151 3985 naturalis,
3183 3912 3329 3990 quia
3351 3928 3427 3969 ex
3452 3909 3515 3969 vi

1950 4011 2109 4088 juris
2142 4009 2439 4068 naturalis
2467 4009 2636 4067 illam
2681 4006 2889 4078 habet,
2934 4005 3076 4064 licet
3125 4004 3227 4063 lex
3278 4008 3514 4063 naturas

1955 4118 2083 4159 000
2106 4104 2271 4158 vetet
2292 4100 2464 4158 illam
2494 4099 2799 4157 amittere.
2824 4096 2960 4155 Alio
2981 4097 3131 4154 item
3156 4095 3339 4154 modo
3362 4095 3515 4154 dici-

1954 4195 2059 4248 tur
2097 4189 2329 4266 aliquid
2375 4206 2504 4248 esse
2555 4188 2630 4247 de
2653 4188 2796 4265 jure
2823 4195 3083 4260 naturae,
3113 4186 3260 4263 quia
3290 4186 3512 4246 funda·

1955 4286 2236 4341 mentum
2288 4280 2476 4341 habet
2522 4280 2589 4340 in
2630 4278 2976 4340 conditione
3031 4277 3321 4354 naturali,
3373 4279 3515 4339 licet

1953 4395 2082 4436 non
2109 4375 2468 4454 simpliciter
2494 4373 2884 4454 praecipiatur
2915 4372 3057 4448 jure
3084 4370 3376 4445 naturali,
3416 4376 3508 4447 ut,

1953 4469 2155 4529 filium
2197 4468 2517 4529 succedere
2549 4466 2707 4546 patri
2758 4464 2836 4525 ab
2884 4465 3189 4536 1016511110,
3239 4481 3315 4523 ex
3354 4464 3513 4524 libro

1955 4563 2229 4640 Scripw,
2256 4562 2322 4621 in
2356 4560 2465 4621 fin.
2473 4607 2494 4637 ,
2520 4561 2586 4621 ff.
2618 4559 2789 4620 Unde
2817 4557 2997 4618 liberi
3044 4579 3059 4617 ε
3094 4556 3239 4635 quia
3266 4555 3409 4617 licet
3447 4556 3512 4616 id

1953 4675 2081 4717 non
2122 4655 2475 4735 praescribat
2507 4654 2764 4714 omnino
2789 4653 2892 4713 lex
2929 4658 3188 4726 naturae,
3214 4651 3292 4711 ad
3317 4650 3383 4710 id
3409 4650 3511 4708 in-

1954 4749 2165 4824 clinat,
2187 4757 2249 4809 et
2265 4749 2440 4827 quasi
2462 4748 2827 4808 naturaliter
2853 4746 3149 4824 sequitur,
3175 4744 3295 4805 nisi
3314 4743 3513 4804 aliun-

1956 4843 2031 4903 de
2062 4841 2574 4921 impedimentum
2606 4852 2890 4919 ponatur.
2936 4839 3034 4898 Sic
3060 4838 3249 4897 etiam
3274 4834 3512 4896 duobus

1952 4934 2208 4996 testibus
2235 4935 2513 4995 adhiberi
2541 4934 2753 5008 fidem,
2783 4932 2881 4993 vel
2912 4932 3047 4991 illos
3097 4931 3175 4990 ad
3206 4928 3512 5008 probatio-

1953 5025 2466 5089 nemhumanam
2507 5028 2812 5099 sufficere,
2847 5024 2966 5084 dici
3017 5028 3216 5102 potest
3250 5022 3326 5082 de
3376 5022 3512 5099 lege

1954 5128 2211 5196 naturae,
2249 5140 2376 5181 000
2418 5121 2831 5199 praecipiente,
2876 5116 2981 5176 sed
3031 5115 3407 5194 approbante
3449 5118 3512 5173 et

1953 5213 2342 5286 admittente,
2361 5213 2477 5271 nisi
2505 5211 2671 5271 aliud
2701 5229 2777 5270 ex
2805 5206 3167 5287 specialibus
3191 5207 3386 5268 causis
3403 5207 3510 5267 ad-

1952 5307 2134 5366 datur
2146 5306 2245 5365 vel
2262 5305 2631 5382 requiratur.
2658 5304 2770 5363 Hic
2789 5319 2935 5379 ergo
2968 5302 3058 5378 (ut
3086 5300 3236 5377 dixi)
3269 5301 3345 5360 de
3370 5300 3510 5377 jure

1949 5405 2190 5460 naturae
2215 5397 2417 5477 primo
2444 5396 2626 5457 modo
2653 5397 2987 5476 loquimur,
3021 5395 3333 5455 occasione
3362 5410 3508 5453 vero

1950 5494 2460 5571 argumentorum
2513 5489 2785 5552 dicemus
2831 5488 3064 5571 aliquid
3111 5486 3450 5568 posteriori.
