3976 6219
558 421 679 482 470

562 535 649 592 est
676 525 851 588 venia
877 521 1216 601 demqanda
1229 546 1258 593 ,·
1284 528 1345 583 et
1375 521 1543 584 idem
1574 522 1841 583 sumitur
1872 541 1948 584 ex
1976 541 2109 602 cap.

563 620 648 687 Si
679 619 778 681 vir
797 662 818 692 ,
847 615 924 676 de
952 614 1207 693 Cognat.
1241 615 1468 695 spirit„
1499 615 1611 676 ubi
1631 615 1696 675 id
1724 621 1897 676 notat
1917 615 2110 677 Gloss.

562 717 624 774 et
645 709 783 771 ideo
807 708 878 769 in
904 707 1026 784 leg.
1058 707 1291 783 ultim„
1322 709 1387 770 ff.
1415 709 1491 770 de
1514 708 1779 770 Decretis
1797 708 1876 769 ab
1901 709 2116 769 ordine

558 801 878 877 faciendis,
913 800 1139 861 dicitur
1168 819 1417 880 poen·1m
1444 821 1572 864 non
1600 801 1839 880 imponi
1867 806 2120 881 propter

559 899 941 977 ignorantes,
965 894 1071 955 sed
1093 900 1342 974 propter
1359 895 1634 956 scientes.
1664 895 1843 955 Ratio
1866 912 1905 955 a
1925 895 2118 974 priori

562 997 675 1066 est,
715 989 864 1069 quia
892 985 994 1050 lex
1019 989 1186 1067 justa
1224 1007 1350 1049 non
1380 988 1647 1070 imponit
1686 1004 1955 1067 poenam,
1997 988 2119 1048 nisi

559 1090 632 1147 ut
658 1100 906 1163 poenam
927 1098 949 1159 3
984 1081 1091 1143 sed
1112 1080 1318 1142 ablata
1349 1082 1528 1161 culpa
1554 1100 1683 1143 non
1699 1080 1888 1141 habet
1912 1081 2119 1142 locum

560 1196 767 1260 poena,
796 1182 868 1236 ut
896 1193 1081 1255 poena
1103 1190 1125 1253 ;
1156 1193 1304 1253 ergo
1325 1194 1440 1237 1166
1461 1175 1739 1236 debitum
1765 1175 1938 1253 ejus;
1973 1194 2120 1254 ergo

561 1272 702 1332 talis
750 1269 1108 1348 ignorantia
1164 1286 1302 1348 quae
1361 1267 1525 1329 tollit
1581 1268 1827 1347 culpam
1872 1273 2122 1330 excusat

562 1363 816 1425 omnino
846 1381 884 1422 a
910 1380 1114 1442 poena.

641 1458 700 1517 4.
747 1456 971 1517 Statim
1016 1472 1164 1515 vero
1206 1453 1470 1515 occurrit
1513 1452 1808 1515 instantia
1856 1451 1933 1514 116
1980 1451 2119 1531 1636

561 1567 715 1631 pure
743 1549 974 1627 poenali
1002 1564 1022 1625 3
1055 1548 1160 1608 sed
1188 1566 1264 1608 ex
1291 1548 1467 1607 1116116
1495 1547 1562 1606 16
1586 1545 2004 1626 superioribus
2029 1546 2121 1607 fa-

561 1644 678 1704 cile
722 1641 997 1701 solvitur.
1046 1643 1200 1701 Nam
1250 1640 1349 1701 vel
1384 1640 1492 1701 illa
1533 1658 1662 1700 non
1707 1646 1797 1699 est
1843 1640 2121 1717 rigorosa

559 1753 768 1816 poena,
798 1735 904 1793 sed
930 1732 1124 1793 veluti
1156 1752 1293 1811 pars
1329 1732 1681 1810 disjunctivi
1707 1732 2021 1812 praecepti,
2058 1738 2120 1794 et

562 1828 702 1888 ideo
748 1824 979 1885 incurri
1017 1830 1217 1903 potest
1255 1825 1387 1885 sine
1424 1825 1602 1903 culpa
1636 1847 1654 1898 3
1712 1824 1812 1885 vel
1852 1830 1943 1884 est
1981 1825 2121 1886 talis

562 1937 770 1999 poena,
801 1935 937 1996 quae
964 1916 1163 1977 solum
1194 1917 1454 1996 requirit
1480 1917 1727 1995 culpam
1755 1916 2024 1989 civilem,
2059 1922 2122 1977 et

561 2011 867 2090 legalem3
909 2009 1072 2069 unde
1106 2028 1248 2069 cum
1274 2011 1667 2088 proportione
1696 2008 1884 2069 etiam
1914 2011 1983 2069 in
2011 2009 2121 2070 illa

561 2103 769 2165 locum
809 2102 996 2162 habet
1026 2104 1315 2181 praedicta
1353 2102 1591 2180 regula,
1629 2102 1797 2180 quia,
1838 2108 1907 2161 ut
1936 2120 2122 2181 poena

562 2196 672 2256 illa
698 2195 1019 2270 debeatur,
1048 2214 1290 2256 necesse
1309 2201 1495 2256 estut
1520 2194 1827 2275 praecedat
1846 2194 2125 2256 volunta-

563 2288 693 2348 rius
719 2295 918 2362 661116,
948 2288 1048 2348 vel
1070 2288 1319 2349 omissio
1348 2294 1566 2349 contra
1591 2288 1816 2365 legem.
1852 2287 2124 2366 Quapro-

563 2386 703 2460 pter
727 2381 779 2440 si
809 2381 1152 2441 intercedat
1191 2381 1544 2459 ignorantia
1573 2399 1712 2459 quae
1746 2379 1994 2457 culpam
2022 2399 2125 2440 ex-

566 2481 736 2535 cuset
768 2520 787 2549 ,
830 2478 939 2534 aut
985 2491 1276 2535 excusare
1324 2475 1628 2535 sufficeret
1668 2474 1721 2534 si
1762 2480 1933 2534 actus
1970 2480 2127 2536 66661

564 2567 935 2647 prohibitus,
974 2567 1082 2628 illa
1121 2568 1322 2629 reddit
1361 2573 1570 2628 actum
1612 2566 2123 2644 involuntarium,

567 2666 630 2721 et
656 2660 796 2720 ideo
823 2660 1011 2720 etiam
1035 2666 1286 2721 excusat
1310 2660 1481 2721 illam
1511 2678 1782 2739 poenam.
1815 2661 2016 2739 Atque
2046 2661 2127 2722 si-

567 2754 733 2814 milis
760 2753 1075 2832 responsio
1111 2753 1480 2831 applicanda
1506 2758 1597 2813 est
1632 2753 1712 2812 ad
1736 2754 2003 2814 similem
2028 2754 2126 2814 in-

569 2846 883 2919 stantiam,
931 2862 1071 2923 quae
1105 2844 1244 2905 fieri
1281 2849 1482 2923 potest
1519 2845 1596 2906 de
1641 2844 2121 2923 irregularitate,

567 2938 668 3001 vel
696 2938 818 2998 alia
845 2937 1034 2998 simili
1054 2936 1466 3013 inhabilitate,
1497 2937 1746 3018 quando
1771 2956 1898 2998 non
1922 2938 2126 3019 impo-

567 3031 740 3093 nitur
783 3031 896 3091 sub
933 3032 1180 3112 propria
1225 3036 1286 3092 et
1327 3032 1606 3111 rigorosa
1632 3033 1872 3093 ratione
1900 3050 2123 3112 poenae,

568 3126 675 3187 sed
697 3132 948 3207 propter
967 3126 1404 3188 indecentiam.
1427 3128 1600 3187 Tune
1621 3127 1791 3188 enim
1815 3129 2128 3190 excusatio

568 3220 761 3299 culpae
783 3238 911 3280 non
927 3219 1189 3300 impedit
1202 3220 1393 3282 talem
1411 3219 1953 3299 irregularitatem,
1980 3221 2129 3301 quia

568 3333 697 3376 non
733 3320 983 3394 propter
1021 3313 1270 3393 culpam
1287 3363 1308 3387 ,
1360 3314 1464 3376 sed
1492 3321 1741 3394 propter
1764 3315 1969 3394 ipsum
2001 3315 2128 3376 166-

566 3415 705 3469 11116
731 3407 1096 3487 imponitur.
1120 3407 1509 3485 Regulariter
1532 3413 1742 3468 autem
1758 3408 2008 3487 quando
2031 3426 2129 3469 ae-

566 3508 667 3563 tus
695 3507 947 3581 propter
974 3518 1160 3578 quem
1188 3500 1296 3560 illa
1322 3501 1499 3580 quasi
1525 3518 1710 3579 poena
1746 3501 2125 3580 imponitur,

569 3601 661 3656 est
686 3613 838 3674 opus
854 3594 1176 3672 ipsiusmet
1193 3612 1469 3672 personae
1488 3612 1627 3673 quae
1649 3594 1959 3655 defectum
1983 3612 2130 3655 con-

567 3686 783 3760 trahit,
837 3691 1099 3764 oportet,
1152 3691 1224 3745 ut
1268 3686 1348 3746 sit
1395 3686 1488 3745 illi
1539 3686 1948 3762 voluntariuS,
2002 3687 2129 3747 nisi

567 3779 737 3839 aliud
758 3779 826 3837 in
847 3778 984 3856 lege
1011 3778 1391 3857 exprimatur
1415 3800 1429 3838 ε
1457 3779 1771 3841 interdum
1800 3781 1970 3841 enim
1990 3781 2126 3843 sine

566 3870 697 3932 ulla
719 3869 1036 3932 voluntate
1063 3871 1335 3951 propria,
1361 3877 1424 3933 et
1450 3877 1701 3952 propter
1719 3873 1954 3934 factum
1975 3873 2125 3935 alie-

565 3982 720 4026 num
763 3963 1098 4025 incurritur
1148 3965 1567 4045 irregularitas
1595 4015 1612 4041 ,
1675 3985 1813 4046 quae
1862 3986 1991 4029 non
2034 3972 2127 4029 est

562 4076 769 4140 poena.
804 4058 1000 4133 DiceS,
1037 4059 1224 4120 etiam
1247 4060 1437 4121 simili
1462 4059 1647 4120 modo
1674 4059 1827 4121 solet
1847 4060 2126 4140 aliquan-

563 4153 644 4214 do
672 4153 909 4213 incurri
941 4170 1124 4232 poena
1149 4159 1400 4233 propter
1419 4154 1655 4214 factum
1678 4154 1975 4229 alienum,
1997 4171 2126 4215 non

564 4246 842 4308 obstante
870 4246 1225 4325 ignorantia
1260 4248 1392 4325 ejus
1423 4248 1530 4326 qui
1562 4265 1810 4326 poenam
1836 4249 2120 4324 sustinet,

562 4346 634 4402 ut
661 4341 727 4402 in
761 4341 1026 4401 simonia
1059 4344 1318 4400 constat.
1375 4340 1734 4420 Respondeo
1761 4341 1988 4420 primo,
2020 4360 2123 4403 re-

562 4435 775 4515 gulam
802 4433 1066 4511 intelligi
1094 4450 1203 4512 per
1228 4451 1315 4508 se,
1343 4439 1404 4493 et
1421 4433 1541 4493 nisi
1568 4432 1738 4493 aliud
1760 4434 1828 4494 in
1854 4434 1993 4514 lege
2020 4452 2124 4496 ex-

561 4528 890 4609 primatur,
933 4543 1123 4605 quam
1162 4525 1599 4586 limitationem
1632 4544 1912 4605 expresse
1951 4527 2126 4588 addit

562 4623 703 4682 Dec.
736 4621 804 4681 in
827 4620 988 4681 dicto
1017 4637 1150 4698 cap.
1181 4621 1220 4679 2
1248 4619 1324 4679 de
1353 4619 1633 4694 Constit.,
1680 4618 1817 4681 1661.
1852 4623 1914 4696 2,
1957 4639 2023 4683 n.
2058 4624 2118 4683 5.

561 4714 864 4789 Secundo,
893 4713 1016 4774 dici
1046 4718 1247 4792 potest
1268 4712 1456 4773 etiam
1482 4713 1551 4772 in
1578 4729 1652 4773 eo
1689 4731 1835 4774 casu
1862 4732 1988 4775 non
2016 4715 2120 4775 in-

563 4807 731 4867 curri
762 4806 934 4866 illam
962 4823 1211 4884 poenam
1239 4805 1371 4866 sine
1394 4805 1574 4886 eulpa
1608 4806 1888 4886 alicujus,
1920 4813 2014 4884 ut,
2051 4808 2121 4868 in

559 4898 844 4972 simonia,
890 4897 1032 4957 11661
1073 4898 1318 4975 ignoret
1360 4899 1688 4978 accipiens,
1738 4906 1950 4979 peceat
1992 4900 2120 4961 for-

559 4999 718 5053 tasse
751 4991 905 5052 dans
938 4990 1339 5067 beneficium,
1373 4992 1475 5054 vel
1522 4993 1888 5054 intercessor
1934 4995 2122 5055 simo-

559 5086 797 5148 niacuS.
838 5069 1156 5158 Qubmodo
1193 5087 1363 5147 enim
1405 5085 1564 5147 actio
1601 5086 1721 5147 erit
1759 5087 2122 5167 simpliciter

561 5179 897 5240 simoniaca
928 5179 1062 5241 sine
1090 5179 1273 5260 culpa
1290 5179 1589 5259 alicujus?
1613 5182 1785 5241 Tunc
1808 5199 1955 5260 ergo
1982 5200 2119 5262 poe-

561 5293 646 5336 na
685 5273 793 5333 illa
836 5292 961 5334 non
1007 5280 1239 5349 cessat,
1291 5275 1441 5353 quia
1455 5335 1468 5348 ,,
1486 5292 1600 5335 1166
1639 5275 1822 5355 6111116
1862 5276 2117 5337 omnino

562 5370 747 5430 deest.
785 5367 956 5440 Quod
995 5385 1142 5428 vero
1183 5368 1486 5446 redundet
1520 5385 1703 5448 poena
1741 5370 1808 5429 in
1837 5387 1979 5430 eum
2009 5370 2119 5449 qui

560 5478 688 5521 non
714 5464 946 5540 peceat,
991 5468 1082 5519 est
1109 5478 1217 5538 per
1255 5453 1576 5537 accidens-3
1608 5463 1915 5524 redundat
1946 5464 2117 5524 enim

558 5572 686 5614 non
712 5558 784 5614 ut
811 5569 1017 5632 poena,
1049 5552 1156 5613 sed
1187 5558 1260 5614 ut
1284 5549 1785 5633 incommodum,
1836 5557 2001 5636 quod
2023 5562 2117 5617 to-

1457 417 1574 470 Lm.
1613 417 1673 468 V.
1708 417 1790 468 DE
1821 417 2177 470 VARIETATE
2207 418 2417 471 LEGUM
2447 419 2856 474 mummuli.

2193 523 2522 586 lerandum
2552 529 2645 589 est
2671 528 2922 604 propter
2956 539 3287 583 commune
3317 521 3657 595 bonum,
3701 521 3871 600 quia

2195 636 2322 680 non
2354 619 2487 679 sine
2518 637 2702 680 causa
2729 617 3093 696 imponitur.
3123 616 3325 691 Unde,
3359 615 3413 675 si
3445 614 3869 692 continge-

2192 717 2291 774 ret
2334 712 2569 790 aliquid
2618 710 2819 771 simile
2873 709 3112 788 imponi
3162 726 3276 788 per
3318 708 3549 786 legem
3631 708 3865 767 etiam

2198 803 2630 882 ignorantibus
2674 801 2964 863 omnibus
3003 801 3113 880 qui
3167 801 3235 861 in
3287 800 3459 860 facto
3508 801 3867 860 interve-

2197 897 2404 971 niunt,
2435 915 2508 957 ac
2538 895 2800 957 subinde
2840 898 3113 955 cessante
3153 894 3329 953 omni
3366 893 3622 971 culpa,
3692 900 3861 954 tunc

2198 988 2453 1051 haberet
2480 988 2686 1050 locum
2707 987 3035 1061 limitatio;
3083 985 3367 1065 quamvis
3395 986 3643 1046 etiam
3678 991 3853 1045 tunc

2197 1082 2321 1142 diei
2343 1088 2543 1161 posset
2564 1081 2737 1142 illam
2755 1098 2883 1140 non
2901 1078 3139 1158 imponi
3158 1083 3231 1137 ut
3258 1095 3563 1156 poenam,
3610 1077 3757 1137 sed
3780 1086 3855 1138 ut

2198 1174 2546 1235 remedium
2577 1174 2657 1234 ad
2691 1172 2995 1234 tollendas
3022 1171 3391 1246 occasiones,
3426 1170 3549 1231 vel
3585 1170 3704 1230 ad
3751 1173 3849 1231 in-

2199 1266 2542 1328 decentiam
2568 1266 2913 1340 vitandam,
2944 1266 3104 1325 sicut
3128 1264 3362 1324 dictum
3397 1268 3512 1324 est
3540 1263 3647 1323 de
3678 1263 3846 1324 irre

2198 1360 2530 1438 gularitate
2574 1378 2699 1420 non
2743 1358 2994 1439 poenali.
3037 1358 3115 1417 Et
3153 1357 3240 1418 ita
3280 1357 3350 1416 in
3386 1357 3647 1434 rigore
3702 1375 3841 1417 non

2201 1453 2319 1513 erit
2363 1452 2653 1513 limitatio
2691 1452 2943 1532 regulae,
2986 1468 3127 1529 quae
3171 1450 3247 1510 de
3288 1449 3574 1529 propria
3621 1468 3841 1529 poena

2198 1543 2494 1623 loquitur.

2282 1640 2341 1699 5.
2388 1639 2632 1700 Dictum
2658 1636 2931 1716 requlam
2948 1656 3066 1699 non
3093 1642 3282 1699 tenere
3309 1636 3381 1697 iu
3406 1637 3834 1713 iquos-antia

2186 1730 2362 1810 juris
2389 1731 2633 1808 quidam
2656 1730 2918 1792 sentiunt
2947 1730 3132 1807 falso.
3162 1761 3246 1774 —
3269 1728 3413 1802 Sed,
3456 1726 3635 1787 lieet
3688 1728 3831 1788 haec

2198 1823 2416 1900 regula
2438 1823 2504 1882 in
2529 1822 2681 1883 facti
2703 1823 3054 1900 ignorantia
3082 1822 3517 1883 communiter
3548 1828 3826 1900 recepta

2203 1917 2282 1977 sit
2309 1917 2376 1976 in
2409 1922 2669 1995 utroque
2701 1916 2857 1987 foro,
2884 1916 3291 1977 nihilominus
3317 1915 3387 1975 in
3413 1915 3823 1993 ignorantia

2197 2009 2355 2087 juris
2381 2009 2568 2069 habet
2590 2008 2956 2069 nonnullam
2979 2009 3454 2070 dubitationem.
3484 2010 3674 2068 Nam
3700 2008 3821 2068 ali·

2202 2103 2310 2181 qui
2327 2109 2605 2163 auctores
2628 2102 2901 2163 absolute
2915 2112 3150 2181 negant
3170 2103 3331 2163 hanc
3348 2104 3815 2180 ignorantiam

2204 2214 2518 2257 excusare.
2563 2198 2655 2257 Ita
2680 2197 2866 2257 sentit
2891 2198 3052 2258 Scot.
3090 2198 3158 2256 in
3186 2198 3260 2269 4,
3293 2196 3355 2256 d.
3390 2198 3466 2271 6,
3519 2215 3593 2275 q.
3626 2198 3715 2270 8,
3748 2202 3809 2255 et

2203 2290 2451 2348 Turrec.
2484 2288 2551 2347 in
2577 2307 2627 2349 6.
2666 2288 2917 2363 Quibus,
2956 2289 3034 2350 de
3066 2290 3345 2361 consec„
3388 2287 3451 2348 d.
3496 2290 3572 2362 4,
3627 2307 3702 2347 n.
3737 2289 3797 2360 8,

2206 2380 2315 2458 qui
2340 2381 2630 2440 videntur
2651 2381 2921 2439 maxime
2943 2380 3117 2460 loqui
3139 2381 3213 2441 116
3235 2382 3616 2457 ignorantia
3628 2381 3798 2457 juris

2205 2473 2498 2547 humani,
2544 2472 2793 2551 quando
2835 2472 2998 2532 cadit
3030 2475 3100 2534 in
3134 2479 3343 2534 actum
3381 2473 3792 2551 prohibitum

2203 2567 2343 2645 jure
2384 2566 2617 2640 divino,
2658 2565 2759 2625 vel
2802 2565 3097 2640 naturali,
3141 2584 3329 2645 quam
3372 2566 3605 2625 dicunt
3657 2584 3789 2624 non

2209 2677 2500 2721 excusare
2545 2675 2792 2737 poenam
2835 2657 2989 2737 legis
3039 2659 3341 2720 humanae.
3398 2658 3789 2719 Generalius

2205 2771 2351 2813 vero
2373 2753 2645 2831 loquitur
2671 2752 2832 2814 Glos.
2871 2753 2939 2811 in
2970 2771 3108 2833 cap.
3136 2753 3249 2815 ult.
3281 2751 3358 2811 de
3386 2752 3671 2812 verbor.
3705 2753 3784 2812 si·

2206 2845 2391 2923 gnis„
2414 2845 2484 2905 in
2508 2845 2574 2921 6,
2596 2845 2767 2906 verb.
2801 2845 3095 2919 scientos,
3137 2864 3217 2907 ex
3250 2845 3447 2924 regul.
3480 2848 3563 2906 13
3585 2846 3780 2924 juris,

2207 2939 2274 2999 in
2298 2941 2337 3000 6
2365 2959 2378 3000 :
2406 2939 2776 3018 Iynorantia
2802 2939 2984 3016 sacti,
3030 2940 3335 3019 nonjflris
3367 2944 3624 3001 mm.
3665 2939 3780 2998 Ni-

2205 3031 2544 3092 hilominus
2567 3031 2785 3109 regula
2809 3031 2952 3091 data
2978 3050 3121 3092 cum
3148 3032 3529 3113 proportione
3555 3032 3769 3112 appli-

2207 3131 2364 3200 cata,
2409 3126 2598 3186 etiam
2634 3126 2700 3186 in
2740 3126 3092 3204 ignorantia
3131 3126 3292 3206 juris
3318 3125 3522 3187 locum
3540 3125 3761 3200 habet,

2207 3225 2279 3278 ut
2305 3218 2428 3280 late
2452 3219 2720 3280 ostendit
2746 3220 2977 3294 Castro,
2998 3218 3043 3279 l.
3072 3222 3097 3278 1
3127 3219 3202 3279 de
3225 3220 3373 3297 Leg.
3399 3236 3593 3298 poen.,
3614 3238 3665 3280 6.
3702 3223 3758 3294 1,

2206 3311 2287 3373 611
2307 3311 2445 3387 fin„
2462 3318 2525 3373 et
2545 3312 2590 3372 1.
2613 3314 2676 3387 2,
2692 3331 2749 3372 6.
2778 3314 2875 3374 14.
2901 3313 3053 3373 [tem
3073 3313 3260 3373 sentit
3275 3313 3421 3373 Soto
3443 3313 3511 3372 in
3529 3314 3593 3387 4,
3615 3311 3673 3373 11.
3698 3315 3757 3387 3,

2208 3421 2267 3465 6.
2299 3405 2363 3479 9,
2402 3410 2463 3465 61
2490 3405 2570 3465 611
2599 3406 2703 3480 22,
2749 3423 2812 3484 q.
2845 3410 2904 3482 1,
2949 3423 3008 3467 6.
3043 3406 3129 3482 23
3172 3405 3422 3466 Covarr.
3462 3404 3531 3465 in
3563 3405 3750 3483 regml.

2209 3499 2548 3574 possessor,
2578 3517 2644 3579 p.
2670 3502 2730 3573 2,
2757 3499 2878 3579 gt,
2908 3517 2975 3559 n.
3009 3503 3067 3560 7.
3100 3501 3175 3560 Et
3199 3498 3546 3560 declaratur
3567 3499 3753 3560 brevi-

2212 3595 2304 3651 ter
2326 3591 2394 3651 in
2415 3592 2583 3652 hune
2613 3593 2867 3653 modum
2895 3608 2912 3652 ε
2954 3610 3103 3653 6616
3135 3592 3442 3653 contraria
3464 3593 3751 3653 sententia

2210 3683 2308 3744 vel
2327 3684 2624 3745 fundatur
2645 3685 2711 3745 in
2734 3685 2853 3746 boe
2874 3685 3041 3765 quod
3063 3684 3419 3763 ignorantia
3431 3685 3589 3763 juris
3604 3704 3749 3745 nun-

2207 3796 2395 3857 quam
2424 3784 2516 3840 661
2547 3780 2949 3857 invincibiIiS,
2992 3779 3093 3841 vel
3138 3780 3207 3840 in
3243 3780 3361 3840 hoc
3398 3781 3582 3859 quod,
3619 3780 3746 3841 licet

2206 3870 2284 3931 sit
2310 3871 2710 3949 invincibilis,
2742 3891 2870 3934 non
2897 3877 3150 3935 excusat
3170 3890 3209 3933 a
3227 3889 3451 3953 poena3
3475 3881 3744 3934 neutrum

2207 3963 2327 4025 dici
2352 3971 2552 4045 potest
2581 3988 2595 4027 :
2631 3985 2802 4045 ergo.

2288 4060 2347 4120 6.
2392 4059 2596 4120 Minor
2622 4060 2825 4139 quoad
2863 4060 3136 4141 priorem
3166 4064 3405 4138 partem
3436 4056 3589 4118 elasa
3624 4064 3738 4132 est,

2205 4155 2510 4229 quantum
2537 4158 2767 4231 spectat
2788 4153 2869 4214 ad
2887 4155 2986 4233 jus
3011 4151 3346 4232 positivum
3374 4152 3733 4228 humanum;

2203 4244 2330 4305 imo
2371 4245 2560 4307 etiam
2598 4247 2800 4325 quoad
2841 4246 3124 4307 divinum
3163 4244 3515 4325 positivum.
3563 4245 3717 4318 Nam,

2201 4337 2346 4398 licet
2363 4337 2615 4400 fortasse
2633 4339 2702 4399 in
2719 4339 2836 4400 hoc
2852 4339 3051 4400 rarius
3068 4338 3387 4416 contingat
3406 4337 3725 4416 ignorantia

2202 4429 2616 4510 inculpabilis,
2651 4438 2864 4494 tamen
2899 4450 3102 4512 neque
3142 4437 3486 4512 repugnat,
3516 4449 3621 4491 nec
3656 4430 3730 4490 vi·

2204 4525 2386 4584 detur
2424 4543 2555 4586 esse
2595 4527 2785 4587 nimis
2828 4545 2970 4588 rara
3018 4526 3183 4586 inter
3227 4525 3509 4586 homines
3548 4524 3728 4585 rudes.

2203 4618 2362 4691 Quin
2380 4619 2585 4697 potius
2605 4621 2792 4681 etiam
2809 4620 2884 4680 de
2898 4620 3044 4698 jure
3066 4618 3360 4693 naturali,
3386 4618 3732 4678 ostendimus

2200 4730 2387 4790 supra
2411 4712 2723 4774 interdum
2765 4713 3039 4791 ignorari
3069 4710 3512 4773 invincibiliter
3553 4712 3731 4790 quoad

2200 4803 2437 4884 aliquas
2485 4805 2906 4867 conclusiones
2922 4851 2943 4881 ,
2984 4824 3122 4884 quae
3164 4823 3275 4884 per
3319 4821 3384 4865 se
3430 4809 3577 4865 notai
3616 4822 3729 4864 non

2198 4901 2366 4958 sunt.
2390 4899 2464 4958 Et
2479 4898 2638 4959 ratio
2657 4900 2939 4959 omnium
2958 4904 3071 4973 est,
3097 4900 3246 4978 quia
3268 4914 3427 4976 saepe
3445 4897 3613 4957 homo
3630 4915 3729 4976 per

2202 5008 2268 5051 se
2291 5009 2418 5050 non
2447 4990 2613 5051 valet
2636 4991 2955 5053 scientiam
2986 4991 3272 5052 omnium
3309 4995 3723 5069 praeceptorum

2200 5084 2513 5163 consequi,
2540 5089 2602 5145 et
2624 5085 2960 5163 interdum,
2983 5104 3054 5146 ac
3072 5103 3230 5165 saepe
3254 5085 3441 5146 etiam
3464 5082 3725 5145 deficiunt

2199 5176 2565 5252 occasiones,
2610 5178 2710 5239 vel
2750 5179 3242 5259 opportunitates
3278 5178 3359 5239 ad
3400 5194 3725 5255 comparan-

2198 5270 2342 5331 dam
2386 5269 2559 5330 illam
2600 5272 2910 5347 notitiam,
2951 5272 3084 5333 sine
3123 5271 3394 5331 hominis
3428 5269 3589 5348 culpa
3622 5278 3721 5330 aut

2197 5365 2538 5441 voluntate,
2560 5366 2708 5445 quia
2726 5385 2854 5427 non
2872 5366 3092 5428 habuit
3111 5366 3277 5426 1111116
3312 5370 3421 5424 6111
3446 5364 3717 5443 quomodo

2199 5460 2568 5521 excitaretur
2615 5461 2693 5520 ad
2732 5462 2902 5522 illam
2949 5461 3232 5522 notitiam
3276 5457 3711 5539 procurandam.

2197 5555 2368 5615 Dices
2401 5568 2418 5614 z
2457 5553 2601 5614 licet
2634 5554 2793 5616 forte
2837 5554 2979 5616 talis
3015 5552 3371 5632 ignorantia
3419 5550 3713 5631 aliquando
