3976 6219
516 386 636 444 274

517 510 659 554 vem
685 490 874 551 habet
915 489 1261 552 materiam.
1313 489 1484 551 Idem
1522 491 1826 568 contingit
1849 490 1918 551 in
1946 508 2079 551 ma-

516 585 676 646 teria
710 583 1005 644 castitatis
1032 590 1095 644 et
1125 582 1504 643 fortitudinis
1533 629 1555 659 ,
1601 588 1673 643 ut
1708 587 1968 644 constat.
2012 581 2078 643 Si

517 695 665 738 vero
705 675 797 736 illi
838 682 1117 738 auctores
1147 675 1506 755 intelligunt
1544 675 1717 737 illam
1753 675 2079 736 materiam

521 789 650 831 esse
697 788 952 849 gravem
977 815 998 846 ,
1051 788 1189 849 quae
1238 769 1455 830 saltem
1495 770 1724 830 virtute
1774 773 2081 848 repugnet

522 864 850 938 charitati,
892 862 979 923 sic
1005 881 1152 924 vera
1177 868 1269 923 est
1313 863 1657 937 sententia,
1706 861 1855 940 quia
1894 878 2080 922 omne

521 962 840 1037 peccatum
876 955 1138 1017 mortale
1167 962 1260 1017 est
1281 962 1494 1015 contra
1525 955 1889 1015 charitatem
1902 999 1923 1029 ,
1961 953 2080 1014 sal-

520 1058 652 1113 tem
670 1051 923 1125 virtute,
946 1068 1055 1112 seu
1071 1049 1356 1110 ultimate
1376 1071 1396 1124 ;
1426 1055 1637 1110 tamen
1664 1067 1793 1109 non
1816 1048 2081 1108 deservit

520 1143 602 1206 ad
636 1143 1077 1205 declarandum
1103 1142 1351 1221 quando
1379 1141 1636 1202 materia
1666 1142 1960 1222 praecepti
1987 1146 2082 1203 est

519 1237 727 1317 gravis
745 1258 759 1297 :
789 1254 937 1298 nam
954 1235 1073 1297 hoc
1091 1241 1181 1297 est
1202 1234 1366 1315 quod
1384 1234 1780 1315 inquirimus,
1802 1233 2077 1314 quande,

522 1330 776 1406 scilicet,
816 1329 1078 1391 materia
1104 1334 1196 1390 est
1224 1327 1364 1390 talis
1390 1334 1459 1389 ut
1484 1329 1618 1406 ejus
1652 1327 2079 1407 transgressio,

522 1429 828 1504 repugnet
852 1421 1073 1484 saltem
1098 1422 1327 1484 virtute
1355 1420 1641 1482 charitati
1670 1421 1801 1483 Dei.

604 1521 702 1580 10.
747 1517 1081 1582 Materiam
1098 1516 1251 1596 leqis
1270 1533 1438 1595 posse
1459 1534 1581 1579 esse
1596 1532 1839 1596 pravom
1861 1516 1930 1578 in
1951 1533 2080 1577 om-

521 1612 702 1675 nibus
745 1612 1099 1687 virtutibus,
1150 1610 1493 1690 praesertim
1543 1610 1988 1689 principalibus
2027 1614 2082 1672 ot

523 1702 1462 1782 cardinalibus.—Eamdemque
1504 1702 1932 1763 difficultatem
1970 1701 2083 1762 ha-

524 1799 631 1860 bet
643 1798 808 1878 quod
819 1797 1007 1879 Cajet.
1021 1797 1209 1860 sentit
1222 1797 1290 1859 in
1307 1798 1478 1860 Sum.
1493 1796 1666 1859 verb.
1682 1798 2079 1876 Praeceptum,

523 1893 676 1954 dum
696 1891 784 1954 ait
806 1897 955 1954 tunc
975 1897 1350 1972 praeceptum
1372 1890 1646 1969 obligare
1668 1889 1784 1951 sub
1806 1888 2078 1964 mortali,

520 1987 769 2066 quando
795 1991 968 2048 actus
986 1985 1327 2047 contrarius
1352 1988 1654 2064 praecepto
1682 1983 1847 2074 tollit
1871 1983 2083 2062 dispo-

523 2080 811 2141 sitionem
834 2080 1031 2141 animi
1047 2078 1385 2141 virtuosam
1401 2084 1465 2139 et
1475 2077 1969 2139 necessariamad
1986 2095 2081 2137 sa-

524 2173 744 2248 lutem,
766 2173 918 2252 quia
942 2172 1282 2235 destruitur
1306 2171 1450 2234 finis
1471 2171 1549 2232 ad
1576 2189 1763 2250 quem
1791 2171 2083 2231 ordinan-

521 2274 625 2328 tur
652 2286 870 2330 omnes
904 2267 1094 2347 legeS.
1149 2267 1319 2328 Licet
1357 2265 1527 2328 enim
1567 2264 1685 2326 1100
1718 2283 1940 2326 verum
1975 2264 2078 2339 sit,

518 2366 733 2421 tamen
754 2379 889 2421 rem
914 2377 1042 2421 non
1069 2359 1378 2420 declarat:
1410 2376 1553 2419 cum
1576 2359 1746 2418 enim
1762 2357 2082 2437 dispositio

521 2453 799 2514 virtuosa
845 2451 1189 2513 necessaria
1235 2450 1311 2511 ad
1358 2450 1618 2511 salutem
1672 2467 1801 2510 non
1837 2449 1920 2510 sit
1960 2447 2082 2509 nisi

521 2544 790 2606 charitas
813 2588 834 2620 ,
881 2543 1000 2604 1100
1045 2548 1135 2604 est
1173 2540 1338 2621 quod
1382 2542 1756 2621 inquirimus
1773 2586 1796 2618 ,
1841 2540 2040 2620 qualis
2054 2585 2077 2616 ,

520 2638 770 2711 scilicet,
804 2635 1063 2698 materia
1099 2634 1255 2713 legis
1300 2635 1379 2695 sit
1416 2634 1761 2695 necessaria
1799 2634 1876 2694 ad
1916 2633 2081 2694 110110

521 2729 985 2808 dispositionem
1003 2727 1504 2799 conservandam,
1526 2726 1626 2786 vel
1645 2726 1893 2804 quando
1906 2731 2081 2786 actus

524 2821 866 2883 contrarius
890 2819 1063 2881 illam
1088 2819 1384 2881 destruat.
1417 2820 1562 2879 Dico
1583 2837 1731 2898 ergo
1756 2820 2081 2881 materiam

521 2914 676 2994 legis
712 2914 987 2995 positivae
1019 2930 1193 2993 posse
1228 2930 1357 2974 oese
1398 2930 1647 2991 gravem
1688 2912 1755 2973 in
1794 2912 2082 2973 omnibus

518 3008 872 3085 virtutibus,
920 3007 1259 3087 praesertim
1291 3006 1737 3086 principalibus
1777 3013 1840 3068 et
1877 3007 2080 3069 cardi-

520 3102 803 3178 nalibus;
838 3101 1018 3182 juxta
1037 3101 1386 3163 doctrinam
1412 3100 1483 3161 D.
1515 3100 1768 3162 Thomoe
1792 3106 1857 3162 at
1881 3101 2076 3181 Cajet.

520 3198 581 3257 2.
611 3198 675 3272 2,
709 3201 923 3275 quoest.
961 3197 1102 3271 104,
1138 3200 1257 3257 art.
1291 3196 1355 3270 2,
1394 3195 1473 3255 ad
1509 3196 1569 3269 ¹¹3
1604 3195 1673 3255 in
1709 3211 2081 3273 unaquaque

518 3297 726 3351 autem
752 3291 983 3351 virtute
1015 3289 1187 3349 illam
1219 3304 1351 3350 esse
1378 3305 1655 3366 gravem,
1688 3288 1867 3365 cujus
1893 3288 2080 3349 omis-

519 3384 610 3444 sio
633 3382 734 3444 vel
758 3382 1010 3444 violatio
1037 3379 1378 3442 notabilem
1409 3379 1597 3441 habet
1621 3379 2078 3441 deformitatem

519 3494 629 3536 seu
669 3473 1121 3553 turpitudinem
1159 3472 1229 3532 in
1267 3490 1381 3534 sua
1415 3473 1615 3551 specie
1631 3518 1652 3548 ,
1696 3478 1759 3535 et
1783 3479 1935 3534 tunc
1970 3472 2080 3534 illa

519 3567 835 3647 turpitudo
861 3567 1093 3628 virtute
1111 3572 1421 3644 repugnat
1447 3565 1737 3627 charitati
1759 3566 1868 3626 Dei
1895 3588 1910 3626 ε
1939 3585 2080 3646 gra-

521 3659 637 3720 dus
665 3664 873 3720 autem
899 3676 1009 3719 seu
1038 3659 1309 3737 gravitas
1331 3657 1471 3718 talis
1500 3658 1901 3738 turpitudinis
1928 3677 2076 3740 pru-

521 3752 692 3813 denti
725 3750 984 3812 arbitrio
1015 3750 1390 3830 judicandus
1418 3761 1510 3813 eat
1537 3797 1558 3827 ,
1595 3757 1873 3831 spectata
1908 3770 2078 3814 com-

520 3845 700 3907 muni
749 3844 1155 3907 aestimatione
1216 3844 1544 3907 hominum
1600 3851 1664 3906 et
1719 3845 2076 3924 graviorum

519 3937 839 3999 doctorum
857 3983 880 4015 ,
928 3938 1328 4021 virorumque
1367 3938 1769 4020 prudentium
1796 3956 1982 4001 sensu
2015 3945 2079 4003 et

516 4049 829 4114 opinione.

507 4140 513 4151 ·
599 4127 699 4186 11.
741 4124 849 4188 Aa
891 4123 1297 4205 judicandum
1354 4129 1647 4208 mmm
1705 4123 1927 4207 obliget
1979 4124 2079 4190 loeo

515 4218 680 4283 circa
705 4217 984 4291 medium,
1013 4218 1328 4282 videndum
1366 4221 1425 4282 si
1453 4220 1710 4283 multum
1739 4220 1833 4282 vol
1850 4237 2077 4299 parm

512 4312 754 4391 prodest
774 4311 894 4388 fini
920 4329 959 4373 a
989 4311 1114 4391 leae
1142 4311 1390 4374 intento.
1412 4344 1493 4359 —-
1515 4311 1796 4373 Secundo
1822 4311 1959 4372 1000
1981 4310 2074 4372 di-

518 4404 712 4465 cimus
729 4404 1237 4466 considerandam
1258 4423 1391 4467 esse
1407 4407 1868 4486 proportionem
1884 4404 2075 4466 medii

518 4497 598 4561 ad
621 4497 813 4560 finem
830 4497 967 4577 1030
984 4497 1298 4559 intentum
1316 4514 1337 4576 3
1368 4503 1610 4577 oportet
1628 4498 1800 4559 enim
1822 4503 1894 4558 ut
1914 4497 2075 4559 mul·-

518 4598 654 4652 tum
681 4591 957 4654 conserat
990 4592 1070 4654 ad
1106 4590 1327 4653 illum:
1356 4609 1536 4667 nam,
1569 4591 1621 4652 si
1647 4589 1867 4652 leviter
1891 4589 2074 4652 illum

515 4685 816 4766 impediat
860 4692 969 4749 aut
1014 4685 1330 4746 diminuat
1347 4731 1367 4762 ,
1408 4685 1691 4764 quamvis
1729 4684 1874 4746 finis
1912 4686 1981 4745 in
2009 4703 2073 4746 se

516 4778 722 4859 gravis
743 4780 846 4852 sit,
874 4778 1041 4840 loesio
1066 4779 1201 4857 ejus
1225 4796 1338 4858 per
1357 4777 1482 4840 tale
1512 4777 1788 4842 medium
1812 4795 1940 4839 11011
1964 4796 2075 4858 po—

514 4878 636 4935 test
668 4872 875 4953 gravis
904 4872 1204 4952 reputari,
1240 4872 1399 4932 sicut
1432 4871 1577 4932 finis
1608 4871 1866 4950 justitiae
1904 4870 1974 4930 in
2010 4887 2076 4931 se

516 4965 723 5045 gravis
747 4970 861 5042 est,
888 4971 952 5027 et
971 4964 1349 5027 necessarius
1367 4963 1720 5044 reipublicae
1741 4979 1763 5043 3
1791 4964 1844 5025 si
1860 4969 2075 5026 tamen

516 5059 584 5119 in
610 5078 679 5121 re
704 5059 969 5120 minima
993 5058 1271 5135 loedatur,
1311 5076 1428 5120 1100
1455 5057 1725 5119 multum
1750 5056 2075 5137 perturbat

514 5152 962 5231 rempublicam
981 5198 1003 5229 ,
1051 5170 1168 5213 1100
1209 5151 1547 5214 amicitiam
1581 5150 1745 5212 inter
1787 5150 2073 5213 homines

515 5245 829 5308 moraliter
854 5245 1151 5324 dissolvit,
1186 5252 1250 5309 et
1269 5246 1410 5308 ideo
1437 5263 1566 5307 non
1594 5245 1915 5308 constituit
1940 5262 2072 5306 ma-

513 5337 738 5398 teriam
763 5356 1017 5417 gravem
1047 5384 1070 5416 ,
1109 5345 1177 5400 et
1209 5358 1245 5401 e
1272 5357 1588 5415 converso,
1623 5340 1678 5399 si
1705 5338 1977 5402 defectus
2003 5338 2072 5398 in

514 5433 725 5513 aliqua
748 5433 1009 5493 materia
1042 5434 1313 5511 graviter
1348 5434 1518 5495 laedit
1545 5433 1735 5495 finem
1760 5434 2073 5494 intentum

516 5545 552 5587 a
575 5527 735 5607 lege,
758 5526 904 5589 licet
922 5527 989 5586 in
1011 5545 1075 5588 se
1102 5526 1338 5607 aliquid
1358 5528 1692 5590 minimum
1709 5544 1839 5591 esse
1861 5525 2073 5591 videa-

1519 391 1634 443 LIB.
1672 392 1755 444 111.
1791 391 1872 443 DE
1904 391 2065 443 LEGE
2099 391 2360 444 nnuma
2391 394 2471 444 ET
2504 393 2709 446 CIVILl.

2158 496 2261 550 tur
2278 535 2300 566 ,
2353 490 2762 552 nihilominus
2812 490 2881 552 in
2924 487 3168 550 ratione
3209 486 3402 549 medii
3440 492 3533 549 est
3576 488 3734 569 quid

2159 602 2370 662 grave,
2388 590 2450 645 et
2465 584 2631 660 ideo,
2647 590 2718 645 ut
2737 589 2831 646 est
2849 581 3113 644 materia
3132 581 3274 642 talis
3296 581 3611 660 praecepti,
3632 586 3734 643 est

2159 679 2420 740 materia
2444 678 2672 757 gravia.
2711 679 2789 739 Et
2818 678 2885 739 in
2911 677 3030 738 1100
3052 694 3237 736 sensu
3263 674 3420 736 dixit
3445 675 3725 752 Cajetan.
3741 672 3754 680 ’

2160 790 2347 852 supra
2373 773 2690 835 interdum
2715 773 2793 834 de
2815 792 2884 835 re
2903 773 3166 833 minima
3186 769 3320 830 dari
3347 775 3728 848 praeceptum

2159 865 2442 944 obligans
2474 868 2552 928 ad
2581 866 2865 942 mortale,
2896 863 3192 942 intelligit
3217 862 3387 924 enim
3413 862 3491 922 de
3516 880 3586 922 re
3609 861 3733 922 mi-

2159 959 2333 1021 nima
2357 960 2635 1023 absolute
2670 965 2961 1040 spectata,
2995 975 3125 1019 non
3147 960 3359 1016 tamen
3384 954 3731 1033 respective

2159 1052 2228 1113 in
2252 1053 2470 1114 ordine
2497 1054 2575 1114 ad
2601 1052 2792 1114 finem
2824 1052 3000 1130 legia.
3037 1051 3141 1124 Ut,
3167 1047 3343 1109 verbi
3369 1047 3593 1125 gratia,
3628 1048 3732 1109 in-

2162 1148 2338 1225 gredi
2376 1148 2568 1209 talem
2611 1148 2868 1208 domum
2908 1144 3188 1206 absolute
3223 1142 3373 1222 quid
3411 1140 3546 1202 leve
3591 1159 3729 1203 esse

2160 1242 2434 1317 videtur,
2455 1247 2665 1303 tamen
2685 1242 2753 1301 in
2771 1240 2988 1302 ordine
3009 1238 3085 1300 ad
3111 1236 3430 1299 vitandam
3457 1235 3732 1296 occasio-

2162 1352 2309 1397 nem
2337 1335 2574 1415 peccati
2595 1352 2781 1414 grave
2805 1332 2960 1412 quid
2982 1338 3090 1393 est.
3125 1332 3202 1391 Et
3221 1330 3289 1389 111
3313 1328 3574 1390 materia
3589 1329 3726 1407 jus-

2160 1428 2314 1490 titiae
2332 1474 2353 1505 ,
2384 1427 2593 1507 aliqua
2620 1426 2900 1487 absolute
2931 1430 3201 1504 spectata
3231 1422 3384 1484 levis
3423 1427 3516 1482 est
3535 1466 3555 1496 ,
3584 1439 3727 1500 quae

2161 1526 2442 1601 respectu
2459 1520 2601 1582 talis
2618 1537 2896 1600 personae
2913 1517 3203 1598 pauperis
3217 1522 3310 1577 est
3327 1515 3556 1593 gravia,
3578 1515 3730 1593 quia

2163 1613 2431 1676 multum
2472 1614 2581 1674 illa
2613 1613 2874 1692 indiget,
2921 1612 3020 1673 vel
3056 1629 3135 1672 ex
3162 1610 3438 1670 carentia
3462 1609 3598 1687 ejus
3629 1625 3726 1670 se-

2162 1708 2374 1787 quitur
2415 1707 2508 1768 illi
2549 1711 2995 1768 nocumentum
3040 1721 3249 1783 grave.
3306 1701 3408 1763 Sic
3446 1719 3598 1780 ergo
3646 1720 3727 1763 ex

2161 1800 2556 1880 proportione
2583 1800 2859 1862 materiae
2885 1798 2960 1859 ad
2992 1797 3185 1859 finem
3211 1794 3370 1873 legis
3391 1794 3727 1872 conjectari

2161 1893 2341 1956 facile
2386 1894 2614 1974 poterit
2658 1895 2931 1973 gravitas
2978 1890 3278 1966 materiae,
3333 1889 3566 1950 caeteris
3612 1906 3727 1967 pa-

2161 1987 2351 2048 ribus.

2243 2084 2343 2143 12.
2385 2081 2608 2144 Finem
2642 2080 3036 2143 extrinsecum
3068 2076 3189 2155 leqi
3212 2080 3267 2138 et
3295 2076 3558 2139 Μαίη-10
3583 2077 3724 2155 ejus

2160 2192 2278 2235 non
2300 2175 2505 2237 cadere
2529 2173 2635 2234 sub
2659 2172 2804 2250 leqe,
2841 2187 3006 2233 soom
3032 2169 3103 2230 de
3129 2169 3472 2230 intrinseco.
3502 2201 3586 2214 —
3618 2169 3729 2229 Di-

2163 2282 2301 2327 ces:
2332 2264 2476 2326 finis
2500 2264 2657 2343 legis
2688 2280 2816 2323 non
2838 2261 3005 2323 cadit
3030 2259 3148 2321 sub
3175 2259 3314 2338 lege
3334 2276 3355 2338 3
3386 2277 3555 2339 ergo,
3579 2260 3728 2322 licet

2163 2357 2306 2419 finis
2332 2376 2460 2418 non
2482 2356 2858 2431 obtineatur,
2883 2356 3011 2416 imo
3033 2353 3432 2433 impediatur,
3458 2354 3512 2415 si
3530 2360 3725 2416 mate-

2160 2451 2255 2511 ria
2273 2455 2573 2524 servetur‚
2594 2465 2722 2509 non
2741 2446 3008 2508 violatur
3022 2450 3427 2526 preceptum,
3448 2451 3520 2507 ut
3534 2464 3727 2526 supra

2161 2543 2238 2605 de
2271 2541 2660 2603 naturalibus
2689 2545 3008 2601 ostensum
3028 2544 3143 2614 est,
3173 2544 3236 2600 et
3263 2544 3358 2601 est
3381 2539 3601 2601 eadem
3622 2538 3725 2600 vel

2161 2637 2364 2714 major
2389 2636 2550 2697 ratio
2575 2634 2655 2695 de
2695 2633 3017 2713 positivis3
3070 2650 3214 2711 ergo
3247 2650 3325 2694 ex
3364 2633 3592 2710 majori
3623 2631 3729 2693 vel

2162 2729 2391 2790 minori
2418 2727 2669 2790 laesione
2693 2727 2763 2787 111
2796 2725 3016 2787 ordine
3040 2725 3116 2787 ad
3149 2724 3338 2787 finem
3366 2744 3498 2786 non
3522 2730 3733 2805 potest

2161 2822 2538 2884 considerari
2586 2820 2856 2900 gravitas
2900 2819 3203 2896 materiae,
3250 2818 3350 2880 vel
3395 2820 3726 2898 praecepti,

2163 2915 2263 2977 vel
2284 2914 2518 2994 peccati
2537 2919 2755 2975 contra
2780 2912 2904 2974 tale
2930 2918 3324 2992 proeceptum.
3353 2912 3733 2990 Respondeo

2163 3013 2550 3088 assumptum
2574 3025 2703 3069 esse
2722 3023 2945 3068 verum
2962 3005 3040 3066 de
3061 3003 3187 3066 fine
3209 3004 3545 3066 extrinseco
3558 3003 3729 3081 legi,

2162 3105 2225 3163 et
2257 3100 2529 3162 materiae
2568 3101 2724 3180 ejus.
2766 3100 2890 3162 Nos
2919 3103 3132 3160 autem
3156 3097 3262 3158 1110
3301 3097 3617 3175 loquimur
3643 3094 3730 3157 de

2159 3194 2286 3255 fine
2305 3194 2667 3269 intrinseco,
2699 3193 2828 3253 sive
2853 3192 2958 3253 1110
2980 3190 3334 3252 includatur
3353 3190 3422 3250 in
3441 3190 3574 3268 ipsa
3592 3207 3728 3250 ma·

2159 3288 2338 3364 teria,
2370 3292 2442 3347 ut
2468 3286 2717 3367 quando
2753 3290 3002 3366 propter
3026 3301 3092 3346 se
3128 3289 3193 3346 et
3230 3299 3412 3344 suam
3438 3280 3728 3343 honesta·

2159 3386 2287 3443 tem
2321 3381 2675 3462 praecipitur
2696 3426 2717 3457 ,
2760 3386 2833 3442 ut
2868 3385 2961 3441 est
2988 3379 3056 3439 in
3085 3378 3224 3457 lege
3252 3376 3422 3438 civili
3455 3375 3728 3438 vendere

2158 3493 2293 3537 rem
2318 3474 2478 3536 tanti
2497 3481 2564 3536 et
2588 3492 2716 3535 11011
2749 3474 2962 3554 pluris,
2987 3477 3054 3534 et
3081 3472 3150 3533 in
3180 3470 3585 3534 ecclesiastica
3608 3487 3730 3530 au·

2159 3569 2292 3631 dire
2318 3569 2585 3644 Missam,
2607 3568 2918 3648 jejunare,
2944 3572 3058 3628 etc.
3087 3582 3108 3643 3
3136 3567 3267 3628 sive
3294 3565 3574 3645 proxime
3594 3582 3730 3624 res-

2157 3662 2423 3741 piciatur
2457 3679 2569 3741 per
2603 3666 2980 3741 praeceptum
3000 3704 3021 3735 ,
3070 3666 3142 3721 ut
3170 3658 3422 3740 quando
3460 3656 3732 3718 materia

2158 3754 2358 3815 solum
2386 3753 2745 3833 praecipitur
2769 3759 2842 3815 ut
2868 3753 3149 3814 medium
3176 3752 3257 3813 ad
3285 3752 3475 3813 talem
3502 3749 3726 3826 finem,

2155 3852 2229 3907 ut
2274 3845 2523 3926 quando
2565 3846 2931 3926 prohibetur
2979 3846 3292 3924 ingressus
3337 3846 3406 3906 in
3461 3844 3730 3905 domum

2157 3945 2407 4020 propter
2452 3939 2778 4003 vitandum
2823 3938 3184 4002 scandalum
3215 3985 3238 4017 ,
3286 3938 3388 4001 vel
3432 3937 3583 4020 quid
3638 3938 3731 3999 si-

2156 4031 2327 4095 mile.

2688 4218 2937 4284 CAPUT
2976 4219 3189 4283 xxvi.

2153 4422 2234 4468 An
2274 4422 2356 4470 EX
2405 4423 2621 4470 vannis
2672 4424 2840 4471 mm
2886 4423 3244 4472 comeam
3291 4422 3599 4471 omnam
3634 4422 3731 4469 An

2194 4516 2490 4577 uonna,
2532 4517 2611 4563 m·
2649 4517 2780 4572 mm
2823 4517 3025 4564 nana
3052 4518 3135 4565 u>
3163 4517 3275 4564 flou
3309 4515 3675 4564 811¹leOE-

2234 4693 2265 4751 1
2279 4734 2294 4749 .
2339 4690 2668 4770 supposita
2706 4689 2984 4752 doctrina
3019 4689 3239 4771 capitis
3283 4690 3729 4770 praecedentis,

2153 4780 2388 4844 clarum
2415 4788 2509 4844 est
2530 4782 2705 4844 nulla
2732 4783 2921 4845 verba
2942 4801 3117 4864 posse
3141 4783 3420 4845 sufficere
3442 4784 3520 4844 ad
3546 4783 3734 4845 hune

2153 4875 2466 4947 effectum,
2497 4876 2616 4936 nisi
2641 4883 3025 4956 supponatur
3054 4877 3315 4938 materia
3340 4892 3574 4956 capa13
3619 4876 3738 4936 ni·-

2154 4965 2494 5029 hilominus
2527 4973 2741 5029 tamen
2772 4969 2966 5030 verba
2997 4971 3133 5049 ipsa
3153 5015 3174 5046 ,
3215 4970 3271 5030 si
3299 4987 3378 5030 ex
3397 4974 3575 5048 parte
3603 4986 3736 5031 sua

2152 5060 2527 5122 sufficienter
2577 5067 2926 5140 proponant
2968 5063 3158 5124 talem
3208 5061 3659 5140 obligationem
3706 5108 3734 5137 ,

2152 5156 2340 5217 etiam
2366 5155 2682 5216 declarant
2705 5157 3030 5218 materiam
3053 5175 3184 5218 esse
3206 5173 3482 5236 gravem,
3512 5160 3578 5215 et
3593 5154 3744 5216 illis

2150 5248 2441 5310 standum
2467 5253 2583 5324 est,
2613 5255 2685 5309 ut
2718 5248 2848 5309 dixi
2871 5294 2893 5324 ,
2942 5250 2993 5310 si
3021 5249 3193 5310 aliud
3232 5248 3559 5310 manifeste
3587 5265 3746 5309 non

2151 5346 2387 5401 constet
2409 5357 2429 5418 3
2463 5346 2525 5402 et
2550 5341 2691 5402 ideo
2716 5341 3093 5421 inquirimus
3119 5359 3202 5402 011
3223 5359 3301 5403 ex
3327 5339 3533 5401 verbis
3559 5338 3749 5417 legis

2150 5433 2342 5512 possit
2365 5433 2482 5496 1100
2514 5433 2830 5496 interdum
2868 5433 3099 5513 colligi.
3148 5435 3355 5495 Potest
3378 5439 3592 5493 autem
3616 5430 3751 5494 lex

2151 5525 2467 5588 declarare
2516 5526 2959 5605 obligationem
3009 5544 3184 5591 suam
3212 5572 3234 5603 ,
3283 5532 3395 5587 aut
3435 5524 3752 5590 oratione
