3976 6219
545 365 626 427 28

630 465 728 524 18.
779 463 995 537 Qualis
1019 466 1215 527 debeat
1253 484 1376 528 esse
1402 468 1817 540 communitas,
1854 484 1979 545 quae
2007 484 2107 528 ca-

543 577 671 638 pam
692 559 777 618 sit
799 557 1065 634 propria·
1084 558 1254 634 leyis.
1285 591 1367 603 —-
1398 551 1728 635 Quot'upleoe
1747 560 1829 619 sit
1854 576 2107 619 commu-

547 652 735 711 nitas.
769 680 851 694 -
893 649 1009 708 Sed
1054 656 1285 725 quaeret
1328 669 1455 708 non
1497 650 1809 710 immerito
1855 649 2100 727 aliquiS,

549 742 746 821 qualis
793 740 1013 800 debeat
1052 758 1181 800 esse
1228 742 1638 801 communitas
1682 748 1753 801 ut
1791 742 1870 801 sit
1912 760 2106 820 capax

548 834 811 914 propriae
837 833 1013 910 legis.
1059 834 1416 912 Respondeo
1444 833 1735 907 breviter,
1773 851 1884 912 pro
1908 834 2105 893 diver-

548 928 727 987 sitate
764 927 993 1004 legum,
1046 926 1354 985 diversam
1388 927 1895 986 communitatem
1939 926 2107 985 suffi-

548 1037 710 1093 cere,
750 1019 847 1078 vel
877 1018 1197 1096 postulari.
1238 1019 1546 1095 Distingui
1584 1036 1730 1095 ergo
1764 1024 1960 1096 potest
1988 1019 2106 1076 im-

546 1112 764 1191 primis
781 1111 1192 1170 communitas
1214 1126 1233 1186 3
1264 1111 1409 1188 quia
1427 1109 1711 1187 quaedam
1739 1116 1830 1169 est
1852 1115 2105 1168 natura-

546 1205 625 1265 lis
651 1222 761 1283 per
782 1204 976 1263 solam
999 1204 1494 1263 convenientiam
1518 1203 1584 1262 in
1612 1203 1898 1262 rationali
1928 1208 2107 1261 natu-

547 1316 640 1372 ra,
677 1296 1025 1374 cujusmodi
1054 1301 1144 1356 est
1177 1296 1588 1355 communitas
1622 1295 1886 1355 humani
1920 1312 2107 1371 gene-

548 1393 656 1467 ris,
682 1409 820 1469 quae
845 1393 1006 1451 inter
1027 1408 1240 1450 omnes
1267 1391 1550 1451 homines
1575 1391 1908 1449 intervenit
1935 1411 1948 1448 ε
1982 1389 2114 1448 alia-

548 1502 695 1545 vero
720 1483 839 1542 dici
862 1490 1061 1561 potest
1084 1483 1495 1542 communitas
1519 1482 1789 1566 politica,
1816 1481 1912 1541 vel
1937 1499 2107 1559 mys-

548 1576 670 1636 tica
709 1594 820 1654 per
850 1574 1181 1653 specialem
1222 1574 1720 1652 conjunctionem
1748 1575 1813 1633 in
1850 1591 2108 1650 congre-

549 1669 796 1746 gatione
826 1667 1045 1727 morali
1073 1667 1255 1726 modo
1283 1685 1430 1726 una.
1462 1666 1735 1726 Priorem
1766 1666 2109 1725 communi-

551 1766 743 1820 tatem
783 1760 1033 1838 respicit
1068 1760 1169 1819 lex
1207 1758 1521 1832 naturalis,
1565 1776 1702 1836 quae
1741 1776 1850 1836 per
1892 1759 2108 1818 lumen

550 1854 807 1913 rationis
850 1853 1185 1930 unicuique
1226 1850 1466 1911 homini
1513 1851 1876 1928 proponitur
1897 1866 1916 1926 3
1961 1850 2107 1927 quia

552 1965 679 2006 non
719 1946 916 2006 fertur
955 1946 1033 2006 ad
1079 1962 1613 2023 unumquemque,
1659 1962 1783 2021 qua
1813 1943 1953 2002 talis
1992 1948 2102 2017 est,

553 2039 786 2112 PetruS,
812 2038 984 2098 verbi
1011 2038 1230 2115 gratia,
1263 2037 1367 2096 sed
1389 2055 1513 2114 qua
1540 2036 1725 2094 homo
1754 2051 1769 2093 :
1805 2035 1967 2112 quod
1997 2034 2103 2094 ob-

552 2147 793 2191 servare
828 2129 972 2189 licet
999 2136 1128 2188 tam
1158 2129 1224 2187 in
1263 2127 1398 2204 lege
1433 2145 1583 2206 pure
1620 2126 1887 2185 naturali
1915 2145 2104 2204 quam

549 2223 617 2282 in
642 2220 1115 2300 supernaturali,
1155 2227 1456 2298 quatenus
1484 2221 1599 2298 ipsi
1632 2219 1844 2296 gratioe
1868 2236 2103 2278 connaa

548 2314 765 2373 turalis
788 2318 898 2372 est.
934 2313 1234 2371 Posterior
1255 2312 1667 2371 communitas
1687 2310 2105 2385 subdistingui

552 2411 751 2484 potest
783 2425 794 2465 :
830 2423 972 2465 nam
1022 2404 1305 2482 quaedam
1350 2404 1617 2482 intelligi
1659 2410 1857 2483 potest
1899 2404 2109 2463 addita

547 2504 813 2570 naturae,
848 2514 974 2555 non
1002 2501 1213 2555 tamen
1235 2497 1377 2571 jure
1405 2496 1702 2567 humano,
1736 2496 1841 2554 sed
1871 2496 2104 2568 divino,

549 2608 622 2649 eo
659 2589 822 2666 quod
858 2587 935 2647 ab
973 2588 1104 2665 ipso
1147 2589 1268 2646 Deo
1305 2587 1587 2646 instituta
1627 2588 1705 2647 sit
1743 2587 1858 2646 sub
1897 2587 2106 2665 aliquo

550 2681 747 2759 capite
767 2680 844 2739 ab
871 2681 1000 2757 ipso
1021 2678 1363 2754 designato,
1392 2684 1453 2737 et
1481 2696 1623 2737 cum
1647 2679 1854 2756 aliqua
1876 2679 2106 2737 unione

548 2774 615 2832 in
640 2771 854 2831 ordine
878 2771 956 2829 ad
981 2770 1508 2848 supernaturalem
1532 2769 1741 2831 finem.
1777 2771 2106 2847 Hujusmo-

551 2865 614 2923 di
660 2865 778 2923 fuit
823 2864 971 2922 olim
1015 2879 1333 2941 synagoga
1383 2883 1397 2920 :
1448 2881 1616 2921 nunc
1659 2869 1866 2922 autem
1910 2863 2105 2922 multo

549 2957 877 3037 perfectior
904 2963 993 3016 est
1020 2956 1287 3016 Ecclesia
1315 2956 1635 3030 catholica,
1668 2975 1804 3034 quae
1832 2976 1959 3017 11011
1994 2976 2106 3036 pro

550 3070 702 3124 un0‚
731 3051 828 3112 vel
850 3050 970 3111 alio
999 3049 1251 3129 populo,
1282 3049 1385 3108 sed
1414 3060 1525 3128 pro
1555 3049 1841 3109 universo
1870 3052 2107 3111 mundo

550 3144 629 3204 ab
666 3145 926 3222 ipsomet
970 3143 1206 3202 Christo
1251 3142 1532 3202 instituta
1576 3148 1688 3217 est,
1736 3143 1850 3202 sub
1892 3145 2109 3203 eadem

547 3237 670 3297 fide
692 3283 712 3312 ,
742 3238 855 3297 sub
881 3238 1060 3296 certis
1087 3236 1278 3312 signis
1307 3235 1385 3295 ab
1414 3237 1630 3295 eodem
1660 3237 1898 3296 Christo
1933 3237 2109 3296 insti-

547 3332 700 3389 tutis
719 3328 1133 3408 protestanda,
1156 3334 1218 3386 et
1236 3328 1349 3386 sub
1368 3328 1717 3388 obedientia
1737 3329 1919 3387 unius
1944 3329 2107 3406 capi-

488 3442 495 3448 ·
549 3424 653 3495 tis,
684 3422 784 3480 cui
811 3422 939 3499 ipse
969 3422 1134 3480 vices
1160 3438 1298 3479 suas
1327 3421 1392 3478 in
1426 3421 1606 3479 terris
1634 3421 1960 3480 commisit.
2013 3422 2106 3480 Ad

551 3513 908 3592 hujusmodi
950 3531 1097 3589 ergo
1138 3513 1644 3572 communitatem
1681 3512 1968 3572 feruntur
1998 3531 2111 3591 per

554 3625 617 3666 55
644 3606 848 3684 primo
876 3605 1040 3682 leges
1068 3604 1294 3663 divinae
1323 3605 1597 3682 positivae
1611 3650 1630 3680 ,
1666 3606 1823 3664 sicut
1858 3605 1975 3663 fuit
2008 3606 2106 3665 lex

552 3705 728 3759 vetus
764 3699 908 3758 data
949 3698 1173 3775 populo
1215 3698 1602 3771 Judaeorum,
1654 3704 1715 3757 et
1756 3697 1856 3758 lex
1899 3699 2112 3775 gratiae

554 3791 698 3850 data
730 3809 841 3868 pro
882 3789 1172 3848 universa
1206 3789 1491 3849 Ecclesia.
1526 3792 1689 3849 'Item
1723 3791 1800 3848 ad
1829 3791 2112 3850 eamdem

553 3883 838 3942 feruntur
862 3880 1029 3958 leges
1060 3881 1402 3955 canonicae,
1433 3883 1714 3959 quamvis
1743 3900 1864 3941 non
1896 3901 2111 3942 omnes

555 3991 668 4052 pro
703 3972 993 4032 universa
1016 3972 1281 4032 Ecclesia
1304 3973 1777 4047 constituantur,
1809 3974 1912 4032 sed
1930 3975 2112 4051 juxta

555 4065 967 4125 intentionem
987 4109 1007 4139 ,
1040 4064 1136 4124 vel
1166 4071 1533 4142 potestatem
1561 4064 1812 4125 ferentis
1840 4064 1976 4125 illas
1992 4112 2012 4140 ,
2043 4072 2114 4125 ut

554 4165 767 4238 postea
792 4159 1162 4219 videbimus.

639 4253 734 4312 19.
782 4253 1006 4311 Praeter
1033 4251 1144 4311 has
1185 4257 1276 4312 est
1310 4252 1716 4312 communitas
1750 4251 2112 4313 humanitus

557 4348 951 4419 congregata,
979 4362 1085 4403 seu
1114 4344 1388 4418 inventa,
1420 4362 1558 4421 quae
1584 4344 1807 4403 dicitur
1834 4363 1964 4405 5555
1993 4362 2111 4405 coe-

556 4439 658 4493 tus
683 4434 1011 4493 hominum
1041 4435 1149 4512 qui
1176 4434 1383 4512 aliquo
1400 4436 1539 4510 jure
1560 4435 1893 4510 sociantur,
1920 4442 1993 4496 ut
2014 4456 2113 4496 su-

560 4527 751 4586 mitur
777 4545 853 4587 ex
878 4526 923 4586 l.
952 4527 1210 4600 Civitas,
1232 4527 1295 4586 ff.
1324 4526 1388 4586 Si
1413 4532 1650 4586 certum
1666 4532 1930 4604 petatur,
1954 4534 2016 4588 et
2038 4547 2114 4588 ex

558 4638 692 4698 cap.
729 4619 989 4692 Dilecta,
1012 4618 1228 4694 juncta
1255 4618 1463 4677 Glossa
1490 4618 1566 4677 de
1595 4618 1939 4678 excessibus
1960 4638 2117 4698 prae-

558 4712 849 4784 latorum,
871 4709 980 4769 ubi
1001 4709 1346 4769 declaratur
1363 4710 1439 4769 ad
1460 4712 1967 4771 communitatem
1988 4730 2114 4771 non

559 4804 837 4864 sufficere
856 4802 1181 4862 hominum
1209 4802 1695 4878 multitudinem,
1723 4804 1841 4863 nisi
1866 4805 2029 4864 inter
2052 4824 2115 4866 se

558 4897 765 4975 aliquo
793 4895 1045 4970 foedere,
1073 4895 1140 4954 in
1170 4895 1383 4955 ordine
1407 4895 1486 4955 ad
1509 4896 1779 4974 aliquem
1811 4896 2026 4971 finem,
2058 4904 2120 4958 et

563 4990 678 5048 sub
710 4989 916 5066 aliquo
950 4988 1148 5066 capite
1186 4989 1572 5067 copulentur.
1625 4989 1721 5049 Sic
1748 4990 1935 5049 etiam
1966 4991 2121 5050 dixit

566 5081 939 5154 Aristotelea,
968 5083 1004 5141 3
1034 5081 1293 5156 Politic.,
1317 5081 1499 5159 capit.
1524 5082 1783 5156 decimo,
1809 5083 2122 5142 civitatem

567 5191 693 5233 esse
728 5174 954 5233 civium
994 5174 1454 5255 multitudinem
1492 5175 1856 5235 habentium
1893 5177 2124 5238 scilicet

566 5266 731 5325 inter
750 5284 814 5325 se
836 5266 1065 5326 morale
1085 5266 1423 5329 vinculum.
1457 5269 1594 5327 Haec
1615 5274 1821 5329 autem
1846 5288 2122 5329 commu-

567 5359 730 5418 nitas
761 5357 1060 5434 distingui
1092 5359 1246 5418 solet
1275 5378 1311 5419 a
1345 5360 1724 5438 philosophis
1760 5361 2117 5436 moralibuS,

569 5455 631 5513 et
665 5449 1035 5533 jurisperitis
1074 5450 1140 5511 in
1181 5452 1515 5529 perfectam
1557 5459 1618 5513 et
1665 5453 2116 5533 imperfectam.

1551 370 1669 423 Lm.
1704 372 1743 423 1.
1780 371 1859 422 DE
1891 370 2145 422 NATURA
2175 371 2354 425 LEGIs
2381 373 2444 425 IN
2470 372 2767 427 connum.

2189 466 2462 528 Perfecta
2489 469 2554 527 in
2584 487 2810 546 genere
2839 469 3084 545 dicitur,
3121 488 3258 548 quae
3292 474 3384 530 551
3415 486 3608 548 capax
3636 487 3746 548 po·-

2186 559 2364 619 1111551
2393 560 2882 636 gubernationis,
2928 580 3087 639 quae,
3131 569 3435 639 quatenus
3461 561 3600 620 talis
3627 568 3740 636 est,

2185 651 2410 711 dicitur
2430 651 2736 711 sufficiens
2753 654 2819 711 in
2838 653 2956 712 hoc
2980 653 3195 712 ordine
3213 669 3232 728 3
3260 652 3566 730 quomodo
3586 652 3746 712 dixit

2186 744 2572 819 AristoteleS,
2608 750 2662 805 1.
2698 744 2965 819 Politia„
2995 763 3128 823 cap.
3163 750 3224 818 1,
3259 751 3320 805 51
3347 746 3416 803 D.
3449 744 3740 817 Thomas,

2187 839 2244 896 1.
2273 839 2334 911 2,
2367 844 2579 914 quaest.
2605 839 2708 911 90,
2740 847 2857 897 art.
2881 840 2945 911 2,
2976 838 3287 897 civitatem
3311 855 3440 896 5555
3467 854 3745 896 5011111111-

2185 930 2446 989 nitatem
2489 930 2862 1008 perfectam3
2902 936 2963 989 et
3005 949 3040 989 a
3083 930 3322 988 fortiori
3358 948 3646 1006 regnum,
3684 935 3745 989 ot

2187 1021 2475 1099 quaelibet
2513 1022 2636 1081 alia
2677 1023 2954 1101 superior
2982 1023 3399 1098 congregatiO,
3450 1039 3557 1080 seu
3580 1039 3745 1080 com-

2187 1115 2483 1186 munitaS,
2536 1115 2711 1191 cujus
2748 1133 2889 1192 pars
2913 1114 3125 1173 civitas
3162 1114 3262 1188 sit,
3302 1114 3420 1172 erit
3468 1131 3744 1172 commu-

2186 1206 2347 1264 nitas
2388 1205 2677 1283 perfecta.
2724 1207 2932 1264 Potest
2971 1205 3139 1264 enim
3183 1206 3249 1263 in
3289 1204 3428 1263 aliis
3470 1222 3745 1263 commu-

2186 1298 2482 1358 nitatibus
2511 1317 2640 1358 esse
2667 1298 2928 1358 latitudo
2949 1343 2966 1371 ,
2999 1304 3059 1358 et
3084 1298 3227 1358 licet
3256 1296 3515 1375 singulae
3544 1315 3654 1375 per
3680 1315 3744 1358 se

2187 1396 2470 1469 spectatae
2515 1391 2798 1468 perfectae
2845 1392 2970 1451 sint
2997 1436 3013 1463 ‚
3069 1396 3278 1451 tamen
3312 1390 3419 1449 illa
3471 1407 3608 1467 quae
3654 1394 3745 1448 est

2186 1502 2329 1562 pars
2359 1482 2632 1557 511511115,
2668 1484 2780 1543 sub
2808 1484 2924 1543 1155
2954 1480 3585 1561 ratione‘imperfecta
3627 1486 3741 1555 est,

2189 1594 2314 1636 non
2338 1577 2637 1651 absolute,
2677 1576 2780 1636 sed
2810 1581 3181 1654 comparate,
3220 1593 3327 1635 seu
3363 1573 3694 1651 respective
3719 1589 3740 1649 3

2191 1675 2252 1729 et
2278 1675 2576 1748 praeterea
2604 1670 2764 1728 inter
2802 1669 2913 1728 has
2948 1668 3419 1728 communitates
3459 1665 3744 1744 quaedam

2191 1761 2481 1822 dicuntur
2507 1763 2722 1836 155155,
2740 1747 2863 1821 ‘seu
2887 1761 3134 1835 1055155,
3164 1760 3311 1838 quia
3336 1760 3515 1818 certis
3533 1759 3745 1818 termi-

2189 1854 2286 1912 nis
2331 1854 2598 1913 realibus
2632 1873 2739 1913 seu
2778 1853 3074 1913 localibus
3110 1852 3511 1925 clauduntur,
3559 1858 3627 1910 ut
3654 1856 3746 1911 est

2187 1946 2423 2020 civitas,
2460 1946 2561 2006 vel
2585 1964 2850 2023 reg-num
2877 1963 2894 2005 ε
2925 1946 3061 2005 aliae
3089 1962 3235 2004 vero
3271 1944 3560 2003 dicuntur
3608 1963 3745 2022 per-

2184 2039 2422 2098 sonales
2445 2083 2465 2113 ,
2528 2039 2675 2117 quia
2737 2040 2935 2115 magis
2993 2039 3059 2096 in
3109 2037 3382 2116 personis
3435 2055 3621 2115 quam
3676 2037 3747 2097 in

2183 2129 2332 2188 loeis
2355 2132 2845 2202 considerantur,
2874 2136 2943 2188 ut
2977 2135 3068 2190 est
3105 2129 3323 2206 religio
3349 2129 3580 2206 aliqua,
3610 2147 3745 2188 ver-

2185 2223 2247 2282 bi
2271 2224 2494 2300 gratia,
2522 2223 2617 2282 vel
2640 2223 3132 2295 confraternitaS,
3155 2226 3298 2291 ete„
3320 2238 3457 2299 quae
3491 2226 3746 2299 possunt

2188 2333 2315 2375 esse
2345 2315 2531 2374 etiam
2566 2314 2846 2392 perfectae
2878 2313 3372 2386 communitateS,
3419 2313 3471 2371 si
3516 2313 3746 2389 perfee-

2187 2414 2324 2467 tum
2356 2407 2633 2483 regimen
2683 2412 2745 2466 et
2786 2405 3084 2465 moralem
3118 2406 3414 2464 unionem
3447 2403 3742 2463 habeant.

2188 2500 2271 2559 De
2305 2499 2527 2576 quibus
2553 2498 2750 2557 videri
2778 2503 3032 2575 possunt
3051 2496 3407 2574 jurisperiti,
3444 2496 3510 2553 in
3539 2495 3583 2553 l.
3620 2498 3646 2553 1
3683 2500 3748 2554 51

2188 2590 2557 2669 sequentib„
2577 2589 2639 2650 ff.
2665 2589 2821 2661 Quid
2834 2589 3128 2666 cujusque
3141 2587 3577 2660 universitatiS,
3596 2593 3711 2647 515.
3721 2631 3741 2661 ,

2185 2689 2248 2742 51
2278 2683 2343 2742 ff.
2376 2683 2452 2742 de
2484 2682 2766 2759 Collegiis
2795 2680 3038 2741 illicitis.

2265 2778 2364 2835 20.
2406 2775 2550 2846 Quoe
2577 2777 2660 2836 sit
2687 2775 3077 2835 communitas
3107 2773 3744 2849 imperfecta.-Com-

2187 2868 2459 2927 munitas
2483 2872 2692 2926 autem
2715 2864 3071 2943 imperfecta
3098 2882 3223 2923 non
3252 2864 3584 2941 respective
3607 2875 3747 2922 tan-

2186 2968 2346 3035 tum,
2385 2960 2489 3020 sed
2532 2959 2807 3019 absolute
2837 2960 3058 3018 dicitur
3084 2959 3324 3036 privata
3373 2957 3612 3030 domuS,
3648 2957 3752 3016 cui

2186 3058 2362 3132 pater
2387 3052 2653 3113 familias
2683 3057 2921 3130 praeest,
2958 3056 3028 3109 ut
3063 3051 3301 3109 notavit
3341 3050 3409 3107 D.
3453 3049 3748 3123 ThomaS,

2188 3164 2248 3223 q.
2285 3145 2387 3206 cit.
2416 3189 2436 3219 ,
2483 3150 2599 3204 art.
2635 3145 2694 3218 3,
2734 3144 2812 3202 ad
2845 3145 2904 3217 3,
2955 3149 3015 3202 et
3047 3144 3214 3216 Sot0,
3260 3142 3371 3215 ibi,
3425 3147 3486 3201 et
3528 3140 3638 3200 lib.
3681 3143 3746 3214 5,

2188 3238 2265 3297 de
2291 3239 2448 3297 Just.
2457 3281 2476 3311 ,
2515 3255 2573 3313 q.
2605 3240 2664 3310 1,
2688 3241 2805 3295 511.
2840 3238 2901 3310 2,
2934 3241 2995 3294 et
3018 3235 3284 3294 sumitur
3317 3252 3393 3293 ex
3421 3232 3748 3292 Aristotele

2185 3349 2369 3409 supra
2416 3351 2428 3388 :
2490 3329 2646 3388 ratio
2695 3347 2840 3388 vero
2876 3334 2989 3402 est..
3020 3328 3166 3406 quia
3198 3327 3303 3386 illa
3336 3327 3748 3386 communitas

2186 3441 2312 3481 non
2341 3427 2432 3481 est
2454 3420 2569 3480 sibi
2596 3420 2924 3495 sufficienS,
2956 3426 3028 3478 ut
3066 3420 3275 3478 statim
3311 3417 3744 3496 explicabitur.

2188 3515 2340 3573 Item
2388 3513 2534 3592 quia
2589 3513 2654 3571 in
2701 3530 2773 3571 ea
2823 3531 2949 3571 non
2987 3517 3440 3588 congregantur
3488 3509 3751 3586 singulae

2192 3622 2468 3685 personae
2493 3611 2562 3663 ut
2588 3604 2955 3682 principalia
2984 3603 3263 3663 membra
3291 3603 3367 3661 ad
3394 3619 3589 3660 unum
3622 3619 3753 3660 cor-

2195 3716 2307 3776 pus
2338 3697 2653 3775 politicum
2705 3697 3218 3774 componendum,
3271 3694 3377 3753 sed
3418 3694 3616 3752 solum
3665 3692 3754 3756 ibi

2195 3791 2469 3850 existunt
2507 3787 2827 3847 inferiores
2879 3789 2945 3845 in
3004 3787 3334 3846 utilitatem
3382 3785 3663 3858 Domini,
3693 3790 3758 3844 et

2194 3887 2496 3961 quatenus
2523 3881 2656 3957 ejus
2679 3880 2954 3938 dominio
2989 3879 3197 3957 aliquo
3226 3879 3408 3938 modo
3443 3877 3707 3936 subsunt
3733 3898 3748 3936 ε

2191 3981 2254 4033 51
2281 3975 2417 4032 ideo
2461 3971 2602 4031 talis
2629 3973 3059 4047 communitas,
3108 3989 3218 4049 per
3260 3989 3323 4030 se
3358 3968 3668 4047 loquendo
3692 3975 3758 4029 et

2192 4066 2356 4125 intra
2407 4064 2683 4143 proprios
2733 4064 3030 4123 terminos
3068 4082 3194 4123 non
3235 4063 3472 4140 regitur
3504 4063 3757 4139 propria

2192 4164 2490 4237 potestate
2514 4157 2977 4236 jurisdictionis,
3007 4156 3113 4216 sed
3142 4155 3542 4228 dominativa,
3567 4161 3756 4232 atque

2193 4252 2282 4310 ita
2330 4269 2442 4329 pro
2485 4250 2836 4309 diversitate
2882 4248 3142 4307 dominii
3173 4247 3501 4326 participat
3551 4246 3755 4306 diver-

2194 4361 2333 4403 sum
2368 4343 2619 4401 modum
2645 4340 2992 4419 imperandi
3035 4346 3311 4418 respectu
3344 4339 3751 4399 diversorum.

2193 4435 2377 4496 Aliud
2397 4435 2565 4493 enim
2593 4439 2685 4493 est
2713 4434 2832 4510 jus,
2862 4432 2959 4493 vel
2989 4433 3162 4510 quasi
3192 4431 3541 4490 dominium
3560 4431 3757 4508 patris

2193 4526 2461 4587 familias
2488 4526 2554 4584 in
2587 4543 2869 4598 uxorem,
2904 4524 3074 4585 aliud
3115 4525 3181 4582 in
3229 4522 3411 4597 filios,
3459 4522 3630 4581 aliud
3688 4524 3757 4583 in

2193 4620 2477 4693 famuloS,
2534 4618 2633 4677 vel
2672 4633 2906 4693 servos3
2959 4617 3126 4676 unde
3158 4633 3358 4693 neque
3404 4615 3591 4675 habet
3617 4635 3759 4694 per-

2194 4714 2416 4773 fectam
2449 4712 2776 4783 unitatem,
2820 4727 2927 4769 seu
2962 4708 3337 4768 uniformem
3366 4714 3755 4786 potestatem,

2195 4795 2396 4882 neque
2417 4805 2605 4863 etiam
2625 4802 2951 4881 participat
2979 4802 3221 4880 proprie
3251 4801 3571 4879 politicum
3593 4802 3761 4878 regi-

2199 4914 2369 4970 men,
2396 4902 2457 4955 et
2493 4896 2631 4955 ideo
2656 4895 3065 4954 communitas
3099 4894 3205 4954 illa
3255 4893 3616 4973 simpliciter
3643 4895 3762 4954 im-

2202 4988 2467 5069 perfecta
2496 4988 2740 5049 dicitur.

2282 5085 2380 5142 21.
2427 5082 2612 5159 Leyes
2656 5082 2932 5142 humanoe
2970 5081 3160 5143 solum
3203 5079 3400 5141 debent
3446 5080 3606 5154 ferri
3647 5097 3764 5158 pro

2206 5176 2621 5238 communitate
2650 5175 3177 5251 μνήσω-1155
3205 5189 3351 5249 ergo
3375 5172 3766 5234 distinctione

2202 5268 2539 5346 supposita,
2571 5267 2901 5326 dicendum
2941 5273 3065 5340 est,
3121 5265 3286 5342 leges
3316 5265 3620 5324 humanas
3655 5265 3767 5325 ha-

2201 5358 2346 5421 bere
2375 5360 2620 5438 proprie
2647 5360 2848 5419 locum
2879 5360 2946 5419 in
2983 5375 3372 5438 quacumque
3418 5360 3770 5417 communi-

2202 5460 2330 5515 tate
2356 5453 2646 5535 perfecta,
2679 5471 2803 5513 non
2827 5459 3038 5513 tamen
3075 5453 3142 5512 in
3182 5451 3560 5530 imperfecta.
3592 5453 3771 5512 Prior
