3976 6219
754 422 890 478 CAP.
922 425 1006 479 111.
1039 424 1263 488 QUIBUS
1297 423 1594 479 Pnusoms
1627 423 1796 477 DATA
1825 422 2072 487 ruam,
2106 424 2189 477 m·
2220 424 2516 488 Quonono
2547 425 2776 491 DETUR,
2802 427 2938 479 ETc.

204 522 552 603 colligitur
589 541 669 585 ex
704 524 895 586 verbo
921 525 1029 587 illo
1062 527 1255 591 Pasce
1279 546 1410 591 oves
1429 544 1591 590 meas
1607 552 1637 599 ,·
1659 544 1810 587 nam

202 616 316 677 ad
352 615 627 677 officium
656 619 914 696 pastoris
935 618 1202 698 pertinet
1218 638 1362 682 oves
1394 619 1721 696 custodire,
1747 624 1809 680 et

204 709 507 789 dirigere
556 729 628 772 ac
674 729 977 788 coercere,
1008 714 1173 791 quod
1199 732 1311 792 per
1342 713 1509 793 leges
1536 713 1807 775 maxime

204 801 309 863 fit
336 802 416 863 ab
440 803 718 865 humano
740 812 1004 885 pastore.
1031 807 1333 868 Praeterea
1360 825 1439 868 ex
1468 813 1690 868 natura
1716 806 1807 868 rei

206 894 581 957 includitur
623 896 756 958 haec
780 904 1047 977 potestas
1092 900 1160 959 in
1195 918 1454 961 munere
1482 901 1720 980 capitis,
1746 906 1810 959 et

210 989 539 1070 principis
569 1009 677 1052 seu
705 993 979 1073 supremi
1005 994 1304 1072 pastoris:
1345 999 1409 1055 et
1446 993 1586 1055 ideo
1617 992 1807 1055 etiam

212 1100 414 1162 reges
437 1084 650 1161 seculi,
682 1104 755 1147 eo
777 1086 913 1166 ipso
938 1087 1105 1168 quod
1131 1106 1170 1149 a
1198 1088 1516 1167 republica
1541 1088 1621 1148 ad
1651 1086 1808 1148 illud

216 1193 469 1238 munus
504 1177 837 1258 eligantur,
881 1186 1246 1260 potestatem
1273 1180 1684 1259 legislativam
1710 1199 1809 1242 ac·-

219 1269 480 1349 cipiunt
493 1286 514 1348 3
563 1273 669 1333 sed
703 1274 920 1334 Petrus
960 1275 1196 1354 accepit
1221 1274 1422 1336 simile
1454 1293 1711 1351 munus,
1745 1279 1809 1335 et

220 1362 654 1442 principatum
698 1366 1124 1445 spiritualem3
1173 1385 1322 1447 ergo
1349 1372 1412 1429 et
1438 1372 1805 1447 potestatem

223 1453 671 1533 legislativam.
716 1458 915 1537 Major
957 1466 1050 1522 est
1097 1459 1468 1522 naturaliter
1509 1460 1760 1522 evidens
1773 1504 1794 1537 ,

229 1547 390 1626 quia
409 1556 717 1629 repugnat
748 1569 877 1613 esse
926 1553 1303 1633 superiorem
1331 1558 1393 1614 et
1423 1553 1800 1632 gubernato·

231 1657 398 1716 rem,
420 1647 483 1702 et
510 1661 638 1703 non
658 1662 831 1723 posse
857 1646 1209 1725 praecipere,
1256 1651 1321 1707 et
1344 1663 1455 1707 suo
1495 1651 1798 1725 praecepto

233 1731 516 1812 obligare
542 1735 893 1798 subditum:
935 1737 1089 1800 alias
1112 1744 1314 1818 posset
1351 1738 1631 1800 subditus
1667 1737 1801 1798 sine

236 1825 424 1904 culpa
472 1845 598 1889 nou
649 1828 848 1891 facere
880 1831 1054 1910 jussa
1099 1831 1455 1912 superioria,
1504 1837 1566 1892 et
1590 1848 1803 1892 conse-

233 1924 505 1995 quenter
526 1927 730 2000 posset
753 1922 845 1983 illi
863 1923 1165 1998 resistere,
1195 1929 1260 1984 et
1275 1942 1403 1984 non
1422 1923 1804 2003 possetjuste

230 2010 379 2086 cogi
423 2011 502 2071 ad
528 2012 638 2073 illa
681 2014 1017 2095 implenda,
1066 2022 1131 2078 et
1161 2018 1250 2078 ita
1277 2035 1405 2078 non
1436 2020 1595 2078 efflet
1624 2016 1799 2092 ordo,

229 2101 346 2162 sed
392 2120 640 2167 summa
685 2110 988 2186 confusio,
1030 2129 1145 2180 nec
1178 2112 1284 2173 ille
1323 2115 1482 2172 esset
1525 2110 1806 2189 superior

228 2194 359 2255 nisi
384 2199 639 2261 nomine
668 2205 946 2264 tantum:
992 2208 1056 2263 et
1079 2203 1221 2264 ideo
1246 2203 1620 2283 principium
1661 2202 1800 2277 boc,

234 2286 633 2354 obediendum
681 2300 769 2356 est
792 2296 1226 2373 superioribus,
1261 2295 1533 2357 naturali
1565 2295 1805 2356 lumine

230 2386 336 2440 est
357 2382 630 2461 evidens,
656 2386 784 2446 imo
807 2392 869 2448 et
896 2404 1006 2466 per
1032 2405 1096 2449 se
1123 2393 1343 2448 notum
1383 2406 1475 2449 ex·
1492 2388 1799 2449 terminis.

325 2475 384 2537 3.
432 2475 651 2540 Altera
673 2479 1195 2558 objectum—Dices
1220 2480 1460 2542 hincad
1486 2498 1803 2542 summum

227 2568 485 2648 probari
513 2576 878 2650 potestatem
907 2573 1326 2652 praecipiendi,
1371 2591 1499 2633 non
1542 2592 1688 2636 vero
1714 2575 1803 2635 le-

233 2678 352 2739 ges
397 2661 657 2738 ferendi,
710 2665 867 2727 sicut
903 2666 1299 2745 magistratus
1322 2665 1581 2727 inferior
1611 2666 1803 2728 habet

238 2760 610 2833 potestatem
631 2758 1052 2839 praecipiendi,
1095 2777 1224 2820 non
1258 2777 1405 2821 vero
1447 2759 1689 2821 ferendi
1719 2760 1806 2822 le-

238 2864 377 2925 ges.
409 2850 769 2929 Respondeo
803 2868 820 2912 z
849 2851 995 2912 licet
1021 2850 1154 2912 haec
1180 2851 1305 2912 sint
1331 2851 1697 2931 separabilia
1738 2853 1806 2913 in

240 2939 530 3003 inferiori
574 2943 1008 3021 gubernatore,
1056 2962 1185 3004 non
1212 2962 1361 3005 vero
1399 2944 1470 3005 in
1493 2963 1805 3025 supremo,

236 3034 353 3113 qui
397 3037 476 3096 sit
518 3042 703 3116 caput
728 3036 917 3097 totius
941 3037 1319 3117 reipublicoe,
1349 3037 1659 3118 loquendo
1681 3040 1808 3099 sal-

231 3133 370 3188 tem
419 3147 498 3190 ex
538 3136 764 3192 natura
800 3131 915 3206 rei,
961 3131 1262 3211 quidquid
1296 3131 1377 3192 sit
1423 3131 1501 3193 de
1532 3133 1811 3211 potentia

234 3220 521 3283 absoluta
538 3223 668 3283 Dei.
688 3223 1010 3300 Probatur,
1041 3229 1178 3284 tum
1199 3224 1347 3303 quia
1362 3229 1630 3304 potestas
1651 3243 1808 3303 pree-

234 3313 512 3393 cipiendi
551 3322 646 3377 est
685 3318 1146 3421 proportionata
1189 3316 1588 3397 principatui,
1618 3324 1691 3379 ut
1728 3318 1807 3379 de

232 3408 489 3513 regibus
516 3409 824 3484 diximus3
861 3416 996 3470 tum
1024 3410 1172 3488 quia
1193 3410 1312 3471 boc
1354 3415 1448 3472 est
1469 3428 1547 3471 ex
1580 3416 1807 3472 natura

234 3500 332 3561 rei
361 3503 772 3564 necessarium
794 3502 873 3563 ad
905 3502 1401 3564 convenientiam
1422 3503 1800 3584 reipublicae,

232 3596 338 3657 vel
381 3594 663 3659 Ecclesiae
705 3597 1221 3676 gubernationem
1248 3616 1265 3660 z
1313 3615 1462 3659 nam
1509 3597 1612 3660 lex
1638 3598 1804 3660 ultra

236 3695 639 3770 praeceptum,
674 3690 743 3750 in
768 3691 1055 3770 praesenti
1080 3691 1359 3770 ..materia
1368 3737 1390 3768 ,
1438 3708 1566 3753 non
1604 3696 1804 3772 potoet

236 3783 463 3845 addere
482 3828 504 3859 ,
547 3784 668 3845 nisi
715 3785 1188 3864 perpetuitatem
1219 3805 1238 3860 3
1272 3784 1402 3846 hoec
1449 3789 1663 3846 autem
1712 3790 1804 3847 est

238 3894 480 3939 summe
506 3877 851 3939 necessaria
881 3878 956 3939 ad
985 3876 1219 3939 bonum
1246 3878 1528 3957 regimen
1554 3879 1805 3940 univer-

232 3969 381 4045 sale,
407 3971 553 4050 quia
575 3976 873 4050 perpetua
899 3971 1183 4047 mutatio,
1218 3977 1279 4032 et
1310 3971 1563 4034 cessatio
1587 3971 1801 4050 legum

237 4063 314 4123 ad
332 4064 741 4125 mutationem
760 4080 1167 4144 personarum
1192 4064 1565 4143 regentium,
1590 4063 1800 4124 infini-

235 4160 364 4216 tam
390 4156 815 4218 confusionem
840 4162 1107 4237 pararet,
1132 4162 1205 4217 ut
1224 4174 1338 4236 per
1356 4174 1421 4218 se
1438 4162 1660 4217 notum
1681 4162 1798 4234 est,

238 4253 297 4309 et
323 4261 509 4328 supra
552 4255 645 4310 est
671 4255 1026 4312 ostensam:
1071 4248 1241 4310 unde
1266 4267 1307 4311 a
1331 4249 1634 4329 principio
1660 4268 1802 4311 nas-

239 4342 430 4400 centis
456 4340 736 4402 Ecclesiae
756 4342 846 4403 ita
867 4341 1216 4404 mtellectus
1240 4346 1333 4403 est
1359 4342 1662 4421 primatus
1687 4343 1797 4403 Pe-

239 4432 341 4508 tri,
377 4445 440 4494 et
466 4438 735 4512 potestas
756 4434 915 4515 eJus,
937 4442 1000 4498 et
1019 4435 1188 4498 idem
1210 4441 1448 4499 constat
1463 4436 1541 4500 de
1560 4453 1797 4499 succes-⁶

236 4525 471 4587 soribus
493 4527 683 4604 Petri,
710 4533 783 4591 ut
806 4540 954 4591 mox
975 4529 1272 4592 dicemus.

310 4620 371 4679 4.
418 4618 703 4684 Secunda
730 4621 1439 4701 ⁴ccnwlmio.----·Sacundo,
1467 4621 1799 4684 dicendum

236 4717 321 4773 est
339 4712 501 4773 hanc
517 4718 885 4791 potestatem
902 4714 1039 4777 aliis
1057 4716 1247 4778 etiam
1269 4714 1577 4795 Apostolis
1590 4716 1802 4776 datam

235 4822 359 4866 esse
403 4805 763 4868 immediate
807 4806 889 4868 ab
923 4808 1059 4888 ipso
1092 4808 1355 4884 Christo,
1393 4808 1674 4887 quamvis
1706 4807 1802 4868 di-

234 4916 411 4959 verso
459 4898 670 4975 mod0,
723 4905 786 4961 et
812 4901 1023 4962 minus
1046 4901 1342 4982 perfectO,
1380 4912 1572 4980 quam
1595 4901 1795 4963 Petro,

235 4990 506 5052 Priorem
530 4996 772 5071 partem
808 4997 980 5055 tenet
1018 4994 1293 5056 Durand.
1324 4995 1394 5055 in
1417 4995 1479 5070 4,
1510 4993 1650 5056 dist.
1694 4994 1797 5072 24,

234 5102 292 5163 q.
323 5085 385 5160 2,
415 5102 481 5145 n.
515 5086 579 5160 5,
615 5090 678 5146 et
698 5087 890 5148 sentit
913 5086 1104 5166 CaJ'et.
1129 5093 1180 5149 t.
1214 5090 1244 5148 1
1279 5088 1477 5167 Opusc
1498 5108 1516 5163 3
1538 5088 1796 5165 Anton„

233 5178 271 5238 3
309 5194 399 5256 p.,
430 5176 531 5238 tit.
567 5179 670 5254 ΞΩ,
704 5198 840 5258 cap.
862 5181 927 5255 4,
956 5180 1026 5241 in
1049 5180 1273 5260 princ„
1294 5185 1358 5242 et
1387 5178 1425 5259 ξ
1453 5183 1513 5256 1,
1547 5197 1708 5241 vers.
1732 5182 1795 5255 7,

229 5269 366 5331 licet
394 5269 588 5331 soleat
605 5272 673 5332 in
693 5272 1077 5334 contrarium
1104 5272 1344 5347 referri,
1366 5273 1512 5352 quia
1536 5272 1799 5334 inferius

232 5363 377 5424 dicit
404 5365 728 5443 Apostolos
754 5384 883 5428 non
908 5366 1095 5429 fuisse
1122 5367 1388 5447 aequales
1419 5367 1485 5426 in
1508 5368 1797 5446 jurisdic-

230 5455 432 5532 tione3
480 5458 586 5518 sed
628 5459 746 5521 hoc
773 5460 1087 5522 diversum
1120 5466 1213 5522 est
1234 5480 1251 5522 ι
1276 5460 1479 5541 potuit
1505 5461 1674 5522 enim
1696 5462 1799 5540 jn-

235 5549 502 5612 risdictio
541 5570 670 5616 non
696 5564 829 5617 esse
855 5554 1132 5637 aequalis,
1174 5561 1239 5617 et
1267 5572 1396 5618 esee
1437 5554 1801 5618 immediate¹

1890 544 1929 586 a
1949 524 2190 588 Christo
2207 548 2225 602 3
2254 526 2644 606 inaequalitas
2664 527 2833 589 enim
2854 531 3100 589 tantum
3119 526 3262 606 fuit,
3304 532 3455 610 quia

1888 619 1955 679 in
1982 621 2160 681 Petro
2187 619 2309 680 fuit
2328 626 2627 700 tanquam
2655 620 2723 681 in
2765 621 2986 701 capite,
3022 628 3084 682 et
3110 628 3182 682 ut
3209 624 3453 686 ordina-

1886 712 2002 786 ria,
2061 731 2133 774 ac
2171 719 2472 793 perpetuo
2498 714 2833 776 duratura:
2868 714 2946 776 de
2982 733 3107 794 quo
3134 714 3303 778 alias.
3337 719 3454 779 Pro

1888 805 2107 867 eadem
2146 812 2320 885 parte
2361 806 2628 868 refertur
2676 807 2845 869 idem
2888 807 3118 869 Anton.
3150 815 3326 872 tract.
3377 812 3454 872 de

1886 898 2244 976 Schismat.,
2274 918 2336 979 q.
2364 902 2462 962 45.
2487 902 2684 962 Tenet
2707 901 2896 962 etiam
2906 900 3212 963 Francisc.
3237 904 3450 983 Varg.,

1888 996 1968 1052 tr.
1996 992 2074 1053 de
2092 994 2270 1054 Auct.
2303 994 2558 1069 Pontis„
2598 994 2827 1056 axiom.
2858 996 2901 1055 4
2917 1015 2936 1069 3
2991 994 3220 1057 Victor.
3254 996 3323 1057 in
3356 1017 3455 1060 re-

1885 1083 2027 1146 lect.
2064 1086 2141 1147 de
2165 1087 2466 1148 Potestate
2492 1087 2801 1163 Ecclesiae,
2832 1106 2892 1167 q.
2929 1089 2968 1147 2
2994 1102 3015 1164 3
3045 1088 3279 1165 Castrn,
3302 1089 3347 1151 l.
3388 1093 3449 1167 Ξ,

1890 1177 1967 1239 de
2005 1179 2163 1240 Just.
2190 1178 2402 1240 hoeret.
2435 1199 2616 1260 pun„
2643 1198 2699 1241 c.
2745 1182 2864 1255 243
2892 1179 3210 1257 Bellarm.,
3238 1181 3282 1243 l.
3319 1186 3350 1245 4
3376 1183 3453 1246 de

1890 1272 2167 1333 Romano
2192 1272 2487 1335 Pontifice
2508 1292 2561 1335 c.
2599 1275 2717 1349 233
2764 1279 2827 1336 et
2862 1275 3041 1335 Sotus
3061 1274 3130 1335 in
3154 1277 3215 1351 4,
3258 1277 3322 1339 d.
3349 1279 3451 1355 20,

1887 1357 2103 1444 quaest.
2142 1368 2200 1443 1,
2235 1371 2354 1428 art.
2391 1369 2471 1443 23
2501 1373 2565 1429 et
2587 1367 2696 1429 lib.
2730 1371 2761 1428 1
2809 1368 2886 1430 de
2933 1369 3117 1446 Just„
3144 1375 3359 1449 quoest.
3388 1365 3448 1449 1,

1883 1467 2001 1520 art.
2035 1459 2096 1519 3.

1956 1554 2018 1613 5.
2064 1553 2142 1614 Et
2170 1552 2488 1631 probatur,
2524 1553 2673 1632 quia
2692 1553 2911 1616 Matth.
2951 1554 3029 1615 18
3057 1553 3216 1616 dixit
3248 1554 3451 1618 Chris-

1877 1650 1979 1706 tus
2008 1645 2312 1725 Apostolis
2346 1667 2362 1706 ε
2399 1646 2789 1728 Quoeoumqm
2832 1648 3244 1727 alliqavoritis
3272 1668 3452 1729 super

1880 1745 2109 1802 terram
2126 1762 2154 1810 ‚·
2181 1744 2245 1801 et
2271 1745 2483 1802 tamen
2509 1757 2674 1800 unus
2712 1740 2931 1802 modus
2953 1740 3192 1820 ligandi
3217 1748 3308 1803 est
3333 1761 3450 1822 per

1878 1831 2084 1911 legem
2111 1838 2173 1894 et
2198 1839 2522 1913 praecepta,
2537 1833 2720 1910 juxta
2746 1833 2901 1894 illud
2919 1833 3138 1895 Matth.
3169 1837 3245 1896 13
3272 1857 3287 1895 :
3318 1834 3447 1897 Az-

1882 1924 2084 2005 liyant
2115 1943 2293 1988 onera
2327 1927 2547 2007 μανία
2569 1972 2587 2000 ,
2614 1931 2729 1987 etc.
2763 1926 3039 1987 Christus
3065 1935 3274 1988 autem
3303 1946 3448 1990 cum

1883 2016 2319 2081 distributione
2344 2018 2503 2079 dixit
2528 2036 2546 2081 t
2586 2018 2973 2099 Quoecumque
2997 2020 3408 2101 alliyaveritis
3422 2046 3451 2094 ,-

1883 2117 1968 2186 et‚
2002 2109 2149 2172 licet
2191 2111 2507 2192 probabile
2537 2112 2619 2173 sit
2654 2117 2804 2173 tunc
2844 2129 2971 2174 non
3015 2113 3252 2174 dedisse
3273 2159 3294 2189 ,
3339 2114 3447 2176 sed

1884 2204 2238 2283 promisisse
2256 2210 2646 2285 potestatem,
2681 2210 2894 2266 tamen
2922 2210 3133 2283 postea
3153 2206 3186 2266 J
3190 2223 3331 2268 oan.
3367 2208 3449 2268 20

1884 2297 2044 2360 dixit
2062 2298 2351 2359 omnibus
2369 2298 2676 2378 Apostolis
2696 2320 2710 2359 ε
2737 2297 2919 2362 Sicut
2936 2298 3111 2361 misit
3135 2317 3226 2361 me
3247 2300 3451 2363 vinem

1884 2389 2099 2466 Pater,
2134 2397 2189 2454 et
2218 2408 2321 2471 eqo
2350 2393 2523 2454 mitto
2550 2409 2654 2455 vos
2684 2416 2709 2453 .·
2752 2409 2830 2452 ex
2853 2390 3077 2471 quibus
3102 2391 3308 2453 verbis
3337 2393 3449 2453 Pa-

1882 2487 2008 2544 tres
2026 2484 2328 2563 colligunt
2346 2502 2449 2545 eos
2476 2484 2687 2545 fecisse
2712 2502 2853 2545 suos
2871 2483 3104 2563 legatos
3130 2485 3449 2563 generales

1880 2593 1998 2656 pro
2028 2577 2316 2638 universo
2355 2577 2611 2654 mundo,
2647 2578 2831 2656 juxta
2866 2577 3022 2638 illud
3056 2576 3230 2639 Pauli
3261 2600 3276 2637 :
3319 2578 3447 2641 Pro

1884 2664 2128 2731 Christo
2156 2670 2447 2749 leqationo
2477 2672 2803 2748 fmyimur
2814 2715 2837 2746 ,
2872 2676 2935 2731 et
2959 2669 3099 2731 ideo
3121 2671 3202 2731 ad
3230 2688 3447 2732 omnes

1886 2761 2077 2822 etiam
2113 2762 2271 2824 dixit
2309 2763 2526 2825 Matth.
2573 2762 2688 2824 ult.
2722 2785 2737 2824 :
2775 2766 3016 2828 Eunus
3060 2765 3129 2825 in
3163 2766 3449 2827 mundum
3568 2791 3570 2794 ’

1883 2857 2230 2920 universnm
2281 2862 2397 2917 etc.
2458 2858 2626 2918 Idem
2669 2856 2983 2935 colligitur
3016 2875 3092 2919 ex
3129 2856 3267 2918 aliis
3301 2856 3452 2920 locis

1886 2949 2083 3024 Pauli,
2116 2968 2254 3029 quae
2276 2968 2465 3030 supra
2493 2950 2679 3011 citavi
2711 2967 2727 3012 ε
2757 2949 3161 3031 profitebatur
3184 2951 3354 3012 enim
3390 2969 3455 3013 se

1886 3040 2116 3102 habere
2156 3043 2320 3103 hanc
2364 3048 2755 3123 potestatem,
2803 3049 2865 3104 et
2904 3043 3078 3104 illam
3116 3062 3156 3105 a
3185 3044 3451 3106 Domino

1887 3135 2216 3215 accepisse,
2249 3139 2274 3196 1
2309 3135 2584 3196 Corinth.
2611 3138 2673 3212 4,
2697 3137 2832 3197 2ad
2855 3136 3129 3198 Corinth.
3161 3139 3239 3199 10
3257 3144 3320 3199 et
3348 3139 3449 3213 13,

1887 3234 1949 3290 et
1979 3232 2008 3289 1
2040 3228 2119 3288 ad
2155 3228 2423 3289 Thessal.
2451 3230 2533 3289 4:
2571 3228 2770 3292 Scitis
2804 3247 2935 3309 quse
2955 3235 3254 3309 proeoepta
3287 3231 3452 3293 dede-

1885 3322 2010 3384 rim
2030 3321 2222 3397 vobis,
2244 3327 2360 3383 etc.
2391 3321 2671 3382 Sumitur
2693 3321 2881 3383 etiam
2900 3321 3009 3382 illa
3030 3339 3170 3401 pars
3190 3340 3267 3383 ex
3284 3322 3451 3384 dicto

1885 3433 2023 3495 cap.
2044 3415 2130 3476 In
2150 3433 2318 3491 nova,
2343 3415 2484 3475 dist.
2512 3415 2614 3488 21,
2640 3419 2705 3475 et
2722 3432 2779 3474 c.
2800 3413 3101 3494 Loquitur
3119 3415 3445 3492 Dominus,

1883 3524 2029 3567 cum
2050 3504 2212 3583 aliis,
2243 3508 2345 3582 24,
2368 3524 2432 3585 q.
2458 3509 2518 3581 1,
2545 3511 2609 3566 et
2630 3524 2707 3568 ex
2728 3524 2863 3585 cap.
2894 3507 3099 3583 Nova,
3126 3507 3201 3568 de
3224 3506 3448 3569 Poenit.

1882 3605 1945 3661 et
1970 3600 2234 3677 remiss„
2268 3599 2379 3660 ubi
2415 3601 2626 3661 lnnoc.
2665 3600 2753 3661 ait
2793 3600 3103 3662 Christum
3141 3600 3448 3680 Apostolis

1884 3693 2086 3755 claves
2111 3694 2292 3774 regni
2318 3693 2619 3755 coelorum
2660 3694 3079 3772 commisisse,
3110 3700 3174 3757 et
3199 3713 3278 3757 ex
3310 3713 3446 3775 cap.

1884 3786 2010 3848 Per
2024 3786 2435 3861 venerabilem,
2457 3786 2573 3859 Qui
2594 3785 2711 3848 filii
2733 3786 2861 3848 sint
2876 3787 3078 3866 legit„
3098 3787 3209 3850 ubi
3233 3789 3445 3850 innoc.

1884 3878 1963 3939 111
1990 3878 2080 3940 ait
2107 3878 2370 3939 Paulum
2396 3878 2680 3941 habuisse
2706 3877 3159 3959 plenitudinem
3187 3886 3451 3961 potesta-

1883 3972 2012 4047 tis,
2069 3986 2332 4051 eamque
2374 3970 2680 4033 indicasse
2720 3989 2864 4033 cum
2915 3972 3123 4035 dixit.
3172 3974 3450 4039 Nescitis

1879 4065 2029 4146 quia
2051 4070 2108 4129 et
2135 4064 2402 4143 Auqezos
2414 4065 2855 4143 judicabimur,
2880 4071 3102 4147 quanto
3129 4069 3333 4147 mayis
3357 4084 3449 4130 se-

1881 4158 2144 4234 azaria,
2174 4161 2205 4218 1
2239 4156 2375 4219 Cor.
2403 4157 2464 4218 6.

1960 4251 2023 4311 6.
2067 4250 2253 4313 Ratio
2298 4249 2713 4314 conclusionis.
2754 4281 2839 4296 —
2879 4249 3061 4311 Ratio
3105 4268 3253 4313 vero
3266 4297 3288 4329 ,
3336 4271 3448 4317 seu

1875 4343 2203 4409 necessitas
2254 4349 2368 4422 est,
2416 4343 2567 4425 quia
2619 4342 2700 4406 ad
2748 4344 3168 4405 exercendum
3220 4362 3448 4409 munus

1876 4436 2304 4520 apostolicum,
2340 4443 2404 4499 et
2433 4437 2512 4498 ad
2540 4436 2926 4498 fundandam
2966 4436 3289 4500 Ecclesiam
3339 4457 3448 4502 ne-

1877 4531 2141 4595 cessasia
2186 4538 2318 4592 erat
2365 4531 2499 4593 haec
2546 4535 2814 4611 potestas
2858 4548 2876 4592 :
2918 4528 3194 4592 Chssstus
3234 4536 3447 4594 autem

1879 4624 2239 4711 immediate
2280 4624 2545 4685 contulit
2589 4624 2880 4685 omnibus
2911 4621 3217 4703 Apostolis
3244 4622 3449 4702 digni·

1880 4724 2074 4780 tatem
2094 4723 2159 4778 et
2177 4734 2409 4778 munus
2435 4717 2837 4797 apostolicum
2855 4763 2876 4793 ,
2908 4721 2983 4777 ut
3008 4733 3085 4776 ex
3111 4715 3448 4794 Evangelio

1880 4816 2121 4874 constat
2153 4831 2172 4885 3
2222 4827 2371 4890 ergo
2402 4811 2590 4871 etiam
2618 4809 2882 4872 contulit
2907 4809 3136 4870 dictam
3182 4813 3446 4888 potesta-

1880 4910 2033 4967 tem.
2078 4904 2207 4965 Hoc
2243 4910 2453 4965 autem
2491 4905 2645 4965 adeo
2686 4902 3101 4965 necessarium
3132 4901 3446 4962 existima-

1880 5003 2032 5060 runt
2060 4996 2359 5076 Apostoli,
2397 5002 2468 5057 ut
2504 4996 2825 5058 deficiente
2865 4997 2898 5057 J
2903 4997 3026 5057 uda
3058 5000 3122 5056 et
3160 4994 3450 5074 proevari-

1880 5096 2082 5168 cante,
2114 5108 2244 5151 non
2270 5089 2506 5152 fuerint
2527 5089 2661 5151 ausi
2685 5090 2880 5150 alium
2907 5087 3279 5150 substituere
3306 5087 3444 5149 loco

1877 5183 2043 5245 illius
2069 5202 2183 5245 sua
2213 5183 2580 5245 auctoritate
2604 5227 2625 5258 ,
2667 5182 2773 5242 sed
2806 5182 3022 5242 divina
3042 5225 3063 5256 ,
3110 5186 3182 5242 ut
3205 5186 3445 5242 constat

1878 5276 1955 5338 de
1984 5275 2243 5338 Matthia
2269 5275 2402 5337 Act.
2439 5277 2463 5336 1
2495 5291 2516 5351 3
2547 5281 2609 5335 et
2637 5273 2921 5335 similiter
2943 5272 3191 5350 Paulu3,
3219 5292 3347 5336 non
3367 5273 3448 5334 ab

1877 5367 2260 5443 hominibus,
2304 5385 2507 5447 neque
2534 5384 2645 5446 per
2678 5366 3024 5442 bominem,
3064 5366 3170 5427 sed
3203 5367 3283 5428 ab
3310 5367 3445 5446 ipso

1878 5461 2115 5522 Christo
2142 5459 2573 5540 Apostolatum
2608 5460 2865 5540 accepit,
2897 5465 2968 5520 ut
2992 5460 3121 5539 ipse
3160 5460 3337 5521 docet
3366 5459 3446 5521 ad

1876 5554 2079 5617 Galat.
2103 5556 2164 5630 1,
2190 5559 2254 5616 et
2274 5553 2460 5616 sentit
2476 5552 2676 5616 Gelas.
2700 5552 2866 5634 Papa
2882 5553 2951 5615 in
2968 5571 3100 5634 cap.
3130 5552 3442 5630 Quamvis,
