3976 6219
748 409 885 464 GAP.
910 411 1081 467 xvm.
1114 414 1363 478 QUANDO
1388 415 1511 471 Lssx
1538 417 2013 475 ECCLESIASTICA
2032 423 2293 479 OBLIGE'I'
2322 427 2437 482 SUB
2462 429 2735 486 MORTALI
2762 434 2981 490 CULPA.

3340 440 3461 502 403

265 503 462 566 ralem
512 505 793 584 regulam
836 510 913 571 de
952 514 1243 578 omnibus
1280 535 1418 598 quae
1459 537 1570 599 per
1618 537 1683 582 se
1713 539 1829 583 nec
1908 521 2175 584 tavimus
2193 543 2274 585 an
2294 527 2525 590 violare
2540 529 2742 611 legem
2757 552 2831 595 ex
2855 541 3210 618 contemptu
3223 559 3466 624 semper

263 597 429 658 bona
447 643 468 672 ,
503 616 618 658 nec
643 600 810 661 mala
835 610 1000 665 sunt.

1906 616 1985 676 sit
2004 624 2321 695 peccatum
2338 623 2618 701 mortale3
2642 630 2705 686 et
2730 627 3011 689 doctrina
3028 630 3116 690 ibi
3142 632 3285 695 data
3299 655 3465 699 com-

341 694 440 752 11.
488 689 903 757 Nihilominus
930 703 1139 761 tamen
1164 702 1448 765 existimo
1479 725 1607 767 non
1635 706 1825 770 fuisse
1905 711 2114 771 munis
2141 719 2233 774 est
2259 715 2549 776 omnibus
2581 717 2820 797 legibus
2850 721 3303 804 ecclesiasticis,
3336 731 3463 793 imo

264 790 537 846 mentem
561 787 861 848 Ber-nardi
892 789 1060 870 loqui
1088 793 1162 854 de
1190 798 1477 861 omnibus
1504 802 1824 880 praeceptis
1903 802 1970 862 in
1997 803 2097 865 his
2124 824 2163 866 a
2184 805 2426 868 fortiori
2448 807 2653 870 locum
2677 810 2885 890 habet,
2915 814 3195 897 nihilque
3221 820 3288 881 in
3309 841 3464 903 prae-

261 877 563 955 positivis,
593 880 764 959 quia,
794 888 1017 960 praeter
1043 904 1117 947 ea
1145 905 1282 966 quae
1309 909 1420 970 per
1446 911 1510 954 se
1537 893 1701 955 bona
1721 894 1824 956 vel
1901 897 2060 958 senti
2087 899 2442 963 addendum
2469 906 2756 967 occurrit.

261 968 447 1045 mala,
467 973 646 1050 ponit
663 991 737 1034 ea
753 992 892 1053 quae
908 983 1056 1039 sunt
1073 997 1150 1040 ex
1171 981 1559 1047 institutione
1583 987 1817 1064 divina,

261 1066 372 1122 aut
401 1080 538 1141 quae
574 1072 719 1128 sunt
757 1068 892 1146 fixa
932 1072 1400 1156 uniuscujusque
1423 1081 1819 1158 professione,

261 1159 323 1215 et
350 1155 417 1215 in
446 1157 544 1218 his
575 1161 866 1222 omnibus
902 1165 1089 1225 sentit
1119 1170 1355 1245 peccari
1392 1173 1663 1249 graviter
1689 1194 1818 1237 non

258 1246 459 1308 solum
491 1268 603 1329 per
629 1259 1078 1333 contemptum,
1114 1260 1221 1321 sed
1255 1262 1445 1323 etiam
1472 1282 1584 1343 per
1619 1266 1819 1345 negli-

255 1343 551 1420 gentiam.
590 1347 673 1406 At
697 1365 845 1409 vero
867 1348 976 1410 illa
997 1359 1321 1433 praecepta,
1355 1373 1492 1436 quae
1520 1364 1665 1418 sunt
1691 1358 1818 1421 fixa

254 1436 742 1518 uuiuscujusque
784 1441 1191 1521 professione,
1234 1448 1498 1526 positiva
1531 1456 1676 1512 sunt
1689 1496 1710 1527 ,
1754 1459 1816 1514 et

255 1526 534 1590 humana
573 1552 589 1591 ε
639 1551 748 1611 per
793 1533 902 1595 illa
944 1537 1111 1597 enim
1162 1539 1457 1618 intelligit
1501 1545 1814 1620 graviores

189 1657 192 1664 ›
255 1623 719 1686 constitutiones
777 1627 1262 1710 uniuscujusque
1314 1634 1633 1713 religionis
1664 1681 1685 1712 ,
1749 1643 1812 1699 et

250 1721 555 1795 praecepta
581 1716 986 1781 ecclesiastica
1016 1721 1135 1782 dici
1167 1725 1357 1785 etiam
1391 1733 1649 1806 possunt
1684 1727 1811 1790 fixa

253 1808 625 1885 professione
652 1812 1008 1875 christiana.
1052 1816 1311 1879 Videtur
1341 1837 1489 1899 ergo
1512 1841 1623 1902 per
1642 1840 1810 1901 proe-

248 1907 414 1977 cepta
449 1904 678 1978 fictitia
719 1905 1065 1987 intelligere
1101 1909 1335 1973 leviora
1371 1915 1652 1992 quaedam
1686 1922 1805 1978 sta-

242 1998 380 2053 tuta
397 1993 798 2074 religionum,
819 2018 957 2078 quae
977 2008 1125 2074 sunt
1148 2003 1224 2065 de
1247 2005 1428 2066 rebus
1448 2005 1804 2086 levioribuS,

236 2085 400 2146 sicut
438 2087 568 2166 ipse
607 2092 907 2169 exemplis
943 2095 1204 2171 indicat,
1242 2098 1449 2160 dicens
1477 2121 1491 2159 τ
1530 2101 1641 2162 Ex
1680 2103 1800 2178 his,

234 2179 404 2240 verbi
437 2181 669 2257 aratia,
701 2184 830 2245 dico
864 2204 1007 2262 esse,
1043 2189 1137 2252 roez
1164 2190 1360 2252 risum
1391 2192 1800 2271 interdictum,

233 2270 333 2332 vel
359 2272 649 2335 indictum
674 2276 1002 2340 silentiwm.
1035 2280 1263 2358 Et2haec
1284 2290 1463 2344 vocat
1489 2284 1803 2365 dispensa-

232 2361 419 2438 bilia,
470 2365 570 2426 vel
602 2385 714 2446 per
739 2374 1264 2450 antonomasiam,
1301 2377 1448 2455 quia
1474 2377 1801 2440 facile-dis-

231 2463 579 2534 pensantur
592 2474 613 2536 3
648 2460 771 2521 alia
813 2464 984 2524 enim
1022 2467 1310 2543 graviora
1348 2474 1650 2550 tanquam
1685 2472 1805 2533 im-

229 2548 566 2611 mutabilia
589 2552 897 2617 habentur
922 2557 989 2617 in
1019 2557 1455 2638 religionibus,
1495 2564 1805 2627 ordinarie

227 2639 583 2720 loquendo,
625 2646 723 2707 vel
752 2654 949 2726 certe,
980 2651 1127 2730 quia
1165 2652 1477 2715 ordinarie
1505 2674 1616 2735 per
1654 2657 1805 2718 talia

230 2741 488 2814 statuta,
531 2740 632 2801 vel
660 2742 908 2821 regulas
946 2745 1145 2806 solum
1190 2747 1538 2826 ordinatur,
1572 2769 1651 2812 ne
1678 2751 1797 2814 hoc

231 2830 335 2891 vel
361 2831 515 2891 illud
555 2831 668 2893 fiat
701 2835 833 2895 sine
872 2836 1123 2898 licentia
1153 2840 1420 2917 Proelati,
1463 2861 1572 2921 per
1606 2863 1797 2924 quam

229 2922 552 2985 licentiam
580 2927 754 3005 quasi
779 2927 1172 3007 dispensatur
1190 2932 1392 3009 facilc,
1414 2935 1580 2996 unde
1609 2937 1798 2998 etiam

231 3022 414 3076 vocat
451 3020 740 3096 factitia,
789 3022 939 3099 quia
975 3022 1155 3086 facile
1190 3031 1535 3090 mutantur.
1579 3029 1664 3089 De
1699 3029 1798 3091 his

233 3126 385 3186 ergo
414 3108 587 3192 loqui
609 3112 882 3188 videtur,
930 3134 1073 3177 cum
1104 3118 1223 3193 ait,
1267 3119 1335 3179 in
1363 3137 1578 3180 eorum
1600 3126 1797 3183 trans-

232 3203 551 3278 gressione
593 3222 720 3266 non
775 3208 1080 3269 committi
1120 3227 1307 3288 grave
1353 3212 1589 3275 crimen
1607 3260 1628 3290 ,
1673 3215 1797 3277 nisi

230 3299 626 3375 contemptus
653 3298 1042 3362 interveniat.
1075 3303 1152 3362 Et
1174 3302 1288 3364 hoc
1315 3303 1571 3366 sortasse
1593 3306 1795 3368 inten-

225 3387 323 3447 dit
359 3389 618 3468 Sylvest.
652 3393 821 3454 verb.
854 3395 1295 3472 Inobediencia,
1337 3417 1480 3460 cum
1509 3401 1597 3460 ait
1622 3400 1795 3481 loqui

228 3481 614 3544 Bernardum
644 3484 720 3545 de
739 3486 1070 3563 mandatiS,
1102 3507 1230 3549 non
1264 3490 1340 3550 de
1368 3494 1706 3572 praeceptiS.

317 3577 416 3636 12.
463 3576 639 3638 Unde
669 3579 855 3640 etiam
897 3585 1067 3659 patet
1089 3624 1111 3656 ,
1151 3582 1301 3659 quid
1330 3582 1406 3643 de
1433 3583 1625 3645 altera
1652 3603 1790 3646 sen-

223 3668 425 3729 tentia
451 3669 843 3731 sentiendum
882 3673 981 3743 sit.
1026 3674 1181 3733 Nam
1215 3674 1521 3754 imprimis
1560 3676 1786 3738 falsum

222 3765 321 3830 est
340 3805 361 3836 ,
409 3762 484 3821 ad
541 3762 920 3841 peccandum
969 3766 1313 3828 mortaliter
1361 3774 1574 3828 contra
1618 3768 1787 3848 leges

221 3853 511 3915 Ecclesiae
553 3872 684 3917 esse
733 3858 1144 3919 necessarium
1194 3866 1641 3940 contemptum,
1685 3863 1787 3924 vel

218 3948 734 4009 cousuetudinem
769 3965 786 4008 ε
831 3968 977 4011 nam
1014 3952 1083 4010 in
1120 3969 1248 4012 uno
1281 3958 1422 4012 actu
1461 3952 1562 4013 vel
1601 3954 1787 4015 omis·

216 4039 398 4099 sione
444 4040 760 4102 invenitur
810 4060 970 4121 saepe
1018 4049 1340 4121 peccatum
1383 4044 1663 4118 mortale,
1713 4051 1784 4106 ut

212 4131 490 4211 probant
524 4133 800 4193 inductio
848 4139 909 4193 et
952 4134 1220 4195 rationes
1252 4134 1461 4208 factae,
1503 4140 1565 4195 et
1590 4135 1668 4195 ab
1696 4136 1783 4196 ef-

209 4223 385 4284 fectu
426 4230 704 4301 constat3
754 4224 903 4303 quia
944 4243 1103 4304 saepe
1143 4244 1253 4305 per
1292 4244 1493 4286 unum
1537 4232 1740 4287 actum
1753 4274 1775 4304 ,

209 4315 323 4377 vel
346 4317 741 4377 omissionem
767 4317 956 4377 talem
984 4318 1324 4381 incurritur
1356 4322 1780 4382 excommuni-

210 4409 382 4470 catio
409 4408 635 4486 major,
667 4415 738 4469 ut
769 4428 955 4493 supra
985 4410 1287 4473 dicebam.
1323 4414 1485 4491 &go
1513 4414 1659 4473 satis
1690 4419 1781 4474 est

207 4500 386 4580 quod
435 4500 698 4562 violetur
741 4508 1116 4582 praeceptum
1161 4504 1230 4565 in
1269 4505 1531 4566 materia
1575 4507 1776 4584 gravi,

205 4593 461 4655 etiamsi
479 4612 605 4655 non
626 4595 882 4656 omnino
901 4594 1251 4658 destruatur
1268 4597 1411 4658 finis
1424 4599 1478 4678 ej
1486 4618 1559 4659 us
1574 4599 1779 4679 quoad

204 4686 372 4748 alios
412 4693 583 4748 actus
624 4689 732 4768 qui
763 4695 974 4769 postea
1017 4689 1154 4751 fieri
1187 4698 1463 4772 possunt,
1497 4693 1660 4772 quod
1689 4699 1781 4755 est

210 4797 337 4860 per
367 4779 669 4842 accidens.
706 4781 838 4843 Imo
865 4783 1026 4844 addo
1053 4785 1559 4846 consuetudinem
1587 4785 1778 4848 inter-

201 4872 368 4935 dum
414 4890 588 4950 posse
630 4873 912 4938 minuere
944 4883 1290 4957 peccatum,
1323 4883 1627 4958 quatenus
1657 4879 1776 4939 mi-

199 4964 357 5025 nuit
401 4964 773 5042 libertatem,
817 4968 961 5031 licet
1000 4970 1249 5032 aliunde
1292 4972 1485 5051 possit
1520 4987 1769 5052 augere,

197 5057 504 5136 augendo
543 5059 988 5138 voluntarium,
1032 5063 1085 5124 si
1124 5064 1261 5144 ipsa
1291 5064 1642 5126 voluntaria
1669 5065 1771 5142 sit,

197 5151 380 5231 quod
415 5159 825 5232 augmentum
867 5174 1190 5236 nunquam
1221 5163 1421 5237 potest
1459 5176 1590 5219 esse
1625 5158 1773 5235 tale,

194 5249 277 5304 ut
308 5250 538 5322 augeat
561 5246 630 5306 in
655 5246 998 5326 infinitum,
1025 5250 1449 5312 transferendo
1471 5256 1679 5312 actum
1696 5251 1775 5312 de

198 5337 447 5400 veniali
468 5345 721 5418 peccato
743 5341 823 5401 ad
842 5342 1125 5420 mortale,
1159 5344 1211 5404 si
1235 5361 1316 5404 ex
1347 5350 1520 5424 parte
1552 5341 1778 5422 obJecti

201 5436 274 5493 et
310 5430 917 5498 circumstantiarum
945 5445 1163 5500 caetera
1189 5437 1316 5499 sint
1340 5439 1538 5518 paria,
1562 5442 1635 5498 ut
1660 5436 1770 5497 lib.

192 5524 502 5606 praeced.,
539 5543 596 5588 c.
633 5528 736 5607 24,
762 5535 1079 5595 ostensum
1105 5537 1219 5608 est,
1252 5531 1364 5593 ubi
1392 5531 1586 5594 etiam
1611 5535 1776 5592 trac-

2431 1084 2680 1149 CAPUT
2721 1088 2932 1150 XVIII.

1896 1283 2127 1337 QUANDO
2164 1287 2279 1334 mx
2318 1290 2762 1341 EGGLESIASTIGA
2800 1295 3045 1344 onmem
3086 1300 3190 1345 SUB
3229 1303 3459 1351 MORTA-

1936 1377 1994 1423 LI
2035 1378 2238 1440 GULPA,
2281 1382 2360 1427 m·
2400 1384 2666 1436 QUOMODO
2704 1388 2765 1433 In
2805 1389 3257 1440 DISGERNBNDUM
3297 1397 3411 1442 SIT.

1976 1549 2005 1606 1
2020 1590 2035 1607 .
2084 1547 2234 1609 Tres
2258 1550 2617 1615 conditiones
2634 1558 2702 1617 ut
2729 1555 2883 1635 loyes
2893 1559 3176 1636 positivoe
3198 1562 3457 1642 obliqenc

1891 1638 2002 1700 sub
2027 1640 2313 1716 mortali,
2343 1643 2625 1720 gravitas
2639 1689 2660 1720 ,
2704 1649 2881 1710 verba
2906 1652 3325 1731 prcecipientia
3352 1675 3457 1720 seu

1890 1733 2093 1811 siqua,
2129 1739 2184 1796 et
2210 1735 2460 1798 intentio
2489 1739 2927 1818 praecipientis.
2971 1777 3053 1790 —
3083 1746 3331 1808 Certum
3363 1758 3455 1813 est

1889 1824 2091 1903 legem
2133 1826 2626 1907 ecclesiasticam,
2678 1833 2866 1894 etiam
2902 1835 3183 1899 absolute
3226 1840 3452 1920 latam,

1888 1935 2018 1977 non
2063 1935 2302 1997 semper
2343 1919 2617 1999 obligare
2656 1924 2771 1984 sub
2804 1929 3051 1989 mortali
3094 1931 3300 2010 culpa,
3346 1937 3453 1996 sed

1887 2009 2205 2071 interdum
2241 2011 2355 2073 sub
2385 2014 2649 2093 veniali,
2682 2017 2832 2096 quia
2868 2019 2936 2079 in
2964 2023 3227 2083 materia
3254 2026 3454 2104 cujus-

1887 2120 2154 2181 cumque
2211 2103 2461 2165 virtutis
2516 2113 2719 2186 potest
2763 2128 2892 2172 esse
2940 2114 3146 2190 gravis
3191 2122 3254 2176 et
3302 2116 3455 2180 levis

1884 2195 2212 2275 obligatiO,
2248 2197 2431 2275 juxta
2473 2203 2751 2263 materiae
2799 2206 3199 2283 capacitatem
3246 2226 3263 2270 z
3302 2228 3452 2289 ergo

1883 2288 2050 2348 idem
2079 2294 2171 2349 est
2210 2289 2278 2349 in
2312 2292 2575 2352 materia
2612 2293 2768 2372 legis
2797 2296 3238 2361 ecclesiasticae.
3296 2304 3451 2364 Item

1885 2380 2090 2460 quoad
2113 2381 2230 2442 boc
2249 2383 2465 2443 eadem
2484 2390 2576 2445 est
2593 2386 2752 2447 ratio
2772 2387 2847 2447 de
2866 2387 3002 2467 lege
3022 2391 3446 2471 ecclesiastica,

1885 2491 2023 2551 quae
2071 2473 2151 2535 de
2209 2474 2401 2535 civili,
2462 2476 2637 2538 Unde
2688 2479 2844 2539 sicut
2896 2499 3084 2561 supra
3127 2485 3448 2562 posuimus

1884 2564 2093 2643 plures
2137 2566 2519 2628 conditiones
2568 2571 2894 2648 requisitas
2922 2617 2943 2648 ,
2996 2579 3068 2634 ut
3111 2575 3213 2637 lex
3253 2578 3448 2641 civilis

1885 2656 2120 2736 obliget
2157 2657 2273 2717 sub
2314 2660 2586 2735 mortali,
2636 2662 2861 2740 quibus
2900 2664 3327 2731 deficientibus
3367 2673 3446 2734 ad

1883 2767 2197 2810 summum
2213 2749 2448 2830 obligat
2462 2752 2539 2812 ad
2563 2754 2830 2829 veniale,
2842 2757 3086 2818 etiamsi
3098 2761 3179 2820 sit
3205 2762 3446 2824 absolu-

1876 2847 1941 2903 ta
1967 2847 2030 2903 et
2055 2861 2203 2904 vera
2223 2842 2346 2915 lex,
2382 2844 2471 2904 ita
2493 2843 2569 2905 de
2591 2846 2997 2910 ecclesiastica
3025 2849 3164 2929 lege
3192 2870 3445 2915 censen-

1875 2935 2028 2995 dum
2055 2941 2187 3012 est3
2233 2956 2380 2998 nam
2414 2939 2616 3016 quoad
2639 2940 2757 3001 hoc
2785 2943 2875 3017 (ut
2910 2943 3061 3021 dixi)
3100 2951 3194 3005 est
3225 2947 3443 3009 eadem

1877 3028 2058 3087 ratio.
2090 3030 2240 3089 Tres
2263 3035 2472 3090 autem
2497 3032 2880 3093 conditiones
2909 3037 3282 3097 necessarias
3311 3057 3443 3102 esse

1876 3120 2150 3181 diximus
2178 3166 2199 3196 ,
2239 3128 2311 3182 ut
2337 3124 2601 3202 positiva
2625 3124 2723 3186 lex
2755 3125 2988 3205 obliget
3020 3128 3136 3189 sub
3164 3133 3432 3208 mortali,

1876 3230 2015 3292 quae
2045 3219 2189 3273 sunt
2209 3215 2480 3292 gravitas
2517 3215 2814 3292 materiae,
2876 3217 3065 3279 verba
3105 3238 3214 3281 seu
3259 3222 3440 3300 signa

1874 3305 2272 3384 praeceptiva,
2315 3312 2378 3366 et
2407 3307 2670 3368 intentio
2702 3310 3159 3388 praecipientis:
3191 3313 3267 3373 de
3301 3316 3438 3393 qui-

1875 3397 1992 3458 bus
2017 3397 2145 3459 fere
2174 3397 2329 3458 nihil
2350 3400 2615 3459 occurrit
2626 3398 2979 3462 addendum
2998 3402 3096 3463 bis
3115 3422 3254 3483 quae
3280 3406 3437 3468 dixi-

1871 3508 2014 3551 mus
2038 3491 2127 3569 {de
2169 3490 2306 3568 lege
2346 3490 2625 3551 humana
2663 3491 2830 3553 civili
2851 3537 2872 3568 ,
2922 3493 3028 3555 sed
3070 3496 3437 3574 applicanda

1869 3583 1970 3644 hic
2002 3587 2148 3643 sunt
2165 3583 2376 3642 omnia
2411 3581 2499 3661 ibi
2529 3583 2715 3659 dicta,
2748 3586 3088 3663 praesertim
3122 3589 3283 3651 circa
3312 3597 3436 3653 ter-

1865 3675 2020 3735 tiam
2047 3674 2465 3735 conditionem
2489 3674 2566 3736 de
2595 3675 2940 3737 intentione
2961 3677 3348 3758 legislatoriS,
3370 3692 3435 3744 et

1865 3768 1942 3828 de
1975 3769 2178 3848 prima
2208 3767 2409 3846 quoad
2444 3770 2869 3831 necessitatem
2898 3773 3105 3849 gravis
3128 3776 3428 3853 materiae,

1865 3866 1928 3921 et
1965 3861 2169 3939 quoad
2208 3860 2465 3921 modum
2513 3863 2922 3939 cognoscendi
2968 3864 3162 3925 illam.
3206 3868 3276 3927 In
3312 3867 3429 3930 hac

1864 3971 2013 4015 vero
2035 3952 2384 4014 conditione
2411 3952 2553 4011 addi
2580 3958 2778 4030 potest
2801 3956 3128 4016 materiam
3146 3957 3299 4037 legis
3327 3978 3429 4021 ec-

1863 4044 2212 4105 clesiasticae
2249 4061 2328 4103 ex
2372 4060 2482 4102 suo
2523 4060 2749 4120 genere
2797 4046 2995 4124 magis
3042 4048 3426 4126 spiritualem

1862 4155 2014 4211 esse,
2063 4142 2126 4197 et
2162 4136 2240 4196 ad
2284 4134 2476 4194 finem
2514 4134 2796 4195 altiorem
2842 4137 3141 4215 ordinari,
3184 4148 3245 4200 et
3283 4140 3424 4204 ideo

1859 4228 2125 4303 faciliuS,
2165 4246 2237 4288 ac
2270 4227 2655 4306 frequentius
2690 4229 3017 4289 materiam
3058 4232 3425 4296 ecclesiasti-

1861 4340 2075 4382 carum
2096 4320 2307 4399 legum
2333 4337 2461 4380 esse
2484 4338 2762 4399 gravem,
2788 4320 2933 4382 licet
2954 4341 3081 4383 non
3103 4342 3243 4386 raro
3270 4326 3422 4389 levis

1859 4415 2052 4475 etiam
2078 4414 2148 4474 in
2178 4431 2253 4474 eo
2283 4412 2500 4475 ordine
2532 4412 2910 4474 inveniatur.
2964 4414 3035 4475 In
3071 4434 3195 4495 quo
3231 4419 3421 4482 etiam

1860 4512 1951 4568 est
1994 4505 2476 4583 advertendum,
2529 4505 2711 4566 aliter
2761 4524 2890 4567 esse
2930 4507 3092 4568 banc
3147 4513 3419 4573 materiae

1860 4600 2229 4678 gravitatem
2263 4598 2734 4678 expendendam
2765 4598 2834 4659 in
2867 4602 3294 4663 communibus
3323 4603 3419 4666 le-

1861 4692 2048 4769 gibus
2075 4691 2380 4766 Ecclesiae,
2413 4709 2552 4770 quae
2580 4708 2659 4751 ex
2684 4690 2813 4751 sola
2827 4691 3256 4769 jurisdictione
3277 4713 3420 4774 pro-

1857 4786 2084 4846 cedunt
2112 4801 2129 4846 :
2164 4784 2345 4845 aliter
2375 4782 2519 4844 vero
2554 4783 2621 4843 in
2658 4785 2976 4864 praeceptis
3014 4785 3415 4865 religionum,

1857 4895 1997 4957 qua?
2025 4895 2153 4939 11011
2175 4877 2376 4953 30111111
2408 4876 2475 4935 111
2494 4875 2949 4955 jurisdictione,
2997 4878 3104 4938 sed
3132 4879 3322 4941 etiam
3349 4879 3416 4940 in

1853 4976 1997 5032 voto
2025 4970 2389 5032 obedientiae
2411 4969 2700 5029 nituntur
2727 4985 2743 5030 :
2773 4969 2940 5030 unde
2962 4968 3100 5031 fieri
3125 4977 3325 5050 potest
3348 4978 3420 5032 ut

1854 5064 2117 5125 materia
2135 5107 2157 5139 ,
2201 5081 2340 5143 quae
2375 5061 2713 5122 secundum
2751 5079 2816 5123 se
2854 5079 2983 5123 non
3014 5070 3173 5125 esset
3211 5065 3417 5143 gravis

1854 5174 1967 5236 per
1996 5174 2061 5218 se
2090 5160 2364 5236 spectata
2393 5154 2460 5214 in
2504 5153 2721 5214 ordine
2757 5153 2837 5214 ad
2864 5154 3098 5215 nudam
3127 5155 3416 5234 jurisdic-

1853 5251 2116 5322 tionem,
2156 5254 2219 5310 et
2258 5264 2653 5308 communem
2700 5246 2981 5307 Ecclesiae
3021 5247 3417 5325 gubernatio-

1856 5359 2027 5417 nem,
2059 5346 2131 5400 ut
2156 5339 2365 5400 subaet
2386 5338 2494 5399 tali
2516 5343 2660 5398 voto
2688 5338 2840 5398 etin
2868 5338 3084 5400 ordine
3118 5339 3197 5399 ad
3222 5340 3415 5403 finem

1854 5436 1995 5496 talis
2023 5439 2219 5496 status
2248 5433 2455 5511 gravis
2481 5432 2562 5492 sit
2580 5477 2602 5507 ,
2654 5437 2726 5491 ut
2765 5431 2951 5494 latius
2981 5434 3304 5497 tractando
3337 5435 3415 5498 de

1855 5528 2033 5590 Statu
2056 5524 2376 5606 religionis
2401 5524 2692 5586 diximus.
