3976 6219
501 498 842 561 Catholicos
868 515 997 558 non
1020 500 1111 557 est
1136 495 1574 571 controversia,
1600 500 1663 556 et
1680 495 1749 555 in
1775 493 2067 575 praesenti

505 609 633 651 non
657 595 982 652 revocatur
1006 588 1075 649 in
1102 586 1387 662 dubium,
1417 593 1480 648 et
1509 587 1576 647 in
1611 587 1862 666 proprio
1908 592 2067 648 trac·

503 689 638 744 tatu
674 703 751 745 ex
776 682 1048 763 professo
1083 680 1571 742 demonstratum
1599 685 1713 756 est,
1735 685 1797 740 et
1822 678 1963 740 ideo
1996 679 2066 740 in

501 775 667 837 illius
697 774 1056 856 probatione
1079 791 1206 834 non
1222 774 1657 851 immoramur3
1677 770 1901 833 sufficit
1925 789 2060 850 cap.

502 870 564 945 2,
597 887 732 949 cap.
762 868 847 933 Si
869 867 1174 947 diliqenti,
1208 883 1342 945 cap.
1376 864 1802 945 Siynificaeti,
1825 864 1903 926 de
1921 864 2060 925 For.

502 966 765 1040 compet.
771 1005 792 1036 ,
820 966 882 1021 et
903 959 1136 1039 optime
1155 957 1385 1020 Concil.
1419 957 1588 1019 Trid.
1613 975 1757 1019 sess.
1788 958 1890 1032 25,
1922 973 2060 1036 cap.

501 1056 608 1127 20,
634 1053 711 1114 de
738 1052 1074 1113 Reformat.
1104 1051 1227 1112 Nec
1246 1050 1445 1111 solum
1464 1067 1740 1129 personae
1757 1049 2066 1111 ecclesias-

501 1147 661 1221 ticae,
695 1145 800 1207 sed
845 1145 1036 1206 etiam
1072 1145 1237 1205 bona
1276 1160 1493 1204 earum
1539 1148 1826 1222 exempta
1855 1147 2001 1203 sunt
2026 1159 2065 1204 a

501 1236 941 1318 temporalibus
966 1237 1215 1299 tributis
1261 1241 1324 1297 et
1374 1234 1685 1311 oneribus,
1715 1240 1788 1295 ut
1826 1238 2066 1295 constat

501 1350 581 1394 ex
609 1350 747 1411 cap.
781 1330 928 1396 Non
950 1332 1153 1393 minus
1181 1334 1244 1391 et
1279 1346 1415 1408 cap.
1450 1327 1781 1403 Adversus,
1825 1327 1901 1388 de
1942 1328 2065 1387 Im-

503 1425 795 1486 munitat.
826 1422 1176 1498 Ecclesiar.,
1201 1439 1338 1500 cap.
1365 1420 1649 1495 Noverit,
1676 1420 1753 1481 de
1780 1421 2060 1480 Sentent.

499 1515 948 1579 excommunic.
976 1524 1039 1577 et
1079 1515 1278 1594 capite
1305 1513 1680 1593 Quanquam,
1711 1512 1790 1574 de
1818 1512 2058 1575 Censib.

496 1609 564 1672 in
591 1613 654 1673 6.

580 1704 639 1763 3.
675 1702 921 1777 Quando
949 1707 1036 1765 eet
1066 1702 1161 1763 lem
1189 1700 1390 1764 civilis
1417 1701 1634 1762 directe
1657 1699 1749 1761 vel
1778 1699 2065 1761 indirecte

498 1800 706 1858 contra
732 1794 1171 1857 immunitatem
1190 1791 2061 1862 ecclesiasticam—Secundo,

499 1905 577 1949 ex
612 1886 730 1948 hoc
758 1887 1163 1948 fundamento
1196 1885 1474 1964 sequitur
1512 1884 1612 1944 1118
1655 1902 1782 1947 808
1827 1883 2065 1945 moveri

497 1979 899 2060 quaestionem
922 1979 1000 2041 de
1040 1977 1278 2058 legibus
1307 1976 1591 2038 civilibus
1616 1995 1756 2055 quoe
1775 1976 1921 2037 huic
1947 1976 2065 2037 im-

497 2072 791 2133 munitati
816 2089 1218 2151 personarum
1246 2069 1791 2132 ecclesiasticarum
1818 2075 2064 2131 contra-

494 2165 606 2226 riae
637 2171 784 2225 sunt
804 2165 1059 2241 directe,
1079 2163 1179 2226 vel
1207 2164 1525 2239 indirecte,
1560 2163 1707 2242 quia
1723 2168 2064 2224 tractamus

497 2259 573 2319 de
600 2257 840 2338 legibus
851 2257 1057 2337 justis,
1079 2256 1243 2317 utin
1270 2256 1453 2317 titulo
1479 2254 1886 2335 explicuimus
1916 2272 1933 2317 ε
1967 2259 2064 2316 ta·

495 2349 583 2411 les
604 2355 815 2412 autem
842 2348 1010 2428 leges
1048 2350 1292 2428 injustae
1320 2354 1468 2410 sunt
1504 2354 1568 2409 et
1592 2346 1960 2428 reprobatae,
1991 2354 2062 2408 ut

494 2443 745 2523 iniquae,
776 2460 903 2503 non
930 2442 1129 2502 solum
1151 2442 1220 2502 in
1243 2441 1382 2520 jure
1415 2440 1737 2514 canonic0,
1758 2457 1894 2518 cap.
1925 2440 2060 2503 Ee-

495 2537 698 2613 clesia,
715 2541 779 2598 et
798 2556 932 2616 cap.
964 2536 1107 2611 Quoe
1124 2537 1194 2598 in
1214 2536 1654 2610 Ecclesiae-um,
1676 2534 1755 2594 de
1773 2533 2056 2610 Constit.,

493 2635 555 2691 et
587 2648 723 2709 cap.
756 2630 1040 2704 Noverit,
1088 2627 1166 2688 de
1194 2627 1511 2688 Sententia
1550 2643 1947 2687 excommun.
1997 2631 2062 2687 et

492 2722 678 2801 capit.
726 2721 969 2795 ultimo,
1009 2720 1086 2781 de
1127 2717 1572 2781 Immunitatib.
1626 2718 2054 2794 Ecclesiastic.,

492 2814 562 2873 in
594 2815 657 2888 6,
680 2813 785 2873 sed
812 2811 1002 2873 etiam
1036 2812 1104 2871 in
1124 2811 1269 2889 jure
1291 2810 1481 2887 civili,
1511 2810 1714 2871 Codic.
1741 2810 1817 2871 de
1847 2811 2059 2872 Sacro-

402 2921 411 2924 ’
491 2911 706 2967 sancta
730 2904 1022 2981 Ecclesia,
1041 2922 1152 2985 per
1172 2904 1379 2984 plures
1396 2905 1582 2983 leges.
1606 2905 1710 2964 Est
1727 2909 1938 2965 autem
1955 2904 2060 2966 lex

494 2999 691 3060 civilis
713 2999 946 3060 directe
978 3004 1192 3059 contra
1214 2997 1674 3059 immunitatem
1702 2996 2058 3058 ecclesiasti·-

492 3111 654 3168 cam,
712 3091 960 3172 quando
1012 3090 1111 3153 vel
1155 3090 1231 3153 (18
1281 3090 1543 3152 18818118
1589 3088 1894 3171 spirituali
1946 3093 2058 3151 aut

490 3186 898 3248 ecclesiastica
924 3185 1150 3246 directe
1190 3183 1486 3264 disponit,
1518 3188 1629 3244 aut
1653 3183 1817 3244 circa
1850 3200 2057 3262 perso-

489 3297 602 3341 nas
642 3278 1077 3341 ecclesiasticas
1126 3276 1195 3338 in
1239 3276 1622 3356 particulari,
1670 3277 1772 3338 vel
1799 3275 2053 3351 directe,

488 3379 598 3434 aut
642 3390 924 3453 expresse
966 3376 1247 3433 versatur
1291 3390 1306 3429 ε
1362 3369 1661 3430 indirecte
1702 3374 1915 3430 autem
1962 3373 2054 3429 est

489 3465 820 3540 contraria,
844 3463 1092 3544 quando
1111 3463 1180 3522 in
1194 3461 1444 3541 propria
1463 3460 1725 3521 materia
1741 3462 1830 3522 ita
1848 3460 2053 3541 dispo-

488 3558 606 3629 nit,
645 3566 716 3618 ut
748 3574 825 3618 ex
856 3557 991 3635 ejus
1028 3555 1455 3616 observatione
1487 3553 1791 3615 redundet
1815 3553 2053 3633 aliquid

489 3654 706 3710 contra
727 3649 976 3728 propria
985 3648 1133 3726 jura
1147 3646 1579 3721 Ecclesiamm,
1605 3651 1717 3706 aut
1740 3646 2054 3708 ecclesias·

488 3742 597 3803 tici
627 3740 884 3815 ordiniS,
926 3740 1025 3800 vel
1067 3744 1282 3799 contra
1318 3738 1645 3817 privilegia
1670 3737 1787 3799 sibi
1827 3755 1866 3798 a
1900 3739 2050 3815 Dec,

492 3832 812 3907 Pontifice,
842 3838 951 3893 aut
971 3830 1445 3912 imperatoribus
1468 3848 1771 3906 concessa,
1799 3836 1870 3891 ut
1895 3831 2052 3893 dixit

488 3929 696 3989 Innoc.
742 3926 810 3986 in
847 3944 981 4006 cap.
1023 3926 1305 4001 Noverit,
1349 3924 1426 3985 de
1456 3924 1776 3985 Sententia
1807 3942 2049 3985 excom-

486 4037 691 4094 mun.,
719 4024 781 4080 et
806 4022 1152 4098 sequuntur
1177 4017 1285 4078 alii
1308 4017 1586 4079 doctores
1610 4016 1820 4077 statim
1852 4017 2051 4078 citan-

485 4113 569 4173 di.
602 4113 757 4186 Quia
779 4112 934 4173 sicut
958 4129 1087 4172 non
1115 4115 1316 4191 potest
1353 4109 1455 4171 lex
1494 4109 1691 4172 civilis
1730 4110 2050 4190 imponere

483 4204 717 4266 directe
752 4205 875 4266 tale
914 4221 1072 4265 onus
1102 4203 1359 4279 clericis,
1401 4204 1491 4265 ita
1539 4221 1654 4265 nec
1695 4203 1996 4266 indirecte
2022 4219 2045 4282 ;

486 4301 624 4359 tum
642 4298 791 4377 quia
821 4297 888 4357 in
919 4296 1257 4358 moralibus
1273 4314 1473 4357 unum
1494 4295 1675 4356 alteri
1695 4296 2045 4375 aequivalet3

484 4396 622 4452 tum
650 4391 796 4470 quia
819 4395 1152 4473 utrumque
1177 4407 1289 4472 per
1314 4406 1517 4454 sacros
1552 4406 1817 4451 canones
1838 4406 2048 4469 repro-

482 4481 701 4545 batum
739 4491 854 4561 est,
896 4490 967 4546 ut
1011 4485 1277 4567 explicui
1306 4484 1430 4546 late
1465 4484 1535 4545 in
1565 4484 1728 4545 dicto
1754 4487 1937 4545 tract.
1969 4483 2049 4546 de

483 4576 805 4637 Immunit.
849 4577 1104 4654 Eccles.,
1140 4575 1250 4639 lib.
1292 4580 1353 4653 1,
1383 4594 1519 4658 cap.
1558 4578 1657 4653 15,
1683 4586 1746 4637 et
1773 4575 1952 4655 attigi
1976 4576 2047 4638 18

482 4673 636 4730 tom.
672 4670 711 4730 5
729 4669 805 4731 de
829 4669 1110 4749 Censnr„
1139 4669 1365 4751 disput.
1397 4672 1498 4742 21,
1517 4676 1665 4732 sect.
1692 4670 1756 4744 2,
1786 4684 1852 4730 n.
1884 4670 1965 4731 89
1984 4675 2050 4731 et

476 4761 899 4844 sequentibus.
2017 4838 2020 4841 ,

561 4859 625 4919 4.
661 4858 1055 4933 Quoestionem
1092 4874 1214 4922 em
1255 4857 1326 4921 de
1365 4856 1596 4937 leyibue
1638 4872 1772 4937 μω
1812 4855 2047 4919 see-vari

476 4956 728 5034 poemat
749 4952 879 5014 eine
903 4950 1233 5014 indecentia
1250 4955 1359 5014 aut
1379 4947 2052 5030 manamine-omis·

484 5045 566 5106 sis
598 5062 747 5124 ergo
790 5043 890 5105 his
925 5043 1165 5124 legibus
1186 5043 1440 5125 iniquiS,
1468 5059 1668 5104 sermo
1703 5046 1915 5102 noster
1953 5047 2045 5103 est

482 5138 560 5200 de
586 5137 825 5218 legibus
846 5136 1129 5200 civilibus
1148 5138 1353 5218 justis,
1395 5155 1468 5200 ac
1497 5134 1874 5211 necessariis,
1904 5152 2044 5214 quse

481 5249 594 5313 pro
615 5238 746 5293 tota
771 5232 1214 5295 communitate
1241 5231 1453 5314 populi
1486 5249 1596 5293 seu
1627 5229 1897 5292 civitatis
1933 5247 2044 5310 po-

476 5329 737 5401 nuntur,
766 5343 1032 5404 quarum
1069 5326 1330 5388 materia
1367 5324 1715 5386 communis
1742 5329 1835 5386 est
1865 5321 2043 5384 cleri-

478 5418 566 5479 cis
588 5433 731 5478 cum
758 5417 895 5478 aliis
921 5418 1177 5495 civibuS,
1208 5425 1271 5482 et
1296 5424 1470 5498 oeque
1497 5421 1700 5498 potest
1730 5416 1810 5477 ab
1838 5415 2040 5478 omni—

478 5509 598 5571 bus
649 5510 880 5574 servari
920 5510 1054 5574 sine
1097 5511 1225 5573 ulla
1264 5510 1637 5587 indecentia,
1680 5509 1781 5572 vel
1819 5509 2040 5592 iniquo

1511 395 1629 448 ΠΒ.
1665 395 1749 447 111.
1784 394 1866 446 DE
1896 393 2059 448 LEGE
2091 392 2352 447 numm
2381 395 2462 449 ET
2494 395 2702 450 cmm.

2145 496 2505 573 gravamine
2523 494 2907 558 clericorum.
2940 492 3012 552 In
3042 488 3271 569 quibus
3305 486 3550 567 legibus
3586 485 3719 549 duo

2144 587 2522 668 distinguere
2565 603 2887 668 possumus
2936 605 2951 644 ε
2999 582 3250 656 88111881,
3289 581 3421 641 vim
3465 579 3720 641 directi-

2145 698 2314 756 vam,
2360 699 2469 742 seu
2509 679 2951 758 obligationem
2987 676 3058 737 in
3083 673 3455 736 conscientia
3477 672 3560 733 ad
3588 690 3723 734 ser-

2144 772 2379 834 vandas
2416 772 2572 834 tales
2621 772 2813 851 leges,
2866 776 2929 832 et
2982 768 3113 830 vim
3166 766 3504 828 coactivam
3525 810 3547 840 ,
3600 782 3720 826 sen

2144 871 2387 927 reatum
2422 865 2502 926 ad
2529 882 2803 944 poenam,
2838 880 3025 943 quem
3061 859 3218 938 legis
3257 865 3720 936 trangressores

2143 956 2510 1019 contrahere
2533 957 2753 1031 solent,
2773 956 2902 1017 sive
2929 954 3037 1015 1118
3052 953 3132 1014 811
3156 970 3268 1032 per
3285 951 3489 1030 legem
3512 949 3721 1031 impo-

2144 1049 2286 1125 sita,
2333 1052 2462 1112 sive
2488 1049 2744 1112 arbitrio
2788 1047 3016 1128 judicis
3068 1044 3446 1125 imponenda
3456 1066 3474 1120 3
3521 1049 3587 1104 et
3635 1042 3717 1106 de

2143 1149 2408 1222 utraque
2428 1150 2604 1223 parte
2624 1142 2978 1204 dicendum.

2224 1236 2285 1295 5.
2330 1233 2649 1299 Sententia
2699 1235 2776 1301 N
2772 1234 2989 1298 avae-ri
3027 1234 3096 1296 de
3126 1234 3190 1296 vi
3227 1231 3521 1296 directim
3559 1230 3716 1309 legis

2144 1325 2307 1389 eirea
2328 1327 2810 1390 Ecclesiastieos.
2836 1359 2919 1373 —
2932 1327 3144 1400 Quoad
3170 1325 3443 1406 priorem
3470 1327 3714 1402 partem

2143 1418 2220 1479 de
2247 1419 2310 1479 vi
2339 1419 2638 1481 directiva
2678 1425 2741 1481 et
2775 1420 3151 1498 obligatione
3194 1420 3265 1479 in
3308 1415 3711 1490 conscientia,

2142 1511 2392 1590 Navar„
2419 1512 2633 1574 consil.
2659 1515 2696 1574 3
2724 1512 2801 1574 de
2825 1513 3176 1588 Constitut.,
3207 1530 3274 1572 n.
3314 1512 3378 1585 4,
3417 1508 3613 1570 concl.
3645 1509 3711 1585 3,

2142 1605 2328 1666 sentit
2346 1605 2552 1685 legem
2578 1604 2822 1667 civilem
2841 1599 3200 1684 loquentem
3215 1622 3330 1684 per
3345 1602 3535 1664 verba
3556 1618 3713 1682 prae-
3807 1619 3812 1622 ⁴

2144 1698 2433 1777 cipiendi,
2464 1698 2565 1760 vel
2597 1697 2989 1779 prohibendi,
3007 1714 3135 1758 non
3163 1695 3440 1774 obligare
3456 1695 3525 1755 in
3538 1712 3710 1754 cons-

2144 1791 2371 1853 cientia
2397 1792 2672 1868 clericos,
2704 1790 2946 1853 etiamsi
2974 1791 3042 1851 in
3070 1789 3334 1851 materia
3359 1787 3704 1864 favorabili,

2141 1884 2244 1946 vel
2266 1886 2563 1965 generali,
2591 1890 2654 1948 et
2679 1885 2968 1946 omnibus
2981 1882 3378 1945 convenienti
3398 1881 3700 1961 disponat:

2144 1978 2387 2040 nullum
2416 1998 2566 2041 vero
2593 1980 3073 2041 fundamentum
3100 1977 3377 2052 adducit,
3409 1974 3508 2035 sed
3545 1973 3698 2034 dicit

2143 2090 2274 2134 esse
2320 2073 2521 2151 magis
2566 2078 2880 2153 receptam
2908 2070 3305 2144 sententiam,
3335 2068 3525 2129 solum
3546 2082 3692 2128 vero
3735 2054 3754 2070 ⁸

2141 2163 2370 2244 allegat
2391 2165 2641 2226 Decium
2663 2166 2732 2226 in
2754 2183 2887 2244 cap.
2914 2162 3218 2238 Ecclesia,
3240 2163 3318 2223 de
3346 2160 3703 2232 Constitut.,

2141 2276 2207 2318 n.
2238 2259 2343 2334 27,
2366 2257 2497 2338 qui,
2514 2258 2655 2318 licet
2681 2257 2748 2317 id
2772 2257 2937 2318 dicat
2953 2254 3464 2334 argumentando,
3489 2258 3713 2331 postea

2138 2350 2208 2411 in
2232 2349 2340 2410 illa
2364 2351 2668 2412 sententia
2694 2368 2821 2411 non
2847 2348 3111 2429 persistit
3141 2366 3155 2410 :
3199 2346 3450 2408 adducit
3480 2350 3708 2404 tamen

2139 2442 2349 2522 aliqua
2386 2443 2554 2503 illius
2590 2443 2906 2504 sententiae
2947 2440 3364 2501 fundamenta.
3412 2437 3708 2497 Primum

2140 2552 2210 2596 ac
2241 2536 2618 2615 praecipuum
2643 2541 2757 2612 est,
2789 2535 2954 2614 quod
3001 2535 3068 2594 in
3113 2533 3351 2593 ratione
3372 2528 3706 2590 dubitandi

2139 2627 2592 2707 proposuimus,
2619 2628 2767 2707 quia
2801 2632 3174 2706 praeceptum
3202 2642 3333 2688 non
3359 2622 3595 2700 obligat
3631 2621 3703 2681 in

2137 2723 2530 2799 conscientia,
2561 2722 2682 2783 nisi
2714 2741 2791 2784 ex
2817 2727 3117 2801 potestate
3144 2720 3479 2802 procedat3
3518 2717 3700 2796 legis-

2134 2814 2295 2875 lator
2341 2822 2552 2877 autem
2588 2815 2787 2877 civilis
2838 2832 2965 2876 808
3009 2814 3199 2875 1181181
3225 2817 3580 2893 potestatem
3625 2810 3697 2869 in

2137 2906 2388 2968 clericos
2440 2925 2457 2970 :
2516 2926 2665 2988 8130
2723 2908 3227 2987 quotiescumque
3292 2903 3689 2986 praecipiendo

2135 3000 2258 3062 fert
2285 3001 2514 3080 legem,
2536 3021 2663 3065 non
2683 3002 2918 3082 obligat
2945 3003 3011 3063 in
3031 3000 3407 3063 conscientia
3426 2998 3690 3059 81811808.

2136 3094 2225 3155 Α8
2258 3094 2518 3158 subinde
2549 3114 2872 3176 nunquam
2915 3094 3237 3175 obligabit,
3263 3093 3413 3174 quia
3438 3092 3538 3153 lex
3570 3107 3699 3152 non

2136 3186 2371 3269 obligat
2387 3190 2508 3250 nisi
2522 3196 2826 3269 quatenus
2850 3188 3054 3251 verbis
3072 3186 3457 3268 praeceptivis
3474 3184 3693 3259 fertur,

2137 3286 2208 3342 ut
2234 3276 2422 3362 supra
2446 3283 2680 3344 dictum
2707 3289 2800 3343 est
2830 3298 2847 3343 ε
2889 3281 3077 3357 unde,
3102 3284 3284 3361 juxta
3322 3278 3698 3341 sententiam

2132 3372 2314 3451 hanc,
2354 3375 2453 3436 lex
2493 3374 2708 3450 civilis,
2741 3374 2941 3438 solum
2968 3381 3272 3455 quatenus
3298 3371 3697 3434 commodum

2132 3466 2382 3546 aliquod
2408 3468 2507 3529 vel
2536 3468 2931 3550 privilegium
2950 3468 3307 3544 concedens,
3332 3467 3561 3529 habere
3587 3483 3699 3546 po·

2131 3562 2251 3619 test
2292 3559 2580 3621 effectum
2633 3561 2700 3621 in
2756 3561 3179 3623 ecclesiasticis
3224 3561 3527 3641 personiS,
3566 3578 3696 3620 non

2132 3668 2279 3712 vero
2315 3659 2618 3732 quatenus
2647 3654 3006 3734 praecipiens
3046 3653 3146 3715 vel
3185 3654 3540 3734 prohibens.
3590 3653 3700 3714 Se-

2133 3744 2335 3804 cundo
2347 3790 2368 3821 ,
2394 3744 2474 3805 ad
2505 3745 2623 3807 hoc
2645 3746 2885 3807 inducit
2914 3746 3133 3807 Decius
3156 3746 3390 3807 dictum
3412 3765 3544 3826 cap.
3568 3748 3699 3810 Be-

2131 3836 2334 3914 etesia,
2374 3838 2483 3898 ubi
2527 3844 2829 3900 statutum
2872 3839 3204 3919 prohibens
3233 3839 3506 3901 alienare
3528 3838 3699 3901 bona

2131 3929 2538 3992 Ecclesiarum
2576 3949 2616 3991 a
2647 3932 2915 4011 quodam
2959 3931 3182 3994 Basilio
3230 3932 3390 3993 laico
3431 3932 3693 4008 factum,

2132 4022 2276 4085 licet
2299 4024 2556 4100 bonum,
2586 4030 2649 4085 et
2671 4025 2823 4086 utile
2863 4023 2941 4086 de
2969 4042 3033 4086 88
3073 4024 3377 4101 Ecclesiae,
3406 4025 3698 4105 reproba·

2131 4120 2255 4192 tur,
2285 4117 2434 4197 quia
2458 4134 2586 4177 non
2609 4117 2816 4179 fuerat
2840 4135 2880 4178 a
2907 4116 3204 4179 Pontifice
3240 4118 3646 4198 approbatum
3672 4133 3692 4176 ε

2128 4225 2277 4288 8130
2311 4209 2682 4289 generaliter
2718 4210 2885 4271 idem
2920 4210 3252 4271 dicendum
3281 4217 3374 4272 est
3401 4210 3477 4271 de
3516 4208 3697 4270 omni

2127 4301 2267 4380 lege
2293 4301 2458 4364 civili
2483 4302 2563 4364 ad
2595 4320 2887 4382 personas
2909 4302 3347 4365 ecclesiasticas
3379 4321 3689 4382 compara-

2128 4400 2211 4456 ta.
2246 4394 2474 4455 Parum
2501 4396 2673 4458 enim
2696 4396 2889 4458 refert
2910 4397 3076 4476 quod
3102 4395 3170 4456 in
3187 4397 3387 4476 specie
3413 4397 3490 4457 de
3515 4395 3697 4457 cleri·

2127 4486 2238 4564 cis,
2262 4505 2372 4549 seu
2420 4487 2605 4551 rebus
2649 4488 3086 4566 ecclesiasticis,
3116 4487 3218 4550 vel
3242 4489 3311 4550 in
3349 4507 3577 4568 genere
3611 4487 3696 4550 de

2127 4579 2383 4657 civibus,
2410 4586 2521 4641 aut
2548 4582 2714 4660 agris
2738 4582 3014 4643 feratur:
3056 4581 3203 4660 quia
3229 4568 3418 4644 etiam
3443 4581 3545 4643 lex
3585 4599 3697 4660 38-

2126 4672 2354 4734 11818118
2380 4674 2685 4756 applicata
2716 4675 2795 4736 ad
2826 4674 3076 4736 clericos
3096 4672 3170 4734 fit
3194 4674 3493 4753 specialis,
3529 4684 3594 4735 et
3619 4674 3694 4735 in

2126 4783 2200 4827 eo
2247 4770 2317 4826 ut
2347 4766 2437 4828 sic
2483 4768 2800 4829 invenitur
2837 4766 3005 4828 idem
3041 4765 3315 4827 defectus
3348 4767 3685 4847 potestatis.

2126 4859 2355 4935 Tertio,
2384 4860 2623 4921 inducit
2639 4860 2781 4940 J‘ura
2807 4859 3125 4935 canonica,
3153 4877 3293 4939 quae
3318 4858 3694 4938 generaliter

2123 4950 2359 5026 dicunt,
2389 4951 2560 5014 laicis
2582 4970 2767 5032 super
2792 4960 3086 5033 personas
3113 4951 3214 5014 vel
3248 4970 3348 5015 res
3380 4951 3691 5013 ecclesias-

2122 5043 2278 5104 ticas
2313 5043 2552 5106 nullam
2580 5062 2708 5107 esse
2740 5044 3108 5105 attributam
3133 5049 3499 5124 potestatem
3528 5044 3599 5105 in
3626 5063 3687 5106 c.

2123 5136 2284 5200 Bene
2309 5138 2567 5218 quidem,
2593 5137 2736 5199 dist.
2767 5138 2872 5213 96,
2906 5143 2970 5198 et
3003 5137 3347 5216 specialiter
3371 5137 3598 5216 allegat
3624 5156 3683 5198 c.

2122 5230 2297 5294 Inter
2327 5232 2472 5306 hoee,
2510 5233 2610 5307 33,
2641 5249 2703 5310 q.
2756 5233 2818 5307 2,
2866 5229 2998 5307 ubi,
3036 5231 3125 5292 811
3168 5231 3446 5292 Ν1801888
3495 5232 3683 5310 Papa,

2124 5328 2333 5385 sancta
2358 5324 2468 5384 Dei
2506 5324 2771 5386 Ecclesia
2807 5324 3144 5386 mundanis
3178 5342 3501 5405 nunquam
3540 5343 3686 5388 00⁷2-

2121 5418 2453 5497 8trinyitur
2473 5417 2725 5497 leqibus.

2197 5513 2257 5573 6.
2285 5509 2629 5576 Communis
2653 5511 2947 5579 sententia
2964 5512 3299 5591 affirmans
3324 5512 3567 5578 clericos
3588 5516 3684 5576 te-
