3976 6219
933 375 1070 429 CAP.
1106 376 1304 431 XXXV.
1339 377 1553 432 mmm
1584 376 1968 433 LEGISLATOR
1999 377 2134 432 SUIS
2164 378 2426 434 LEGIBUS
2459 380 2822 435 OBLIGETUR.

275 478 526 554 pactum
566 469 722 533 illud
758 478 916 535 esset
941 474 1231 555 iniquum
1260 482 1322 538 81
1362 483 1575 540 contra
1601 478 1837 541 bonum

276 582 629 641 commune,
675 571 736 626 et
781 566 923 627 ideo
960 568 1195 629 nullius
1235 577 1393 631 esset
1431 571 1679 634 valoris.
1733 573 1839 633 Se-

273 659 544 720 cundum
573 663 688 734 est,
718 659 866 739 quia
907 659 1016 721 illa
1056 663 1216 723 ratio
1248 682 1376 724 non
1403 664 1592 726 habet
1633 665 1840 726 locum

274 751 342 812 in
382 756 685 830 potestate
732 752 1162 831 ecclesiastica,
1206 756 1355 836 quia
1390 775 1520 818 non
1561 757 1777 820 manat
1802 776 1840 818 a

276 845 744 920 communitate,
775 846 880 906 sed
908 864 946 906 a
972 847 1234 924 Christe,
1264 856 1328 910 et
1353 855 1563 912 tamen
1586 851 1837 913 assertio

275 937 467 998 etiam
509 938 577 998 in
610 937 1034 1000 ecclesiasticis
1070 940 1526 1019 legislatoribus
1545 963 1693 1006 vera
1721 952 1833 1007 est.

274 1032 449 1105 Quod
476 1031 529 1092 si
557 1032 695 1110 quis
727 1033 1097 1113 respondeat
1123 1034 1435 1098 Christum
1463 1038 1701 1099 dedisse
1729 1057 1839 1118 po-

273 1129 556 1186 testatem
580 1124 695 1185 sub
719 1125 827 1186 illa
848 1125 1222 1205 conditione,
1243 1129 1565 1192 ostendere
1599 1137 1842 1210 oportet

272 1217 437 1277 unde
483 1217 547 1277 id
596 1217 947 1298 colligatur,
992 1220 1139 1298 quia
1176 1221 1305 1301 ipse
1350 1222 1525 1284 illam
1562 1242 1690 1285 non
1735 1241 1839 1285 ex-

271 1311 512 1390 pressit,
536 1329 650 1373 nec
680 1329 1010 1391 possumus
1030 1313 1231 1376 dicere
1258 1314 1347 1375 ibi
1374 1321 1623 1395 pactum
1646 1316 1838 1378 inter-

272 1421 532 1464 venisse.

355 1498 453 1557 11.
499 1497 805 1559 Resolutio
833 1499 1122 1561 auctoris.
1145 1534 1225 1544 -
1257 1501 1619 1579 Respondeo
1646 1503 1838 1583 igitur

285 1588 504 1662 Deum,
537 1589 646 1667 qui
680 1594 771 1650 est
798 1589 1154 1670 principalis
1190 1598 1401 1654 auctor
1429 1594 1615 1674 hujus
1640 1603 1838 1676 potes-

274 1680 438 1755 tatis,
473 1681 646 1742 illam
688 1682 966 1744 conferre
999 1683 1114 1743 sub
1142 1684 1490 1748 conditione
1519 1689 1832 1767 praedicta,

273 1778 335 1834 et
363 1792 491 1834 non
513 1774 691 1836 aliter
716 1797 734 1850 ;
760 1780 824 1836 et
847 1775 966 1837 hoc
993 1777 1197 1856 ipsum
1227 1778 1435 1859 colligi
1460 1799 1536 1841 ex
1573 1783 1836 1861 ipsamet

271 1868 513 1929 ratione
553 1869 844 1945 naturali,
889 1870 1120 1951 absque
1156 1871 1276 1934 alia
1309 1874 1704 1952 revelatione,
1734 1879 1833 1940 vel

267 1964 448 2036 pacto
486 1958 784 2022 humano.
830 1962 1186 2024 Declaratur
1223 1965 1289 2025 in
1325 1966 1493 2028 hunc
1532 1968 1785 2030 modum
1813 1987 1830 2033 ε

268 2068 419 2111 nam
448 2055 651 2114 omnis
672 2061 941 2134 potestas
968 2055 1313 2135 legislativa
1344 2066 1435 2121 est
1455 2079 1494 2122 a
1511 2063 1635 2123 Deo
1660 2064 1832 2143 prin-

267 2144 568 2223 cipaliter,
594 2147 695 2208 vel
721 2148 1101 2226 immediate,
1131 2152 1293 2213 utin
1321 2160 1619 2232 potestate
1643 2156 1831 2218 eccle-

267 2236 519 2297 siastica
542 2259 559 2312 3
592 2239 693 2300 vel
721 2242 1035 2303 mediante
1056 2244 1397 2324 republica,
1429 2248 1593 2308 utin
1621 2249 1828 2327 civili3

265 2331 454 2408 unde,
504 2330 648 2393 licet
678 2333 868 2394 homo
906 2335 1265 2398 immediate
1305 2338 1507 2424 1838111
1552 2340 1732 2417 ferat,
1763 2343 1825 2403 in

266 2443 339 2486 eo
363 2432 503 2488 actu
526 2446 589 2488 se
612 2427 774 2505 gerit
802 2433 871 2487 ut
892 2427 1177 2489 minister
1203 2435 1265 2490 et
1293 2431 1678 2510 dispensator
1697 2435 1828 2510 Dei,

267 2524 338 2578 ut
367 2538 443 2581 cx
487 2520 679 2581 Paulo
721 2520 789 2580 in
830 2521 1247 2599 superioribus
1282 2524 1643 2604 attulimus3
1682 2545 1830 2607 ergo

265 2609 529 2672 intentio
571 2617 635 2673 et
670 2612 957 2673 voluntas
984 2614 1278 2694 principis
1316 2615 1572 2677 ferentis
1599 2618 1826 2697 legem,

264 2702 446 2765 debet
484 2704 856 2767 conformari
894 2706 1228 2768 intentioni
1255 2710 1366 2769 Dei
1392 2710 1595 2771 dantis
1625 2718 1827 2791 potes-

262 2800 455 2858 tatem
482 2813 498 2858 :
529 2798 658 2858 imo
690 2799 961 2860 efficacia
981 2799 1136 2878 legis
1158 2801 1237 2861 ad
1265 2801 1667 2882 obligandum
1695 2823 1827 2866 ma-

267 2890 361 2969 gis
381 2891 612 2969 pendet
639 2910 715 2953 ex
735 2892 1079 2953 intentione
1091 2894 1200 2953 Dei
1204 2939 1225 2969 ‚
1240 2912 1422 2973 quam
1441 2897 1827 2974 particularis

261 2980 649 3061 legislatoris.
683 2985 843 3045 Deus
874 2990 1107 3060 autem,
1127 3004 1257 3046 non
1285 2987 1486 3048 solum
1513 2995 1585 3048 ut
1611 2995 1826 3050 auctor

261 3075 501 3154 gratiae,
529 3075 637 3139 sed
662 3077 850 3139 etiam
878 3082 948 3137 ut
970 3082 1185 3139 auctor
1201 3084 1462 3156 naturae,
1491 3081 1625 3142 vult
1644 3082 1825 3162 18315-

258 3166 517 3230 latorem
540 3170 892 3233 humanum
927 3190 1055 3233 non
1094 3170 1323 3233 habere
1353 3179 1718 3252 potestatem
1744 3175 1825 3237 ad

258 3259 542 3323 ferendas
559 3264 748 3342 18385,
773 3264 891 3325 nisi
913 3282 1056 3324 cum
1083 3264 1419 3326 universali
1446 3265 1823 3346 obligatione

260 3352 531 3431 illarum,
562 3373 688 3435 qua
727 3361 923 3416 totam
954 3355 1399 3435 rempublicam
1431 3363 1504 3418 ut
1541 3365 1823 3420 constan-

259 3451 386 3508 tem
414 3466 490 3509 ex
510 3466 762 3554 corpore
789 3454 851 3509 et
883 3449 1084 3554 capite
1111 3449 1622 3529 comprehendat3
1646 3470 1818 3557 ergo.

262 3540 562 3602 Probatur
589 3541 797 3602 minor
820 3560 893 3603 ex
920 3542 1054 3621 ipsa
1085 3542 1444 3604 necessitate
1472 3545 1824 3605 communis

261 3631 434 3710 boni,
482 3634 561 3695 ad
600 3635 766 3713 quod
788 3635 919 3696 haec
946 3641 1213 3714 potestas
1245 3636 1612 3698 ordinatur:
1637 3637 1823 3698 datur

263 3726 433 3787 enim
460 3727 528 3787 in
550 3727 1042 3803 aedificationem,
1069 3744 1196 3789 non
1219 3727 1288 3787 in
1316 3728 1817 3790 destructionem.

263 3819 437 3892 Quod
478 3825 687 3881 autem
723 3821 804 3882 ad
829 3820 1185 3898 hujusmodi
1217 3819 1452 3882 bonum
1492 3839 1822 3883 commune

259 3912 566 3993 pertineat
583 3958 605 3989 ,
663 3919 1029 3993 potestatem
1085 3914 1247 3975 hanc
1291 3914 1381 3974 ita
1430 3932 1560 3975 8558
1609 3914 1822 3975 datam

255 4004 551 4086 principi,
594 4012 686 4084 ut,
716 4007 859 4069 licet
899 4009 966 4068 in
993 4007 1315 4069 voluntate
1351 4007 1485 4086 ejus
1509 4007 1591 4067 sit
1616 4006 1821 4086 legem

260 4097 445 4174 ferre,
473 4100 524 4160 si
554 4105 761 4161 tamen
782 4100 1037 4175 feratur,
1054 4099 1418 4160 universalis
1437 4099 1516 4159 sit
1535 4104 1597 4157 ct
1617 4100 1824 4177 ipsum

262 4193 758 4271 comprehendat,
792 4192 1110 4254 declarant
1139 4191 1509 4253 sufficienter
1546 4191 1822 4252 testimo-

262 4285 370 4346 nia
392 4286 740 4364 Scripturoe,
767 4292 830 4347 et
856 4286 1123 4347 rationes
1141 4284 1442 4360 adductas,
1464 4289 1527 4346 et
1544 4301 1822 4345 commu-

264 4378 362 4438 nis
396 4396 724 4440 consensus
762 4397 892 4441 non
926 4378 1127 4439 solum
1175 4379 1452 4453 Patrum,
1495 4377 1601 4438 sed
1634 4376 1822 4438 etiam

263 4470 791 4550 philosophorum.
849 4473 1101 4551 Propter
1141 4487 1329 4550 quam
1371 4487 1620 4531 causam
1665 4468 1824 4530 dixit

263 4564 496 4644 optime
523 4565 711 4631 Arist.
746 4567 784 4626 3
811 4564 1017 4640 Polit.,
1045 4582 1183 4644 cap.
1219 4566 1281 4642 7,
1311 4563 1472 4624 circa
1496 4562 1711 4639 finem,
1733 4561 1821 4624 le-

262 4675 407 4737 gem
443 4658 667 4720 debere
705 4659 773 4719 in
811 4657 1127 4738 republica
1164 4658 1490 4719 dominari.
1537 4660 1692 4719 Nam
1728 4660 1823 4735 (ut

261 4751 351 4811 ibi
376 4757 540 4813 recte
565 4749 831 4832 explicat
857 4752 927 4811 D.
956 4751 1269 4829 Thomas),
1286 4751 1437 4811 dum
1456 4768 1584 4811 non
1613 4768 1824 4811 occur-

261 4844 347 4905 rit
374 4844 682 4913 sufficiens
708 4844 866 4905 ratio
909 4844 1257 4922 excipiendi
1294 4843 1528 4923 aliquid
1568 4861 1607 4904 a
1653 4843 1818 4922 1838,

263 4938 451 4999 8118111
469 4939 600 5017 ipse
618 4939 901 5019 princeps
922 4937 1105 4999 debet
1123 4937 1217 4998 illi
1241 4937 1484 5017 subiici,
1512 4943 1575 4998 et
1603 4955 1823 4998 secun-

263 5033 415 5093 dum
454 5032 627 5094 illam
663 5032 888 5113 legem,
930 5032 1029 5094 vel
1070 5032 1332 5111 operari,
1377 5032 1476 5093 vel
1514 5032 1821 5110 judicare,

261 5127 408 5206 quia
434 5127 586 5188 alias
624 5127 865 5188 inutilis
905 5125 1179 5187 redditur
1213 5126 1337 5202 lex,
1381 5131 1444 5187 et
1482 5124 1826 5205 respublica

259 5220 681 5301 perturbatur.

344 5315 443 5375 12.
476 5314 570 5377 De
595 5312 935 5376 rationibus
968 5309 1318 5374 extrinsecis
1347 5310 1620 5372 scandali
1646 5314 1703 5371 et
1728 5309 1825 5370 de-

258 5406 606 5484 formitatie
632 5423 886 5482 morum,
921 5421 1054 5485 quoe
1089 5404 1170 5465 ad
1205 5403 1615 5466 ostendendam
1648 5402 1824 5481 prin-

262 5499 418 5580 cipis
444 5498 858 5580 subjectionum
877 5497 999 5577 leat
1025 5495 1570 5579 afferuutme-Ex
1598 5493 1825 5576 quibus

3359 380 3479 441 319

1915 479 2286 559 intelligitur
2320 483 2629 562 quomodo
2649 480 3022 562 accipiendas
3044 487 3190 543 sunt
3210 484 3480 548 rationes

1916 574 2299 649 extrinsecas,
2324 593 2461 653 quae
2490 576 2569 636 ad
2598 575 3040 638 ostendendam
3064 575 3226 635 hanc
3252 578 3480 638 verita-

1914 673 2045 729 tem
2062 668 2434 746 afleruntur,
2466 670 2715 744 scilicet,
2746 669 3038 746 scandali,
3071 669 3478 734 deformitatis

1917 778 2189 836 morum,
2223 768 2339 823 etc.
2388 763 2547 824 Sunt
2574 763 2744 824 enim
2783 762 3032 841 optimae
3064 761 3143 822 ad
3165 762 3480 825 declaran-

1917 853 2068 913 dum
2091 854 2400 933 quomodo
2426 856 2734 933 pertineat
2759 855 2839 916 ad
2862 871 3188 916 commune
3216 854 3477 934 bonum,

1917 950 1991 1005 ut
2017 951 2286 1024 potestas
2325 947 2621 1028 principis
2647 948 2727 1008 sit
2763 946 3029 1008 limitata
3069 946 3252 1007 modo
3293 965 3479 1027 supra

1918 1038 2103 1100 dicto,
2134 1040 2307 1101 Sicut
2334 1040 2500 1102 enim
2525 1041 2592 1101 in
2619 1038 3036 1119 superioribus
3054 1041 3375 1101 tractando
3401 1042 3479 1104 de

1919 1130 2299 1209 obligatione
2355 1133 2739 1195 advenarum
2793 1132 2872 1193 ad
2927 1132 3259 1193 servandas
3313 1132 3479 1213 leges

1916 1224 2234 1300 territorii,
2261 1225 2617 1286 dicebamus
2639 1224 2998 1285 scandalum
3022 1241 3153 1284 esse
3180 1225 3478 1287 extrinse-

1918 1335 2062 1378 cum
2086 1319 2414 1395 motivum,
2457 1337 2585 1380 non
2613 1318 2960 1398 proximam
2988 1323 3052 1377 et
3077 1317 3478 1379 intrinsecam

1915 1410 2221 1471 rationem
2248 1410 2642 1490 obligationis
2647 1411 2765 1487 ,ita
2789 1410 2856 1470 in
2873 1409 3162 1489 praesenti
3183 1408 3477 1489 obligatio

1915 1520 2044 1564 non
2067 1505 2267 1565 oritur
2299 1505 2579 1583 proxime
2613 1522 2690 1567 ex
2716 1504 2840 1566 illis
2873 1502 3217 1565 rationibus
3244 1506 3477 1566 extrin-

1916 1596 2089 1670 secis,
2118 1596 2221 1658 sed
2259 1615 2336 1659 ex
2363 1598 2497 1677 ipsa
2527 1598 2700 1678 lege:
2750 1597 2874 1660 illoe
2899 1614 3046 1659 vero
3073 1597 3345 1659 rationes
3384 1600 3478 1661 in-

1915 1688 2127 1750 dicant
2177 1691 2602 1752 necessitatem
2656 1689 3068 1752 constituendi
3126 1689 3330 1768 legem
3389 1692 3478 1752 ita

1912 1781 2266 1861 regularem
2303 1789 2366 1845 et
2411 1783 2838 1860 inflexibilem,
2887 1789 2959 1843 ut
3004 1782 3091 1843 sic
3135 1783 3361 1860 dicam,
3406 1791 3476 1846 ut

1910 1879 2113 1936 totum
2132 1893 2351 1955 corpus
2374 1894 2517 1936 cum
2546 1878 2742 1956 capite
2770 1876 3019 1954 obliget.
3052 1875 3129 1935 Et
3150 1875 3268 1936 hoc
3292 1876 3475 1956 plane

1912 1970 2102 2028 sensit
2147 1968 2247 2047 Caj
2256 1974 2337 2030 81.
2394 1987 2537 2030 cum
2586 1969 2766 2046 dixit,
2818 1969 2981 2029 hanc
3031 1967 3474 2048 obligationem

1911 2061 2207 2141 principis
2225 2067 2289 2123 et
2326 2062 2712 2123 subditorum
2741 2062 2914 2141 sequi
2940 2078 3018 2123 ex
3041 2062 3359 2142 principiis
3381 2063 3468 2125 le·-

1911 2156 2007 2234 gis
2033 2155 2359 2231 naturalis,
2393 2156 2650 2217 diversis
2677 2160 2908 2216 tamen.
2941 2155 3097 2215 Nam
3133 2155 3201 2216 in
3229 2155 3475 2217 subdito

1910 2249 2196 2326 sequitur
2224 2267 2304 2309 ex
2327 2248 2435 2309 illo
2457 2248 2798 2327 principio:
2845 2246 3234 2309 obediendum
3263 2252 3348 2309 eet
3380 2266 3476 2311 su·

1905 2342 2143 2420 periori
2166 2364 2183 2416 ;
2215 2342 2283 2402 in
2310 2342 2588 2422 principe
2609 2359 2756 2402 vero
2781 2358 2857 2402 ex
2874 2339 3015 2400 illo:
3045 2341 3266 2403 Patere
3291 2341 3474 2420 leyem

1910 2451 2091 2514 quam
2115 2434 2244 2513 ipse
2271 2435 2488 2497 tuleris
2497 2458 2524 2505 ‚·
2532 2439 2768 2510 tamen,
2785 2434 2941 2494 sicut
2967 2432 3036 2492 in
3057 2432 3303 2493 subdito
3325 2431 3477 2493 obli-

1910 2526 2078 2605 gatio
2107 2526 2310 2587 solum
2329 2527 2678 2588 radicaliter
2704 2525 2983 2605 sequitur
3010 2542 3087 2586 ex
3114 2524 3279 2585 dicto
3305 2527 3474 2605 prin-

1910 2618 2093 2696 cipio,
2142 2619 2422 2697 proxime
2460 2637 2607 2680 vero
2641 2637 2718 2680 ex
2747 2617 2908 2696 lege,
2934 2617 3024 2677 ita
3050 2618 3473 2697 proportiona-

1906 2708 2051 2771 liter
2076 2710 2144 2771 in
2172 2712 2448 2792 principe
2478 2710 2955 2790 intelligendum
2984 2715 3097 2772 est.

1987 2804 2087 2864 13.
2134 2805 2445 2867 Praedicta
2473 2804 2765 2884 obligatio
2800 2807 2888 2865 eet
2926 2803 3236 2865 autumatis
3260 2804 3328 2865 in
3356 2822 3469 2867 ra-

1907 2895 2034 2957 dice
2053 2940 2072 2971 ‚
2133 2901 2336 2975 utpote
2393 2914 2526 2976 quoe
2579 2896 2852 2975 sequitur
2906 2911 2978 2955 em
3042 2896 3277 2957 ratione
3329 2896 3468 2975 ipsa

1905 2988 2221 3048 naturali:
2252 2989 2601 3064 formaliter
2626 3005 2760 3050 vero
2792 2990 2880 3048 eet
2896 2987 3183 3063 positiva,
3204 2988 3466 3051 humana

1905 3079 2190 3155 absolute,
2218 3080 2427 3143 divina
2452 3098 2522 3143 ece
2549 3080 2883 3160 hypothesi.
2908 3114 2987 3124 —
3006 3080 3094 3140 Ex
3123 3096 3246 3159 quo
3276 3080 3465 3142 etiam

1905 3176 2145 3233 constat
2171 3190 2253 3232 an
2293 3172 2424 3233 haec
2453 3171 2750 3251 obligatio
2793 3172 2861 3232 in
2888 3172 3164 3251 principe
3207 3171 3467 3234 dicenda

1905 3264 1986 3324 sit
2008 3264 2307 3325 naturalis
2332 3265 2431 3326 vel
2459 3266 2743 3345 positiva,
2773 3264 2987 3325 divina
3011 3264 3111 3325 vel
3137 3263 3410 3326 humana
3441 3287 3458 3325 z

1904 3362 1997 3418 est
2020 3357 2188 3418 enim
2219 3357 2520 3419 naturalis
2546 3358 2615 3418 in
2646 3357 2874 3433 radice,
2912 3356 3059 3437 quia
3085 3357 3362 3436 sequitur
3387 3376 3466 3419 ex

1903 3450 2038 3529 ipsa
2054 3449 2292 3510 ratione
2321 3449 2618 3526 naturali,
2648 3449 2957 3554 quomodo
2983 3449 3142 3510 dixit
3167 3449 3368 3526 Bald.,
3396 3452 3465 3511 in

1901 3539 1944 3603 l.
1985 3543 2025 3602 2
2066 3560 2116 3602 c.
2163 3542 2240 3603 de
2275 3542 2525 3617 Servit„
2559 3560 2626 3602 n.
2667 3543 2769 3621 40,
2807 3542 3153 3622 principem
3200 3541 3465 3621 obligari

1902 3633 1983 3694 ad
2017 3634 2383 3694 servandam
2424 3652 2601 3696 suam
2626 3633 2832 3714 1838111
2863 3652 2940 3696 ex
2971 3634 3252 3695 discursu
3278 3635 3465 3696 ratio-

1902 3726 2024 3787 nis.
2057 3726 2229 3800 Quod
2262 3728 2453 3789 8118111
2479 3727 2670 3789 habet
2693 3727 2832 3789 Dec.
2863 3726 2932 3788 in
2959 3745 3014 3788 c.
3048 3728 3078 3786 1
3121 3727 3198 3788 de
3225 3727 3458 3804 Const,

1901 3818 2043 3880 lect.
2077 3822 2137 3895 1,
2163 3836 2230 3880 n.
2264 3821 2361 3881 15.
2401 3821 2686 3881 Proxime
2712 3837 2863 3882 vero
2890 3826 2954 3880 et
2976 3819 3318 3882 formaliter
3356 3819 3465 3882 illa

1903 3910 2200 3991 obligatio
2241 3918 2332 3973 est
2376 3913 2662 3991 positiva,
2706 3912 2854 3991 quia
2896 3929 2974 3973 ex
3013 3912 3150 3992 1838
3198 3913 3463 3993 positiva

1900 4006 2197 4081 nascitur,
2228 4011 2300 4065 ut
2327 4004 2563 4065 dictum
2590 4010 2715 4080 8513
2760 4010 2823 4064 et
2849 4003 3068 4065 eodem
3111 4005 3296 4065 modo
3341 4006 3463 4066 dici

1899 4103 2103 4177 potest
2148 4096 2444 4176 obligatio
2488 4096 2767 4156 humana
2811 4094 3110 4171 absolute,
3154 4095 3299 4158 licet
3338 4097 3463 4158 dici

1901 4189 2092 4269 possit
2120 4188 2333 4250 divina
2358 4206 2436 4249 ex
2475 4186 2830 4269 hypothesi,
2875 4186 2942 4246 id
2989 4193 3106 4262 est,
3149 4190 3463 4269 supposito

1902 4283 2068 4364 quod
2108 4281 2211 4344 lex
2259 4282 2518 4359 feratur,
2557 4287 2620 4343 et
2667 4281 2748 4342 ob
2788 4280 2961 4343 illam
3006 4299 3255 4343 causam
3281 4284 3348 4344 in
3389 4300 3464 4344 ea

1900 4381 2101 4457 potest
2122 4394 2234 4456 per
2254 4375 2576 4437 hominem
2594 4375 2956 4455 dispensari,
2974 4373 3162 4437 etiam
3175 4381 3463 4455 respectu

1898 4469 2214 4550 principiS,
2249 4474 2320 4531 ut
2346 4468 2508 4530 infra
2535 4467 2902 4531 videbimus.

1983 4567 2084 4626 14.
2132 4565 2397 4627 Dubium
2447 4566 2515 4627 de
2558 4564 2787 4644 tepibue
2839 4561 3327 4642 municipalibus.
3380 4597 3464 4613 -

1902 4658 2144 4732 Quaeret
2169 4675 2319 4719 vero
2358 4657 2581 4736 aliquis
2615 4675 2702 4717 an
2733 4656 3019 4736 princeps
3062 4658 3340 4736 superior
3370 4664 3460 4720 te-

1901 4756 2124 4813 neatur
2148 4751 2340 4812 etiam
2372 4768 2617 4812 servare
2644 4754 2889 4825 statuta,
2925 4767 3032 4810 seu
3064 4748 3231 4828 leges
3258 4753 3463 4813 muni-

1904 4843 2128 4923 cipales
2146 4844 2607 4923 provinciarum
2635 4842 2754 4903 sibi
2781 4842 3216 4922 subjectarum,
3244 4844 3462 4906 saltem

1904 4937 2151 5017 quando
2179 4936 2246 4996 in
2294 4936 2415 4997 illis
2445 4936 2778 5016 provinciis
2814 4942 3115 5011 moratur,
3144 4935 3244 4997 vel
3274 4937 3341 4996 in
3375 4940 3463 4997 eis

1902 5029 2356 5108 peregrinatur.
2387 5030 2599 5091 Videri
2625 5030 2795 5091 enim
2840 5034 3041 5109 potest
3077 5035 3229 5089 tunc
3275 5031 3463 5092 etiam

1903 5139 2032 5184 esse
2071 5122 2475 5201 obligandum
2513 5127 2764 5201 propter
2799 5121 3290 5182 uniformitatem
3330 5140 3464 5184 mo-

1902 5232 2069 5286 rum,
2101 5220 2162 5275 81
2191 5215 2269 5276 ad
2298 5214 2550 5275 vitanda
2571 5214 2883 5289 scandala,
2913 5219 3030 5274 etc.
3054 5212 3463 5277 Nihilominus

1903 5307 2235 5368 dicendum
2278 5313 2369 5369 est
2392 5325 2518 5367 non
2548 5307 2770 5382 teneri,
2815 5324 2956 5387 quae
2983 5312 3074 5367 est
3115 5300 3464 5370 communis

1901 5400 2219 5476 resoluti0,
2252 5405 2322 5460 ut
2350 5399 2559 5460 videre
2595 5398 2832 5459 1188118
2869 5399 3093 5475 Felin.,
3131 5417 3264 5479 cap.
3306 5403 3335 5461 1
3388 5402 3464 5462 de

1903 5493 2189 5569 Constit„
2217 5511 2282 5593 n.
2317 5492 2414 5566 30,
2432 5508 2570 5572 quae
2594 5491 2786 5553 refert
2810 5491 2988 5554 Card.
3012 5509 3179 5554 88115.
3206 5494 3269 5554 2.
3295 5494 3463 5557 Idem
3579 5556 3587 5563 ,
