3976 6219
483 385 604 449 392

483 500 576 559 est
607 492 785 555 valde
816 497 1298 555 consentaneum
1323 492 1474 569 illis,
1501 500 1575 555 ut
1599 494 1770 575 leges
1798 494 2041 556 suavio-

481 608 580 652 res
607 588 732 649 sint
740 630 763 662 ,
798 590 860 646 et
895 590 966 645 ut
1003 585 1302 650 tollantur
1337 588 1680 649 occasiones
1707 587 2043 667 allegandi,

482 681 583 743 vel
638 677 919 757 fingendi
989 678 1428 757 ignorantiam.
1498 681 1866 759 Acceditque
1927 681 2047 741 hoc

483 774 755 836 maxime
781 773 1196 835 necessarium
1221 772 1420 835 videri
1457 774 1524 837 in
1550 774 1650 835 bis
1683 774 1924 852 legibus
1951 792 2051 835 ca-

432 948 442 953 ·
483 869 758 944 110111616,
807 868 955 947 quia
1006 885 1120 947 pro
1159 873 1290 928 toto
1335 869 1484 931 orbe
1528 870 1850 946 feruntur3
1891 886 2043 948 ergo

483 963 672 1023 citata
704 960 1060 1023 authentica
1085 960 1476 1023 extendenda
1507 962 1696 1025 etiam
1723 969 1816 1025 est
1835 962 1916 1023 ad
1941 980 2041 1023 ca·

482 1054 740 1115 nonicas
762 1051 952 1130 leges.

566 1146 627 1207 3.
671 1143 1084 1206 Nihilominus
1111 1145 1421 1209 contraria
1441 1144 1750 1207 sententia
1771 1162 2047 1206 commu·

483 1239 627 1301 nius
677 1244 925 1317 recepta
984 1242 1098 1298 est.
1158 1239 1397 1300 Tenent
1440 1239 1654 1301 Glossa
1699 1245 1762 1301 et
1812 1239 2039 1299 Joann.

483 1331 678 1393 Andr.
709 1332 777 1392 in
804 1329 932 1393 fine
960 1330 1153 1407 Sexti,
1183 1332 1346 1393 circa
1373 1333 1585 1395 datam
1613 1332 1784 1411 ejus3
1818 1334 2053 1394 Panor-

486 1427 624 1486 mit.
656 1430 906 1487 mutans
937 1426 1306 1486 sententiam
1333 1426 1401 1485 in
1427 1442 1562 1505 cap.
1597 1426 1675 1491 N
1671 1426 1920 1501 oneo-int,
1971 1426 2050 1487 de

487 1518 807 1579 Sententia
827 1517 1499 1594 excommunicationis,
1525 1518 1594 1579 in
1611 1518 1773 1596 fine3
1799 1518 2045 1579 Cardin.

485 1610 554 1673 in
598 1611 907 1673 Prooemio
935 1611 1483 1688 Clementinarum,
1513 1610 1552 1691 ἓ
1585 1611 2047 1689 Universitatis,

487 1722 555 1766 n.
585 1706 664 1783 43
697 1705 988 1785 Sylvest„
1017 1704 1190 1766 verb.
1221 1706 1369 1781 Lem,
1400 1724 1461 1785 q.
1497 1707 1578 1783 63
1617 1704 1841 1779 Rosci„
1879 1723 1946 1766 n.
1973 1707 2047 1783 43

488 1797 738 1875 Armil.,
772 1818 839 1859 n.
873 1801 974 1875 11,
1002 1803 1067 1859 61
1093 1798 1268 1861 verb.
1305 1798 1692 1874 Constitutio,
1723 1816 1789 1857 n.
1823 1799 1862 1859 3
1879 1814 1901 1876 3
1931 1800 2050 1859 Lu-

488 1891 740 1952 dovicus
771 1892 996 1954 Gomez
1022 1892 1088 1953 in
1107 1892 1413 1953 Prooemio
1431 1891 1510 1952 ad
1523 1888 1789 1968 Regulas
1803 1889 2051 1951 Cancel-

490 1984 684 2059 lariae,
713 1991 928 2063 quaest.
961 1987 1000 2045 2
1011 2002 1032 2063 3
1075 1987 1358 2062 Navarr„
1385 2002 1514 2047 non
1546 1989 1831 2046 constans
1857 1982 2049 2043 etiam

490 2078 558 2137 in
579 2077 775 2156 priori
801 2079 1128 2155 sententia,
1161 2079 1326 2141 dicto
1359 2078 1572 2141 consil.
1602 2081 1632 2138 1
1666 2077 1742 2138 de
1766 2076 2020 2139 Constit.
2034 2122 2049 2149 ,

491 2188 554 2231 n.
593 2174 669 2232 19
689 2187 709 2248 3
753 2176 818 2233 et
855 2171 1024 2233 idem
1057 2174 1243 2235 sentit
1284 2173 1453 2243 soto,
1493 2171 1603 2233 lib.
1641 2174 1672 2232 1
1724 2170 1801 2231 de
1835 2168 2048 2231 Justit.

489 2265 815 2342 quaestion.
854 2271 914 2341 1,
949 2272 1068 2328 art.
1117 2271 1380 2345 quart03
1410 2272 1472 2328 et
1497 2264 1698 2327 Palae.
1739 2264 1808 2325 in
1833 2262 2044 2337 tertio,

489 2355 626 2419 dist.
664 2360 766 2434 37,
802 2359 959 2438 disp.
993 2361 1026 2419 1
1053 2382 1071 2435 3
1101 2376 1175 2421 ac
1210 2360 1478 2439 denique
1503 2359 1808 2433 Bartolus,
1847 2362 1912 2418 61
1943 2355 2054 2417 6111

493 2450 743 2531 allegati
771 2454 840 2515 in
865 2453 1238 2534 praecedenti
1270 2454 1432 2517 libro
1452 2499 1473 2532 ,
1513 2472 1646 2533 cap.
1681 2456 1758 2515 14
1777 2496 1800 2528 ‚
1841 2451 1910 2513 in
1935 2450 2055 2511 1106

493 2546 909 2610 differentiam
961 2550 1402 2611 constituentes
1451 2550 1612 2610 inter
1647 2549 1751 2627 jus
1799 2546 2057 2609 canoni-

491 2658 634 2703 cum
679 2648 742 2703 et
787 2642 988 2704 civile.
1026 2642 1268 2705 Adduci
1315 2648 1525 2705 autem
1566 2641 1720 2703 solet
1763 2658 1874 2720 pro
1937 2639 2053 2700 bac

492 2728 800 2797 sententia
819 2756 873 2796 6.
907 2740 939 2796 1
971 2736 1048 2797 de
1079 2736 1370 2797 Postulat.
1403 2735 1716 2797 Praelator.
1724 2778 1746 2809 ,
1771 2732 1934 2811 quod
1955 2750 2055 2793 re-

492 2846 642 2889 vera
677 2846 805 2889 non
841 2829 1048 2906 cogit3
1090 2847 1240 2890 nam
1278 2829 1372 2890 ibi
1411 2828 1614 2890 solum
1645 2824 2051 2899 concluditur,

494 2922 908 2983 necessarium
925 2940 1053 2984 non
1071 2940 1202 2983 esse
1220 2928 1292 2983 ut
1308 2921 1412 2983 lex
1429 2922 1622 2983 semel
1638 2918 2051 2999 promulgata,

493 3015 874 3093 sinqulorum
892 3016 1144 3079 auribus
1160 3016 1475 3077 intimetur
1485 3032 1598 3093 per
1614 3012 1866 3092 speciale
1883 3030 2055 3075 man-

493 3108 702 3170 datwm,
711 3153 732 3184 ,
773 3109 866 3173 vel
899 3109 1163 3173 litteras.
1212 3108 1330 3170 Ubi
1365 3106 1758 3189 promulgata
1785 3125 1915 3169 esse
1943 3106 2049 3170 de·

493 3199 636 3266 beat
659 3201 758 3264 lex
785 3202 1086 3264 canonica
1105 3203 1196 3264 ibi
1223 3222 1354 3265 non
1375 3202 1740 3282 explicatur.

572 3297 634 3356 4.
657 3296 809 3358 Item
830 3295 1133 3375 allegatur
1158 3315 1295 3376 cap.
1319 3297 1599 3370 Noverit,
1631 3295 1708 3356 de
1737 3295 2057 3356 Sententia

493 3392 1169 3469 excommunicationis,
1209 3393 1383 3470 cujus
1421 3390 1615 3452 verba
1659 3395 1808 3450 sunt
1838 3406 1854 3450 :
1897 3390 1975 3456 N
1970 3391 2057 3452 iai

493 3501 560 3548 ea
589 3485 658 3547 do
683 3485 1124 3563 capitularibus
1144 3484 1279 3548 cuis
1304 3486 1484 3561 infra
1509 3484 1656 3546 duos
1674 3500 1898 3545 mmor
1911 3487 2059 3560 post

491 3577 838 3656 huiusmodi
849 3578 1310 3656 publicationem
1332 3577 1586 3654 fecerint
1606 3577 1890 3638 amoveri.
1918 3575 2055 3636 Non

491 3669 841 3732 declaratur
861 3675 1070 3731 autem
1100 3687 1238 3749 quae
1265 3669 1345 3730 sit
1369 3668 1480 3729 illa
1498 3667 1870 3748 publicatio,
1894 3669 2053 3730 veri-

490 3761 694 3824 simile
719 3768 929 3824 autem
965 3768 1058 3823 est
1086 3763 1260 3841 loqui
1289 3761 1648 3824 Pontificem
1679 3761 1758 3824 de
1778 3761 2057 3841 publica-

491 3855 662 3916 tione
701 3855 914 3917 Romae
937 3855 1125 3932 facta,
1151 3861 1214 3917 et
1238 3856 1327 3917 ita
1351 3855 1452 3916 hic
1477 3860 1684 3918 textus
1719 3855 2055 3934 probabilis

493 3953 606 4010 est.
639 3949 1016 4028 Responderi
1042 3956 1254 4011 tamen
1281 3954 1508 4029 posset,
1531 3950 1602 4010 in
1627 3949 1740 4010 illa
1773 3948 1912 4028 lege
1949 3949 2055 4010 de-

491 4042 893 4104 terminatum
919 4042 1104 4104 fuisse
1131 4043 1313 4104 illum
1333 4042 1590 4104 modum
1610 4041 2055 4122 promulgatio-

492 4135 623 4210 nis3
673 4153 802 4196 non
846 4153 993 4196 vero
1033 4135 1220 4197 fuisse
1265 4136 1458 4198 latam
1499 4135 1724 4214 legem,
1769 4141 1840 4195 ut
1883 4135 2054 4196 idem

491 4227 754 4290 sufficiat
774 4227 844 4288 in
866 4228 1156 4289 omnibus
1181 4228 1444 4307 legibus.
1467 4229 1720 4290 Certum
1737 4233 1832 4290 est
1856 4231 2051 4304 enim,

492 4321 730 4398 quoties
757 4318 861 4381 lex
895 4321 1194 4382 canonica
1234 4321 1574 4399 praescribit
1611 4321 1868 4381 modum
1912 4340 2054 4401 pro-

487 4411 894 4489 mulgationis
919 4412 990 4472 in
1015 4431 1090 4474 ea
1115 4413 1509 4488 servandum,
1541 4413 1722 4474 illum
1747 4413 2048 4490 sufficere,

487 4504 588 4566 vel
614 4522 742 4566 esse
763 4506 1196 4582 necessarium,
1212 4506 1455 4567 etiamsi
1473 4523 1552 4568 ex
1565 4506 1705 4584 jure
1733 4509 2052 4568 communi

487 4597 588 4659 vel
611 4598 1054 4660 consuetudine
1075 4598 1247 4659 aliud
1267 4598 1636 4677 requiratur.
1658 4599 1830 4658 Sicut
1847 4617 1882 4659 e
1904 4617 2048 4660 con-

489 4690 679 4751 trario
731 4696 932 4768 posset
971 4696 1412 4770 argumentum
1459 4690 1626 4751 sumi
1675 4708 1749 4751 ex
1791 4709 1846 4752 c.
1899 4691 2051 4754 Cum

487 4783 850 4862 infirmitas,
874 4784 950 4844 de
970 4783 1300 4846 Poenitent.
1332 4789 1396 4845 et
1423 4784 1690 4859 remiss„
1721 4782 2050 4847 1111113061-

485 4897 668 4960 quam
705 4897 818 4959 per
853 4879 1145 4958 proelatos
1186 4879 1444 4942 locorum
1485 4880 1680 4956 fuerit
1713 4879 2046 4958 publicata,

484 4973 632 5035 inde
650 4971 997 5051 colligendo
1009 4971 1178 5033 bunc
1193 4973 1452 5034 modum
1471 4970 1904 5053 publicationis
1921 4990 2051 5034 esse

484 5065 900 5128 necessarium
921 5065 990 5128 in
1006 5065 1245 5146 legibus
1264 5065 1628 5146 pontificiis:
1649 5065 1817 5144 quod
1837 5070 2049 5126 tamen

481 5177 697 5223 revera
721 5158 869 5222 inde
888 5159 1094 5239 colligi
1112 5177 1240 5222 non
1260 5164 1483 5240 potest,
1503 5159 1652 5239 quia
1672 5167 1766 5219 est
1786 5158 2048 5237 speciale

425 5315 437 5326 ‚
482 5251 552 5314 in
581 5251 691 5313 illa
713 5253 874 5332 lege,
900 5258 963 5315 et
986 5253 1246 5316 fortasse
1268 5253 1494 5333 magiS,
1523 5252 1726 5334 quoad
1752 5251 2047 5314 inducen-

484 5346 630 5408 dam
652 5363 903 5425 poenam
945 5347 1260 5409 interdicti
1305 5347 1384 5408 ab
1415 5347 1696 5426 ingressu
1737 5345 2042 5422 Ecclesiae,

481 5457 672 5518 quam
699 5439 904 5518 quoad
941 5438 1386 5521 obligationem
1408 5439 1584 5519 legis.
1628 5439 1804 5502 Unde
1842 5439 2047 5520 potius

482 5531 630 5594 inde
656 5536 865 5613 posset
885 5531 966 5594 ab
991 5533 1240 5614 speciali
1266 5538 1707 5614 argumentum
1729 5538 2047 5612 retorque·

1471 391 1588 447 Lm.
1624 392 1708 445 lv.
1743 392 1824 445 m:
1855 391 2017 445 LEGE
2048 391 2337 447 Posmva
2368 392 2694 447 cauomca,

2124 497 2205 572 ri,
2238 502 2309 559 ut
2336 497 2493 559 bene
2537 494 2779 559 notavit
2824 495 3083 556 Navarr.
3120 510 3308 573 supra
3338 510 3408 554 n.
3452 494 3559 555 21.
3594 494 3691 555 Si-

2126 590 2273 652 mile
2298 592 2484 653 estin
2502 590 2769 653 Concilio
2781 588 3169 663 Tridentino,
3194 606 3341 648 sess.
3370 589 3474 665 25,
3486 590 3694 669 quoad

2124 683 2328 763 legem
2380 683 2553 745 illam
2602 684 2952 743 irritantem
3002 681 3473 742 matrimonium
3522 681 3694 742 clan-

2126 777 2461 853 destinum,
2500 777 2569 837 111
2604 794 2729 856 qua
2766 774 3094 853 specialem
3130 772 3696 853 promulgationem

2127 871 2419 951 postulat,
2450 888 2589 949 quae
2620 867 2935 931 ordinarie
2970 886 3096 928 non
3122 871 3219 928 est
3254 868 3595 928 necessaria
3622 868 3697 926 in

2124 964 2369 1043 legibus
2406 961 2848 1025 ecclesiasticis.
2901 962 2994 1021 lta
3034 976 3187 1038 ergo
3228 961 3429 1039 potuit
3464 960 3537 1019 in
3582 959 3697 1019 1110

2126 1076 2181 1119 6.
2228 1056 2491 1123 Noverit
2536 1054 2843 1133 assignari
2880 1058 2955 1113 ut
2998 1053 3308 1115 sufficiens
3347 1052 3462 1113 illa
3496 1052 3691 1113 unica

2125 1150 2539 1231 promulgatio
2564 1149 2635 1209 in
2664 1147 2942 1210 favorem
2970 1145 3139 1223 fidei,
3182 1151 3245 1207 61
3271 1146 3693 1207 immunitatis

2126 1242 2568 1317 ecclesiasticae,
2590 1241 2737 1303 licet
2762 1240 3015 1301 fortasse
3033 1240 3175 1318 jure
3201 1239 3525 1301 communi
3554 1238 3695 1318 plu-

2126 1352 2227 1397 res
2260 1336 2700 1415 requirantur:
2730 1351 2881 1395 nam
2908 1348 3151 1411 semper
3174 1338 3377 1412 potest
3403 1332 3695 1393 Pontifex

2128 1446 2461 1491 commune
2491 1428 2593 1507 jus
2618 1427 2955 1507 positivum
2988 1427 3345 1502 immutare,
3380 1431 3567 1505 pmut
3588 1442 3699 1488 ex-

2125 1522 2335 1601 pedire
2363 1520 2691 1583 censuerit.

2206 1618 2270 1677 5.
2314 1616 2624 1678 Probatur
2650 1614 2875 1693 opinio.
2906 1644 2991 1661 -
3016 1611 3517 1675 Fundamentum
3544 1629 3701 1690 ergo

2128 1709 2451 1789 proprium
2473 1709 2663 1787 hujus
2688 1707 3013 1767 sententiae
3044 1723 3175 1767 esse
3202 1705 3407 1782 debet,
3438 1706 3591 1785 quia
3616 1725 3699 1767 ex

2130 1810 2355 1866 11611116.
2386 1804 2480 1882 rei
2506 1802 2614 1863 1116
2644 1799 3061 1881 promulgatio
3088 1799 3339 1875 sufficit,
3373 1800 3495 1861 nisi
3524 1799 3701 1861 aliud

2130 1897 2399 1959 Ecclesia
2434 1896 2758 1971 statuerit3
2806 1894 2967 1955 nihil
3000 1898 3214 1956 autem
3242 1893 3415 1955 aliud
3452 1895 3694 1970 statuit,

2129 2008 2245 2052 nec
2285 1990 2645 2070 praedictam
2688 1987 3123 2051 Anthenticam
3168 1987 3512 2067 acceptavit
3526 2034 3547 2064 ,
3584 1994 3701 2049 aut

2128 2085 2197 2145 in
2227 2083 2347 2146 bac
2378 2089 2555 2163 parte
2584 2100 2759 2143 suam
2781 2081 2945 2143 fecit.
2983 2081 3163 2143 Nullo
3191 2081 3360 2143 enim
3382 2082 3529 2160 jure
3548 2083 3703 2143 scri-

2130 2182 2235 2257 pto
2264 2178 2331 2238 id
2350 2177 2593 2239 ostendi
2616 2181 2815 2257 potest
2842 2175 2911 2235 in
2936 2174 3314 2253 particulari,
3349 2192 3465 2235 nec
3502 2174 3699 2235 etiam

2130 2272 2199 2332 in
2250 2270 2549 2350 generali,
2592 2271 2741 2350 quia
2784 2286 3053 2331 canones
3100 2267 3301 2329 solum
3345 2268 3415 2329 in
3445 2268 3703 2345 judiciis

2131 2382 2459 2427 causarum
2487 2364 2821 2425 voluerunt
2852 2368 2923 2424 ut
2950 2361 3161 2423 civiles
3186 2361 3355 2439 leges
3378 2378 3701 2422 servaren-

2131 2464 2235 2521 tur
2276 2458 2387 2519 ubi
2414 2458 2729 2519 canonicae
2756 2456 3075 2533 deessent3
3110 2454 3331 2515 modus
3357 2459 3570 2515 autem
3607 2454 3705 2515 fe-

2128 2552 2309 2614 rendi
2349 2549 2727 2613 universales
2770 2549 2941 2628 leges
2979 2547 3165 2626 longe
3204 2548 3454 2626 gravior
3490 2553 3604 2623 est,
3634 2551 3703 2607 et

2130 2646 2445 2725 pertinens
2474 2644 2555 2703 ad
2598 2642 2918 2722 propriam
2946 2640 3259 2703 Pontificis
3298 2640 3607 2702 actionem
3638 2646 3707 2701 et

2130 2742 2518 2818 potestatem,
2558 2741 2621 2797 et
2652 2734 2793 2795 ideo
2829 2753 2961 2796 non
2998 2740 3091 2796 est
3118 2734 3229 2797 illa
3260 2734 3567 2814 generalis
3604 2752 3706 2795 re-

2132 2830 2281 2909 gula
2322 2830 2402 2891 ad
2450 2834 2819 2909 praesentem
2858 2846 3073 2899 casum
3118 2826 3525 2889 extendenda.
3576 2828 3705 2889 Nec

2130 2924 2323 2985 etiam
2356 2923 2500 2985 talis
2536 2921 2879 3001 acceptatio
2906 2926 3107 3001 potoet
3136 2920 3579 2983 consuetudine
3604 2938 3704 2981 06-

2130 3018 2345 3080 tendi:
2388 3035 2539 3078 nam
2560 3016 2765 3096 potius
2801 3015 3181 3077 contrarium
3214 3018 3415 3093 potest
3442 3032 3701 3075 consue-

2132 3111 2349 3173 tudine
2374 3109 2643 3191 probari,
2682 3108 2849 3170 illius
2872 3109 3041 3170 enim
3068 3108 3239 3172 varia
3264 3113 3411 3170 sunt
3442 3107 3694 3170 indicia.

2132 3205 2413 3266 Primum
2439 3209 2552 3278 est,
2574 3203 2723 3282 quia
2748 3202 2819 3263 in
2838 3202 3009 3264 curia
3028 3219 3291 3264 romana
3313 3201 3501 3264 totius
3528 3201 3701 3262 orbis

2128 3297 2267 3360 lites
2292 3296 2677 3358 definiuntur
2700 3295 2883 3374 juxta
2910 3293 3079 3373 leges
3105 3293 3451 3373 pontificias
3480 3296 3698 3356 Romae

2129 3391 2494 3470 publicam,
2513 3388 2755 3451 etiamsi
2776 3387 2928 3448 alibi
2951 3387 3356 3467 promulgataa
3382 3406 3511 3448 non
3538 3388 3693 3463 sint,

2128 3484 2297 3564 quod
2336 3502 2467 3545 non
2506 3487 2664 3546 esset
2695 3483 2961 3561 justum,
3006 3482 3061 3542 si
3094 3482 3163 3543 in
3198 3481 3336 3542 aliis
3360 3482 3700 3561 provinciis

2128 3577 2253 3638 illae
2279 3577 2445 3656 leges
2469 3593 2599 3638 non
2624 3575 2975 3654 obligarent
2999 3575 3233 3653 absque
3265 3573 3519 3653 speciali
3558 3591 3700 3652 pro-

2128 3671 2514 3749 mulgatione
2560 3671 2629 3732 in
2672 3669 2763 3730 eis
2800 3669 2990 3743 facta,
3030 3674 3101 3729 ut
3148 3667 3309 3730 bene
3350 3666 3703 3731 considerat

2131 3764 2385 3826 Navarr.
2416 3763 2527 3826 ubi
2556 3781 2763 3842 supra.
2807 3762 3139 3840 Potestque
3162 3760 3459 3840 explicari
3486 3777 3700 3822 exem-

2130 3855 2235 3936 plo
2268 3856 2532 3918 adducto
2554 3874 2595 3917 a
2611 3855 2851 3916 Joanne
2872 3853 3122 3918 Andrea
3140 3853 3221 3915 de
3240 3853 3509 3933 quadam
3536 3853 3699 3914 elec-

2131 3949 2301 4010 tione
2331 3949 2493 4010 facta
2528 3949 2598 4011 in
2638 3966 2767 4010 una
2804 3947 3129 4027 provincia
3154 3959 3369 4008 contra
3402 3946 3699 4008 constitu-

2130 4042 2363 4104 tionem
2390 4040 2789 4120 pontificiam‚
2822 4059 2961 4120 quae
2984 4041 3217 4115 Romae,
3243 4044 3308 4100 et
3331 4056 3459 4100 non
3484 4040 3552 4100 in
3586 4039 3697 4099 tali

2132 4135 2449 4215 provincia
2474 4141 2607 4196 erat
2628 4133 3043 4215 promulgata,
3078 4139 3141 4194 et
3175 4132 3579 4194 nihilominus
3606 4133 3697 4191 ir·-

2130 4229 2253 4290 rita
2280 4228 2445 4293 facta
2471 4233 2586 4290 est.
2618 4227 2907 4306 Idemque
2934 4226 3168 4296 servari
3194 4226 3263 4286 111
3284 4225 3506 4306 regulis
3530 4225 3691 4286 Gan-

2132 4321 2393 4385 cellariae
2416 4326 2593 4384 notat
2612 4321 2841 4382 Anton.
2867 4319 3095 4382 Gomez
3120 4337 3329 4399 supra.

2214 4416 2275 4478 6.
2322 4417 2621 4478 Proeterea
2666 4413 2865 4475 multa
2900 4418 3045 4474 sunt
3072 4412 3319 4474 decreta
3342 4413 3411 4473 in
3433 4413 3573 4491 jure
3600 4431 3700 4474 ca-

2134 4508 2383 4584 nonice,
2414 4527 2553 4587 quai
2578 4525 2903 4587 nunquam
2928 4506 3181 4568 fuerunt
3206 4505 3601 4585 promulgata
3628 4505 3703 4566 in

2132 4602 2391 4679 singulis
2439 4601 2773 4681 provinciis
2788 4645 2810 4677 ‚
2862 4600 2971 4662 sed
3022 4605 3268 4662 tantum
3323 4600 3556 4662 Romae.
3618 4601 3699 4660 Et

2128 4695 2413 4772 quamvis
2430 4695 2599 4756 enim
2622 4695 2755 4774 ipsa
2772 4694 2959 4756 editio
2974 4693 3391 4772 publicajuris
3408 4691 3697 4754 canonici

2126 4785 2353 4865 babeat
2378 4788 2509 4848 vim
2530 4788 2865 4866 quamdam
2890 4785 3427 4865 promulgationis,
3456 4803 3599 4865 quae
3625 4785 3695 4846 in

2126 4879 2393 4958 singulis
2419 4881 2753 4959 provinciis
2796 4879 2937 4942 fieri
2960 4884 3270 4956 censetur,
3300 4879 3451 4958 quia
3474 4878 3545 4940 in
3564 4879 3694 4940 sin·

2128 4971 2292 5051 gulis
2320 4973 2411 5034 illi
2438 4972 2583 5035 libri
2610 4972 2855 5052 publice
2885 4971 3435 5047 circumferuntur,
3464 4971 3695 5032 nihilo-

2128 5065 2338 5126 minus
2364 5065 2433 5126 in
2458 5065 2667 5144 rigore
2704 5064 3001 5144 obligatio
3036 5064 3259 5126 talium
3304 5063 3695 5126 decretorum

2126 5158 2312 5220 latius
2329 5159 2705 5236 extenditur,
2730 5177 2919 5238 quam
2932 5159 3043 5220 illa
3054 5157 3493 5240 promulgatio.
3508 5159 3698 5220 Dein-

2124 5251 2202 5314 de
2230 5251 2428 5313 multa
2448 5257 2595 5313 sunt
2614 5253 2911 5332 rescripta
2939 5252 3329 5326 Pontificum,
3354 5250 3454 5314 vel
3468 5249 3689 5328 Bullae,

2124 5351 2234 5406 aut
2254 5346 2455 5408 Motus
2469 5346 2724 5425 proprii,
2750 5345 3005 5424 quinon
3027 5351 3172 5406 sunt
3188 5344 3405 5406 inserti
3430 5344 3499 5404 in
3522 5362 3691 5405 com-

2121 5439 2301 5502 muni
2328 5440 2467 5518 jure
2490 5438 2811 5514 canonico,
2842 5444 2906 5500 et
2926 5437 3333 5500 nibilominus
3356 5443 3689 5500 censentur

2120 5533 2398 5615 obligare
2433 5552 2543 5616 per
2576 5533 2771 5596 solam
2800 5533 3283 5614 publicationem
3308 5533 3525 5597 Romae
3560 5531 3691 5596 fac-
