3976 6219
697 385 834 438 CAP.
869 385 929 437 V.
974 383 1186 438 U'rmm
1219 384 1340 438 LEX
1373 384 1637 439 HUMANA
1672 385 1885 438 Possrr
1921 385 2228 440 OBLIGARE
2261 386 2324 440 IN
2357 385 2775 449 CONSCIENTIA,
2810 385 2943 439 ETC.

218 506 344 550 esse
362 484 733 562 tolerabiles,
755 491 818 548 et
838 487 1312 548 accommodatae
1325 486 1617 548 humanae
1636 505 1780 548 con-

218 580 461 655 ditioni,
483 597 537 640 c.
552 579 707 642 Eric
728 586 924 642 autem
947 580 1066 655 lex,
1087 580 1150 640 d.
1177 582 1240 652 4,
1267 598 1322 640 c.
1340 578 1649 659 Alliyant,
1675 581 1776 651 26,

218 693 280 754 q.
308 675 369 748 7,
396 689 537 733 cum
566 689 754 750 supra
781 672 1006 733 notatis
1034 672 1110 734 de
1132 672 1248 734 hac
1274 691 1342 734 re
1357 688 1378 750 3
1405 673 1512 734 sed
1529 672 1630 733 lex
1643 691 1782 752 quae

218 766 517 843 obligaret
545 764 865 826 hominem
888 767 957 827 in
981 765 1354 827 conscientia
1371 766 1452 826 ad
1475 783 1782 845 exequen-

218 858 367 918 dum
392 858 461 918 in
490 875 554 919 se
596 875 868 937 poenam,
900 876 1039 938 quae
1088 859 1404 937 propriam
1431 858 1565 937 ejus
1596 858 1783 919 actio-

217 967 361 1011 nem
396 950 682 1030 requirit,
706 954 865 1012 esset
892 952 1080 1011 nimis
1101 951 1309 1030 gravis
1336 957 1398 1012 et
1425 950 1782 1011 intolerabi-

216 1042 315 1118 lis,
348 1052 412 1103 et
433 1042 638 1104 aliena
662 1061 701 1103 a
733 1045 1049 1105 communi
1083 1043 1410 1104 hominum
1438 1061 1557 1104 usu
1570 1059 1591 1121 3
1633 1061 1782 1122 ergo

216 1134 356 1194 talis
403 1134 626 1197 modus
669 1135 824 1214 legis
869 1136 1108 1198 excedit
1145 1135 1487 1197 humanam
1515 1141 1781 1216 potesta·

215 1232 367 1288 tem.
400 1230 484 1290 De
506 1246 631 1308 qua
654 1228 892 1290 ratione
918 1234 1144 1308 proeter
1184 1229 1403 1290 citatos
1434 1228 1632 1291 videri
1672 1246 1781 1309 po-

220 1325 339 1380 test
370 1321 524 1382 Nav.
565 1321 634 1382 in
669 1322 1013 1383 Comment.
1053 1322 1130 1383 de
1156 1322 1326 1383 Datis
1347 1326 1409 1383 et
1438 1321 1777 1402 promissis,

214 1431 283 1474 0.
318 1416 419 1475 44.

300 1509 398 1568 12.
459 1508 794 1584 Rofutatar
835 1508 1131 1587 proediota
1183 1509 1477 1572 sententia
1521 1508 1778 1587 occomplo

212 1616 404 1677 paenoe
427 1601 772 1663 damnantis
808 1602 890 1662 ad
912 1606 1158 1663 mortem
1198 1620 1270 1664 ex
1318 1605 1504 1680 fame,
1530 1601 1621 1664 vel
1661 1619 1779 1662 non

217 1692 577 1770 suffiendmn
605 1710 634 1755 o
662 1708 915 1769 carcere,
947 1698 1001 1755 et
1029 1711 1145 1755 noa
1168 1694 1497 1757 celebrandi
1514 1712 1646 1757 mem
1674 1695 1779 1756 ad-

218 1785 304 1846 sit
334 1784 1123 1860 infamia—Nihilominus
1144 1786 1276 1848 11ωο
1303 1787 1608 1848 5011100110
1640 1787 1779 1847 uni·

215 1877 539 1938 versaliter
573 1885 634 1939 et
681 1879 1031 1942 indistincte
1071 1886 1316 1961 sumpta
1353 1880 1603 1961 probari
1649 1899 1778 1942 non

215 1975 440 2048 potest,
489 1989 605 2032 nec
645 1972 958 2034 distinctio
999 1974 1144 2035 data
1190 1980 1391 2054 potest
1428 1974 1771 2039 subsistere.

217 2061 397 2133 Quod
422 2062 511 2123 ita
539 2064 803 2141 declaro,
825 2066 973 2145 quia
998 2065 1099 2127 vel
1125 2067 1295 2146 prior
1315 2086 1456 2146 pars
1480 2067 1557 2129 de
1577 2068 1778 2149 poenis

208 2171 369 2233 pure
431 2156 687 2234 passivis
733 2174 842 2218 seu
886 2158 1190 2237 negativis
1230 2160 1595 2239 intelligitur
1635 2161 1779 2221 uni·-

210 2246 553 2323 versaliter,
581 2253 643 2308 et
665 2249 799 2311 sine
824 2250 953 2311 ulla
977 2252 1357 2331 exceptione,
1379 2253 1478 2314 vel
1499 2270 1642 2314 cum
1661 2252 1780 2315 hac

206 2341 659 2417 moderatione,
689 2344 816 2405 nisi
833 2362 1011 2423 poma
1034 2347 1328 2408 contineat
1339 2347 1595 2410 nimiam
1617 2367 1778 2412 acer-

208 2435 462 2496 bitatem
519 2440 948 2514 repuqnantom
992 2437 1270 2500 humanae
1314 2440 1661 2503 conditioni.
1706 2443 1776 2502 ln

202 2526 407 2605 priori
436 2545 618 2587 sensu
639 2545 765 2588 non
796 2533 886 2589 est
912 2546 1062 2590 vera
1101 2531 1273 2608 prior
1308 2549 1471 2610 pars.
1515 2532 1670 2593 Nam
1724 2534 1777 2594 si

204 2619 355 2697 quis
381 2636 493 2699 per
518 2619 719 2698 legem
747 2620 1075 2682 damnetur
1105 2629 1176 2683 111
1201 2622 1365 2683 fame
1388 2629 1618 2702 pereat,
1649 2643 1775 2685 non

204 2716 414 2789 potest
436 2711 505 2770 in
523 2713 898 2773 conscientia
913 2714 1176 2793 obligari
1202 2715 1282 2776 ad
1304 2733 1433 2776 000
1455 2717 1780 2778 comeden-

210 2804 389 2879 dum,
408 2822 596 2882 quam
605 2807 690 2865 vis
707 2804 861 2865 illud
883 2825 1008 2867 non
1032 2808 1306 2887 requirat
1331 2809 1660 2885 actionem,
1673 2811 1778 2871 sed

211 2897 554 2957 carentiam
599 2898 879 2973 00110015,
921 2899 1098 2977 cujus
1153 2899 1554 2961 manifestum
1593 2920 1779 2980 argu-

211 2994 497 3049 mentum
530 2994 647 3064 est,
669 2990 815 3069 quia
837 2990 1026 3050 etiam
1050 2996 1189 3069 post
1222 2993 1592 3053 sententiam
1612 2993 1780 3071 judi-

210 3081 299 3141 cis
324 3081 402 3141 ad
435 3081 500 3141 id
530 3098 656 3143 non
686 3080 999 3159 obligatur
1024 3099 1165 3143 reus
1186 3083 1254 3143 10
1281 3084 1676 3161 00050100110,
1708 3090 1780 3146 111

210 3173 481 3233 traditur
504 3176 561 3235 2.
597 3176 659 3250 2,
695 3193 757 3253 q.
790 3175 891 3249 64,
923 3180 985 3235 et
1023 3174 1181 3237 bene
1211 3177 1444 3238 Victor.
1472 3178 1540 3238 in
1565 3178 1773 3241 relect.

210 3265 290 3325 de
317 3266 648 3342 Homicid.,
673 3286 737 3327 n.
766 3268 864 3329 28.
892 3268 1060 3327 Idem
1084 3274 1174 3330 est
1195 3269 1248 3329 si
1276 3287 1387 3349 per
1413 3270 1616 3349 legem
1641 3271 1779 3350 quis

209 3357 526 3435 obligatur
554 3360 632 3419 ad
656 3378 783 3420 non
815 3359 1183 3439 fugiendum
1210 3380 1245 3423 e
1274 3380 1536 3439 carcere,
1567 3363 1634 3423 in
1655 3382 1777 3442 quo

205 3451 393 3511 timet
417 3451 668 3530 aliquod
700 3469 888 3531 grave
906 3459 1379 3529 nocumentum3
1399 3471 1583 3516 nemo
1608 3457 1778 3516 enim

209 3544 292 3604 ad
320 3543 439 3604 hoc
471 3544 539 3603 in
566 3545 941 3606 conscientia
967 3544 1301 3624 obligatur,
1327 3553 1398 3607 ut
1420 3546 1648 3608 ibidem
1673 3548 1779 3609 do-

210 3642 312 3697 cet
342 3637 572 3698 Victor.
614 3643 676 3698 et
720 3637 885 3698 infra
917 3639 1312 3718 attingemuS,
1344 3645 1407 3700 et
1432 3645 1641 3700 tamen
1672 3640 1781 3701 illa

210 3747 405 3809 poena
431 3749 559 3791 non
591 3730 850 3809 requirit
876 3732 1202 3808 actionem,
1244 3732 1344 3794 vel
1371 3738 1634 3808 motum,
1671 3731 1780 3794 sed

209 3824 513 3903 quietem.
546 3823 718 3885 Idem
753 3830 865 3900 est,
900 3824 1072 3886 verbi
1100 3827 1321 3904 gratia,
1344 3826 1421 3887 de
1443 3844 1628 3905 poena
1650 3843 1779 3885 non

207 3915 591 3992 celebrandi,
634 3921 743 3976 aut
773 3935 902 3977 non
941 3918 1480 3992 communicandi3
1531 3935 1679 3978 nam
1728 3917 1779 3978 si

207 4028 289 4071 ex
329 4008 556 4071 effectu
606 4015 837 4084 secuto,
880 4010 1057 4071 verbi
1103 4010 1324 4088 gratia,
1363 4009 1624 4070 infamia
1671 4009 1781 4071 fiat

207 4103 405 4164 nimis
446 4101 688 4178 acerba,
713 4120 839 4162 non
889 4102 1199 4181 obligatur
1216 4102 1355 4181 quis
1378 4102 1443 4162 in
1474 4103 1782 4163 00050100-

204 4200 299 4259 tia
329 4197 416 4258 ad
442 4195 808 4257 servandam
844 4195 1041 4257 illam.
1083 4197 1338 4275 Propter
1371 4196 1537 4275 quod
1566 4197 1784 4258 dicunt

206 4308 436 4353 omncs
477 4293 759 4349 auctores
777 4334 797 4364 ,
836 4288 1444 4350 excommunicatum
1470 4289 1782 4350 occultum

205 4400 396 4463 posse
431 4380 594 4442 licite
622 4380 865 4461 publice
890 4382 1366 4458 communicare,
1379 4382 1625 4462 quando
1647 4383 1779 4444 sine

205 4475 396 4555 gravi
422 4474 681 4535 infamia
715 4475 780 4535 id
809 4475 1006 4537 vitare
1033 4493 1160 4536 non
1199 4481 1417 4555 potest.
1452 4477 1774 4553 Praeterea,

202 4570 377 4631 ratio
400 4586 590 4647 quam
612 4569 780 4629 dicta
800 4570 1107 4631 sententia
1125 4588 1238 4649 pro
1260 4587 1324 4630 se
1345 4569 1618 4647 adducit,
1644 4589 1781 4650 per-

206 4662 437 4723 suadet
478 4661 546 4721 in
590 4661 696 4721 illa
742 4662 934 4741 priori
977 4667 1152 4743 parte
1197 4663 1606 4724 necessariam
1650 4681 1779 4724 esse

204 4756 380 4816 hanc
402 4754 914 4830 moderationem,
940 4755 1105 4834 quod
1130 4772 1338 4834 poena,
1361 4754 1503 4816 licet
1520 4756 1598 4816 sit
1627 4774 1778 4835 pure

204 4846 485 4927 passiva,
531 4846 937 4908 nihilominus
977 4848 1197 4909 debeat
1239 4866 1369 4909 non
1410 4866 1540 4911 esse
1587 4849 1778 4909 nimis

203 4938 440 5001 acerba
458 4944 521 4999 et
543 4938 910 5001 inhumana.
933 4940 1015 5001 At
1034 4958 1181 5002 vero
1204 4942 1402 5021 posita
1427 4941 1545 5002 hac
1571 4940 1781 5001 mode-

199 5034 481 5107 ratione,
512 5032 701 5093 etiam
739 5034 857 5095 erit
895 5033 1246 5095 adhibenda
1271 5035 1338 5095 in
1365 5035 1558 5096 altero
1584 5051 1780 5094 mem·

201 5128 324 5188 bro
352 5126 666 5186 distinctio
699 5131 762 5187 et
802 5128 890 5187 510
930 5128 1049 5188 erit
1084 5126 1333 5203 falsum,
1363 5133 1426 5188 et
1459 5132 1600 5188 ruet
1650 5131 1780 5186 tota

200 5220 551 5282 distinctio.
597 5221 774 5296 Nam,
804 5221 940 5299 pari
990 5221 1255 5297 ratione,
1304 5219 1635 5280 dicendum
1687 5225 1778 5279 est

198 5330 465 5396 poenam
515 5330 653 5391 quae
701 5313 960 5392 requirit
1003 5314 1333 5385 actionem,
1386 5319 1533 5373 tunc
1578 5313 1777 5373 solum

199 5425 340 5469 non
371 5422 548 5483 posse
595 5405 755 5467 (11010
796 5408 981 5467 100ᾱο
1028 5408 1097 5468 10
1142 5407 1511 5468 000501001ἰο
1538 5406 1778 5486 imponi

198 5497 466 5582 quando
493 5504 586 5560 est
610 5498 797 5561 nimis
820 5500 1045 5578 gravis,
1077 5506 1139 5563 et
1163 5505 1413 5581 propter
1432 5500 1776 5561 humanam

3306 384 3419 445 431

1859 486 2264 565 fragilitatem
2296 509 2311 547 ε
2348 505 2520 550 500115
2560 493 2769 548 0111010
2797 504 2927 548 0550
2952 486 3002 547 51
3030 486 3197 547 intra
3217 486 3428 549 latitu-

1860 581 2072 642 dinem
2100 581 2270 642 illius
2293 580 2534 660 generis
2554 599 2752 660 poenae
2771 580 3258 643 moderationem
3279 583 3428 642 reti-

1860 679 2029 736 neat.
2072 676 2231 735 Tum
2277 675 2445 737 enim
2498 678 2692 735 cessat
2739 673 3217 734 fundamentum
3266 674 3429 736 illius

1861 767 2207 843 sententiae,
2246 774 2440 829 cessat
2479 767 2669 828 etiam
2704 766 2906 828 omnis
2951 767 3108 827 ratio
3144 767 3423 846 justitiae,

1860 861 2010 939 quia
2060 859 2161 921 lex
2208 860 2487 921 humana
2527 865 2726 939 potest
2772 859 3097 939 praecipere
3123 860 3428 939 quidquid

1862 971 1978 1015 nec
2015 953 2252 1014 malum
2281 959 2397 1027 est,
2436 971 2551 1014 000
2575 953 2762 1014 0111115
2783 970 2970 1031 grave
2992 958 3102 1015 aut
3122 959 3431 1033 repugnat

1861 1052 2123 1122 naturae,
2151 1048 2203 1107 si
2231 1047 2481 1108 aliunde
2515 1046 2703 1127 possit
2727 1046 2956 1108 habere
2984 1047 3338 1126 aequitatem
3366 1054 3427 1110 et

1860 1139 2193 1202 utilitatem
2220 1140 2369 1202 boni
2397 1139 2763 1202 communis.

1943 1234 2043 1294 13.
2087 1235 2165 1298 N
2161 1252 2235 1296 on
2259 1251 2594 1313 repuqnare
2621 1250 2863 1311 paenam
2893 1234 3194 1314 requirere
3235 1235 3420 1297 actio-

1859 1346 1993 1390 mm
2043 1327 2242 1405 ipsias
2284 1327 2499 1403 sontis,
2546 1330 2604 1388 et
2641 1331 2837 1388 tamen
2874 1344 2995 1389 esse
3033 1327 3420 1389 moderatam.

1861 1418 1979 1484 Sic
2017 1420 2174 1482 enim
2216 1423 2302 1482 est
2350 1419 2422 1481 in
2462 1418 2913 1498 privationibus
2953 1436 3085 1498 quoe
3123 1437 3243 1480 non
3284 1424 3426 1483 sunt

1857 1513 2061 1574 minas
2094 1513 2705 1591 aranea—Superest
2733 1516 2946 1571 tamen
2987 1515 3059 1570 ut
3093 1510 3424 1590 probemus

1857 1603 1991 1666 hoec
2006 1604 2129 1664 duo
2141 1621 2269 1665 non
2281 1621 2653 1684 repugnare,
2670 1603 2927 1678 scilicet,
2941 1620 3191 1682 poenam
3218 1603 3424 1682 requi-

1855 1714 1992 1759 rere
2031 1696 2339 1758 actionem
2371 1697 2563 1776 ipsius
2603 1695 2718 1771 rei,
2750 1700 2812 1757 et
2852 1695 3262 1755 nihilominus
3294 1713 3422 1755 esse

1857 1790 2242 1851 moderatam
2264 1794 2328 1851 et
2348 1789 2688 1850 humanam
2706 1803 2726 1865 3
2754 1787 2820 1847 id
2839 1793 3045 1847 autem
3071 1786 3422 1866 multiplici-

1854 1888 1952 1945 ter
1978 1883 2256 1944 ostendo.
2296 1883 2524 1958 Primo,
2561 1882 2710 1961 quia
2735 1880 2884 1941 dicti
2921 1884 3201 1940 auctores
3224 1878 3424 1940 faten-

1856 1982 1961 2037 tur
1987 1995 2100 2055 per
2125 1976 2495 2038 sententiam
2525 1974 2991 2035 declaratoriam
3019 1972 3298 2034 criminis
3327 1971 3423 2032 in·

1858 2069 2025 2130 curri
2049 2087 2225 2148 posse
2248 2068 2521 2147 aliquam
2541 2083 2790 2146 poenam
2809 2066 2877 2126 in
2897 2065 3271 2126 conscientia
3288 2065 3423 2125 sine

1858 2161 1979 2222 alia
2021 2161 2569 2234 condemnatione,
2613 2159 2713 2220 vel
2763 2159 3123 2220 executione
3170 2156 3421 2234 judicis,

1856 2259 1966 2314 aut
1987 2253 2414 2315 ministrorum
2434 2253 2601 2332 ejus3
2634 2269 2780 2329 ergo
2805 2249 2971 2311 idem
2993 2253 3196 2328 posset
3221 2247 3422 2310 facere

1856 2346 1959 2407 lex
1982 2365 2111 2408 non
2138 2346 2507 2427 postulando
2528 2344 2900 2406 sententiam
2925 2341 3416 2405 declaratoriam.

1857 2439 2159 2500 Probatur
2206 2438 2667 2516 consequentia,
2715 2436 2862 2516 quia
2901 2453 3013 2514 per
3049 2434 3423 2496 sententiam

1855 2531 2323 2592 declaratoriam
2358 2547 2488 2590 non
2532 2529 2605 2590 fit
2645 2529 2876 2590 coactio
2917 2527 3195 2607 physica,
3236 2532 3308 2587 ut
3339 2526 3424 2587 510

1856 2623 2084 2699 (110010,
2115 2630 2178 2685 01
2207 2641 2349 2684 reus
2389 2624 2520 2703 ipse
2560 2622 2871 2700 obligatur
2911 2626 2980 2680 ut
3016 2621 3095 2680 sit
3137 2626 3425 2681 executor

1855 2734 2056 2793 poenae
2095 2716 2162 2776 in
2191 2717 2484 2795 seipsum,
2520 2721 2583 2776 et
2613 2713 3022 2774 nihilominus
3058 2712 3421 2773 mandatum

1857 2809 2064 2889 ipsum
2104 2827 2234 2870 000
2267 2813 2552 2871 censetur
2595 2806 3003 2877 intolerabile,
3048 2810 3120 2865 ut
3146 2805 3424 2884 procedit

1857 2920 1898 2961 a
1939 2903 2179 2981 judice3
2227 2920 2374 2980 ergo
2419 2919 2535 2962 nec
2563 2905 2844 2979 respectu
2872 2898 3024 2977 legis
3058 2897 3163 2959 ille
3202 2898 3422 2959 modus

1858 3012 2058 3072 poenae
2085 3001 2177 3055 est
2216 2994 2403 3053 nimis
2426 2992 2704 3067 acerbus,
2731 2992 2782 3051 si
2814 2992 2966 3051 alias
2994 3008 3071 3052 ex
3101 2996 3274 3069 parte
3293 3009 3424 3052 ma·-

1858 3086 2031 3148 teriae
2058 3086 2207 3148 boni
2233 3085 2579 3148 communis
2615 3086 2694 3145 sit
2733 3084 3043 3145 sufficiens
3068 3084 3226 3145 ratio
3258 3083 3423 3143 utili-

1857 3180 2023 3241 tatis,
2060 3180 2366 3256 Secundo,
2407 3180 2554 3257 quia
2593 3178 2910 3239 moraliter
2942 3176 3249 3255 loquendo
3297 3194 3424 3237 non

1857 3271 2065 3332 minus
2087 3290 2275 3350 grave
2294 3278 2357 3332 01
2383 3288 2713 3333 onerosum
2732 3274 2828 3331 est
2857 3268 3102 3329 homini
3135 3268 3325 3329 libere
3358 3287 3425 3330 se

1857 3364 2106 3443 privare
2148 3363 2456 3444 aliquibus
2507 3362 2875 3438 00110οἱ1105,
2925 3361 3005 3422 ad
3037 3380 3190 3440 quas
3236 3361 3424 3423 habet

1857 3457 1958 3517 vel
1971 3457 2470 3535 propensionem,
2496 3456 2596 3517 vel
2612 3456 2739 3535 jus,
2760 3454 2859 3515 vel
2877 3472 2953 3515 ex
2974 3453 3199 3532 quibus
3221 3457 3427 3532 sperat

1856 3549 2151 3623 fructum,
2179 3567 2367 3629 quam
2390 3549 2628 3628 aliquas
2652 3548 2920 3608 actiones
2947 3563 3252 3620 exercere,
3284 3563 3424 3624 quae

1860 3643 2131 3723 poenales
2161 3642 2258 3704 vel
2285 3642 2403 3703 sibi
2441 3660 2659 3721 graves
2702 3640 2859 3717 sint3
2909 3657 3056 3718 ergo
3098 3640 3148 3699 si
3178 3657 3307 3699 non
3335 3643 3427 3700 est

1858 3754 2044 3816 poena
2086 3735 2274 3797 nimis
2318 3736 2622 3815 rigorose,
2674 3733 2950 3811 obligare
2994 3731 3312 3793 hominem
3358 3731 3426 3790 in

1859 3828 2255 3904 conscientia,
2299 3833 2372 3888 111
2396 3846 2461 3888 50
2487 3828 2689 3906 privet
2717 3825 2930 3886 multis
2960 3823 3325 3899 actionibus,
3355 3828 3426 3883 ut

1859 3920 2418 3981 communicatione
2466 3918 2745 3979 humana
2788 3924 2850 3978 et
2886 3916 3122 3992 divina,
3166 3932 3283 3976 usu
3328 3915 3425 3976 sui

1860 4012 2068 4088 officii,
2089 4012 2279 4074 etiam
2310 4029 2455 4072 cum
2482 4010 2829 4090 privatione
2859 4009 3120 4084 fructus,
3147 4026 3276 4068 non
3306 4008 3425 4069 erit

1859 4106 2051 4167 etiam
2078 4105 2264 4165 nimis
2291 4103 2540 4178 durum,
2564 4101 2730 4182 quod
2758 4102 3067 4180 obligetur
3089 4100 3423 4179 aliquando

1860 4198 1940 4259 ad
1979 4198 2289 4259 actionem
2332 4196 2639 4276 poenalem
2680 4195 3085 4256 moderatam.
3123 4193 3423 4255 Probatur

1861 4290 2322 4369 consequentia,
2346 4289 2513 4368 quia,
2532 4287 2697 4368 quod
2715 4288 2796 4349 sit
2812 4286 2972 4348 actio
2992 4286 3274 4366 positiva,
3295 4304 3423 4347 non
3481 4301 3495 4309 ’

1859 4382 2124 4443 1001οᾱ11
2149 4381 2478 4462 specialem
2507 4381 2834 4455 malitiam,
2857 4386 2927 4440 ut
2947 4396 3250 4459 suppono,
3281 4396 3422 4458 pro-

1858 4481 1997 4555 pter
2024 4493 2212 4554 quam
2245 4474 2325 4535 ab
2352 4473 2606 4536 homine
2643 4473 2781 4535 fieri
2811 4490 2939 4534 non
2970 4473 3200 4553 possit3
3231 4472 3297 4532 in
3325 4491 3422 4533 re-

1856 4567 2026 4646 liquo
2054 4572 2263 4627 autem
2302 4566 2555 4645 aequalis
2577 4571 2667 4627 est
2693 4566 2872 4640 ratio,
2901 4564 3242 4643 praesertim
3277 4581 3421 4624 cum

1858 4659 2205 4721 voluntaria
2222 4660 2468 4720 omissio
2491 4660 2807 4721 moraliter
2825 4658 2905 4718 sit
2926 4658 3211 4738 quaedam
3234 4658 3417 4731 acti0,

1858 4760 2165 4833 quatenus
2186 4771 2312 4813 non
2340 4752 2413 4814 fit
2440 4754 2573 4815 5100
2600 4753 2917 4814 voluntate
2954 4750 3310 4812 continendi
3331 4769 3422 4812 se-

1857 4848 2082 4928 ipsum.
2117 4846 2290 4908 Unde
2315 4846 2749 4908 confirmatur:
2778 4863 2927 4906 nam
2954 4843 3289 4906 secundum
3311 4862 3422 4903 aes-

1858 4942 2251 5002 timationem
2268 4941 2580 5002 'moralem
2603 4941 2745 5021 plus
2768 4939 2950 5001 vellet
2971 4938 3158 4999 homo
3179 4944 3421 4997 tantam

1858 5036 2136 5115 pecuniae
2149 5037 2565 5115 quantitatem
2583 5036 2841 5110 solvere,
2854 5051 3042 5113 quam
3057 5033 3285 5111 privari
3296 5032 3421 5091 suf-

1856 5129 2056 5208 fragio
2078 5129 2277 5189 activo
2300 5129 2400 5190 vel
2427 5129 2667 5208 passivo
2695 5128 2857 5188 circa
2879 5126 3003 5187 tale
3031 5142 3258 5185 munus
3268 5141 3289 5200 3
3313 5124 3420 5186 sed

1856 5226 2056 5300 potest
2079 5239 2186 5300 per
2207 5221 2407 5298 legem
2437 5222 2503 5281 in
2535 5219 2910 5281 conscientia
2941 5216 3173 5297 privari
3202 5217 3419 5278 suffra-

1859 5314 1960 5391 gio
1976 5314 2197 5387 activo,
2225 5312 2325 5374 vel
2344 5312 2480 5373 fieri
2503 5312 2795 5373 inhabilis
2808 5311 2887 5371 ad
2905 5310 3215 5390 passivum
3231 5334 3248 5387 3
3270 5328 3418 5388 ergo

1859 5406 2048 5466 etiam
2094 5405 2319 5484 poterit
2374 5405 2613 5486 imponi
2657 5403 3016 5485 pecuniaria
3057 5420 3241 5482 poena
3285 5405 3418 5482 ipso

1856 5497 2022 5560 facto
2048 5496 2362 5576 solvenda,
2394 5497 2634 5561 etiamsi
2673 5498 2742 5560 in
2773 5495 3012 5559 actione
3043 5495 3355 5556 consistat.
