3976 6219
742 469 877 522 GAP.
914 469 996 521 lv,
1032 468 1327 522 Possm
1360 469 1567 532 vals
1598 465 1930 521 Eplscopus
1962 465 2026 518 m
2059 466 2180 538 SQA
2213 468 2480 522 nloecsssl
2514 469 2728 534 LEGES,
2763 470 2900 523 ETC.

184 578 401 648 rator,
444 577 552 633 aut
595 590 706 633 rex
751 590 891 633 suas
931 571 1099 650 leges
1125 572 1286 633 ferre
1328 572 1502 633 solet.
1535 574 1625 632 Ex
1649 586 1774 649 quo

182 665 394 726 etiam
429 681 729 743 magnum
767 668 1204 742 argumentum
1251 683 1289 724 a
1322 664 1562 725 fortiori
1588 662 1777 723 sumi·

179 767 330 818 tur.
376 758 656 819 Tandem
700 758 766 816 id
815 756 1184 818 confirmare
1232 775 1585 836 possumus,
1627 756 1775 835 quia

182 849 477 928 dignitas
495 848 939 922 cardinalium,
965 868 1080 909 nec
1094 854 1226 909 tam
1246 856 1337 911 est
1358 849 1638 928 antiqua,
1660 866 1775 908 nec

181 943 292 1003 ita
324 943 534 1003 divina
568 948 632 1003 et
658 940 1087 1012 immutabilis,
1120 942 1274 1002 sicut
1312 942 1584 1020 dignitas
1622 957 1777 1019 pon-

186 1034 436 1111 tificia;
470 1052 642 1113 ergo.
667 1035 757 1094 Ex
784 1034 1010 1112 quibus
1031 1033 1218 1095 etiam
1235 1032 1621 1094 concluditur
1643 1032 1776 1092 sine

188 1145 396 1187 causa
423 1127 649 1187 dixisse
668 1125 1081 1201 cardinalem,
1121 1125 1335 1186 consil.
1381 1127 1523 1201 158,
1557 1123 1778 1186 consti-

191 1220 517 1280 tutionem
544 1220 771 1280 factam
798 1237 837 1279 a
865 1236 1025 1298 papa
1046 1219 1179 1279 sine
1208 1219 1462 1279 consilio
1485 1218 1775 1280 Cardina·

191 1311 363 1372 lium
393 1330 519 1372 non
548 1311 825 1391 obligare
856 1329 1253 1388 successores,
1283 1312 1431 1390 quia
1456 1310 1639 1372 debet
1664 1328 1774 1372 eo·

191 1422 350 1465 rum
404 1423 774 1466 consensum
820 1405 1168 1483 requirere:
1231 1422 1379 1465 nam
1429 1404 1560 1465 hoec
1613 1403 1774 1463 ratio

188 1496 431 1558 falsum
464 1499 678 1559 sumit.
713 1496 888 1558 Unde
915 1499 982 1558 in
1002 1497 1209 1575 rigore
1240 1515 1366 1557 non
1396 1496 1594 1574 magis
1617 1494 1773 1555 obli-

194 1594 393 1668 gatur
437 1607 748 1651 successor
789 1590 969 1668 Papae
1017 1607 1146 1649 una
1187 1588 1630 1649 constitutione
1674 1588 1770 1647 sui

191 1681 691 1762 praedecessoriS,
729 1699 919 1761 quam
966 1679 1090 1741 alia
1105 1726 1125 1757 ,
1179 1680 1489 1760 loquendo
1516 1680 1593 1741 de
1631 1697 1771 1758 pro-

191 1775 345 1853 pria
383 1780 446 1835 et
485 1774 761 1853 rigorosa
804 1773 1182 1853 obligatione
1209 1797 1226 1848 3
1271 1772 1580 1851 loquendo
1621 1790 1770 1833 vero

193 1867 280 1928 de
309 1866 613 1944 decentia,
643 1866 884 1928 facilius
921 1866 1187 1927 mutabit
1212 1865 1437 1927 factam
1458 1864 1594 1926 sine
1626 1883 1772 1926 con-

195 1957 345 2018 silio
376 1959 821 2035 Cardinalium,
845 1977 1033 2038 quam
1062 1977 1208 2020 cum
1229 1959 1336 2020 illo
1355 1957 1608 2018 editam.

289 2052 389 2110 15.
436 2052 559 2111 Nec
576 2050 982 2112 fundamenta
1006 2051 1259 2112 alterius
1284 2050 1603 2111 sententiae
1628 2054 1775 2109 sunt

196 2140 471 2221 alicujus
500 2144 824 2204 momenti.
856 2143 952 2203 Ad
997 2144 1265 2223 priorem
1315 2142 1484 2204 enim
1533 2147 1773 2220 partem

194 2238 370 2295 recte
396 2234 772 2314 respondent
792 2234 1020 2311 Abbas,
1053 2241 1114 2296 et
1140 2235 1248 2295 alii
1271 2253 1350 2295 ex
1370 2234 1650 2295 doctrina
1679 2234 1779 2295 In-

193 2343 429 2388 nocen.
479 2327 547 2387 in
588 2346 722 2406 cap.
754 2328 961 2401 Bona,
990 2329 1029 2387 2
1054 2327 1131 2389 de
1170 2327 1465 2388 Postulat.
1503 2325 1774 2402 Praelat.,

192 2437 336 2479 non
375 2437 547 2498 posse
583 2419 789 2482 valere
842 2419 1373 2495 consuetudinem,
1424 2425 1532 2480 aut
1585 2437 1774 2499 praes-

196 2513 573 2592 criptionem
587 2518 799 2574 contra
815 2529 1165 2591 supremam
1180 2513 1360 2591 Papae
1380 2517 1768 2592 potestatem.

195 2604 380 2678 Quod
414 2611 504 2666 est
525 2606 720 2666 veluti
746 2606 990 2666 axioma
1017 2611 1334 2684 receptum
1375 2604 1455 2665 ab
1483 2603 1772 2664 omnibus

185 2696 597 2776 jurisperitis,
632 2703 696 2760 et
736 2697 983 2774 merito,
1032 2696 1180 2776 quia
1214 2715 1344 2757 non
1378 2701 1575 2776 potest
1617 2713 1771 2756 con-

196 2789 468 2850 suetudo
502 2790 783 2852 humana
829 2790 1163 2870 proevalere
1203 2796 1423 2850 contra
1467 2790 1567 2868 jus
1609 2787 1769 2849 divi-

193 2899 393 2957 num;
416 2881 550 2942 haec
570 2888 779 2944 autem
797 2889 1061 2961 potestas
1080 2884 1353 2959 integra,
1380 2887 1442 2942 et
1463 2881 1766 2957 absoluta,

190 2992 314 3036 seu
341 2974 529 3055 plena
557 2977 650 3054 (ut
672 2975 740 3035 in
765 2975 904 3053 jure
925 2972 1200 3053 vocatur)
1230 2979 1321 3034 est
1347 2972 1424 3034 de
1445 2974 1587 3051 jure
1613 2973 1772 3033 divi-

190 3085 325 3144 no;
357 3085 506 3147 ergo
554 3085 684 3129 non
709 3072 908 3148 potest
947 3065 1215 3129 diminui
1259 3083 1368 3146 per
1420 3063 1771 3126 humanum

190 3178 413 3237 usum,
445 3160 812 3222 aliasetiam
836 3165 1039 3240 posset
1074 3159 1305 3219 auferri
1336 3180 1352 3218 ε
1380 3176 1529 3219 nam
1560 3158 1627 3218 in
1655 3158 1773 3218 hoc

190 3254 421 3315 eadem
449 3254 610 3314 ratio
637 3259 730 3314 est
746 3254 935 3314 totius
957 3257 1022 3314 et
1047 3252 1240 3331 partis
1271 3272 1286 3311 ε
1320 3248 1773 3312 diminueretur

191 3351 414 3408 autem
442 3347 494 3406 si
512 3363 592 3407 ex
609 3344 889 3406 absoluta
905 3343 1095 3405 tfieret
1119 3343 1473 3423 dependens
1500 3361 1539 3403 a
1565 3341 1771 3403 Cardi-

195 3437 471 3515 nalibns,
502 3443 573 3498 ut
594 3442 851 3499 constat.
880 3437 1055 3498 Unde
1081 3441 1214 3496 tota
1237 3435 1368 3497 hoec
1393 3435 1770 3496 consuetudo

199 3548 447 3612 semper
472 3530 699 3610 pendet
738 3547 778 3590 a
804 3533 1122 3608 potestate,
1160 3534 1223 3588 et
1261 3527 1581 3588 voluntate
1613 3528 1771 3588 Pon-

201 3621 410 3697 tificis,
447 3622 555 3701 qui
585 3618 785 3702 posset
800 3624 947 3700 jura
967 3618 1390 3681 Cardinalium
1412 3620 1766 3695 immutare,

204 3715 309 3777 vel
351 3714 534 3776 aliter
573 3714 968 3788 constituere,
1016 3712 1068 3772 si
1118 3712 1405 3791 expedire
1460 3716 1735 3773 censeret
1745 3726 1767 3788 3

209 3807 376 3868 unde
424 3806 604 3868 facile
654 3805 1059 3885 respondetur
1105 3804 1184 3865 ad
1222 3804 1481 3865 alteram
1530 3809 1771 3883 partem

211 3900 537 3980 (quidquid
572 3901 651 3961 sit
680 3899 758 3960 de
775 3903 1075 3979 potestate
1093 3896 1540 3972 Cardinalium,
1564 3915 1661 3957 ,an
1709 3901 1774 3957 et

209 3991 525 4071 quomodo<
539 3992 641 4067 sit,
663 3991 1000 4053 vel·manet
1019 4010 1058 4052 a
1073 3991 1216 4069 jure
1244 3990 1505 4067 divino),
1522 4006 1773 4049 omnem

212 4090 573 4163 potestatem
591 4084 862 4163 eligendi
885 4081 1273 4158 Pontificem,
1289 4099 1429 4162 quse
1455 4081 1523 4141 in
1547 4080 1636 4141 eis
1655 4086 1768 4156 est,

214 4196 339 4238 esse
365 4197 402 4239 a
437 4179 582 4258 jure
612 4177 915 4253 humano,
962 4182 1024 4238 et
1063 4176 1333 4256 pendere
1371 4193 1410 4235 a
1450 4173 1769 4250 Pontifice,

212 4276 286 4331 ut
309 4289 416 4331 suo
443 4269 580 4331 loco
630 4270 817 4331 latius
858 4270 1275 4331 ostendemus,
1325 4268 1449 4328 Nec
1482 4284 1617 4345 cap.
1648 4266 1775 4329 Per

216 4362 600 4425 venerabilem
614 4406 634 4437 ,
684 4361 917 4441 aliquid
953 4362 1021 4421 in
1073 4359 1454 4424 contrarium
1509 4357 1768 4439 probat3

219 4452 410 4513 solum
454 4454 624 4515 enim
661 4454 806 4515 inde
837 4453 1125 4530 habetur,
1166 4451 1489 4515 Pontifices
1528 4452 1595 4513 in
1634 4450 1773 4531 lege

224 4545 428 4624 gratioe
468 4546 805 4608 instituisse
850 4546 1177 4609 consilium
1228 4544 1648 4607 Cardinalium
1694 4544 1772 4605 ad

223 4639 621 4701 imitationem
648 4639 805 4719 legis
827 4639 1088 4715 veteris3
1122 4638 1287 4700 unde
1331 4656 1458 4699 non
1494 4637 1771 4717 sequitur

223 4731 331 4792 hoc
354 4732 666 4811 pertinere
705 4732 785 4793 ad
825 4732 925 4811 jus
958 4732 1262 4793 divinum.
1312 4732 1517 4795 Minus
1560 4736 1770 4791 autem

225 4824 431 4903 probat
448 4842 582 4904 cap.
606 4823 1003 4898 Anastasius,
1020 4830 1157 4885 tum
1179 4824 1331 4903 quia
1345 4821 1771 4903 apocryphum

228 4919 333 4991 est,
359 4921 421 4975 et
445 4915 675 4975 nullius
702 4916 1105 4990 auctoritatis,
1140 4920 1212 4977 ut
1242 4916 1310 4977 in
1332 4917 1592 4976 ‚Decreto
1623 4915 1772 4975 Gre-

229 5010 472 5087 goriano
497 5014 785 5085 notatur3
817 5016 953 5071 tum
989 5010 1178 5072 etiam
1214 5010 1360 5089 quia
1378 5009 1468 5070 ibi
1488 5026 1615 5069 non
1640 5008 1774 5087 agi-

227 5108 323 5162 tur
343 5103 417 5164 de
442 5122 557 5165 usu
586 5104 904 5183 potestatis
936 5103 1317 5182 legislativae,
1348 5102 1454 5163 sed
1497 5102 1574 5163 de
1601 5119 1773 5163 com-

228 5195 629 5257 municatione
657 5213 801 5257 eum
826 5196 1154 5271 haereticis,
1203 5195 1557 5274 generando
1598 5212 1773 5270 scan-

229 5287 443 5363 dalum,
483 5295 546 5349 et
571 5289 984 5367 suspicionem
1013 5290 1092 5350 de
1130 5306 1196 5348 se
1223 5305 1503 5366 pravam,
1531 5286 1608 5346 de
1650 5303 1774 5366 qua

229 5380 396 5457 longe
415 5381 535 5440 alia
561 5381 779 5442 fuisset
794 5382 974 5451 ratio,
1006 5381 1057 5441 si
1085 5399 1231 5441 vera
1257 5381 1469 5441 fuisset
1493 5378 1770 5454 historia,

231 5478 287 5533 et
314 5491 433 5532 non
460 5472 767 5553 fabulosa,
795 5480 866 5534 ut
894 5493 1110 5537 revera
1139 5480 1251 5536 est.

304 5568 393 5627 16.
421 5565 595 5629 Solis
613 5566 926 5646 Apostolis
953 5569 1292 5631 immediate
1310 5585 1354 5630 a
1385 5566 1627 5631 Christo
1656 5581 1777 5627 esse

3298 466 3418 528 339

1855 569 2062 630 datam
2085 571 2441 647 praedictam
2477 577 2848 650 potestatem.
2873 605 2953 615 —
2981 571 3125 630 Dico
3156 578 3417 648 quarto:

1855 660 2132 722 Christus
2145 663 2444 724 Dominus
2461 682 2572 742 per
2593 664 2862 743 seipsum
2882 662 3238 723 immediate
3266 664 3424 724 nulli

1855 753 2036 814 alteri
2068 755 2329 815 contulit
2357 775 2635 836 unquam
2663 756 2827 816 hanc
2854 760 3239 834 potestatem.
3284 757 3425 816 Haec

1857 848 2109 908 assertio
2142 849 2438 928 probatur
2460 851 2825 911 auctoritate
2854 849 3164 928 negativa,
3191 867 3329 928 quae
3355 849 3424 909 in

1855 943 2117 1003 materia
2140 943 2594 1023 supernaturali
2621 950 2683 1005 et
2718 943 2866 1004 fidei
2887 948 2978 1003 est
3000 941 3326 1002 sufficiens.
3354 943 3426 1003 In

1857 1034 2190 1113 Evangelio
2213 1054 2360 1114 ergo
2393 1054 2519 1097 non
2541 1036 2805 1114 legimus
2828 1035 3011 1096 alicui
3043 1035 3222 1096 alteri
3250 1035 3426 1096 illam

1861 1126 2193 1188 contulisse
2213 1135 2388 1189 extra
2414 1127 2758 1208 Apostolos
2792 1129 2971 1202 Nam,
3001 1125 3144 1186 licet
3172 1127 3427 1205 elegerit

1855 1218 2046 1280 etiam
2073 1220 2466 1299 septuaginta
2495 1219 2824 1299 discipulos
2838 1242 2856 1294 ;
2887 1220 3071 1297 longe
3099 1224 3310 1278 tamen
3334 1217 3427 1278 di-

1852 1328 2031 1371 verso
2064 1312 2248 1372 modo
2282 1330 2469 1391 quam
2496 1312 2837 1390 ApostoloS,
2882 1317 2945 1372 et
2981 1311 3202 1371 nullibi
3235 1311 3426 1371 talem

1853 1409 2220 1484 potestatem
2246 1406 2333 1466 eis
2368 1405 2652 1480 contulit,
2685 1412 2757 1467 ut
2785 1405 2944 1466 bene
2969 1404 3263 1483 expendit
3291 1403 3426 1465 Bel-

1853 1494 2035 1557 larm.
2062 1497 2169 1560 lib.
2201 1500 2231 1556 1
2257 1498 2334 1559 de
2372 1497 2643 1573 Clericis,
2675 1516 2808 1577 cap.
2843 1500 2941 1557 14.
2984 1497 3193 1575 Neque
3235 1498 3425 1557 etiam

1852 1606 1930 1650 ex
1955 1589 2290 1651 traditione
2313 1588 2596 1651 Ecclesiae
2625 1589 2839 1650 haberi
2865 1595 3083 1668 potest,
3115 1589 3426 1650 Christum

1849 1680 1949 1742 vel
1971 1687 2139 1757 ante,
2166 1681 2264 1742 vel
2306 1688 2442 1761 post
2462 1682 2902 1743 Ascensionem
2940 1699 3116 1741 suam
3154 1682 3289 1741 aliis
3320 1681 3426 1741 de-

1851 1773 2010 1834 disse
2062 1774 2417 1835 immediate
2475 1773 2638 1835 hanc
2693 1778 3077 1853 potestatem.
3132 1773 3424 1852 Suppono

1852 1865 2024 1926 enim
2066 1866 2229 1927 inter
2266 1865 2584 1945 Apostolos
2633 1865 3071 1944 comprehendi
3118 1866 3425 1945 proecipue

1853 1958 2140 2033 Paulum,
2173 1964 2236 2019 et
2261 1958 2576 2038 probabile
2600 1964 2690 2020 est
2712 1959 2901 2019 etiam
2937 1958 3280 2019 Barnabam
3305 1977 3425 2019 nu-

1856 2051 2227 2111 merandum
2263 2069 2416 2126 esse,
2468 2057 2539 2111 ut
2581 2052 2766 2112 sentit
2797 2051 3007 2112 Glossa
3056 2051 3124 2111 in
3165 2070 3299 2131 cap.
3339 2053 3426 2114 In

1858 2160 2030 2218 novo,
2053 2141 2324 2204 distinct.
2347 2144 2450 2216 21,
2477 2161 2553 2203 ex
2589 2161 2643 2203 c.
2678 2143 2974 2218 Quotidie,
3001 2145 3079 2203 75
3119 2142 3420 2220 distinct„

1861 2233 2028 2312 quod
2067 2240 2162 2295 aet
2209 2235 2429 2295 Leonis
2455 2235 2659 2314 Papae,
2695 2235 2886 2314 Epist.
2916 2237 3017 2309 79,
3048 2253 3160 2315 cap
3188 2238 3245 2297 1.
3279 2235 3426 2296 Duoe

1858 2332 2071 2387 tamen
2121 2326 2225 2387 hic
2271 2325 2634 2388 oriebantur
2682 2326 3068 2388 difficultates
3110 2349 3126 2387 :
3176 2347 3304 2388 una
3345 2329 3424 2389 de

1858 2418 2194 2497 Episcopis,
2247 2418 2371 2480 alia
2418 2419 2492 2480 de
2525 2419 2792 2479 Concilio
2832 2420 3131 2498 generali,
3171 2438 3310 2499 quae
3353 2421 3421 2481 in

1853 2509 2096 2570 duobus
2149 2509 2453 2590 capitibus
2502 2511 2899 2591 sequentibus
2937 2513 3158 2574 melius
3199 2519 3423 2575 tracta·

1850 2600 2104 2664 buntur.

2430 2754 2681 2818 CAPUT
2719 2758 2820 2821 IV.

1849 2954 2120 3004 Possm
2157 2956 2550 3011 tmusomsotm
2595 2959 2897 3005 Brlscoms
2937 2960 3000 3006 m
3025 2962 3137 3008 SUA
3168 2962 3417 3010 DIOEGESI

2200 3047 2385 3095 mults
2411 3049 2631 3112 mann,
2663 3051 2743 3097 ΕΤ
2772 3052 2881 3104 0Πο
2903 3053 3069 3101 ‹TUBE-

1934 3256 1994 3312 1.
2040 3250 2288 3312 Duobus
2318 3251 2519 3324 modis
2548 3252 2702 3313 solet
2735 3259 3005 3334 potestas
3040 3256 3416 3334 jurisdictio·

1851 3346 1970 3420 nis,
2006 3344 2205 3423 qualis
2238 3349 2331 3404 est
2355 3349 2622 3423 potestas
2669 3345 2908 3406 ferendi
2944 3346 3134 3425 leges,
3166 3352 3414 3428 partici-

1849 3436 2009 3516 pari,
2029 3435 2285 3512 scilicet,
2306 3437 2452 3514 jure
2479 3436 2815 3513 ordinario,
2852 3444 2914 3500 et
2945 3458 3055 3518 per
3079 3440 3412 3521 delegatio-

1849 3546 2020 3589 nem.
2056 3528 2229 3589 Prior
2256 3533 2370 3603 est,
2406 3533 2477 3588 ut
2502 3528 2590 3590 ita
2625 3528 2850 3604 dicam,
2879 3549 2992 3610 per
3018 3551 3105 3609 se,
3131 3539 3193 3594 et
3215 3539 3415 3598 omni.

1849 3638 1931 3681 no
1960 3620 2181 3681 cadere
2207 3625 2408 3700 potest
2447 3619 2561 3681 sub
2587 3621 2930 3699 scientiam,
2978 3642 3049 3685 ac
3089 3634 3416 3709 propterea

1851 3714 1926 3775 de
1962 3712 2072 3773 illo
2105 3713 2414 3793 praecipue
2454 3713 2765 3788 dicemus;
2808 3734 2955 3778 nam
2997 3717 3154 3779 alius
3194 3723 3413 3786 modus

1851 3810 1944 3866 est
1990 3806 2190 3883 magis
2230 3822 2341 3884 per
2374 3806 2676 3881 accidens,
2706 3813 2770 3867 et
2799 3809 3074 3887 pendens
3094 3830 3170 3872 ex
3194 3816 3413 3878 volun-

1850 3903 1976 3959 tate
2017 3897 2313 3974 hominis,
2367 3904 2429 3958 et
2472 3899 2614 3960 ideo
2657 3899 2733 3959 de
2769 3901 2877 3961 illo
2922 3903 2989 3962 in
3030 3903 3154 3965 fine
3195 3910 3412 3987 capitis

1852 3990 2057 4069 quinti
2096 4008 2291 4069 pauca
2317 3990 2731 4068 subjiciemus
2768 3994 2875 4053 Est
2900 4001 3135 4070 autem,
3166 4018 3278 4077 pro
3308 4020 3413 4079 ge-

1852 4083 2050 4145 nerali
2080 4082 2320 4169 regula,
2351 4084 2821 4162 supponendum
2859 4095 3221 4164 potestatem
3250 4092 3413 4156 hanc

1852 4180 2134 4255 respectu
2157 4172 2349 4236 ¹totius
2397 4174 2679 4235 Ecclesiae
2707 4176 2774 4236 in
2807 4178 2978 4237 nullo
3021 4199 3150 4242 esse
3190 4192 3411 4263 praeter

1853 4266 2107 4346 Papam,
2151 4267 2300 4347 quia
2330 4285 2457 4327 non
2475 4267 2619 4345 jure
2646 4267 2982 4346 ordinario,
3014 4277 3085 4331 ut
3121 4281 3290 4353 patet
3334 4297 3412 4341 ex

1854 4360 2053 4440 capite
2100 4361 2497 4441 praecedenti,
2544 4361 2694 4440 quia
2719 4380 2846 4422 non
2873 4373 3129 4443 possunt
3172 4388 3302 4432 esse
3342 4374 3411 4434 in

1851 4452 2124 4515 Ecclesia
2154 4454 2278 4514 duo
2320 4454 2547 4533 capita,
2578 4472 2692 4515 nec
2722 4454 2911 4516 etiam
2943 4475 3055 4536 per
3082 4459 3411 4541 delegatio-

1851 4564 2022 4621 nem,
2053 4546 2200 4625 quia
2215 4552 2346 4607 tam
2367 4546 2737 4608 universalis
2761 4547 3065 4628 delegatio
3091 4570 3411 4633 nunquam

1850 4637 1944 4711 fit,
1966 4657 2083 4700 nec
2107 4638 2268 4700 forte
2293 4639 2733 4702 convenienter
2750 4638 2887 4701 fieri
2913 4648 3135 4723 potest,
3153 4653 3224 4706 ut
3247 4647 3412 4711 infra

1851 4731 2075 4797 dicam.

1930 4825 1992 4884 2.
2039 4822 2375 4901 Episcopo-5
2400 4821 2611 4885 habere
2633 4828 2984 4903 potestatem
3004 4826 3411 4907 leqislativam

1851 4917 1919 4978 in
1935 4915 2072 4978 suis
2098 4914 2446 4977 dimoc-sibus
2471 4915 2621 4994 juro
2655 4918 2964 4979 ordinario
2992 4920 3248 4985 hammo
3267 4927 3413 5001 fun-

1854 5009 1993 5071 dato
2016 5006 2219 5087 aliquo
2244 5008 2410 5068 modo
2437 5008 2504 5068 in
2532 5008 2754 5069 divino.
2770 5010 3195 5075 —Dicendum
3219 5016 3414 5094 igitur

1853 5117 2096 5174 censeo,
2126 5099 2453 5178 Episcopos
2470 5098 2698 5161 habere
2730 5110 3095 5181 potestatem
3118 5106 3412 5184 legislati-

1851 5210 1997 5252 vam
2018 5190 2088 5251 in
2111 5192 2240 5251 suis
2263 5191 2627 5252 dioecesibus
2649 5193 2789 5272 jure
2807 5195 3117 5257 ordinario
3136 5198 3412 5263 humano

1851 5284 2111 5345 fundato
2161 5282 2367 5361 aliquo
2400 5282 2582 5343 modo
2636 5284 2704 5343 in
2754 5285 2986 5348 divino,
3023 5285 3165 5349 Tres
3207 5300 3412 5370 partas

1851 5375 2040 5437 habet
2067 5375 2198 5434 haec
2239 5374 2512 5433 assertio.
2557 5375 2761 5435 Prima
2789 5383 2879 5436 est
2916 5377 3216 5458 absoluta,
3247 5386 3412 5461 quod

1854 5467 2131 5547 Episcopi
2151 5466 2313 5525 hanc
2334 5465 2601 5525 habeant
2628 5471 3010 5545 potestatem.
3032 5473 3107 5532 Et
3128 5474 3256 5533 haec
3279 5477 3412 5537 sine

1857 5560 2276 5623 controversia
2311 5564 2556 5638 recepta
2605 5569 2716 5636 est,
2749 5579 3008 5642 eamque
3035 5567 3289 5626 tradunt
3313 5586 3412 5629 ca-
