3976 6219
850 442 985 495 mr.
1020 441 1197 495 xxrv.
1231 439 1446 494 uranu
1476 437 1602 491 mx
1634 436 1923 491 mamus
1956 437 2275 493 mannuli
2306 422 2636 506 rmvmun,
2670 442 2805 495 arc.

213 546 588 624 contingere
615 541 682 601 in
719 538 1094 619 obligatione
1130 538 1388 599 minoris
1414 538 1605 600 sensit
1627 537 1791 598 clare

213 639 421 700 Glos5.
453 640 520 698 in
547 636 591 697 1.
623 637 685 709 2,
712 633 778 694 ff.
802 633 879 693 de
905 633 1263 712 Acceptilat.
1294 633 1371 692 Et
1393 633 1558 694 idem
1582 630 1791 693 existi·

214 748 331 790 mo
363 749 494 791 esse
522 726 850 788 dicendum
883 725 959 785 de
984 730 1299 785 contractu
1326 723 1620 802 religiosi,
1648 740 1792 802 sup-

213 823 430 903 posita
456 822 562 882 illa
585 820 890 881 sententia
911 818 1190 893 Navarri,
1211 818 1288 879 de
1310 818 1518 897 quain
1537 817 1787 896 proprio

214 916 363 976 loco
397 914 581 975 latius
609 911 1081 992 disputabimus.
1121 911 1325 989 Atque
1351 911 1441 970 ita
1471 910 1539 970 in
1566 908 1662 969 his
1689 926 1790 969 ca·

213 1006 395 1067 sibus
440 1025 566 1066 non
612 1005 950 1065 sustinetur
989 1008 1161 1063 actus
1205 1009 1455 1083 propter
1493 1002 1788 1082 epiikiam

216 1104 445 1159 eontra
466 1098 669 1176 legem
694 1096 969 1157 absolute
992 1096 1365 1171 irritantem,
1404 1094 1510 1156 sed
1541 1100 1792 1174 propter

213 1192 494 1253 formam
521 1191 676 1268 legis
703 1207 830 1249 non
864 1188 1167 1249 irritantis
1192 1187 1572 1267 simpliciter.
1602 1186 1787 1248 Aliud

214 1285 378 1345 item
424 1281 778 1361 exemplum
818 1299 896 1342 ex
924 1282 1195 1342 Navarro
1225 1286 1568 1360 sumptum,
1599 1279 1651 1339 si
1684 1295 1790 1339 ve-

215 1395 371 1437 rum
398 1382 514 1451 est,
568 1392 695 1435 non
722 1374 1018 1434 fundatur
1042 1374 1110 1434 in
1136 1373 1396 1453 epiikia,
1428 1373 1537 1433 sed
1572 1372 1640 1431 in
1669 1371 1790 1431 hoc

217 1468 394 1546 quod
422 1468 524 1528 lex
550 1467 657 1527 illa
689 1466 950 1528 fundata
972 1471 1064 1526 est
1088 1466 1156 1526 in
1178 1465 1677 1546 praesumptione,
1711 1464 1788 1526 (16

217 1580 352 1641 quo
410 1562 683 1622 dicemus
737 1561 806 1621 16
853 1566 1083 1639 puncto
1139 1560 1440 1639 sequenti.
1514 1558 1787 1637 Denique

218 1655 582 1734 exemplum
597 1653 752 1714 illud
771 1653 848 1714 de
869 1652 1269 1715 matrimonio
1293 1652 1425 1712 sine
1441 1651 1706 1731 parocho
1725 1656 1788 1712 et

218 1746 483 1807 testibus
495 1745 811 1826 probabile
839 1762 966 1806 non
990 1751 1105 1821 est,
1120 1746 1284 1807 unde
1311 1744 1657 1824 retorqueri
1679 1761 1788 1823 po-

218 1845 347 1900 test
374 1844 815 1917 argumentum
830 1883 850 1914 ,
881 1839 1028 1918 quia
1065 1840 1132 1899 16
1158 1839 1266 1901 1116
1290 1856 1435 1899 66311
1469 1856 1596 1898 666
1622 1838 1789 1899 valet

219 1933 696 1993 matrimonium
745 1939 960 1994 contra
1009 1932 1212 2011 legem
1271 1932 1619 1993 irritantem
1642 1976 1661 2005 ‚
1717 1940 1788 1992 ut

218 2032 389 2086 recte
417 2026 607 2086 sensit
642 2027 864 2087 Navar.
893 2027 960 2087 in
988 2044 1154 2088 cons.
1188 2027 1228 2086 6
1253 2026 1330 2086 de
1354 2025 1657 2087 Clandest.
1682 2025 1788 2085 de·

217 2135 427 2196 spon„
451 2119 659 2179 dicens
674 2120 740 2179 in
759 2119 933 2179 nullo
948 2138 1092 2180 casu
1114 2137 1287 2199 posse
1304 2118 1508 2179 recedi
1530 2135 1568 2177 6
1584 2118 1786 2178 forma

220 2210 501 2285 Concilii,
536 2216 670 2272 tum
697 2212 845 2291 quia
869 2211 1059 2273 verba
1081 2213 1212 2291 ejus
1240 2227 1526 2290 expressa
1547 2216 1610 2271 et
1630 2228 1786 2290 prae-

221 2301 352 2361 cisa
378 2307 543 2375 sunt,
580 2306 715 2362 tum
748 2303 896 2381 quia
926 2304 978 2363 si
1007 2304 1258 2364 daretur
1286 2303 1536 2364 licentia
1563 2303 1630 2363 in
1659 2320 1787 2364 uno

221 2411 395 2468 casu,
444 2394 670 2454 ostium
709 2396 1052 2473 aperiretur
1086 2396 1166 2456 ad
1210 2396 1385 2472 61163,
1426 2396 1607 2474 quod·
1630 2402 1788 2457 esset

221 2503 526 2563 magnum
559 2486 1025 2548 incommodum
1063 2494 1279 2549 contra
1317 2490 1447 2548 vim
1487 2494 1552 2549 et
1585 2489 1791 2550 inten-

220 2579 459 2639 tionem
485 2578 661 2656 legis.
693 2579 839 2652 Quoe
859 2579 1020 2641 ratio
1047 2580 1114 2640 in
1141 2580 1341 2658 gradu
1363 2598 1475 2641 suo
1498 2581 1566 2641 16
1590 2581 1790 2641 omni-

221 2670 340 2730 bus
378 2670 619 2749 legibus
669 2671 1058 2732 irritantibus
1097 2672 1305 2732 locum
1349 2672 1559 2733 habet.
1618 2674 1788 2735 Idem

222 2763 345 2823 late
375 2763 555 2823 docet
580 2764 758 2825 Sanc.
779 2809 800 2839 ,
830 2764 874 2826 1.
909 2767 944 2825 3
973 2765 1052 2825 de
1077 2765 1377 2840 Matrim.,
1418 2764 1648 2844 disput.
1685 2765 1784 2842 17,

224 2873 292 2915 6.
325 2858 387 2915 4.

765 2980 1013 3041 CAPUT
1054 2980 1264 3041 XXIV.

267 3149 466 3196 U'rmm
506 3150 621 3196 mx
660 3147 929 3195 mumius
967 3145 1268 3193 mannum
1309 3145 1605 3191 ramum
1645 3145 1751 3191 SUO

317 3244 602 3303 EFFEGTU,
631 3242 771 3295 om
799 3241 863 3288 m
894 3239 1347 3287 rusumlolm
1374 3237 1706 3284 ruNnATUn.

309 3417 366 3472 1.
416 3409 632 3489 Opinio
657 3405 961 3485 neyativa.
990 3436 1072 3450 —
1097 3401 1434 3462 Multorum
1461 3402 1671 3481 opinio
1699 3410 1793 3465 est

227 3523 384 3586 saepe
411 3505 612 3582 legem
635 3518 762 3561 non
784 3498 1028 3558 irritare
1049 3501 1260 3556 actum
1278 3495 1345 3555 16
1371 3512 1439 3556 re
1465 3495 1621 3575 ipsa,
1643 3496 1793 3576 quia

228 3600 521 3662 fundatur
573 3597 640 3656 16
688 3592 1165 3674 praesumptione
1232 3594 1295 3650 et
1348 3607 1510 3669 saepe
1564 3592 1791 3652 veritas

229 3712 354 3754 non
381 3697 473 3752 est
505 3685 837 3750 conformis
874 3681 1360 3763 praesumptioni.
1395 3683 1487 3743 Ita
1515 3685 1792 3743 sentiunt

231 3788 531 3858 doctoreS,
573 3781 681 3861 qui
724 3780 940 3840 dicunt
981 3777 1182 3856 legem
1216 3774 1675 3855 praeeipieutem
1723 3777 1791 3835 16

230 3875 702 3958 praesumptione
728 3871 1051 3932 fundatam
1079 3887 1206 3929 non
1239 3868 1515 3945 obligare
1543 3869 1609 3927 16
1636 3885 1790 3927 666-

231 3970 504 4042 36166116,
535 3965 782 4046 quando
814 3963 1090 4024 veritatis
1119 3959 1598 4020 fundamentum
1629 3959 1696 4018 in
1721 3976 1792 4020 re

232 4065 358 4144 ipsa
401 4060 652 4123 deficit:
684 4058 850 4118 idem
896 4056 1066 4115 enim
1099 4056 1546 4130 consequenter
1578 4051 1794 4112 dicunt

232 4158 305 4218 (16
345 4155 480 4232 lege
520 4152 827 4221 irritante,
857 4146 986 4206 sive
1016 4143 1483 4205 substantialem
1524 4143 1791 4205 formam

233 4254 397 4310 actus
436 4241 812 4324 praescribat,
846 4239 973 4299 sive
1016 4236 1295 4297 absolute
1336 4234 1661 4314 prohibeat
1692 4253 1791 4296 ac·-

235 4348 379 4403 tum.
409 4340 570 4411 Quos
609 4340 885 4396 auctores
918 4331 1040 4393 late
1076 4329 1261 4392 retuli
1285 4327 1393 4389 lib.
1429 4330 1489 4404 3,
1520 4347 1652 4407 cap.
1683 4331 1786 4406 22,

236 4440 293 4496 et
334 4432 571 4511 aliquos
616 4426 867 4490 adducit
921 4428 1143 4487 Navar.
1195 4424 1265 4483 in
1319 4423 1661 4484 Commeat.
1712 4423 1790 4487 de

237 4527 493 4588 Alienat.
523 4541 645 4584 rer.
678 4519 1007 4582 ecclesiast.
1015 4562 1036 4594 ,
1067 4536 1131 4578 6.
1167 4519 1267 4590 16,
1304 4516 1413 4576 11111
1454 4515 1585 4594 ipse
1621 4516 1790 4578 idem

236 4619 434 4694 sentit,
465 4622 528 4678 et
571 4617 637 4675 iu
684 4615 1025 4675 Commeat.
1057 4610 1134 4670 de
1174 4610 1369 4689 Spol.,
1413 4628 1477 4670 n.
1518 4612 1558 4671 6
1571 4631 1589 4685 ;
1621 4616 1684 4672 et
1711 4630 1789 4673 ex

237 4714 343 4774 1166
370 4708 672 4791 principio
700 4705 950 4767 deducit
987 4703 1424 4763 alienationem
1449 4722 1661 4764 rerum
1688 4722 1787 4766 ec-

238 4803 723 4874 clesiasticarum,
755 4797 1162 4878 praetermissa
1189 4796 1391 4856 forma
1413 4796 1600 4874 juris,
1641 4797 1787 4859 licet

239 4919 273 4960 a
290 4900 427 4977 jure
454 4893 834 4967 annulletur,
849 4890 1122 4951 validam
1149 4907 1278 4951 esse
1305 4888 1373 4949 in
1392 4889 1782 4964 conscientia,

238 4993 286 5054 si
322 4992 386 5051 in
410 5006 480 5050 re
507 4991 785 5048 servetur
824 4982 1123 5043 naturalis
1155 4982 1394 5061 justitia
1419 4989 1482 5043 et
1509 4982 1790 5046 Ecclesiae

239 5082 483 5146 61111163.
511 5078 682 5154 Quod
710 5081 1046 5137 tenuerunt
1072 5074 1261 5135 etiam
1297 5074 1525 5135 Anton.
1553 5075 1622 5134 in
1649 5093 1785 5155 cap.

243 5177 391 5252 Quia
415 5173 707 5252 plerique,
741 5167 1163 5229 delmmunit.
1197 5165 1449 5240 Eccles.,
1474 5170 1536 5227 et
1563 5166 1651 5227 ibi
1679 5169 1791 5228 Pa-

241 5267 506 5336 uomit..
536 5263 692 5326 etin
722 5278 858 5338 cap.
888 5262 919 5320 1
953 5259 1030 5320 de
1062 5260 1132 5318 In
1153 5258 1469 5336 integrum
1493 5261 1757 5321 restitut.
1764 5305 1786 5337 ,

242 5381 300 5422 6.
331 5361 428 5433 19,
467 5361 530 5418 61
558 5354 686 5415 6111.
724 5353 891 5413 Idem
936 5350 1124 5412 infert
1162 5350 1327 5411 idem
1368 5351 1675 5412 Navarrus
1715 5352 1792 5414 de

242 5452 524 5516 electione
563 5446 727 5507 facta
767 5445 899 5506 sine
926 5443 1312 5506 solemnitate
1339 5461 1378 5503 a
1412 5443 1552 5522 jure
1582 5445 1789 5524 requi-

242 5548 347 5611 sita
370 5545 448 5606 ad
479 5541 752 5604 valorem
779 5539 933 5620 ejus,
973 5537 1227 5614 scilicet,
1265 5536 1536 5599 validam
1563 5555 1694 5601 esse
1720 5538 1788 5601 in

1871 538 2244 599 conscientia
2285 539 2335 600 si
2358 542 2539 620 justa
2560 541 2791 621 alioqui
2817 540 2918 616 sit,
2949 545 3012 601 et
3050 557 3192 601 cum
3233 538 3434 601 forma

1863 631 2007 708 jure
2047 637 2284 692 naturoe
2333 633 2660 694 sufficienti
2713 634 2841 694 fiat.
2894 634 3040 707 Quae
3085 633 3205 694 fuit
3248 634 3434 694 etiam

1871 724 2177 784 sententia
2219 726 2532 787 Innocent.
2579 726 2647 785 in
2692 744 2824 804 cap.
2862 725 3021 799 Quia
3050 731 3324 803 propter,
3358 725 3435 785 de

1871 814 2089 891 Elect.,
2119 817 2186 876 in
2219 834 2354 897 cap.
2391 816 2475 881 Si
2502 818 2774 893 celebrat,
2814 817 2891 878 de
2925 816 3140 877 Cleric.
3179 818 3430 877 Excom.

1868 909 2136 971 ministr.
2181 918 2245 973 et
2287 912 2662 987 Archidiac.,
2699 912 2764 971 in
2796 910 2991 989 regul.
3039 910 3431 987 Beneficium,

1867 1002 1944 1063 de
1967 1003 2184 1082 Regul.
2210 1006 2363 1084 jur„
2389 1005 2457 1065 16
2478 1005 2545 1081 6;
2575 1005 2862 1065 Panorm.
2890 1009 2952 1064 et
2973 1002 3199 1078 Felin.,
3224 1002 3290 1062 16
3319 1020 3372 1063 6.
3399 1004 3429 1060 1

1869 1094 1946 1156 (16
1988 1096 2341 1174 Constitut.;
2376 1097 2619 1157 Domin.
2665 1096 2733 1156 16
2775 1113 2910 1175 cap.
2947 1099 2974 1156 1
3012 1095 3090 1156 de
3120 1092 3429 1175 Sponsal.,

1868 1187 1936 1248 16
1964 1190 2031 1249 6.

1947 1282 2009 1341 2.
2059 1281 2499 1345 Testamentum
2540 1282 2741 1344 minu-s·
2774 1281 3026 1344 solemne
3056 1280 3325 1342 validum
3367 1280 3438 1340 in

1868 1374 2225 1436 oonsoimia
2251 1392 2373 1437 3333
2400 1374 2668 1436 amatim
2692 1374 2892 1436 multi.
2905 1374 3097 1435 —Sic
3126 1372 3314 1433 etiam
3342 1371 3436 1431 di-

1867 1473 2018 1528 cunt
2050 1467 2231 1527 multi
2262 1472 2702 1529 testamentum
2741 1466 3151 1528 inofficiosum
3180 1483 3288 1526 seu
3318 1464 3437 1525 mi-

1867 1577 1985 1619 nus
2032 1559 2305 1621 solemne
2345 1559 2622 1621 validum
2660 1560 2728 1621 in
2760 1559 3133 1621 conscientia
3174 1576 3329 1631 esse,
3375 1563 3439 1618 et

1867 1670 2153 1713 securum
2183 1653 2439 1715 reddere
2467 1653 2776 1714 hoeredem
2803 1653 3179 1727 institutum,
3207 1652 3259 1711 si
3291 1669 3436 1711 con-

1867 1751 1988 1806 stet
2011 1745 2103 1805 illi
2134 1746 2210 1806 de
2243 1746 2562 1807 voluntate
2589 1746 2787 1806 libera
2823 1745 3151 1819 testatoris,
3179 1752 3242 1804 et
3269 1742 3436 1823 quod

1866 1838 2039 1900 nulla
2073 1838 2167 1898 vis
2208 1838 2307 1900 vel
2334 1838 2503 1899 fraus
2543 1844 2652 1899 aut
2691 1838 2967 1917 deceptio
2995 1836 3429 1898 intercesserit.

1865 1933 2062 2007 Quam
2085 1949 2215 1993 esse
2237 1932 2433 2009 magis
2452 1948 2845 1992 communem
2873 1929 3246 1990 sententiam
3271 1927 3433 1988 mul-

1865 2025 1945 2085 tis
1974 2024 2184 2085 relatis
2223 2024 2412 2084 tradit
2452 2025 2754 2085 Covarrus
2794 2023 2861 2083 in
2907 2040 3041 2101 cap.
3079 2020 3231 2085 Cum
3259 2038 3434 2094 esses,

1867 2118 1944 2178 (16
1992 2119 2288 2191 Τ631616.,
2332 2135 2398 2179 n.
2446 2119 2507 2190 5,
2537 2121 2601 2177 et
2647 2121 2818 2177 tenet
2862 2115 3121 2189 Medin.,
3167 2112 3314 2173 Cod.
3360 2112 3438 2173 de

1867 2210 2113 2285 Restit.,
2137 2228 2202 2271 n.
2236 2212 2338 2285 23,
2371 2210 2438 2270 16
2466 2209 2614 2284 fine,
2649 2216 2711 2270 et
2747 2226 2825 2269 ex
2856 2213 3030 2286 parte
3062 2208 3231 2280 Sot0‚
3256 2204 3366 2266 lib.
3397 2208 3439 2266 4

1868 2303 1945 2364 (16
1971 2303 2206 2378 Justit„
2232 2308 2445 2381 quaest.
2480 2304 2543 2376 5,
2583 2307 2700 2363 art.
2732 2303 2791 2375 3,
2832 2300 2940 2360 11111
2971 2300 3242 2360 mediam
3270 2304 3440 2359 tenet

1869 2396 2262 2469 sententiam,
2285 2395 2535 2470 scilicet,
2561 2394 2750 2455 talem
2772 2398 2984 2454 actum
3007 2392 3279 2454 validum
3310 2409 3438 2452 esse

1867 2489 1934 2549 16
1961 2488 2361 2564 conscientia,
2405 2506 2580 2567 posse
2606 2493 2819 2549 tamen
2857 2487 3269 2548 irritationem
3304 2486 3439 2563 ejus

1869 2581 2059 2642 etiam
2109 2581 2179 2642 in
2219 2581 2594 2642 conscientia
2640 2598 2751 2660 per
2792 2580 3064 2659 judicem
3113 2576 3435 2657 postulari,

1869 2690 2059 2751 quam
2103 2691 2272 2734 nunc
2310 2673 2666 2733 examinare
2693 2678 2973 2732 nostrum
3001 2689 3129 2731 non
3173 2675 3284 2730 est.
3318 2671 3441 2730 Nec

1869 2766 2060 2826 etiam
2086 2770 2286 2844 potest
2323 2765 2403 2826 ad
2430 2782 2644 2825 omnes
2676 2770 2847 2824 661113
2876 2762 3170 2843 applicari
3182 2784 3201 2836 3
3246 2762 3439 2839 aliqui

1870 2856 2041 2917 enim
2070 2856 2124 2916 si
2156 2856 2347 2917 semel
2378 2856 2587 2917 valent
2632 2855 2864 2915 irritari
2897 2873 3023 2915 non
3048 2858 3338 2934 possunt,
3369 2861 3440 2913 ut

1871 2948 2343 3008 matrimonium
2381 2955 2445 3008 et
2472 2947 2788 3026 professio,
2818 2947 2896 3008 ad
2933 2964 3086 3025 quos
3125 2945 3438 3006 interdum

1872 3037 1980 3099 illa
2023 3039 2329 3099 sententia
2371 3038 2723 3099 extenditur
2763 3039 2843 3100 ab
2874 3037 3245 3099 auctoribus.
3283 3039 3439 3098 Nam

1871 3131 2095 3205 Felin„
2125 3132 2192 3192 in
2220 3131 2382 3192 dicto
2418 3148 2550 3210 cap.
2585 3135 2615 3191 1
2650 3132 2728 3192 de
2757 3131 3038 3204 Constit.,
3066 3147 3133 3189 6.
3168 3132 3268 3205 39,
3294 3147 3439 3191 cum

1874 3225 2190 3299 Panorm.,
2233 3225 2303 3284 in
2348 3243 2482 3304 cap.
2524 3226 2900 3300 Por-rectum,
2942 3224 3020 3284 de
3053 3222 3404 3301 Regularib.
3416 3268 3436 3298 ,

1873 3335 1937 3376 n.
1968 3318 2069 3391 13,
2096 3317 2247 3376 dicit
2270 3316 2709 3396 professionem
2732 3317 2956 3377 factam
2986 3320 3119 3376 sine
3147 3314 3439 3376 solemni-

1870 3414 1997 3469 tate
2017 3409 2180 3487 juris
2202 3411 2268 3470 in
2290 3409 2661 3471 conscientia
2678 3410 2870 3488 ligare
2894 3417 2957 3470 et
2982 3408 3251 3469 validam
3279 3426 3432 3484 esse,
3551 3417 3577 3439 ⁶

1871 3502 1924 3561 si
1953 3519 2097 3562 cum
2125 3502 2454 3563 sufficienti
2479 3502 2764 3563 libertate
2791 3507 2854 3563 et
2876 3502 3039 3581 juste
3065 3501 3231 3562 facta
3258 3506 3348 3562 est
3376 3507 3438 3562 et

1869 3599 2225 3673 acceptata;
2271 3612 2382 3674 per
2426 3595 2660 3655 dictum
2704 3613 2838 3673 cap.
2890 3596 3263 3670 Porrectum,
3294 3612 3438 3654 cum

1868 3686 2064 3747 Gloss.
2101 3688 2164 3762 2,
2201 3686 2308 3748 1111.
2354 3688 2534 3747 Ratio
2560 3693 2770 3748 autem
2809 3686 3112 3765 generalis
3141 3691 3256 3760 est,
3291 3686 3440 3766 quia

1870 3776 2194 3838 deficiente
2234 3778 2641 3840 fundamento
2682 3778 2888 3839 deficit
2918 3780 3109 3840 etiam
3135 3779 3437 3857 quidquid

1873 3869 1940 3928 in
1967 3868 2075 3928 1116
2097 3869 2425 3931 fundatum
2444 3877 2576 3931 erat
2588 3893 2606 3945 3
2630 3871 2699 3932 in
2720 3870 2831 3932 tali
2852 3877 3063 3933 autem
3089 3871 3438 3931 irritatione

1870 3961 2348 4023 fundamentum
2395 3968 2488 4024 est
2532 3982 2630 4024 res
2676 3969 3088 4044 proesumpta:
3136 3981 3285 4041 ergo
3330 3963 3438 4024 illa

1871 4073 2000 4115 non
2028 4057 2327 4117 existente
2355 4074 2482 4117 non
2511 4057 2786 4134 procedit
2808 4057 3094 4132 irritatio,
3119 4075 3234 4118 nec
3258 4056 3439 4135 legis-

1869 4147 2031 4209 lator
2058 4148 2306 4208 videtur
2336 4166 2510 4227 posse
2537 4149 2698 4227 juste
2728 4148 2901 4209 illam
2930 4148 3271 4211 intendere.

1951 4242 2011 4300 3.
2056 4240 2360 4320 chicitur
2390 4240 2756 4319 ymeralitas
2776 4242 3085 4320 proedictae
3106 4241 3434 4306 sententiar.

1868 4365 1950 4378 —
1990 4334 2133 4394 Haec
2174 4351 2322 4394 vero
2362 4333 2689 4409 sententia,
2719 4334 2773 4394 si
2811 4332 2881 4393 in
2922 4349 2997 4394 ea
3038 4333 3441 4413 generalitate

1868 4431 2150 4487 sumatur
2200 4444 2389 4505 quam
2444 4426 2709 4487 adducta
2762 4425 3047 4505 exempla
3096 4426 3435 4505 postulant,

1869 4519 2157 4579 sustineri
2210 4518 2485 4597 profecto
2539 4535 2668 4580 non
2713 4524 2952 4597 potest,
3004 4519 3156 4598 quia
3204 4537 3280 4579 ex
3332 4517 3440 4579 illa

1869 4612 2066 4672 multa
2093 4617 2440 4691 sequuntur
2473 4610 2653 4672 valde
2680 4611 2968 4672 absurda.
3000 4612 3157 4672 Nam
3185 4611 3237 4671 si
3270 4612 3437 4689 leges

1867 4708 2165 4784 ponentes
2193 4704 2645 4765 solemnitatem
2668 4709 2901 4765 certam
2933 4710 3006 4764 ut
3032 4705 3438 4765 neeessariam

1865 4797 1933 4857 in
1960 4797 2368 4871 testamentis,
2392 4795 2893 4871 alienationibus,
2922 4796 3349 4871 electionibus,
3373 4802 3437 4857 et

1869 4887 2005 4949 aliis
2048 4887 2352 4949 similibus
2395 4887 2632 4958 actibus
2677 4887 2989 4964 humanis,
3035 4888 3104 4948 in
3142 4906 3438 4967 praesum-

1869 4981 2082 5060 ptione
2105 4981 2469 5056 tundantur,
2495 4980 2662 5040 idem
2689 4979 3024 5040 dicendum
3052 4981 3172 5041 erit
3197 4981 3274 5041 de
3307 4998 3439 5041 om·

1869 5072 2054 5135 nibus
2096 5073 2340 5152 legibus
2378 5091 2519 5152 quae
2562 5072 2724 5132 circa
2763 5071 3195 5151 professiones,
3226 5074 3440 5133 matri-

1872 5168 2086 5229 monia
2132 5173 2193 5228 et
2237 5173 2380 5227 vota
2423 5165 2688 5227 similem
2730 5164 3185 5227 solemnitatem
3217 5172 3289 5226 ut
3328 5184 3438 5227 116-

1872 5261 2200 5322 cessariam
2250 5258 2679 5333 introducunt,
2728 5263 2792 5318 et
2839 5260 2907 5319 16
2955 5259 3311 5320 universum
3360 5258 3439 5320 de

1871 5352 2160 5414 omnibus
2198 5370 2334 5432 quae
2374 5350 2862 5412 circumstantias
2902 5349 3192 5429 speciales
3233 5355 3439 5429 postu-

1869 5445 2004 5506 lant
2030 5464 2159 5506 non
2183 5444 2557 5506 necessarias
2581 5444 2722 5524 jure
2750 5447 3011 5518 naturae,
3036 5449 3107 5503 ut
3133 5448 3226 5504 est
3248 5443 3438 5503 licen-

1869 5541 1958 5603 tia
1997 5537 2220 5599 tutoris
2259 5539 2327 5601 in
2365 5538 2623 5619 pupillo,
2672 5543 2787 5601 etc.
2800 5582 2823 5616 ,
2867 5538 3013 5618 quia
3055 5555 3269 5599 omnes
3306 5536 3438 5598 istae
