3976 6219
402 381 520 444 198

399 488 544 549 licet
569 485 778 547 Glossa
815 484 906 545 ibi
933 484 1096 546 dicat
1122 485 1599 565 intelligendum
1635 486 1696 546 id
1727 506 1853 549 esse
1881 488 1958 551 de

400 581 588 654 fact0,
613 597 963 658 repugnare
987 578 1234 640 videtur
1255 581 1493 641 textui:
1521 598 1668 641 nam
1690 580 1834 642 inde
1864 582 1958 641 in-

397 674 519 734 fert
532 672 816 732 Pontifex
834 672 967 733 sine
968 673 1146 750 juris
1163 673 1419 736 alterius
1437 674 1676 736 Zoesione
1691 676 1960 753 potuisse

401 784 466 828 se
505 765 764 825 subdere
797 764 976 826 alteri
1003 782 1189 843 quam
1223 764 1603 845 imperatori,
1634 766 1800 844 quod
1832 785 1961 827 non

401 859 492 920 ita
519 864 675 918 esset
708 858 761 918 si
794 863 947 918 esset
971 858 1110 937 jure
1145 857 1505 938 imperatori
1533 858 1858 938 subjectus.
1886 859 1962 919 Et

403 953 491 1012 ita
517 951 792 1013 Glossam
824 950 995 1012 illam
1027 951 1249 1012 merito
1278 952 1618 1013 contemnit
1645 951 1956 1031 Tiraquel.

402 1044 479 1106 de
504 1047 654 1106 Jure
680 1043 977 1122 Primog.,
1010 1063 1069 1123 q.
1115 1048 1175 1121 7,
1205 1046 1376 1125 opin.
1418 1047 1477 1119 3,
1522 1064 1587 1105 n.
1624 1046 1704 1106 20
1747 1050 1810 1106 et
1854 1046 1955 1105 21.

404 1137 572 1199 Idem
594 1141 687 1197 est
711 1142 948 1196 certum
976 1138 1053 1199 de
1074 1157 1222 1217 rege
1245 1139 1575 1219 Hispaniae,
1603 1144 1674 1198 ut
1694 1138 1964 1200 ostendit

404 1230 617 1291 Covar.
644 1229 714 1290 in
731 1247 860 1307 reg.
893 1232 1236 1307 Peccatum,
1262 1234 1302 1293 2
1324 1236 1510 1311 part„
1546 1231 1583 1311 g
1611 1233 1674 1307 9,
1703 1250 1767 1293 n.
1800 1232 1863 1308 9,
1885 1250 1964 1292 ex

403 1323 632 1402 triplici
658 1322 863 1398 titulo,
907 1324 1159 1401 scilicet,
1188 1326 1326 1405 jure
1362 1324 1511 1387 belli
1537 1330 1753 1385 contra
1783 1326 1961 1387 Sara-

405 1434 586 1477 cenos
610 1417 792 1496 gesti,
814 1418 956 1496 jure
982 1418 1461 1498 praescriptionis
1489 1424 1553 1480 et
1573 1418 1960 1480 consuetudi·

405 1509 524 1585 niS,
550 1515 611 1570 et
638 1508 725 1569 ibi
749 1510 932 1571 refert
949 1511 1156 1589 plures
1177 1512 1329 1573 alios
1351 1518 1650 1573 auctoreS.
1671 1513 1961 1593 Idemque

404 1601 532 1663 fere
574 1602 763 1664 habet
803 1604 1093 1680 Castald.,
1125 1611 1301 1666 tract.
1339 1606 1414 1666 de
1456 1607 1709 1686 Imper.,
1752 1624 1812 1684 q.
1858 1608 1960 1682 53,

405 1713 470 1755 n.
505 1697 671 1771 6,13
699 1702 762 1757 et
789 1699 888 1758 14.
911 1698 1253 1775 EtGabed.,
1275 1705 1322 1759 t.
1351 1702 1380 1759 1
1410 1698 1596 1761 deciS.
1625 1702 1768 1774 211,
1805 1718 1870 1759 n.
1899 1701 1961 1775 3,

408 1786 620 1849 dicens
658 1807 835 1868 reges
876 1791 1184 1871 Hispaniae
1229 1792 1456 1854 habere
1498 1795 1643 1872 jura
1687 1792 1959 1873 imperii.

407 1881 576 1942 Idem
603 1882 711 1942 alii
735 1883 953 1944 docent
975 1884 1052 1945 de
1077 1902 1226 1963 rege
1253 1886 1513 1963 Anglioe,
1556 1891 1617 1946 et
1656 1885 1965 1963 significa-

407 1974 600 2035 turin
641 1994 772 2056 cap.
824 1977 1108 2053 Causam,
1135 1980 1196 2053 2,
1229 1979 1345 2051 Qui
1373 1978 1488 2039 filii
1522 1979 1646 2037 sint
1671 1978 1960 2057 legitim.,

409 2072 469 2127 et
495 2067 564 2126 in
600 2088 731 2149 cap.
772 2072 990 2146 Novit,
1023 2071 1100 2131 de
1124 2071 1327 2131 Judic.
1371 2071 1737 2151 Respublica
1777 2073 1966 2133 etiam

410 2159 646 2221 Veneta
672 2162 890 2224 eodem
912 2165 1052 2243 jure
1075 2164 1168 2224 uti
1197 2164 1444 2239 dicitur,
1478 2170 1541 2224 et
1569 2164 1821 2225 fortasse
1845 2166 1968 2227 alia

407 2270 645 2332 regna3
677 2274 826 2335 ergo
862 2258 1264 2319 manifestum
1291 2263 1384 2319 est
1423 2276 1551 2318 non
1592 2258 1820 2321 habere
1851 2261 1968 2320 im·

408 2354 754 2426 peratorem
795 2369 1148 2430 supremam
1198 2351 1688 2430 jurisdictionem
1731 2358 1969 2432 tempo-

409 2440 601 2500 ralem
627 2442 703 2501 ad
733 2442 1016 2504 ferendas
1037 2446 1204 2523 leges
1227 2444 1434 2505 civiles
1461 2444 1805 2523 obligantes
1829 2448 1968 2506 uni-

408 2548 652 2594 versam
682 2535 1036 2599 Ecclesiam.

491 2629 589 2688 10.
636 2628 887 2706 Quart0,
911 2636 1002 2690 est
1015 2629 1173 2691 ratio
1191 2650 1228 2691 a
1246 2629 1462 2709 priori,
1479 2630 1623 2709 quia
1637 2631 1972 2710 imperator

411 2719 598 2779 etiam
645 2738 943 2782 romanus
987 2740 1115 2782 non
1159 2723 1346 2782 habet
1372 2723 1665 2783 directam
1686 2723 1972 2801 jurisdic-

411 2810 646 2872 tionem
682 2814 1082 2893 temporalem
1123 2833 1162 2876 a
1204 2813 1533 2875 Pontifice:
1580 2834 1727 2895 ergo
1773 2815 1973 2877 multo

412 2905 622 2965 minus
649 2912 847 2985 potest
881 2907 1054 2968 illam
1087 2907 1315 2969 habere
1358 2910 1427 2968 in
1467 2909 1819 2970 universam
1861 2911 1974 2969 Ec-

411 2997 681 3057 clesiam.
713 3000 1161 3079 Consequentia
1201 3006 1291 3061 est
1319 3000 1508 3076 clara,
1545 3002 1695 3080 quia
1721 3002 1972 3063 aliunde

410 3089 583 3150 illam
606 3108 732 3152 non
758 3091 970 3163 habet,
1001 3098 1072 3154 ut
1098 3099 1412 3155 ostensum
1442 3099 1553 3156 est.
1587 3094 1972 3157 Antecedens

411 3189 622 3245 autem
643 3191 816 3264 patet
833 3205 910 3248 ex
927 3187 1130 3263 dictis,
1157 3188 1305 3267 quia
1327 3189 1610 3250 Pontifex
1630 3207 1758 3250 non
1784 3189 1972 3250 habet

409 3293 451 3338 a
497 3277 740 3339 Christo
776 3280 1262 3358 jurisdictionem
1303 3282 1703 3362 temporalem
1743 3299 1858 3343 nec
1902 3283 1969 3342 in

411 3370 770 3432 universum
814 3373 1051 3448 orbem,
1102 3391 1218 3434 nec
1256 3375 1324 3434 in
1375 3375 1728 3436 universam
1769 3376 1970 3436 Eccle-

410 3461 599 3537 siam,
639 3481 842 3543 neque
887 3465 957 3525 in
1003 3465 1277 3544 aliquam
1327 3472 1567 3546 partem
1613 3468 1748 3547 ejus
1793 3486 1871 3529 ex
1909 3468 1973 3528 vi

405 3554 568 3633 juris
615 3555 811 3617 divini
843 3574 860 3618 ε
907 3574 1055 3617 nam
1106 3575 1370 3637 regnum
1415 3560 1754 3640 temporale
1808 3561 1971 3639 quod

412 3664 583 3708 nunc
599 3646 808 3724 habet,
820 3650 961 3729 jure
987 3649 1261 3711 humano
1289 3652 1578 3724 obtinuit,
1601 3658 1672 3713 ut
1696 3659 1968 3714 constat:

413 3757 561 3818 ergo
581 3758 707 3800 non
734 3743 935 3820 potuit
963 3743 1148 3803 talem
1165 3744 1657 3822 jurisdictionem
1675 3745 1972 3806 directam

409 3831 771 3914 imperatori
783 3834 1060 3896 conferre
1073 3855 1184 3916 per
1190 3837 1571 3916 pontificiam
1581 3845 1969 3918 potestatem,

409 3927 515 3990 sed
548 3927 746 3988 solum
773 3930 975 4008 potuit
1002 3929 1156 3990 illud
1197 3931 1553 4011 imperium,
1593 3932 1761 4012 quod
1786 3938 1972 3995 antea

411 4027 565 4099 erat,
596 4022 675 4083 ab
700 4042 829 4084 una
841 4042 1102 4104 persona
1120 4025 1189 4085 in
1212 4024 1399 4086 aliam
1423 4025 1776 4087 transferre.
1796 4026 1970 4088 Unde

409 4114 527 4175 hoc
565 4133 749 4176 sensu
774 4117 1164 4178 verissimum
1204 4124 1295 4179 est
1329 4119 1565 4198 regiam
1607 4124 1970 4199 potestatem

409 4208 598 4268 etlam
619 4209 686 4269 in
705 4210 967 4273 Ecclesia
983 4229 1112 4271 non
1137 4211 1359 4272 ducere
1378 4212 1684 4291 originem
1710 4231 1748 4274 a
1773 4231 1969 4276 sacer-

408 4299 620 4378 dotali,
647 4307 718 4363 ut
739 4303 862 4365 late
889 4311 949 4365 et
977 4304 1136 4365 bene
1162 4303 1487 4366 confirmat
1511 4306 1734 4367 Vuald.
1765 4305 1874 4369 lib.
1903 4310 1964 4385 2,

410 4394 611 4454 Doctr.
647 4395 817 4474 fidei,
849 4416 984 4477 cap.
1014 4398 1115 4458 78.

490 4491 586 4550 Η.
632 4491 1042 4569 Respondetur
1088 4491 1374 4570 opposita»
1418 4493 1720 4554 sententiae
1773 4509 1966 4573 arqu-

407 4583 938 4663 mentis.--Neq·ue
978 4585 1123 4662 jura
1148 4584 1444 4645 canonica
1479 4585 1545 4645 in
1586 4586 1965 4646 eontrarium

405 4674 672 4736 adducta
693 4676 929 4756 aliquid
955 4676 1222 4757 probant
1233 4693 1254 4755 ;
1291 4678 1530 4739 namin
1554 4696 1684 4757 cap.
1721 4679 1964 4755 Solitoe,

405 4768 656 4849 quando
677 4767 751 4829 fit
775 4770 1151 4849 comparatio
1179 4770 1257 4830 ad
1283 4770 1476 4831 solem
1497 4775 1560 4831 et
1582 4770 1820 4848 lunam,
1840 4790 1966 4833 non

408 4867 500 4922 est
527 4879 732 4923 sermo
761 4861 838 4923 de
870 4863 1264 4943 imperatore,
1310 4863 1418 4924 sed
1450 4864 1526 4926 de
1552 4867 1726 4944 regia
1765 4873 1965 4946 potes·

405 4960 570 5016 tate:
609 4956 700 5017 sie
737 4956 909 5018 enim
951 4957 1177 5018 dicitur
1205 4956 1328 5018 ibi:
1375 4957 1481 5020 Ad
1519 4959 1968 5036 firmamentum

405 5048 772 5114 universalis
824 5050 1114 5113 Eedesioe
1157 5051 1306 5127 feeit
1357 5051 1525 5114 Deus
1575 5052 1689 5114 duo
1741 5068 1967 5132 maqna

407 5141 740 5206 luminaria
754 5188 776 5219 ,
819 5145 891 5205 id
937 5148 1045 5219 est,
1095 5145 1248 5206 duas
1283 5144 1560 5207 instituit
1606 5145 1748 5224 αἱρῇ
1759 5145 1960 5221 itates,

405 5251 538 5315 quoe
577 5241 721 5298 sunt
765 5236 1188 5314 Pontifieialis
1233 5236 1588 5311 auotoritas,
1625 5242 1686 5300 et
1734 5239 1964 5316 reyalis

402 5333 686 5406 potestas.
731 5327 902 5400 Quod
930 5334 1129 5407 potest
1170 5337 1338 5390 recte
1373 5328 1638 5407 intelligi
1661 5330 1737 5390 de
1778 5329 1964 5409 legali

407 5425 705 5498 potestate
733 5421 1070 5481 secundum
1091 5439 1176 5496 se,
1202 5422 1330 5483 sive
1360 5421 1438 5482 sit
1465 5423 1532 5482 in
1555 5441 1682 5484 una
1707 5441 1965 5502 persona

403 5519 680 5594 respectu
723 5513 914 5574 totius
941 5513 1245 5591 Ecclesia,
1292 5515 1421 5577 sive
1470 5515 1535 5574 in
1583 5516 1792 5576 multis
1827 5533 1954 5576 res-

1406 384 1522 437 LIB.
1558 384 1642 437 111.
1677 384 1757 436 DE
1789 383 1950 439 LEGE
1981 386 2238 438 numm
2272 385 2353 438 m·
2388 384 2592 437 clvlu.

2038 495 2221 571 pectu
2273 488 2657 550 diversarum
2714 487 2986 567 partium
3050 485 3360 549 Ecclesiae.
3420 488 3596 553 Unde

2040 582 2224 663 paulo
2275 589 2458 643 antea
2494 582 2803 660 loquendo
2854 581 2929 641 de
2978 582 3350 658 imperatore
3396 583 3593 645 solum

2041 677 2295 737 dicitur:
2344 676 2650 739 Proeeellit
2677 676 2743 735 in
2780 676 3205 753 temporalibus
3242 693 3337 737 eos
3372 678 3478 755 qui
3528 679 3600 739 ab

2043 788 2104 832 eo
2140 770 2481 848 suscipiunt
2528 767 2902 846 temporalia.
2954 767 3253 828 Similiter
3296 768 3485 829 etiam
3534 770 3601 830 in

2044 881 2177 942 cap.
2214 865 2349 925 Duo
2390 866 2552 937 sunt,
2584 878 2785 921 sermo
2813 865 2907 921 est
2947 860 3025 920 de
3070 860 3244 938 regia
3274 866 3598 940 potestate,

2042 973 2170 1017 non
2198 955 2275 1016 de
2309 956 2702 1035 imperatore.
2748 952 2923 1013 Unde
2951 952 3159 1013 statim
3186 953 3253 1012 in
3276 952 3505 1033 plurali
3526 954 3603 1015 de

2042 1049 2293 1128 regibus
2320 1048 2545 1108 dicitur
2572 1064 2699 1107 esse
2726 1045 3000 1106 subditos
3026 1046 3465 1124 sacerdotibus,
3496 1047 3607 1128 qui

2042 1160 2157 1223 pro
2183 1142 2303 1202 illis
2326 1149 2470 1201 sunt
2495 1141 2799 1201 rationem
2825 1138 3147 1199 reddituri.
3172 1140 3443 1221 Denique
3462 1158 3599 1221 cap.

2044 1237 2126 1297 In
2158 1236 2373 1313 apibus
2401 1234 2600 1293 solum
2640 1232 2859 1312 probat
2892 1232 2961 1292 in
3000 1250 3374 1313 unoquoque
3409 1250 3605 1311 regno

2043 1328 2265 1389 debere
2292 1344 2421 1388 esse
2448 1342 2646 1385 unum
2690 1324 3030 1404 principem
3059 1344 3443 1405 supremum,
3475 1328 3605 1388 sive

2041 1421 2144 1482 ille
2176 1422 2256 1481 sit
2307 1420 2662 1499 imperator,
2715 1418 2845 1479 sive
2884 1436 3013 1479 rex.
3049 1418 3143 1479 Ad
3170 1418 3339 1498 leges
3367 1419 3602 1492 civileS,

2042 1513 2382 1594 respondeo
2424 1513 2492 1572 in
2522 1512 2685 1572 dicta
2708 1510 2753 1571 l.
2791 1513 2831 1572 2
2863 1510 2939 1572 de
2968 1513 3172 1573 Veter.
3209 1512 3337 1590 jur.
3394 1512 3601 1573 enucl.

2043 1610 2479 1688 imperatorem
2506 1604 2679 1683 loqui
2701 1604 2778 1665 de
2803 1605 3060 1681 mundo,
3087 1612 3148 1665 et
3171 1604 3447 1683 partibus
3472 1606 3607 1685 ejus

2045 1720 2155 1783 per
2180 1699 2666 1780 synecdochem3
2698 1716 2846 1759 nam
2882 1714 2960 1758 ex
2994 1697 3131 1758 aliis
3170 1696 3412 1774 legibus
3444 1699 3606 1777 ejus·

2045 1794 2185 1855 dem
2215 1792 2603 1872 imperatoris
2629 1796 2863 1851 constat
2890 1808 3015 1851 non
3042 1790 3327 1851 habuisse
3355 1791 3469 1852 sub
3500 1811 3609 1872 po-

2044 1891 2263 1947 testate
2311 1904 2423 1946 sua
2466 1902 2680 1945 omnes
2734 1883 3013 1945 Ecclesiae
3065 1883 3411 1962 provincias
3466 1904 3607 1965 quae

2038 1980 2171 2059 jam
2198 1982 2374 2039 erant
2397 1978 2463 2038 in
2486 1978 2744 2053 mundo,
2768 1983 2829 2038 et
2853 1976 3127 2057 partibus
3150 1978 3307 2056 ejus,
3329 1984 3401 2038 ut
3422 1996 3608 2057 supra

2046 2071 2385 2149 allegatum
2426 2076 2538 2132 est.
2589 2071 2669 2131 Ut
2718 2076 2928 2131 autem
2974 2069 3312 2149 imperialis
3355 2071 3608 2133 fortuna

2048 2170 2197 2225 tunc
2218 2163 2523 2225 diceretur
2540 2181 2723 2243 super
2742 2163 2893 2223 alias
2911 2164 3206 2240 eminere,
3232 2164 3377 2223 satis
3394 2183 3610 2244 super-

2048 2276 2170 2338 que
2198 2264 2330 2319 erat
2356 2257 2520 2336 quod
2551 2256 2994 2336 amplissimam
3024 2262 3085 2316 et
3117 2275 3469 2335 supremam
3512 2258 3610 2337 ju-

2047 2351 2463 2411 risdictionem
2514 2349 2834 2410 exercebat
2886 2349 2953 2408 in
3007 2350 3309 2427 majorem
3368 2357 3611 2429 partem

2049 2444 2268 2504 mundi
2296 2442 2586 2504 omnibus
2612 2442 2956 2519 cognitam:
2980 2443 3055 2501 Et
3081 2442 3161 2501 ob
3180 2442 3465 2503 eamdem
3503 2462 3611 2523 po-

2048 2536 2309 2599 tentiam
2350 2540 2413 2595 et
2453 2535 2892 2613 protectionem
2943 2534 3269 2614 specialem
3305 2535 3608 2612 Ecclesiae,

2051 2648 2188 2710 quae
2222 2628 2299 2689 ad
2336 2628 2514 2688 illum
2548 2644 2789 2706 semper
2820 2628 3140 2706 pertinuit,
3172 2628 3399 2689 dicitur
3423 2630 3612 2691 etiam

2051 2723 2433 2801 requiescere
2458 2720 2625 2782 orbis
2643 2721 2960 2782 christiani
2978 2722 3367 2799 regularitas,
3398 2722 3463 2783 id
3492 2730 3607 2797 est,

2053 2833 2173 2894 pax
2200 2820 2263 2875 et
2288 2814 2588 2890 defensio,
2627 2831 2699 2874 ac
2726 2813 2968 2875 debitus
2994 2814 3168 2875 ordo.

2135 2909 2233 2968 12.
2282 2908 2446 2981 Quid
2487 2908 2701 2969 habeat
2742 2908 3069 2986 imperator
3110 2926 3180 2969 ex
3216 2907 3613 2973 translatione

2054 3001 2320 3080 imperii.
2334 3033 2416 3046 —
2432 3000 2679 3063 Leonem
2706 3001 2840 3062 III
2869 3001 3253 3063 transtulisse
3292 3002 3614 3081 imperium

2052 3094 2121 3156 in
2142 3093 2425 3158 Carolum
2447 3093 3143 3173 Asamum—Pontifex
3162 3113 3281 3156 non
3294 3101 3487 3174 potest
3498 3116 3612 3177 pro

2052 3205 2161 3250 suo
2184 3187 2444 3249 arbitrio
2463 3192 2699 3250 mutare
2716 3203 2926 3266 remia,
2948 3189 3051 3248 sed
3060 3188 3250 3249 solum
3264 3190 3497 3267 quando
3516 3189 3617 3250 bo-

2050 3298 2193 3342 mcm
2212 3280 2536 3358 spirituale
2552 3280 2621 3340 id
2622 3279 2976 3358 petia—Ad
2988 3280 3263 3354 tertium,
3280 3279 3347 3340 in
3368 3298 3615 3342 summa

2050 3378 2315 3451 negatur
2349 3373 2579 3447 minor,
2618 3377 2923 3450 quatenus
2954 3371 3103 3432 dicit
3128 3389 3239 3451 per
3264 3373 3612 3434 translatio-

2052 3484 2199 3527 nem
2227 3465 2474 3544 imperii
2500 3465 2863 3526 auctoritate
2884 3463 3198 3544 pontificia
3218 3464 3467 3540 factam,
3495 3467 3609 3526 im-

2052 3564 2399 3639 peratorem
2418 3575 2547 3619 esse
2566 3559 2970 3619 constitutum
2992 3576 3177 3637 supra
3199 3575 3412 3619 omnes
3435 3576 3613 3638 reges

2057 3652 2444 3726 christianoS,
2491 3652 2738 3732 propria
2777 3651 3200 3730 superioritate
3236 3651 3611 3729 jurisdictio·

2054 3747 2173 3820 nia,
2195 3747 2534 3826 praesertim
2562 3745 2889 3806 ordinarias
2916 3750 2978 3805 et
2998 3743 3374 3822 legislativoe,
3402 3745 3511 3806 sed
3532 3747 3611 3807 ad

2053 3856 2368 3900 summum
2395 3839 2733 3900 obtinuisse
2760 3836 3083 3918 specialem
3108 3835 3373 3913 gradum
3413 3837 3611 3900 hono-

2052 3933 2136 3994 ris
2175 3938 2238 3994 et
2283 3933 2602 4012 dignitatis
2644 3951 2721 3994 ex
2762 3929 3003 4011 speciali
3048 3928 3483 4006 conjunctione
3528 3932 3609 3992 ad

2051 4025 2446 4106 apostolicam
2468 4026 2701 4102 sedem,
2724 4026 2971 4104 ejusque
2996 4021 3466 4082 concessionem.
3490 4024 3607 4084 lta-

2052 4137 2173 4200 que
2203 4120 2539 4200 imperator
2570 4117 2937 4185 Occidentis.
2970 4119 3286 4196 postquam
3324 4113 3487 4176 facta
3512 4121 3607 4178 est

2050 4213 2369 4274 translatio
2394 4218 2457 4274 et
2483 4211 2703 4273 divisio
2728 4208 2996 4290 imperii,
3021 4225 3145 4267 non
3174 4205 3356 4286 coepit
3376 4205 3607 4271 habere

2049 4307 2351 4385 maiorem
2372 4306 2863 4384 jurisdictionem
2886 4299 3287 4381 temporalem
3314 4317 3387 4362 ac
3411 4301 3608 4364 direc-

2048 4405 2177 4460 tam
2206 4416 2393 4479 quam
2420 4397 2690 4458 habeant
2731 4397 3129 4475 imperatores
3170 4393 3497 4457 orientales
3538 4396 3607 4458 in

2048 4492 2390 4553 Occidentis
2412 4490 2779 4570 provincias,
2809 4489 2958 4567 quia
2986 4505 3100 4548 nec
3128 4485 3411 4548 Pontifex
3432 4489 3607 4552 illam

2049 4585 2346 4664 majorem
2368 4583 2861 4663 jurisdictionem
2892 4580 3290 4660 temporalem
3320 4582 3601 4660 eontulit,

2047 4696 2160 4739 nec
2180 4678 2459 4739 conferre
2487 4681 2751 4755 poterat.
2783 4675 3057 4736 Primum
3080 4679 3248 4753 patet
3268 4691 3345 4734 ex
3360 4674 3607 4753 juribus

2046 4771 2350 4849 allegam,
2380 4775 2441 4831 et
2468 4787 2544 4831 ex
2580 4769 2853 4830 historiis
2868 4813 2889 4843 ,
2921 4785 3060 4847 quae
3090 4767 3287 4828 solum
3326 4776 3609 4831 asserunt

2046 4881 2269 4944 papam
2299 4864 2566 4924 Leonem
2602 4863 2681 4922 111
2728 4860 3109 4921 transtulisse
3147 4860 3506 4939 imperium,
3546 4869 3611 4926 et

2047 4957 2114 5017 in
2132 4956 2240 5017 illo
2258 4956 2530 5036 primum
2551 4953 2931 5014 constituisse
2950 4951 3235 5013 Carolum
3260 4953 3560 5032 Magnum
3586 4977 3602 5016 ε

2047 5049 2384 5110 transferre
2412 5053 2621 5108 autem
2667 5045 2867 5106 solum
2912 5051 3027 5121 est,
3065 5045 3415 5106 dominium
3440 5049 3609 5127 quod

2048 5143 2245 5218 Irene,
2282 5141 2455 5202 verbi
2484 5139 2705 5220 gratia,
2747 5138 3017 5199 habebat
3057 5139 3124 5198 in
3152 5140 3333 5200 terris
3358 5139 3605 5218 imperii

2048 5236 2464 5312 occidentalis,
2494 5234 2768 5297 ablatum
2802 5235 2881 5295 ab
2911 5252 2985 5295 ea
3010 5235 3199 5298 fuisse
3228 5241 3289 5295 et
3312 5234 3605 5295 collatum

2045 5330 2280 5405 Car010,
2312 5335 2381 5389 ut
2403 5334 2699 5408 perpetuo
2743 5328 2809 5388 in
2834 5326 3191 5389 occidentali
3230 5328 3603 5407 imperatore

2044 5422 2328 5502 eligendo
2350 5423 2525 5500 juxta
2548 5422 2804 5482 modum
2831 5438 2870 5481 a
2890 5419 3289 5481 Pontificibus
3308 5419 3601 5480 ordinan-

2043 5516 2194 5576 dum
2222 5522 2609 5598 permaneret
2636 5536 2651 5577 ε
2684 5533 2831 5594 ergo
2862 5531 2939 5575 ex
2966 5514 3029 5574 vi
3056 5513 3224 5574 illius
3250 5511 3600 5574 translatio·
