<?xml version="1.0" encoding="UTF-8"?>
<!DOCTYPE html PUBLIC "-//W3C//DTD XHTML 1.0 Transitional//EN"
    "http://www.w3.org/TR/xhtml1/DTD/xhtml1-transitional.dtd">
<html xmlns="http://www.w3.org/1999/xhtml" xml:lang="en" lang="en">
 <head>
  <title>
</title>
<meta http-equiv="Content-Type" content="text/html;charset=utf-8" />
  <meta name='ocr-system' content='tesseract 3.04.00' />
  <meta name='ocr-capabilities' content='ocr_page ocr_carea ocr_par ocr_line ocrx_word'/>
</head>
<body>
  <div class='ocr_page' id='page_1' title='image "./rpfranciscisuar02duvagoog_0409.png"; bbox 0 0 3976 6219; ppageno 0'>
   <div class='ocr_carea' id='block_1_1' title="bbox 719 414 2928 483">
    <p class='ocr_par' dir='ltr' id='par_1_1' title="bbox 719 414 2928 483">
     <span class='ocr_line' id='line_1_1' title="bbox 719 414 2928 483; baseline 0.004 -16"><span class='ocrx_word' id='word_1_1' title='bbox 719 414 856 469; x_wconf 75' lang='lat' dir='ltr'>GAP.</span> <span class='ocrx_word' id='word_1_2' title='bbox 890 415 996 469; x_wconf 77' lang='lat' dir='ltr'>XV.</span> <span class='ocrx_word' id='word_1_3' title='bbox 1033 415 1177 479; x_wconf 82' lang='lat' dir='ltr'>QUAE</span> <span class='ocrx_word' id='word_1_4' title='bbox 1206 417 1645 475; x_wconf 74' lang='lat' dir='ltr'>PnonULGATIo</span> <span class='ocrx_word' id='word_1_5' title='bbox 1676 420 1741 474; x_wconf 75' lang='grc' dir='ltr'>ΙΝ</span> <span class='ocrx_word' id='word_1_6' title='bbox 1773 419 2034 476; x_wconf 84' lang='lat' dir='ltr'>LEGIBUS</span> <span class='ocrx_word' id='word_1_7' title='bbox 2065 418 2386 475; x_wconf 67' lang='lat' dir='ltr'>cmomcls</span> <span class='ocrx_word' id='word_1_8' title='bbox 2418 418 2756 483; x_wconf 79' lang='lat' dir='ltr'>SUFFICIAT,</span> <span class='ocrx_word' id='word_1_9' title='bbox 2790 418 2928 475; x_wconf 84' lang='lat' dir='ltr'>ETC.</span> 
     </span>
    </p>
   </div>
   <div class='ocr_carea' id='block_1_2' title="bbox 2508 333 3403 473">
    <p class='ocr_par' dir='ltr' id='par_1_2' title="bbox 2508 333 3403 473">
     <span class='ocr_line' id='line_1_2' title="bbox 2508 333 3403 473; baseline 0.002 -2"><span class='ocrx_word' id='word_1_10' title='bbox 2508 333 2533 376; x_wconf 34' lang='grc' dir='ltr'>Χ</span> <span class='ocrx_word' id='word_1_11' title='bbox 3290 410 3403 473; x_wconf 79' lang='grc'>391</span> 
     </span>
    </p>
   </div>
   <div class='ocr_carea' id='block_1_3' title="bbox 191 512 3407 600">
    <p class='ocr_par' dir='ltr' id='par_1_3' title="bbox 191 512 3407 600">
     <span class='ocr_line' id='line_1_3' title="bbox 191 512 3407 600; baseline 0.001 -22"><span class='ocrx_word' id='word_1_12' title='bbox 191 513 362 578; x_wconf 84' lang='lat' dir='ltr'>illud</span> <span class='ocrx_word' id='word_1_13' title='bbox 390 512 627 576; x_wconf 87' lang='lat' dir='ltr'>dictum</span> <span class='ocrx_word' id='word_1_14' title='bbox 655 513 963 575; x_wconf 81' lang='lat' dir='ltr'>Caelestini</span> <span class='ocrx_word' id='word_1_15' title='bbox 1005 514 1127 576; x_wconf 85' lang='lat' dir='ltr'>fuit</span> <span class='ocrx_word' id='word_1_16' title='bbox 1167 520 1484 599; x_wconf 83' lang='lat' dir='ltr'>responsio</span> <span class='ocrx_word' id='word_1_17' title='bbox 1528 521 1663 599; x_wconf 89' lang='lat' dir='ltr'>ejus</span> <span class='ocrx_word' id='word_1_18' title='bbox 1693 519 1772 581; x_wconf 90' lang='lat' dir='ltr'>ad</span> <span class='ocrx_word' id='word_1_19' title='bbox 1849 525 1941 582; x_wconf 86' lang='lat' dir='ltr'>est</span> <span class='ocrx_word' id='word_1_20' title='bbox 1967 537 2109 580; x_wconf 92' lang='lat' dir='ltr'>cum</span> <span class='ocrx_word' id='word_1_21' title='bbox 2136 519 2532 600; x_wconf 82' lang='lat' dir='ltr'>proportione</span> <span class='ocrx_word' id='word_1_22' title='bbox 2574 518 2650 579; x_wconf 92' lang='lat' dir='ltr'>de</span> <span class='ocrx_word' id='word_1_23' title='bbox 2702 517 3020 597; x_wconf 90' lang='lat' dir='ltr'>rescripto,</span> <span class='ocrx_word' id='word_1_24' title='bbox 3070 515 3407 581; x_wconf 90' lang='lat' dir='ltr'>dummodo</span> 
     </span>
    </p>
   </div>
   <div class='ocr_carea' id='block_1_4' title="bbox 185 607 1769 691">
    <p class='ocr_par' dir='ltr' id='par_1_4' title="bbox 185 607 1769 691">
     <span class='ocr_line' id='line_1_4' title="bbox 185 607 1769 691; baseline 0.003 -21"><span class='ocrx_word' id='word_1_25' title='bbox 185 610 540 691; x_wconf 89' lang='lat' dir='ltr'>quamdam</span> <span class='ocrx_word' id='word_1_26' title='bbox 568 607 1103 685; x_wconf 84' lang='lat' dir='ltr'>consultationem,</span> <span class='ocrx_word' id='word_1_27' title='bbox 1135 614 1205 670; x_wconf 89' lang='lat' dir='ltr'>ut</span> <span class='ocrx_word' id='word_1_28' title='bbox 1237 618 1479 674; x_wconf 89' lang='lat' dir='ltr'>constat</span> <span class='ocrx_word' id='word_1_29' title='bbox 1512 631 1590 675; x_wconf 81' lang='lat' dir='ltr'>ex</span> <span class='ocrx_word' id='word_1_30' title='bbox 1610 614 1769 675; x_wconf 90' lang='lat' dir='ltr'>inte-</span> 
     </span>
    </p>
   </div>
   <div class='ocr_carea' id='block_1_5' title="bbox 1846 610 3407 690">
    <p class='ocr_par' dir='ltr' id='par_1_5' title="bbox 1846 610 3407 690">
     <span class='ocr_line' id='line_1_5' title="bbox 1846 610 3407 690; baseline -0.002 -14"><span class='ocrx_word' id='word_1_31' title='bbox 1846 613 1983 676; x_wconf 79' lang='lat' dir='ltr'>aliae</span> <span class='ocrx_word' id='word_1_32' title='bbox 2005 613 2390 675; x_wconf 88' lang='lat' dir='ltr'>conditiones</span> <span class='ocrx_word' id='word_1_33' title='bbox 2433 615 2830 688; x_wconf 76' lang='lat' dir='ltr'>concurrant,</span> <span class='ocrx_word' id='word_1_34' title='bbox 2859 610 3109 686; x_wconf 88' lang='lat' dir='ltr'>scilicet,</span> <span class='ocrx_word' id='word_1_35' title='bbox 3140 611 3306 690; x_wconf 85' lang='lat' dir='ltr'>quod</span> <span class='ocrx_word' id='word_1_36' title='bbox 3330 630 3407 673; x_wconf 84' lang='lat' dir='ltr'>ex</span> 
     </span>
    </p>
   </div>
   <div class='ocr_carea' id='block_1_6' title="bbox 186 697 3409 782">
    <p class='ocr_par' dir='ltr' id='par_1_6' title="bbox 186 697 3409 782">
     <span class='ocr_line' id='line_1_6' title="bbox 186 697 3409 782; baseline -0 -18"><span class='ocrx_word' id='word_1_37' title='bbox 186 721 313 782; x_wconf 86' lang='lat' dir='ltr'>gra</span> <span class='ocrx_word' id='word_1_38' title='bbox 331 701 588 762; x_wconf 87' lang='lat' dir='ltr'>Antonii</span> <span class='ocrx_word' id='word_1_39' title='bbox 609 701 964 779; x_wconf 84' lang='lat' dir='ltr'>Augustini.</span> <span class='ocrx_word' id='word_1_40' title='bbox 983 703 1060 761; x_wconf 91' lang='lat' dir='ltr'>Et</span> <span class='ocrx_word' id='word_1_41' title='bbox 1087 720 1225 763; x_wconf 88' lang='lat' dir='ltr'>eam</span> <span class='ocrx_word' id='word_1_42' title='bbox 1244 722 1309 765; x_wconf 86' lang='lat' dir='ltr'>se</span> <span class='ocrx_word' id='word_1_43' title='bbox 1333 706 1558 768; x_wconf 85' lang='lat' dir='ltr'>vidisse</span> <span class='ocrx_word' id='word_1_44' title='bbox 1582 707 1772 769; x_wconf 84' lang='lat' dir='ltr'>refert</span> <span class='ocrx_word' id='word_1_45' title='bbox 1846 697 2054 768; x_wconf 80' lang='lat' dir='ltr'>verbis</span> <span class='ocrx_word' id='word_1_46' title='bbox 2093 711 2156 768; x_wconf 89' lang='lat' dir='ltr'>et</span> <span class='ocrx_word' id='word_1_47' title='bbox 2177 706 2361 767; x_wconf 92' lang='lat' dir='ltr'>modo</span> <span class='ocrx_word' id='word_1_48' title='bbox 2394 701 2700 768; x_wconf 85' lang='lat' dir='ltr'>scribendi</span> <span class='ocrx_word' id='word_1_49' title='bbox 2727 704 2875 765; x_wconf 88' lang='lat' dir='ltr'>satis</span> <span class='ocrx_word' id='word_1_50' title='bbox 2904 706 3142 765; x_wconf 87' lang='lat' dir='ltr'>constet</span> <span class='ocrx_word' id='word_1_51' title='bbox 3173 702 3251 764; x_wconf 89' lang='lat' dir='ltr'>de</span> <span class='ocrx_word' id='word_1_52' title='bbox 3275 703 3409 765; x_wconf 90' lang='lat' dir='ltr'>ani-</span> 
     </span>
    </p>
   </div>
   <div class='ocr_carea' id='block_1_7' title="bbox 119 795 1768 5644">
    <p class='ocr_par' dir='ltr' id='par_1_7' title="bbox 119 795 1768 3492">
     <span class='ocr_line' id='line_1_7' title="bbox 189 795 1768 881; baseline 0.003 -23"><span class='ocrx_word' id='word_1_53' title='bbox 189 798 412 859; x_wconf 87' lang='lat' dir='ltr'>Castro</span> <span class='ocrx_word' id='word_1_54' title='bbox 440 795 552 856; x_wconf 87' lang='lat' dir='ltr'>lib.</span> <span class='ocrx_word' id='word_1_55' title='bbox 581 798 611 855; x_wconf 80' lang='lat'><strong>1</strong></span> <span class='ocrx_word' id='word_1_56' title='bbox 646 800 862 856; x_wconf 87' lang='lat' dir='ltr'>contra</span> <span class='ocrx_word' id='word_1_57' title='bbox 884 796 1139 872; x_wconf 65' lang='lat' dir='ltr'>Haeres,</span> <span class='ocrx_word' id='word_1_58' title='bbox 1160 816 1292 878; x_wconf 87' lang='lat' dir='ltr'>cap.</span> <span class='ocrx_word' id='word_1_59' title='bbox 1326 801 1389 876; x_wconf 75' lang='lat'>4,</span> <span class='ocrx_word' id='word_1_60' title='bbox 1428 807 1490 863; x_wconf 89' lang='lat' dir='ltr'>et</span> <span class='ocrx_word' id='word_1_61' title='bbox 1516 806 1768 881; x_wconf 89' lang='lat' dir='ltr'>propter</span> 
     </span>
     <span class='ocr_line' id='line_1_8' title="bbox 186 888 1762 972; baseline 0.002 -20"><span class='ocrx_word' id='word_1_62' title='bbox 186 890 375 952; x_wconf 91' lang='lat' dir='ltr'>illam</span> <span class='ocrx_word' id='word_1_63' title='bbox 408 888 596 950; x_wconf 89' lang='lat' dir='ltr'>audet</span> <span class='ocrx_word' id='word_1_64' title='bbox 637 889 836 950; x_wconf 84' lang='lat' dir='ltr'>dicere</span> <span class='ocrx_word' id='word_1_65' title='bbox 863 888 930 948; x_wconf 92' lang='lat' dir='ltr'>in</span> <span class='ocrx_word' id='word_1_66' title='bbox 959 906 1032 950; x_wconf 93' lang='lat' dir='ltr'>eo</span> <span class='ocrx_word' id='word_1_67' title='bbox 1081 908 1314 954; x_wconf 85' lang='lat' dir='ltr'>errasse</span> <span class='ocrx_word' id='word_1_68' title='bbox 1344 893 1762 972; x_wconf 86' lang='lat' dir='ltr'>Coelestinum,</span> 
     </span>
     <span class='ocr_line' id='line_1_9' title="bbox 186 981 1764 1061; baseline 0.004 -17"><span class='ocrx_word' id='word_1_69' title='bbox 186 1002 328 1045; x_wconf 84' lang='lat' dir='ltr'>non</span> <span class='ocrx_word' id='word_1_70' title='bbox 350 988 599 1043; x_wconf 88' lang='lat' dir='ltr'>tantum</span> <span class='ocrx_word' id='word_1_71' title='bbox 617 1000 694 1043; x_wconf 87' lang='lat' dir='ltr'>ex</span> <span class='ocrx_word' id='word_1_72' title='bbox 713 981 1115 1061; x_wconf 79' lang='lat' dir='ltr'>negligentia,</span> <span class='ocrx_word' id='word_1_73' title='bbox 1138 983 1226 1045; x_wconf 87' lang='lat' dir='ltr'>ita</span> <span class='ocrx_word' id='word_1_74' title='bbox 1244 989 1315 1045; x_wconf 88' lang='lat' dir='ltr'>ut</span> <span class='ocrx_word' id='word_1_75' title='bbox 1335 985 1514 1048; x_wconf 86' lang='lat' dir='ltr'>illum</span> <span class='ocrx_word' id='word_1_76' title='bbox 1533 1006 1764 1051; x_wconf 81' lang='lat' dir='ltr'>errasse</span> 
     </span>
     <span class='ocr_line' id='line_1_10' title="bbox 187 1074 1763 1157; baseline 0.003 -19"><span class='ocrx_word' id='word_1_77' title='bbox 187 1076 480 1138; x_wconf 84' lang='lat' dir='ltr'>dicamus</span> <span class='ocrx_word' id='word_1_78' title='bbox 505 1074 678 1136; x_wconf 86' lang='lat' dir='ltr'>velut</span> <span class='ocrx_word' id='word_1_79' title='bbox 711 1075 1019 1154; x_wconf 84' lang='lat' dir='ltr'>privatam</span> <span class='ocrx_word' id='word_1_80' title='bbox 1055 1093 1404 1157; x_wconf 84' lang='lat' dir='ltr'>personam,</span> <span class='ocrx_word' id='word_1_81' title='bbox 1449 1085 1512 1142; x_wconf 88' lang='lat' dir='ltr'>et</span> <span class='ocrx_word' id='word_1_82' title='bbox 1537 1098 1664 1142; x_wconf 92' lang='lat' dir='ltr'>non</span> <span class='ocrx_word' id='word_1_83' title='bbox 1691 1087 1763 1143; x_wconf 89' lang='lat' dir='ltr'>ut</span> 
     </span>
     <span class='ocr_line' id='line_1_11' title="bbox 119 1167 1766 1248; baseline 0.004 -20"><span class='ocrx_word' id='word_1_84' title='bbox 119 1191 122 1196; x_wconf 34' lang='lat'>⁸</span> <span class='ocrx_word' id='word_1_85' title='bbox 187 1169 457 1248; x_wconf 84' lang='lat' dir='ltr'>Papam,</span> <span class='ocrx_word' id='word_1_86' title='bbox 506 1169 655 1248; x_wconf 88' lang='lat' dir='ltr'>quia</span> <span class='ocrx_word' id='word_1_87' title='bbox 695 1168 765 1228; x_wconf 90' lang='lat' dir='ltr'>in</span> <span class='ocrx_word' id='word_1_88' title='bbox 808 1167 1085 1248; x_wconf 86' lang='lat' dir='ltr'>qualibet</span> <span class='ocrx_word' id='word_1_89' title='bbox 1125 1188 1195 1231; x_wconf 93' lang='lat' dir='ltr'>re</span> <span class='ocrx_word' id='word_1_90' title='bbox 1221 1171 1380 1233; x_wconf 88' lang='lat' dir='ltr'>seria</span> <span class='ocrx_word' id='word_1_91' title='bbox 1413 1171 1766 1237; x_wconf 85' lang='lat' dir='ltr'>definienda</span> 
     </span>
     <span class='ocr_line' id='line_1_12' title="bbox 187 1260 1767 1346; baseline 0.003 -22"><span class='ocrx_word' id='word_1_92' title='bbox 187 1267 449 1324; x_wconf 86' lang='lat' dir='ltr'>tenetur</span> <span class='ocrx_word' id='word_1_93' title='bbox 470 1260 790 1323; x_wconf 90' lang='lat' dir='ltr'>consulere</span> <span class='ocrx_word' id='word_1_94' title='bbox 811 1261 978 1323; x_wconf 80' lang='lat' dir='ltr'>viros</span> <span class='ocrx_word' id='word_1_95' title='bbox 1000 1263 1229 1340; x_wconf 86' lang='lat' dir='ltr'>doctos,</span> <span class='ocrx_word' id='word_1_96' title='bbox 1251 1266 1398 1345; x_wconf 81' lang='lat' dir='ltr'>quia</span> <span class='ocrx_word' id='word_1_97' title='bbox 1418 1266 1767 1346; x_wconf 69' lang='lat' dir='ltr'>hujusmodi</span> 
     </span>
     <span class='ocr_line' id='line_1_13' title="bbox 119 1354 1765 1439; baseline 0.002 -19"><span class='ocrx_word' id='word_1_98' title='bbox 119 1381 122 1386; x_wconf 37' lang='lat'>³</span> <span class='ocrx_word' id='word_1_99' title='bbox 193 1356 475 1434; x_wconf 72' lang='lat' dir='ltr'>definitio</span> <span class='ocrx_word' id='word_1_100' title='bbox 501 1354 747 1435; x_wconf 84' lang='lat' dir='ltr'>(inquit)</span> <span class='ocrx_word' id='word_1_101' title='bbox 773 1355 1100 1419; x_wconf 65' lang='lat' dir='ltr'>habebatur</span> <span class='ocrx_word' id='word_1_102' title='bbox 1120 1356 1188 1418; x_wconf 77' lang='lat' dir='ltr'>in</span> <span class='ocrx_word' id='word_1_103' title='bbox 1213 1358 1488 1439; x_wconf 70' lang='lat' dir='ltr'>antiquis</span> <span class='ocrx_word' id='word_1_104' title='bbox 1510 1359 1765 1423; x_wconf 69' lang='lat' dir='ltr'>decreta-</span> 
     </span>
     <span class='ocr_line' id='line_1_14' title="bbox 119 1449 1762 1524; baseline 0.001 -12"><span class='ocrx_word' id='word_1_105' title='bbox 119 1475 122 1484; x_wconf 40' lang='lat'>⁸</span> <span class='ocrx_word' id='word_1_106' title='bbox 192 1450 391 1520; x_wconf 53' lang='lat' dir='ltr'>libum</span> <span class='ocrx_word' id='word_1_107' title='bbox 416 1449 524 1511; x_wconf 89' lang='lat' dir='ltr'>sed</span> <span class='ocrx_word' id='word_1_108' title='bbox 550 1449 813 1524; x_wconf 80' lang='lat' dir='ltr'>excedit,</span> <span class='ocrx_word' id='word_1_109' title='bbox 844 1454 907 1509; x_wconf 91' lang='lat' dir='ltr'>et</span> <span class='ocrx_word' id='word_1_110' title='bbox 935 1449 1180 1512; x_wconf 85' lang='lat' dir='ltr'>videtur</span> <span class='ocrx_word' id='word_1_111' title='bbox 1203 1451 1366 1513; x_wconf 89' lang='lat' dir='ltr'>male</span> <span class='ocrx_word' id='word_1_112' title='bbox 1410 1451 1638 1514; x_wconf 89' lang='lat' dir='ltr'>sentire</span> <span class='ocrx_word' id='word_1_113' title='bbox 1684 1452 1762 1515; x_wconf 91' lang='lat' dir='ltr'>de</span> 
     </span>
     <span class='ocr_line' id='line_1_15' title="bbox 191 1541 1761 1624; baseline 0.003 -21"><span class='ocrx_word' id='word_1_114' title='bbox 191 1548 499 1624; x_wconf 85' lang='lat' dir='ltr'>potestate</span> <span class='ocrx_word' id='word_1_115' title='bbox 549 1541 858 1604; x_wconf 85' lang='lat' dir='ltr'>infallibili</span> <span class='ocrx_word' id='word_1_116' title='bbox 897 1543 1078 1622; x_wconf 79' lang='lat' dir='ltr'>Papae</span> <span class='ocrx_word' id='word_1_117' title='bbox 1118 1543 1198 1604; x_wconf 90' lang='lat' dir='ltr'>ad</span> <span class='ocrx_word' id='word_1_118' title='bbox 1234 1544 1615 1607; x_wconf 87' lang='lat' dir='ltr'>definiendas</span> <span class='ocrx_word' id='word_1_119' title='bbox 1660 1564 1761 1609; x_wconf 89' lang='lat' dir='ltr'>res</span> 
     </span>
     <span class='ocr_line' id='line_1_16' title="bbox 191 1635 1761 1720; baseline 0.003 -24"><span class='ocrx_word' id='word_1_120' title='bbox 191 1635 370 1697; x_wconf 86' lang='lat' dir='ltr'>fidei.</span> <span class='ocrx_word' id='word_1_121' title='bbox 407 1635 622 1698; x_wconf 90' lang='lat' dir='ltr'>Melius</span> <span class='ocrx_word' id='word_1_122' title='bbox 668 1652 817 1715; x_wconf 89' lang='lat' dir='ltr'>ergo</span> <span class='ocrx_word' id='word_1_123' title='bbox 849 1635 1015 1697; x_wconf 88' lang='lat' dir='ltr'>Cano</span> <span class='ocrx_word' id='word_1_124' title='bbox 1059 1644 1122 1698; x_wconf 92' lang='lat' dir='ltr'>et</span> <span class='ocrx_word' id='word_1_125' title='bbox 1167 1637 1520 1700; x_wconf 86' lang='lat' dir='ltr'>Bellarmin.</span> <span class='ocrx_word' id='word_1_126' title='bbox 1574 1658 1761 1720; x_wconf 89' lang='lat' dir='ltr'>supra</span> 
     </span>
     <span class='ocr_line' id='line_1_17' title="bbox 189 1729 1760 1813; baseline 0.003 -22"><span class='ocrx_word' id='word_1_127' title='bbox 189 1730 608 1810; x_wconf 86' lang='lat' dir='ltr'>respondent,</span> <span class='ocrx_word' id='word_1_128' title='bbox 659 1747 788 1789; x_wconf 93' lang='lat' dir='ltr'>non</span> <span class='ocrx_word' id='word_1_129' title='bbox 848 1729 1229 1809; x_wconf 87' lang='lat' dir='ltr'>definiendo,</span> <span class='ocrx_word' id='word_1_130' title='bbox 1279 1732 1386 1795; x_wconf 86' lang='lat' dir='ltr'>sed</span> <span class='ocrx_word' id='word_1_131' title='bbox 1449 1733 1760 1813; x_wconf 90' lang='lat' dir='ltr'>opinando</span> 
     </span>
     <span class='ocr_line' id='line_1_18' title="bbox 190 1821 1761 1906; baseline 0.003 -21"><span class='ocrx_word' id='word_1_132' title='bbox 190 1823 598 1885; x_wconf 89' lang='lat' dir='ltr'>Coelestinum</span> <span class='ocrx_word' id='word_1_133' title='bbox 631 1821 910 1884; x_wconf 89' lang='lat' dir='ltr'>locutum</span> <span class='ocrx_word' id='word_1_134' title='bbox 935 1824 1146 1902; x_wconf 81' lang='lat' dir='ltr'>fuisse,</span> <span class='ocrx_word' id='word_1_135' title='bbox 1179 1826 1569 1906; x_wconf 88' lang='lat' dir='ltr'>potuisseque</span> <span class='ocrx_word' id='word_1_136' title='bbox 1622 1827 1761 1889; x_wconf 87' lang='lat' dir='ltr'>Cas-</span> 
     </span>
     <span class='ocr_line' id='line_1_19' title="bbox 188 1917 1760 2001; baseline 0.002 -23"><span class='ocrx_word' id='word_1_137' title='bbox 188 1922 297 1978; x_wconf 88' lang='lat' dir='ltr'>tro</span> <span class='ocrx_word' id='word_1_138' title='bbox 347 1935 426 1978; x_wconf 86' lang='lat' dir='ltr'>ex</span> <span class='ocrx_word' id='word_1_139' title='bbox 473 1917 677 1980; x_wconf 84' lang='lat' dir='ltr'>verbis</span> <span class='ocrx_word' id='word_1_140' title='bbox 711 1917 1023 1979; x_wconf 75' lang='lat' dir='ltr'>Caelestini</span> <span class='ocrx_word' id='word_1_141' title='bbox 1066 1923 1298 1981; x_wconf 87' lang='lat' dir='ltr'>attente</span> <span class='ocrx_word' id='word_1_142' title='bbox 1340 1921 1655 2001; x_wconf 86' lang='lat' dir='ltr'>perpensis</span> <span class='ocrx_word' id='word_1_143' title='bbox 1695 1921 1760 1981; x_wconf 93' lang='lat' dir='ltr'>id</span> 
     </span>
     <span class='ocr_line' id='line_1_20' title="bbox 187 2010 1761 2090; baseline 0.003 -19"><span class='ocrx_word' id='word_1_144' title='bbox 187 2010 488 2090; x_wconf 82' lang='lat' dir='ltr'>colligere</span> <span class='ocrx_word' id='word_1_145' title='bbox 502 2027 522 2088; x_wconf 90' lang='lat'>;</span> <span class='ocrx_word' id='word_1_146' title='bbox 554 2012 754 2073; x_wconf 91' lang='lat' dir='ltr'>solum</span> <span class='ocrx_word' id='word_1_147' title='bbox 780 2012 950 2073; x_wconf 90' lang='lat' dir='ltr'>enim</span> <span class='ocrx_word' id='word_1_148' title='bbox 984 2012 1074 2073; x_wconf 87' lang='lat' dir='ltr'>ait</span> <span class='ocrx_word' id='word_1_149' title='bbox 1107 2028 1124 2073; x_wconf 70' lang='grc' dir='ltr'>ε</span> <span class='ocrx_word' id='word_1_150' title='bbox 1158 2014 1307 2081; x_wconf 74' lang='lat' dir='ltr'>Non</span> <span class='ocrx_word' id='word_1_151' title='bbox 1338 2015 1494 2076; x_wconf 72' lang='lat' dir='ltr'>enim</span> <span class='ocrx_word' id='word_1_152' title='bbox 1523 2015 1761 2077; x_wconf 76' lang='lat' dir='ltr'>videtm·</span> 
     </span>
     <span class='ocr_line' id='line_1_21' title="bbox 183 2103 1757 2186; baseline 0.002 -22"><span class='ocrx_word' id='word_1_153' title='bbox 183 2104 388 2179; x_wconf 76' lang='lat' dir='ltr'>nobis,</span> <span class='ocrx_word' id='word_1_154' title='bbox 415 2106 572 2185; x_wconf 81' lang='lat' dir='ltr'>quod</span> <span class='ocrx_word' id='word_1_155' title='bbox 608 2105 666 2166; x_wconf 76' lang='lat' dir='ltr'>si</span> <span class='ocrx_word' id='word_1_156' title='bbox 694 2103 871 2183; x_wconf 79' lang='lat' dir='ltr'>prior</span> <span class='ocrx_word' id='word_1_157' title='bbox 891 2105 1155 2168; x_wconf 75' lang='lat' dir='ltr'>maritus</span> <span class='ocrx_word' id='word_1_158' title='bbox 1176 2107 1398 2183; x_wconf 75' lang='lat' dir='ltr'>redeat,</span> <span class='ocrx_word' id='word_1_159' title='bbox 1448 2112 1591 2182; x_wconf 67' lang='lat' dir='ltr'>etc„</span> <span class='ocrx_word' id='word_1_160' title='bbox 1621 2125 1757 2186; x_wconf 88' lang='lat' dir='ltr'>quae</span> 
     </span>
     <span class='ocr_line' id='line_1_22' title="bbox 181 2195 1758 2279; baseline 0.003 -23"><span class='ocrx_word' id='word_1_161' title='bbox 181 2195 387 2257; x_wconf 82' lang='lat' dir='ltr'>verba</span> <span class='ocrx_word' id='word_1_162' title='bbox 441 2203 586 2258; x_wconf 89' lang='lat' dir='ltr'>sunt</span> <span class='ocrx_word' id='word_1_163' title='bbox 629 2196 944 2277; x_wconf 83' lang='lat' dir='ltr'>privatum</span> <span class='ocrx_word' id='word_1_164' title='bbox 994 2216 1245 2259; x_wconf 91' lang='lat' dir='ltr'>sensum</span> <span class='ocrx_word' id='word_1_165' title='bbox 1290 2199 1643 2279; x_wconf 75' lang='lat' dir='ltr'>aperientiS,</span> <span class='ocrx_word' id='word_1_166' title='bbox 1696 2205 1758 2261; x_wconf 92' lang='lat' dir='ltr'>et</span> 
     </span>
     <span class='ocr_line' id='line_1_23' title="bbox 184 2287 1759 2371; baseline 0.003 -20"><span class='ocrx_word' id='word_1_167' title='bbox 184 2307 344 2351; x_wconf 87' lang='lat' dir='ltr'>cum</span> <span class='ocrx_word' id='word_1_168' title='bbox 377 2287 709 2352; x_wconf 87' lang='lat' dir='ltr'>formidine</span> <span class='ocrx_word' id='word_1_169' title='bbox 729 2289 1062 2371; x_wconf 88' lang='lat' dir='ltr'>loquentis,</span> <span class='ocrx_word' id='word_1_170' title='bbox 1092 2310 1222 2354; x_wconf 93' lang='lat' dir='ltr'>non</span> <span class='ocrx_word' id='word_1_171' title='bbox 1249 2292 1619 2370; x_wconf 77' lang='lat' dir='ltr'>definientiS,</span> <span class='ocrx_word' id='word_1_172' title='bbox 1649 2308 1759 2355; x_wconf 85' lang='lat' dir='ltr'>aut</span> 
     </span>
     <span class='ocr_line' id='line_1_24' title="bbox 183 2384 1757 2467; baseline 0.002 -22"><span class='ocrx_word' id='word_1_173' title='bbox 183 2391 429 2447; x_wconf 87' lang='lat' dir='ltr'>certam</span> <span class='ocrx_word' id='word_1_174' title='bbox 469 2384 814 2446; x_wconf 86' lang='lat' dir='ltr'>doctrinam</span> <span class='ocrx_word' id='word_1_175' title='bbox 865 2386 1181 2448; x_wconf 85' lang='lat' dir='ltr'>tradentis.</span> <span class='ocrx_word' id='word_1_176' title='bbox 1229 2388 1562 2467; x_wconf 83' lang='lat' dir='ltr'>Nunquam</span> <span class='ocrx_word' id='word_1_177' title='bbox 1608 2405 1757 2467; x_wconf 87' lang='lat' dir='ltr'>ergo</span> 
     </span>
     <span class='ocr_line' id='line_1_25' title="bbox 179 2477 1757 2559; baseline 0.001 -18"><span class='ocrx_word' id='word_1_178' title='bbox 179 2479 510 2559; x_wconf 85' lang='lat' dir='ltr'>responsio</span> <span class='ocrx_word' id='word_1_179' title='bbox 543 2478 651 2539; x_wconf 91' lang='lat' dir='ltr'>illa</span> <span class='ocrx_word' id='word_1_180' title='bbox 687 2477 909 2539; x_wconf 81' lang='lat' dir='ltr'>habuit</span> <span class='ocrx_word' id='word_1_181' title='bbox 957 2479 1084 2541; x_wconf 81' lang='lat' dir='ltr'>vim</span> <span class='ocrx_word' id='word_1_182' title='bbox 1126 2480 1281 2558; x_wconf 92' lang='lat' dir='ltr'>legis</span> <span class='ocrx_word' id='word_1_183' title='bbox 1327 2481 1442 2541; x_wconf 90' lang='lat' dir='ltr'>toti</span> <span class='ocrx_word' id='word_1_184' title='bbox 1472 2481 1757 2542; x_wconf 78' lang='lat' dir='ltr'>Ecclesiae</span> 
     </span>
     <span class='ocr_line' id='line_1_26' title="bbox 180 2571 1756 2653; baseline 0.001 -20"><span class='ocrx_word' id='word_1_185' title='bbox 180 2573 545 2653; x_wconf 81' lang='lat' dir='ltr'>propositae,</span> <span class='ocrx_word' id='word_1_186' title='bbox 597 2571 744 2650; x_wconf 87' lang='lat' dir='ltr'>quia</span> <span class='ocrx_word' id='word_1_187' title='bbox 785 2589 902 2633; x_wconf 86' lang='lat' dir='ltr'>nec</span> <span class='ocrx_word' id='word_1_188' title='bbox 946 2572 1016 2631; x_wconf 92' lang='lat' dir='ltr'>in</span> <span class='ocrx_word' id='word_1_189' title='bbox 1049 2572 1185 2651; x_wconf 90' lang='lat' dir='ltr'>ipsa</span> <span class='ocrx_word' id='word_1_190' title='bbox 1223 2571 1342 2633; x_wconf 91' lang='lat' dir='ltr'>hoc</span> <span class='ocrx_word' id='word_1_191' title='bbox 1382 2573 1756 2653; x_wconf 82' lang='lat' dir='ltr'>explicatum</span> 
     </span>
     <span class='ocr_line' id='line_1_27' title="bbox 180 2666 1756 2747; baseline -0.001 -18"><span class='ocrx_word' id='word_1_192' title='bbox 180 2673 311 2744; x_wconf 87' lang='lat' dir='ltr'>est,</span> <span class='ocrx_word' id='word_1_193' title='bbox 340 2686 453 2728; x_wconf 91' lang='lat' dir='ltr'>nec</span> <span class='ocrx_word' id='word_1_194' title='bbox 479 2667 568 2727; x_wconf 88' lang='lat' dir='ltr'>ita</span> <span class='ocrx_word' id='word_1_195' title='bbox 597 2666 718 2726; x_wconf 90' lang='lat' dir='ltr'>fuit</span> <span class='ocrx_word' id='word_1_196' title='bbox 747 2670 1018 2745; x_wconf 88' lang='lat' dir='ltr'>recepta,</span> <span class='ocrx_word' id='word_1_197' title='bbox 1050 2671 1160 2728; x_wconf 90' lang='lat' dir='ltr'>aut</span> <span class='ocrx_word' id='word_1_198' title='bbox 1182 2667 1372 2747; x_wconf 88' lang='lat' dir='ltr'>recipi</span> <span class='ocrx_word' id='word_1_199' title='bbox 1399 2667 1622 2746; x_wconf 91' lang='lat' dir='ltr'>potuit.</span> <span class='ocrx_word' id='word_1_200' title='bbox 1655 2667 1756 2727; x_wconf 88' lang='lat' dir='ltr'>Di-</span> 
     </span>
     <span class='ocr_line' id='line_1_28' title="bbox 179 2761 1753 2840; baseline -0.001 -17"><span class='ocrx_word' id='word_1_201' title='bbox 179 2780 294 2823; x_wconf 89' lang='lat' dir='ltr'>ces</span> <span class='ocrx_word' id='word_1_202' title='bbox 333 2762 522 2824; x_wconf 90' lang='lat' dir='ltr'>etiam</span> <span class='ocrx_word' id='word_1_203' title='bbox 547 2762 755 2822; x_wconf 92' lang='lat' dir='ltr'>Innoc.</span> <span class='ocrx_word' id='word_1_204' title='bbox 801 2761 879 2820; x_wconf 89' lang='lat'>111</span> <span class='ocrx_word' id='word_1_205' title='bbox 914 2778 1096 2820; x_wconf 91' lang='lat' dir='ltr'>suum</span> <span class='ocrx_word' id='word_1_206' title='bbox 1134 2778 1494 2840; x_wconf 90' lang='lat' dir='ltr'>responsum</span> <span class='ocrx_word' id='word_1_207' title='bbox 1532 2766 1753 2839; x_wconf 88' lang='lat' dir='ltr'>protu-</span> 
     </span>
     <span class='ocr_line' id='line_1_29' title="bbox 176 2852 1753 2934; baseline 0 -18"><span class='ocrx_word' id='word_1_208' title='bbox 176 2855 336 2916; x_wconf 87' lang='lat' dir='ltr'>lisse</span> <span class='ocrx_word' id='word_1_209' title='bbox 361 2873 472 2934; x_wconf 89' lang='lat' dir='ltr'>per</span> <span class='ocrx_word' id='word_1_210' title='bbox 493 2853 602 2913; x_wconf 86' lang='lat' dir='ltr'>illa</span> <span class='ocrx_word' id='word_1_211' title='bbox 625 2852 850 2914; x_wconf 84' lang='lat' dir='ltr'>verba:</span> <span class='ocrx_word' id='word_1_212' title='bbox 882 2854 957 2918; x_wconf 94' lang='lat' dir='ltr'><em>N</em></span> <span class='ocrx_word' id='word_1_213' title='bbox 954 2871 1029 2914; x_wconf 71' lang='lat' dir='ltr'>ou</span> <span class='ocrx_word' id='word_1_214' title='bbox 1056 2854 1350 2916; x_wconf 74' lang='lat' dir='ltr'>oredimus</span> <span class='ocrx_word' id='word_1_215' title='bbox 1369 2856 1524 2934; x_wconf 75' lang='lat' dir='ltr'>quod</span> <span class='ocrx_word' id='word_1_216' title='bbox 1548 2855 1616 2916; x_wconf 82' lang='lat' dir='ltr'>in</span> <span class='ocrx_word' id='word_1_217' title='bbox 1643 2854 1753 2916; x_wconf 81' lang='lat' dir='ltr'>illo</span> 
     </span>
     <span class='ocr_line' id='line_1_30' title="bbox 177 2947 1754 3028; baseline -0.004 -13"><span class='ocrx_word' id='word_1_218' title='bbox 177 2969 359 3027; x_wconf 70' lang='lat' dir='ltr'>casu,</span> <span class='ocrx_word' id='word_1_219' title='bbox 391 2955 538 3023; x_wconf 86' lang='lat' dir='ltr'>etc.;</span> <span class='ocrx_word' id='word_1_220' title='bbox 587 2947 927 3028; x_wconf 88' lang='lat' dir='ltr'>respondeo</span> <span class='ocrx_word' id='word_1_221' title='bbox 967 2947 1156 3008; x_wconf 88' lang='lat' dir='ltr'>etiam</span> <span class='ocrx_word' id='word_1_222' title='bbox 1197 2964 1275 3008; x_wconf 88' lang='lat' dir='ltr'>ex</span> <span class='ocrx_word' id='word_1_223' title='bbox 1312 2947 1378 3007; x_wconf 89' lang='lat' dir='ltr'>vi</span> <span class='ocrx_word' id='word_1_224' title='bbox 1421 2947 1754 3009; x_wconf 82' lang='lat' dir='ltr'>verborum</span> 
     </span>
     <span class='ocr_line' id='line_1_31' title="bbox 176 3038 1754 3117; baseline -0.003 -13"><span class='ocrx_word' id='word_1_225' title='bbox 176 3044 256 3105; x_wconf 88' lang='lat' dir='ltr'>id</span> <span class='ocrx_word' id='word_1_226' title='bbox 301 3061 429 3103; x_wconf 92' lang='lat' dir='ltr'>non</span> <span class='ocrx_word' id='word_1_227' title='bbox 453 3041 640 3102; x_wconf 78' lang='lat' dir='ltr'>fiiisse</span> <span class='ocrx_word' id='word_1_228' title='bbox 669 3038 749 3102; x_wconf 89' lang='lat' dir='ltr'>ab</span> <span class='ocrx_word' id='word_1_229' title='bbox 779 3039 1049 3101; x_wconf 87' lang='lat' dir='ltr'>Ecclesia</span> <span class='ocrx_word' id='word_1_230' title='bbox 1079 3038 1429 3117; x_wconf 81' lang='lat' dir='ltr'>definitum,</span> <span class='ocrx_word' id='word_1_231' title='bbox 1459 3044 1531 3100; x_wconf 88' lang='lat' dir='ltr'>ut</span> <span class='ocrx_word' id='word_1_232' title='bbox 1565 3039 1754 3101; x_wconf 89' lang='lat' dir='ltr'>etiam</span> 
     </span>
     <span class='ocr_line' id='line_1_32' title="bbox 178 3133 1757 3215; baseline -0.002 -16"><span class='ocrx_word' id='word_1_233' title='bbox 178 3137 479 3199; x_wconf 86' lang='lat' dir='ltr'>Bellarm.</span> <span class='ocrx_word' id='word_1_234' title='bbox 529 3135 717 3197; x_wconf 89' lang='lat' dir='ltr'>sensit</span> <span class='ocrx_word' id='word_1_235' title='bbox 729 3150 748 3212; x_wconf 86' lang='lat'><strong>;</strong></span> <span class='ocrx_word' id='word_1_236' title='bbox 776 3138 990 3215; x_wconf 84' lang='lat' dir='ltr'>postea</span> <span class='ocrx_word' id='word_1_237' title='bbox 1037 3151 1184 3195; x_wconf 84' lang='lat' dir='ltr'>vero</span> <span class='ocrx_word' id='word_1_238' title='bbox 1218 3133 1320 3196; x_wconf 84' lang='lat' dir='ltr'>lex</span> <span class='ocrx_word' id='word_1_239' title='bbox 1364 3133 1474 3194; x_wconf 88' lang='lat' dir='ltr'>illa</span> <span class='ocrx_word' id='word_1_240' title='bbox 1509 3133 1757 3196; x_wconf 86' lang='lat' dir='ltr'>firmata</span> 
     </span>
     <span class='ocr_line' id='line_1_33' title="bbox 178 3227 1751 3311; baseline -0.003 -18"><span class='ocrx_word' id='word_1_241' title='bbox 178 3237 288 3294; x_wconf 90' lang='lat' dir='ltr'>est</span> <span class='ocrx_word' id='word_1_242' title='bbox 313 3249 422 3311; x_wconf 89' lang='lat' dir='ltr'>per</span> <span class='ocrx_word' id='word_1_243' title='bbox 443 3229 623 3308; x_wconf 89' lang='lat' dir='ltr'>Greg.</span> <span class='ocrx_word' id='word_1_244' title='bbox 659 3229 740 3289; x_wconf 90' lang='lat' dir='ltr'>IX</span> <span class='ocrx_word' id='word_1_245' title='bbox 770 3234 832 3290; x_wconf 91' lang='lat' dir='ltr'>et</span> <span class='ocrx_word' id='word_1_246' title='bbox 863 3246 982 3288; x_wconf 89' lang='lat' dir='ltr'>usu</span> <span class='ocrx_word' id='word_1_247' title='bbox 1026 3227 1159 3306; x_wconf 91' lang='lat' dir='ltr'>ipso</span> <span class='ocrx_word' id='word_1_248' title='bbox 1186 3227 1516 3304; x_wconf 85' lang='lat' dir='ltr'>declarata,</span> <span class='ocrx_word' id='word_1_249' title='bbox 1548 3246 1620 3289; x_wconf 89' lang='lat' dir='ltr'>ac</span> <span class='ocrx_word' id='word_1_250' title='bbox 1646 3228 1751 3289; x_wconf 89' lang='lat' dir='ltr'>de-</span> 
     </span>
     <span class='ocr_line' id='line_1_34' title="bbox 175 3316 1753 3404; baseline -0.003 -18"><span class='ocrx_word' id='word_1_251' title='bbox 175 3327 379 3404; x_wconf 89' lang='lat' dir='ltr'>nique</span> <span class='ocrx_word' id='word_1_252' title='bbox 406 3328 479 3383; x_wconf 91' lang='lat' dir='ltr'>ut</span> <span class='ocrx_word' id='word_1_253' title='bbox 512 3323 738 3384; x_wconf 86' lang='lat' dir='ltr'>veritas</span> <span class='ocrx_word' id='word_1_254' title='bbox 757 3320 905 3382; x_wconf 91' lang='lat' dir='ltr'>fidei</span> <span class='ocrx_word' id='word_1_255' title='bbox 941 3319 1199 3384; x_wconf 84' lang='lat' dir='ltr'>definita</span> <span class='ocrx_word' id='word_1_256' title='bbox 1223 3320 1292 3383; x_wconf 85' lang='lat' dir='ltr'>in</span> <span class='ocrx_word' id='word_1_257' title='bbox 1317 3316 1587 3383; x_wconf 85' lang='lat' dir='ltr'>Concilio</span> <span class='ocrx_word' id='word_1_258' title='bbox 1617 3321 1753 3382; x_wconf 90' lang='lat' dir='ltr'>Tri-</span> 
     </span>
     <span class='ocr_line' id='line_1_35' title="bbox 172 3415 960 3492; baseline -0.008 -13"><span class='ocrx_word' id='word_1_259' title='bbox 172 3416 385 3492; x_wconf 88' lang='lat' dir='ltr'>dent.,</span> <span class='ocrx_word' id='word_1_260' title='bbox 415 3433 561 3477; x_wconf 90' lang='lat' dir='ltr'>sess.</span> <span class='ocrx_word' id='word_1_261' title='bbox 603 3417 705 3490; x_wconf 71' lang='lat'>24,</span> <span class='ocrx_word' id='word_1_262' title='bbox 732 3432 872 3475; x_wconf 87' lang='lat' dir='ltr'>can.</span> <span class='ocrx_word' id='word_1_263' title='bbox 899 3415 960 3474; x_wconf 80' lang='lat'>5.</span> 
     </span>
    </p>

    <p class='ocr_par' dir='ltr' id='par_1_8' title="bbox 169 3507 1759 5644">
     <span class='ocr_line' id='line_1_36' title="bbox 266 3507 1750 3586; baseline 0 -16"><span class='ocrx_word' id='word_1_264' title='bbox 266 3512 368 3570; x_wconf 83' lang='lat'>13.</span> <span class='ocrx_word' id='word_1_265' title='bbox 417 3509 580 3583; x_wconf 73' lang='lat' dir='ltr'>Quid</span> <span class='ocrx_word' id='word_1_266' title='bbox 619 3510 688 3571; x_wconf 65' lang='lat' dir='ltr'>dc</span> <span class='ocrx_word' id='word_1_267' title='bbox 711 3507 1042 3586; x_wconf 74' lang='lat' dir='ltr'>Episcopis</span> <span class='ocrx_word' id='word_1_268' title='bbox 1069 3507 1458 3570; x_wconf 73' lang='lat' dir='ltr'>sentiendum.</span> <span class='ocrx_word' id='word_1_269' title='bbox 1475 3538 1560 3555; x_wconf 92' lang='lat'>—-</span> <span class='ocrx_word' id='word_1_270' title='bbox 1579 3509 1750 3570; x_wconf 88' lang='lat' dir='ltr'>Tan-</span> 
     </span>
     <span class='ocr_line' id='line_1_37' title="bbox 169 3599 1751 3679; baseline -0.001 -14"><span class='ocrx_word' id='word_1_271' title='bbox 169 3605 329 3666; x_wconf 89' lang='lat' dir='ltr'>dem</span> <span class='ocrx_word' id='word_1_272' title='bbox 384 3602 548 3664; x_wconf 89' lang='lat' dir='ltr'>circa</span> <span class='ocrx_word' id='word_1_273' title='bbox 590 3601 723 3663; x_wconf 81' lang='lat' dir='ltr'>haec</span> <span class='ocrx_word' id='word_1_274' title='bbox 766 3599 893 3661; x_wconf 91' lang='lat' dir='ltr'>duo</span> <span class='ocrx_word' id='word_1_275' title='bbox 938 3604 1168 3679; x_wconf 89' lang='lat' dir='ltr'>puncta</span> <span class='ocrx_word' id='word_1_276' title='bbox 1217 3599 1296 3662; x_wconf 91' lang='lat' dir='ltr'>de</span> <span class='ocrx_word' id='word_1_277' title='bbox 1332 3601 1639 3663; x_wconf 88' lang='lat' dir='ltr'>sententia</span> <span class='ocrx_word' id='word_1_278' title='bbox 1667 3599 1751 3663; x_wconf 77' lang='lat' dir='ltr'>&#39;et</span> 
     </span>
     <span class='ocr_line' id='line_1_38' title="bbox 176 3692 1749 3778; baseline 0 -19"><span class='ocrx_word' id='word_1_279' title='bbox 176 3696 450 3778; x_wconf 87' lang='lat' dir='ltr'>epistola</span> <span class='ocrx_word' id='word_1_280' title='bbox 501 3692 809 3756; x_wconf 86' lang='lat' dir='ltr'>Pontificis</span> <span class='ocrx_word' id='word_1_281' title='bbox 856 3693 1126 3754; x_wconf 87' lang='lat' dir='ltr'>dubitari</span> <span class='ocrx_word' id='word_1_282' title='bbox 1170 3700 1369 3774; x_wconf 88' lang='lat' dir='ltr'>potest</span> <span class='ocrx_word' id='word_1_283' title='bbox 1433 3713 1517 3756; x_wconf 90' lang='lat' dir='ltr'>an</span> <span class='ocrx_word' id='word_1_284' title='bbox 1580 3697 1749 3759; x_wconf 92' lang='lat' dir='ltr'>idem</span> 
     </span>
     <span class='ocr_line' id='line_1_39' title="bbox 173 3786 1752 3869; baseline 0 -17"><span class='ocrx_word' id='word_1_285' title='bbox 173 3789 568 3853; x_wconf 88' lang='lat' dir='ltr'>censendum</span> <span class='ocrx_word' id='word_1_286' title='bbox 597 3788 677 3849; x_wconf 91' lang='lat' dir='ltr'>sit</span> <span class='ocrx_word' id='word_1_287' title='bbox 721 3787 800 3849; x_wconf 93' lang='lat' dir='ltr'>de</span> <span class='ocrx_word' id='word_1_288' title='bbox 847 3786 1161 3867; x_wconf 89' lang='lat' dir='ltr'>Episcopis</span> <span class='ocrx_word' id='word_1_289' title='bbox 1190 3805 1329 3849; x_wconf 90' lang='lat' dir='ltr'>cum</span> <span class='ocrx_word' id='word_1_290' title='bbox 1355 3790 1752 3869; x_wconf 88' lang='lat' dir='ltr'>proportione</span> 
     </span>
     <span class='ocr_line' id='line_1_40' title="bbox 174 3879 1751 3966; baseline 0.001 -22"><span class='ocrx_word' id='word_1_291' title='bbox 174 3901 299 3966; x_wconf 91' lang='lat' dir='ltr'>pro</span> <span class='ocrx_word' id='word_1_292' title='bbox 329 3882 456 3944; x_wconf 90' lang='lat' dir='ltr'>suis</span> <span class='ocrx_word' id='word_1_293' title='bbox 482 3879 947 3962; x_wconf 85' lang='lat' dir='ltr'>episcopatibus.</span> <span class='ocrx_word' id='word_1_294' title='bbox 990 3880 1146 3942; x_wconf 89' lang='lat' dir='ltr'>Nam</span> <span class='ocrx_word' id='word_1_295' title='bbox 1200 3881 1535 3944; x_wconf 62' lang='lat' dir='ltr'>canonistas</span> <span class='ocrx_word' id='word_1_296' title='bbox 1582 3901 1751 3945; x_wconf 92' lang='lat' dir='ltr'>com-</span> 
     </span>
     <span class='ocr_line' id='line_1_41' title="bbox 171 3972 1751 4053; baseline 0.001 -15"><span class='ocrx_word' id='word_1_297' title='bbox 171 3976 464 4039; x_wconf 84' lang='lat' dir='ltr'>muniter</span> <span class='ocrx_word' id='word_1_298' title='bbox 505 3976 574 4037; x_wconf 88' lang='lat' dir='ltr'>in</span> <span class='ocrx_word' id='word_1_299' title='bbox 617 3974 736 4036; x_wconf 91' lang='lat' dir='ltr'>hoc</span> <span class='ocrx_word' id='word_1_300' title='bbox 778 3972 1193 4036; x_wconf 85' lang='lat' dir='ltr'>differentiam</span> <span class='ocrx_word' id='word_1_301' title='bbox 1242 3975 1645 4053; x_wconf 86' lang='lat' dir='ltr'>constituunt,</span> <span class='ocrx_word' id='word_1_302' title='bbox 1677 3983 1751 4040; x_wconf 90' lang='grc' dir='ltr'>ιιι</span> 
     </span>
     <span class='ocr_line' id='line_1_42' title="bbox 172 4067 1744 4153; baseline 0 -22"><span class='ocrx_word' id='word_1_303' title='bbox 172 4074 358 4153; x_wconf 88' lang='lat' dir='ltr'>patet</span> <span class='ocrx_word' id='word_1_304' title='bbox 411 4087 487 4130; x_wconf 88' lang='lat' dir='ltr'>ex</span> <span class='ocrx_word' id='word_1_305' title='bbox 518 4068 673 4141; x_wconf 89' lang='lat' dir='ltr'>Fel.,</span> <span class='ocrx_word' id='word_1_306' title='bbox 703 4067 846 4129; x_wconf 89' lang='lat' dir='ltr'>dict.</span> <span class='ocrx_word' id='word_1_307' title='bbox 887 4084 1022 4146; x_wconf 89' lang='lat' dir='ltr'>cap.</span> <span class='ocrx_word' id='word_1_308' title='bbox 1056 4068 1142 4129; x_wconf 73' lang='lat' dir='ltr'>In</span> <span class='ocrx_word' id='word_1_309' title='bbox 1188 4067 1414 4142; x_wconf 65' lang='lat' dir='ltr'>caucia,</span> <span class='ocrx_word' id='word_1_310' title='bbox 1452 4086 1627 4129; x_wconf 91' lang='lat' dir='ltr'>num.</span> <span class='ocrx_word' id='word_1_311' title='bbox 1683 4069 1744 4147; x_wconf 88' lang='lat'>8,</span> 
     </span>
     <span class='ocr_line' id='line_1_43' title="bbox 173 4154 1747 4241; baseline -0.002 -15"><span class='ocrx_word' id='word_1_312' title='bbox 173 4171 241 4227; x_wconf 90' lang='lat' dir='ltr'>et</span> <span class='ocrx_word' id='word_1_313' title='bbox 283 4164 360 4224; x_wconf 90' lang='lat' dir='ltr'>in</span> <span class='ocrx_word' id='word_1_314' title='bbox 404 4162 577 4223; x_wconf 89' lang='lat' dir='ltr'>rubr.</span> <span class='ocrx_word' id='word_1_315' title='bbox 613 4162 691 4223; x_wconf 91' lang='lat' dir='ltr'>de</span> <span class='ocrx_word' id='word_1_316' title='bbox 717 4160 1016 4240; x_wconf 86' lang='lat' dir='ltr'>Rescrip.,</span> <span class='ocrx_word' id='word_1_317' title='bbox 1046 4154 1109 4222; x_wconf 86' lang='lat' dir='ltr'>et</span> <span class='ocrx_word' id='word_1_318' title='bbox 1137 4159 1275 4221; x_wconf 87' lang='lat' dir='ltr'>aliis</span> <span class='ocrx_word' id='word_1_319' title='bbox 1319 4178 1472 4240; x_wconf 89' lang='lat' dir='ltr'>quos</span> <span class='ocrx_word' id='word_1_320' title='bbox 1497 4162 1747 4241; x_wconf 87' lang='lat' dir='ltr'>allegat.</span> 
     </span>
     <span class='ocr_line' id='line_1_44' title="bbox 173 4253 1751 4333; baseline -0.003 -12"><span class='ocrx_word' id='word_1_321' title='bbox 173 4258 301 4321; x_wconf 88' lang='lat' dir='ltr'>Sed</span> <span class='ocrx_word' id='word_1_322' title='bbox 345 4256 418 4317; x_wconf 90' lang='lat' dir='ltr'>in</span> <span class='ocrx_word' id='word_1_323' title='bbox 464 4256 584 4316; x_wconf 93' lang='lat' dir='ltr'>hoc</span> <span class='ocrx_word' id='word_1_324' title='bbox 628 4254 795 4325; x_wconf 88' lang='lat' dir='ltr'>idem</span> <span class='ocrx_word' id='word_1_325' title='bbox 831 4272 974 4315; x_wconf 91' lang='lat' dir='ltr'>cum</span> <span class='ocrx_word' id='word_1_326' title='bbox 1010 4253 1408 4333; x_wconf 84' lang='lat' dir='ltr'>proportione</span> <span class='ocrx_word' id='word_1_327' title='bbox 1443 4255 1641 4316; x_wconf 89' lang='lat' dir='ltr'>sentio</span> <span class='ocrx_word' id='word_1_328' title='bbox 1672 4255 1751 4317; x_wconf 95' lang='lat' dir='ltr'>de</span> 
     </span>
     <span class='ocr_line' id='line_1_45' title="bbox 173 4346 1752 4431; baseline -0.003 -18"><span class='ocrx_word' id='word_1_329' title='bbox 173 4348 526 4431; x_wconf 87' lang='lat' dir='ltr'>Episcopis,</span> <span class='ocrx_word' id='word_1_330' title='bbox 547 4347 712 4428; x_wconf 89' lang='lat' dir='ltr'>quod</span> <span class='ocrx_word' id='word_1_331' title='bbox 742 4347 873 4409; x_wconf 80' lang='lat' dir='ltr'>dixi</span> <span class='ocrx_word' id='word_1_332' title='bbox 891 4347 967 4410; x_wconf 89' lang='lat' dir='ltr'>de</span> <span class='ocrx_word' id='word_1_333' title='bbox 984 4347 1446 4427; x_wconf 83' lang='lat' dir='ltr'>magistratibus</span> <span class='ocrx_word' id='word_1_334' title='bbox 1467 4346 1752 4409; x_wconf 85' lang='lat' dir='ltr'>civilibus</span> 
     </span>
     <span class='ocr_line' id='line_1_46' title="bbox 172 4439 1751 4522; baseline -0.002 -16"><span class='ocrx_word' id='word_1_335' title='bbox 172 4441 563 4506; x_wconf 86' lang='lat' dir='ltr'>habentibus</span> <span class='ocrx_word' id='word_1_336' title='bbox 587 4446 949 4522; x_wconf 87' lang='lat' dir='ltr'>potestatem</span> <span class='ocrx_word' id='word_1_337' title='bbox 985 4440 1064 4502; x_wconf 89' lang='lat' dir='ltr'>ad</span> <span class='ocrx_word' id='word_1_338' title='bbox 1100 4439 1386 4502; x_wconf 82' lang='lat' dir='ltr'>ferendas</span> <span class='ocrx_word' id='word_1_339' title='bbox 1411 4439 1579 4521; x_wconf 89' lang='lat' dir='ltr'>leges</span> <span class='ocrx_word' id='word_1_340' title='bbox 1607 4459 1751 4503; x_wconf 93' lang='lat' dir='ltr'>cum</span> 
     </span>
     <span class='ocr_line' id='line_1_47' title="bbox 175 4534 1747 4615; baseline -0.003 -15"><span class='ocrx_word' id='word_1_341' title='bbox 175 4535 694 4600; x_wconf 82' lang='lat' dir='ltr'>subordinatione</span> <span class='ocrx_word' id='word_1_342' title='bbox 719 4534 799 4597; x_wconf 88' lang='lat' dir='ltr'>ad</span> <span class='ocrx_word' id='word_1_343' title='bbox 822 4534 1094 4614; x_wconf 87' lang='lat' dir='ltr'>aliquem</span> <span class='ocrx_word' id='word_1_344' title='bbox 1112 4535 1493 4614; x_wconf 87' lang='lat' dir='ltr'>superiorem</span> <span class='ocrx_word' id='word_1_345' title='bbox 1511 4552 1747 4615; x_wconf 91' lang='lat' dir='ltr'>regem,</span> 
     </span>
     <span class='ocr_line' id='line_1_48' title="bbox 175 4627 1752 4709; baseline -0.001 -17"><span class='ocrx_word' id='word_1_346' title='bbox 175 4629 281 4692; x_wconf 77' lang='lat' dir='ltr'>vel</span> <span class='ocrx_word' id='word_1_347' title='bbox 300 4630 768 4709; x_wconf 84' lang='lat' dir='ltr'>imperatorem.</span> <span class='ocrx_word' id='word_1_348' title='bbox 787 4629 878 4690; x_wconf 89' lang='lat' dir='ltr'>Ita</span> <span class='ocrx_word' id='word_1_349' title='bbox 891 4628 1061 4689; x_wconf 92' lang='lat' dir='ltr'>enim</span> <span class='ocrx_word' id='word_1_350' title='bbox 1082 4627 1365 4708; x_wconf 92' lang='lat' dir='ltr'>Episcopi</span> <span class='ocrx_word' id='word_1_351' title='bbox 1388 4644 1752 4709; x_wconf 87' lang='lat' dir='ltr'>comparan-</span> 
     </span>
     <span class='ocr_line' id='line_1_49' title="bbox 174 4719 1755 4801; baseline -0.002 -16"><span class='ocrx_word' id='word_1_352' title='bbox 174 4730 284 4785; x_wconf 86' lang='lat' dir='ltr'>tur</span> <span class='ocrx_word' id='word_1_353' title='bbox 314 4722 401 4785; x_wconf 89' lang='lat' dir='ltr'>ad</span> <span class='ocrx_word' id='word_1_354' title='bbox 428 4739 745 4785; x_wconf 88' lang='lat' dir='ltr'>summum</span> <span class='ocrx_word' id='word_1_355' title='bbox 775 4719 1138 4782; x_wconf 88' lang='lat' dir='ltr'>Pontificem</span> <span class='ocrx_word' id='word_1_356' title='bbox 1163 4725 1227 4782; x_wconf 89' lang='lat' dir='ltr'>et</span> <span class='ocrx_word' id='word_1_357' title='bbox 1257 4720 1337 4781; x_wconf 90' lang='lat' dir='ltr'>ad</span> <span class='ocrx_word' id='word_1_358' title='bbox 1369 4721 1475 4801; x_wconf 86' lang='lat' dir='ltr'>jus</span> <span class='ocrx_word' id='word_1_359' title='bbox 1506 4722 1755 4783; x_wconf 89' lang='lat' dir='ltr'>canoni-</span> 
     </span>
     <span class='ocr_line' id='line_1_50' title="bbox 178 4814 1750 4895; baseline -0.001 -18"><span class='ocrx_word' id='word_1_360' title='bbox 178 4834 357 4877; x_wconf 90' lang='lat' dir='ltr'>cum.</span> <span class='ocrx_word' id='word_1_361' title='bbox 382 4815 536 4876; x_wconf 89' lang='lat' dir='ltr'>Nam</span> <span class='ocrx_word' id='word_1_362' title='bbox 564 4820 627 4877; x_wconf 89' lang='lat' dir='ltr'>et</span> <span class='ocrx_word' id='word_1_363' title='bbox 657 4814 826 4895; x_wconf 90' lang='lat' dir='ltr'>leges</span> <span class='ocrx_word' id='word_1_364' title='bbox 843 4814 1006 4877; x_wconf 88' lang='lat' dir='ltr'>ferre</span> <span class='ocrx_word' id='word_1_365' title='bbox 1028 4819 1287 4895; x_wconf 85' lang='lat' dir='ltr'>possunt</span> <span class='ocrx_word' id='word_1_366' title='bbox 1314 4831 1426 4894; x_wconf 90' lang='lat' dir='ltr'>pro</span> <span class='ocrx_word' id='word_1_367' title='bbox 1450 4814 1574 4875; x_wconf 89' lang='lat' dir='ltr'>suis</span> <span class='ocrx_word' id='word_1_368' title='bbox 1591 4815 1750 4894; x_wconf 87' lang='lat' dir='ltr'>epis-</span> 
     </span>
     <span class='ocr_line' id='line_1_51' title="bbox 180 4907 1751 4989; baseline -0.002 -18"><span class='ocrx_word' id='word_1_369' title='bbox 180 4907 533 4989; x_wconf 89' lang='lat' dir='ltr'>copatibus,</span> <span class='ocrx_word' id='word_1_370' title='bbox 554 4913 618 4970; x_wconf 90' lang='lat' dir='ltr'>et</span> <span class='ocrx_word' id='word_1_371' title='bbox 638 4926 766 4969; x_wconf 91' lang='lat' dir='ltr'>non</span> <span class='ocrx_word' id='word_1_372' title='bbox 782 4913 1039 4988; x_wconf 91' lang='lat' dir='ltr'>possunt</span> <span class='ocrx_word' id='word_1_373' title='bbox 1062 4911 1280 4969; x_wconf 89' lang='lat' dir='ltr'>contra</span> <span class='ocrx_word' id='word_1_374' title='bbox 1296 4908 1398 4987; x_wconf 85' lang='lat' dir='ltr'>jus</span> <span class='ocrx_word' id='word_1_375' title='bbox 1420 4924 1751 4969; x_wconf 90' lang='lat' dir='ltr'>commune</span> 
     </span>
     <span class='ocr_line' id='line_1_52' title="bbox 181 5000 1753 5081; baseline -0.001 -17"><span class='ocrx_word' id='word_1_376' title='bbox 181 5007 486 5079; x_wconf 86' lang='lat' dir='ltr'>statuere,</span> <span class='ocrx_word' id='word_1_377' title='bbox 506 5007 614 5063; x_wconf 89' lang='lat' dir='ltr'>aut</span> <span class='ocrx_word' id='word_1_378' title='bbox 630 5001 967 5063; x_wconf 85' lang='lat' dir='ltr'>sententias</span> <span class='ocrx_word' id='word_1_379' title='bbox 993 5000 1216 5062; x_wconf 80' lang='lat' dir='ltr'>dicere.</span> <span class='ocrx_word' id='word_1_380' title='bbox 1242 5000 1308 5063; x_wconf 86' lang='lat' dir='ltr'>Si</span> <span class='ocrx_word' id='word_1_381' title='bbox 1334 5018 1483 5081; x_wconf 91' lang='lat' dir='ltr'>ergo</span> <span class='ocrx_word' id='word_1_382' title='bbox 1510 5006 1753 5063; x_wconf 89' lang='lat' dir='ltr'>senten-</span> 
     </span>
     <span class='ocr_line' id='line_1_53' title="bbox 182 5093 1755 5176; baseline -0.003 -17"><span class='ocrx_word' id='word_1_383' title='bbox 182 5098 275 5159; x_wconf 88' lang='lat' dir='ltr'>tia</span> <span class='ocrx_word' id='word_1_384' title='bbox 302 5096 405 5159; x_wconf 86' lang='lat' dir='ltr'>vel</span> <span class='ocrx_word' id='word_1_385' title='bbox 435 5114 800 5176; x_wconf 86' lang='lat' dir='ltr'>responsum</span> <span class='ocrx_word' id='word_1_386' title='bbox 826 5094 1112 5176; x_wconf 90' lang='lat' dir='ltr'>Episcopi</span> <span class='ocrx_word' id='word_1_387' title='bbox 1134 5094 1215 5156; x_wconf 89' lang='lat' dir='ltr'>sit</span> <span class='ocrx_word' id='word_1_388' title='bbox 1231 5100 1446 5155; x_wconf 88' lang='lat' dir='ltr'>contra</span> <span class='ocrx_word' id='word_1_389' title='bbox 1462 5093 1564 5175; x_wconf 84' lang='lat' dir='ltr'>jus</span> <span class='ocrx_word' id='word_1_390' title='bbox 1591 5112 1755 5156; x_wconf 83' lang='lat' dir='ltr'>com-</span> 
     </span>
     <span class='ocr_line' id='line_1_54' title="bbox 183 5186 1756 5265; baseline -0.001 -14"><span class='ocrx_word' id='word_1_391' title='bbox 183 5208 406 5265; x_wconf 90' lang='lat' dir='ltr'>mune,</span> <span class='ocrx_word' id='word_1_392' title='bbox 438 5207 567 5250; x_wconf 92' lang='lat' dir='ltr'>non</span> <span class='ocrx_word' id='word_1_393' title='bbox 594 5188 795 5250; x_wconf 86' lang='lat' dir='ltr'>solum</span> <span class='ocrx_word' id='word_1_394' title='bbox 827 5206 957 5249; x_wconf 92' lang='lat' dir='ltr'>non</span> <span class='ocrx_word' id='word_1_395' title='bbox 983 5188 1234 5249; x_wconf 86' lang='lat' dir='ltr'>inducet</span> <span class='ocrx_word' id='word_1_396' title='bbox 1277 5186 1507 5265; x_wconf 84' lang='lat' dir='ltr'>legem,</span> <span class='ocrx_word' id='word_1_397' title='bbox 1535 5205 1756 5250; x_wconf 82' lang='lat' dir='ltr'>verum</span> 
     </span>
     <span class='ocr_line' id='line_1_55' title="bbox 185 5279 1758 5363; baseline -0.002 -18"><span class='ocrx_word' id='word_1_398' title='bbox 185 5284 380 5345; x_wconf 86' lang='lat' dir='ltr'>etiam</span> <span class='ocrx_word' id='word_1_399' title='bbox 406 5281 567 5343; x_wconf 89' lang='lat' dir='ltr'>nihil</span> <span class='ocrx_word' id='word_1_400' title='bbox 592 5281 863 5360; x_wconf 83' lang='lat' dir='ltr'>valebit3</span> <span class='ocrx_word' id='word_1_401' title='bbox 885 5282 938 5343; x_wconf 88' lang='lat' dir='ltr'>si</span> <span class='ocrx_word' id='word_1_402' title='bbox 963 5297 1110 5342; x_wconf 84' lang='lat' dir='ltr'>vero</span> <span class='ocrx_word' id='word_1_403' title='bbox 1128 5297 1239 5360; x_wconf 90' lang='lat' dir='ltr'>per</span> <span class='ocrx_word' id='word_1_404' title='bbox 1264 5279 1635 5363; x_wconf 77' lang='lat' dir='ltr'>sententiam</span> <span class='ocrx_word' id='word_1_405' title='bbox 1662 5281 1758 5343; x_wconf 91' lang='lat' dir='ltr'>in-</span> 
     </span>
     <span class='ocr_line' id='line_1_56' title="bbox 183 5373 1759 5456; baseline -0.001 -19"><span class='ocrx_word' id='word_1_406' title='bbox 183 5381 567 5455; x_wconf 86' lang='lat' dir='ltr'>terpretetur</span> <span class='ocrx_word' id='word_1_407' title='bbox 615 5393 801 5436; x_wconf 88' lang='lat' dir='ltr'>suum</span> <span class='ocrx_word' id='word_1_408' title='bbox 847 5374 1167 5456; x_wconf 89' lang='lat' dir='ltr'>proprium</span> <span class='ocrx_word' id='word_1_409' title='bbox 1204 5373 1311 5453; x_wconf 86' lang='lat' dir='ltr'>jus</span> <span class='ocrx_word' id='word_1_410' title='bbox 1326 5418 1347 5449; x_wconf 99' lang='lat'>,</span> <span class='ocrx_word' id='word_1_411' title='bbox 1392 5373 1524 5433; x_wconf 85' lang='lat' dir='ltr'>vim</span> <span class='ocrx_word' id='word_1_412' title='bbox 1568 5373 1759 5436; x_wconf 89' lang='lat' dir='ltr'>etiam</span> 
     </span>
     <span class='ocr_line' id='line_1_57' title="bbox 188 5466 1759 5549; baseline 0 -20"><span class='ocrx_word' id='word_1_413' title='bbox 188 5469 429 5548; x_wconf 89' lang='lat' dir='ltr'>proprii</span> <span class='ocrx_word' id='word_1_414' title='bbox 473 5468 631 5549; x_wconf 87' lang='lat' dir='ltr'>juris</span> <span class='ocrx_word' id='word_1_415' title='bbox 679 5468 910 5531; x_wconf 84' lang='lat' dir='ltr'>habere</span> <span class='ocrx_word' id='word_1_416' title='bbox 955 5466 1184 5548; x_wconf 89' lang='lat' dir='ltr'>poterit</span> <span class='ocrx_word' id='word_1_417' title='bbox 1230 5466 1560 5544; x_wconf 88' lang='lat' dir='ltr'>sententia,</span> <span class='ocrx_word' id='word_1_418' title='bbox 1608 5466 1759 5547; x_wconf 85' lang='lat' dir='ltr'>quia</span> 
     </span>
     <span class='ocr_line' id='line_1_58' title="bbox 190 5560 1759 5644; baseline 0.003 -21"><span class='ocrx_word' id='word_1_419' title='bbox 190 5563 398 5642; x_wconf 85' lang='lat' dir='ltr'>quoad</span> <span class='ocrx_word' id='word_1_420' title='bbox 429 5560 548 5625; x_wconf 91' lang='lat' dir='ltr'>hoc</span> <span class='ocrx_word' id='word_1_421' title='bbox 567 5560 757 5625; x_wconf 88' lang='lat' dir='ltr'>habet</span> <span class='ocrx_word' id='word_1_422' title='bbox 777 5561 1062 5627; x_wconf 86' lang='lat' dir='ltr'>eamdem</span> <span class='ocrx_word' id='word_1_423' title='bbox 1082 5567 1470 5644; x_wconf 87' lang='lat' dir='ltr'>potestatem,</span> <span class='ocrx_word' id='word_1_424' title='bbox 1497 5567 1561 5626; x_wconf 91' lang='lat' dir='ltr'>et</span> <span class='ocrx_word' id='word_1_425' title='bbox 1589 5562 1759 5627; x_wconf 91' lang='lat' dir='ltr'>idem</span> 
     </span>
    </p>
   </div>
   <div class='ocr_carea' id='block_1_8' title="bbox 1842 795 3402 1066">
    <p class='ocr_par' dir='ltr' id='par_1_9' title="bbox 1842 795 3402 1066">
     <span class='ocr_line' id='line_1_59' title="bbox 1844 795 3402 879; baseline -0.003 -19"><span class='ocrx_word' id='word_1_426' title='bbox 1844 817 1949 862; x_wconf 92' lang='lat' dir='ltr'>mo</span> <span class='ocrx_word' id='word_1_427' title='bbox 1978 799 2310 875; x_wconf 87' lang='lat' dir='ltr'>statuendi,</span> <span class='ocrx_word' id='word_1_428' title='bbox 2330 804 2392 861; x_wconf 89' lang='lat' dir='ltr'>et</span> <span class='ocrx_word' id='word_1_429' title='bbox 2411 795 2578 879; x_wconf 87' lang='lat' dir='ltr'>quod</span> <span class='ocrx_word' id='word_1_430' title='bbox 2600 795 2863 859; x_wconf 86' lang='lat' dir='ltr'>materia</span> <span class='ocrx_word' id='word_1_431' title='bbox 2889 795 2969 856; x_wconf 88' lang='lat' dir='ltr'>sit</span> <span class='ocrx_word' id='word_1_432' title='bbox 2995 800 3163 875; x_wconf 89' lang='lat' dir='ltr'>apta,</span> <span class='ocrx_word' id='word_1_433' title='bbox 3185 802 3247 857; x_wconf 90' lang='lat' dir='ltr'>et</span> <span class='ocrx_word' id='word_1_434' title='bbox 3265 814 3402 857; x_wconf 87' lang='lat' dir='ltr'>sen-</span> 
     </span>
     <span class='ocr_line' id='line_1_60' title="bbox 1842 889 3402 971; baseline -0.003 -15"><span class='ocrx_word' id='word_1_435' title='bbox 1842 893 2063 971; x_wconf 86' lang='lat' dir='ltr'>tentia,</span> <span class='ocrx_word' id='word_1_436' title='bbox 2092 893 2194 955; x_wconf 83' lang='lat' dir='ltr'>vel</span> <span class='ocrx_word' id='word_1_437' title='bbox 2224 893 2543 955; x_wconf 90' lang='lat' dir='ltr'>decretum</span> <span class='ocrx_word' id='word_1_438' title='bbox 2564 890 2846 971; x_wconf 86' lang='lat' dir='ltr'>Episcopi</span> <span class='ocrx_word' id='word_1_439' title='bbox 2877 889 3252 951; x_wconf 89' lang='lat' dir='ltr'>sufficienter</span> <span class='ocrx_word' id='word_1_440' title='bbox 3288 908 3402 969; x_wconf 93' lang='lat' dir='ltr'>pro</span> 
     </span>
     <span class='ocr_line' id='line_1_61' title="bbox 1843 982 3013 1066; baseline -0.002 -17"><span class='ocrx_word' id='word_1_441' title='bbox 1843 988 2083 1052; x_wconf 88' lang='lat' dir='ltr'>ratione</span> <span class='ocrx_word' id='word_1_442' title='bbox 2110 1005 2237 1051; x_wconf 78' lang='lat' dir='ltr'>suoe</span> <span class='ocrx_word' id='word_1_443' title='bbox 2262 988 2540 1049; x_wconf 81' lang='lat' dir='ltr'>dioecesis</span> <span class='ocrx_word' id='word_1_444' title='bbox 2564 982 3013 1066; x_wconf 87' lang='lat' dir='ltr'>promulgetur.</span> 
     </span>
    </p>
   </div>
   <div class='ocr_carea' id='block_1_9' title="bbox 2412 1166 2824 1232">
    <p class='ocr_par' dir='ltr' id='par_1_10' title="bbox 2412 1166 2824 1232">
     <span class='ocr_line' id='line_1_62' title="bbox 2412 1166 2824 1232; baseline -0.007 0"><span class='ocrx_word' id='word_1_445' title='bbox 2412 1168 2661 1232; x_wconf 80' lang='lat' dir='ltr'>CAPUT</span> <span class='ocrx_word' id='word_1_446' title='bbox 2696 1166 2824 1230; x_wconf 87' lang='lat' dir='ltr'>XV.</span> 
     </span>
    </p>
   </div>
   <div class='ocr_carea' id='block_1_10' title="bbox 1844 1363 3405 1525">
    <p class='ocr_par' dir='ltr' id='par_1_11' title="bbox 1844 1363 3405 1525">
     <span class='ocr_line' id='line_1_63' title="bbox 1844 1363 3405 1427; baseline -0.006 -7"><span class='ocrx_word' id='word_1_447' title='bbox 1844 1371 1975 1427; x_wconf 74' lang='lat' dir='ltr'>015AE</span> <span class='ocrx_word' id='word_1_448' title='bbox 2014 1366 2419 1419; x_wconf 55' lang='lat' dir='ltr'>montumano</span> <span class='ocrx_word' id='word_1_449' title='bbox 2465 1367 2531 1416; x_wconf 81' lang='lat' dir='ltr'>m</span> <span class='ocrx_word' id='word_1_450' title='bbox 2579 1367 2821 1414; x_wconf 72' lang='lat' dir='ltr'>memus</span> <span class='ocrx_word' id='word_1_451' title='bbox 2872 1363 3170 1414; x_wconf 71' lang='lat' dir='ltr'>amomum</span> <span class='ocrx_word' id='word_1_452' title='bbox 3212 1364 3405 1411; x_wconf 76' lang='lat' dir='ltr'>smm-</span> 
     </span>
     <span class='ocr_line' id='line_1_64' title="bbox 2056 1459 3175 1525; baseline -0.004 -14"><span class='ocrx_word' id='word_1_453' title='bbox 2056 1464 2212 1525; x_wconf 67' lang='lat' dir='ltr'>mu,</span> <span class='ocrx_word' id='word_1_454' title='bbox 2256 1462 2333 1509; x_wconf 80' lang='lat' dir='ltr'>m·</span> <span class='ocrx_word' id='word_1_455' title='bbox 2373 1461 2485 1509; x_wconf 77' lang='lat' dir='ltr'>vm</span> <span class='ocrx_word' id='word_1_456' title='bbox 2523 1461 2831 1509; x_wconf 66' lang='lat' dir='ltr'>causamn</span> <span class='ocrx_word' id='word_1_457' title='bbox 2870 1459 3175 1508; x_wconf 65' lang='lat' dir='ltr'>mam.</span> 
     </span>
    </p>
   </div>
   <div class='ocr_carea' id='block_1_11' title="bbox 1826 1640 3415 5276">
    <p class='ocr_par' dir='ltr' id='par_1_12' title="bbox 1826 1640 3415 4422">
     <span class='ocr_line' id='line_1_65' title="bbox 1927 1640 3405 1723; baseline -0.003 -16"><span class='ocrx_word' id='word_1_458' title='bbox 1927 1650 1957 1707; x_wconf 80' lang='lat'><strong>1</strong></span> <span class='ocrx_word' id='word_1_459' title='bbox 1971 1691 1986 1706; x_wconf 93' lang='lat'>.</span> <span class='ocrx_word' id='word_1_460' title='bbox 2031 1645 2255 1709; x_wconf 80' lang='lat' dir='ltr'>Prima</span> <span class='ocrx_word' id='word_1_461' title='bbox 2275 1644 2588 1709; x_wconf 71' lang='lat' dir='ltr'>sententia.</span> <span class='ocrx_word' id='word_1_462' title='bbox 2609 1673 2693 1690; x_wconf 90' lang='lat'><em>-</em></span> <span class='ocrx_word' id='word_1_463' title='bbox 2709 1640 3051 1723; x_wconf 86' lang='lat' dir='ltr'>Suppositis</span> <span class='ocrx_word' id='word_1_464' title='bbox 3076 1656 3216 1723; x_wconf 83' lang='lat' dir='ltr'>quae</span> <span class='ocrx_word' id='word_1_465' title='bbox 3236 1657 3405 1703; x_wconf 90' lang='lat' dir='ltr'>com-</span> 
     </span>
     <span class='ocr_line' id='line_1_66' title="bbox 1843 1734 3403 1818; baseline -0.003 -17"><span class='ocrx_word' id='word_1_466' title='bbox 1843 1740 2062 1802; x_wconf 89' lang='lat' dir='ltr'>munia</span> <span class='ocrx_word' id='word_1_467' title='bbox 2085 1744 2229 1800; x_wconf 88' lang='lat' dir='ltr'>sunt</span> <span class='ocrx_word' id='word_1_468' title='bbox 2258 1737 2386 1818; x_wconf 89' lang='lat' dir='ltr'>legi</span> <span class='ocrx_word' id='word_1_469' title='bbox 2411 1737 2728 1813; x_wconf 84' lang='lat' dir='ltr'>humanae,</span> <span class='ocrx_word' id='word_1_470' title='bbox 2745 1740 2816 1797; x_wconf 88' lang='lat' dir='ltr'>ut</span> <span class='ocrx_word' id='word_1_471' title='bbox 2841 1734 2983 1796; x_wconf 89' lang='lat' dir='ltr'>talis</span> <span class='ocrx_word' id='word_1_472' title='bbox 3012 1739 3124 1809; x_wconf 86' lang='lat' dir='ltr'>est,</span> <span class='ocrx_word' id='word_1_473' title='bbox 3148 1739 3212 1796; x_wconf 90' lang='lat' dir='ltr'>et</span> <span class='ocrx_word' id='word_1_474' title='bbox 3238 1734 3403 1796; x_wconf 83' lang='lat' dir='ltr'>dicta</span> 
     </span>
     <span class='ocr_line' id='line_1_67' title="bbox 1838 1827 3403 1913; baseline -0.003 -19"><span class='ocrx_word' id='word_1_475' title='bbox 1838 1839 1983 1894; x_wconf 90' lang='lat' dir='ltr'>sunt</span> <span class='ocrx_word' id='word_1_476' title='bbox 2010 1832 2119 1894; x_wconf 91' lang='lat' dir='ltr'>lib.</span> <span class='ocrx_word' id='word_1_477' title='bbox 2145 1829 2541 1913; x_wconf 69' lang='lat' dir='ltr'>praecedenti,</span> <span class='ocrx_word' id='word_1_478' title='bbox 2569 1848 2622 1893; x_wconf 93' lang='lat' dir='ltr'>c.</span> <span class='ocrx_word' id='word_1_479' title='bbox 2649 1832 2751 1906; x_wconf 72' lang='lat'>14,</span> <span class='ocrx_word' id='word_1_480' title='bbox 2777 1827 2880 1890; x_wconf 83' lang='lat' dir='ltr'>hic</span> <span class='ocrx_word' id='word_1_481' title='bbox 2900 1827 3102 1889; x_wconf 90' lang='lat' dir='ltr'>solum</span> <span class='ocrx_word' id='word_1_482' title='bbox 3121 1833 3403 1907; x_wconf 90' lang='lat' dir='ltr'>superest</span> 
     </span>
     <span class='ocr_line' id='line_1_68' title="bbox 1838 1920 3403 2009; baseline -0.004 -21"><span class='ocrx_word' id='word_1_483' title='bbox 1838 1927 2098 2009; x_wconf 82' lang='lat' dir='ltr'>quoestio</span> <span class='ocrx_word' id='word_1_484' title='bbox 2110 1971 2131 2004; x_wconf 91' lang='lat'>,</span> <span class='ocrx_word' id='word_1_485' title='bbox 2174 1945 2257 1987; x_wconf 88' lang='lat' dir='ltr'>an</span> <span class='ocrx_word' id='word_1_486' title='bbox 2295 1943 2408 2005; x_wconf 93' lang='lat' dir='ltr'>pro</span> <span class='ocrx_word' id='word_1_487' title='bbox 2443 1923 2688 2002; x_wconf 86' lang='lat' dir='ltr'>legibus</span> <span class='ocrx_word' id='word_1_488' title='bbox 2724 1920 3036 1985; x_wconf 88' lang='lat' dir='ltr'>canonicis</span> <span class='ocrx_word' id='word_1_489' title='bbox 3070 1920 3403 2001; x_wconf 84' lang='lat' dir='ltr'>pontificiis</span> 
     </span>
     <span class='ocr_line' id='line_1_69' title="bbox 1838 2015 3402 2100; baseline -0.005 -17"><span class='ocrx_word' id='word_1_490' title='bbox 1838 2021 2104 2084; x_wconf 88' lang='lat' dir='ltr'>sufficiat</span> <span class='ocrx_word' id='word_1_491' title='bbox 2146 2039 2274 2082; x_wconf 88' lang='lat' dir='ltr'>una</span> <span class='ocrx_word' id='word_1_492' title='bbox 2319 2017 2737 2100; x_wconf 87' lang='lat' dir='ltr'>promulgatio</span> <span class='ocrx_word' id='word_1_493' title='bbox 2780 2017 2992 2079; x_wconf 80' lang='lat' dir='ltr'>Romae</span> <span class='ocrx_word' id='word_1_494' title='bbox 3034 2015 3197 2077; x_wconf 88' lang='lat' dir='ltr'>facta</span> <span class='ocrx_word' id='word_1_495' title='bbox 3224 2060 3246 2090; x_wconf 91' lang='lat'>,</span> <span class='ocrx_word' id='word_1_496' title='bbox 3300 2015 3402 2076; x_wconf 84' lang='lat' dir='ltr'>vel</span> 
     </span>
     <span class='ocr_line' id='line_1_70' title="bbox 1837 2107 3401 2193; baseline -0.004 -18"><span class='ocrx_word' id='word_1_497' title='bbox 1837 2114 1906 2175; x_wconf 93' lang='lat' dir='ltr'>in</span> <span class='ocrx_word' id='word_1_498' title='bbox 1937 2114 2198 2193; x_wconf 85' lang='lat' dir='ltr'>singulis</span> <span class='ocrx_word' id='word_1_499' title='bbox 2233 2112 2593 2174; x_wconf 87' lang='lat' dir='ltr'>dioecesibus</span> <span class='ocrx_word' id='word_1_500' title='bbox 2633 2116 2742 2173; x_wconf 87' lang='lat' dir='ltr'>aut</span> <span class='ocrx_word' id='word_1_501' title='bbox 2781 2107 3401 2189; x_wconf 88' lang='lat' dir='ltr'>archiepiscopatibus</span> 
     </span>
     <span class='ocr_line' id='line_1_71' title="bbox 1837 2201 3400 2289; baseline -0.004 -19"><span class='ocrx_word' id='word_1_502' title='bbox 1837 2208 1937 2270; x_wconf 84' lang='lat' dir='ltr'>vel</span> <span class='ocrx_word' id='word_1_503' title='bbox 1969 2207 2301 2289; x_wconf 84' lang='lat' dir='ltr'>provinciis</span> <span class='ocrx_word' id='word_1_504' title='bbox 2343 2206 2551 2287; x_wconf 89' lang='lat' dir='ltr'>plures</span> <span class='ocrx_word' id='word_1_505' title='bbox 2586 2204 2943 2267; x_wconf 76' lang='lat' dir='ltr'>necessariae</span> <span class='ocrx_word' id='word_1_506' title='bbox 2981 2203 3125 2264; x_wconf 89' lang='lat' dir='ltr'>sint.</span> <span class='ocrx_word' id='word_1_507' title='bbox 3173 2204 3244 2262; x_wconf 90' lang='lat' dir='ltr'>In</span> <span class='ocrx_word' id='word_1_508' title='bbox 3280 2201 3400 2263; x_wconf 91' lang='lat' dir='ltr'>hoc</span> 
     </span>
     <span class='ocr_line' id='line_1_72' title="bbox 1838 2294 3399 2375; baseline -0.005 -11"><span class='ocrx_word' id='word_1_509' title='bbox 1838 2303 2010 2364; x_wconf 93' lang='lat' dir='ltr'>enim</span> <span class='ocrx_word' id='word_1_510' title='bbox 2053 2302 2225 2363; x_wconf 82' lang='lat' dir='ltr'>varie</span> <span class='ocrx_word' id='word_1_511' title='bbox 2269 2301 2547 2362; x_wconf 87' lang='lat' dir='ltr'>sentiunt</span> <span class='ocrx_word' id='word_1_512' title='bbox 2591 2304 2891 2361; x_wconf 82' lang='lat' dir='ltr'>auctores,</span> <span class='ocrx_word' id='word_1_513' title='bbox 2938 2296 3146 2359; x_wconf 88' lang='lat' dir='ltr'>Prima</span> <span class='ocrx_word' id='word_1_514' title='bbox 3187 2294 3399 2375; x_wconf 92' lang='lat' dir='ltr'>opinio</span> 
     </span>
     <span class='ocr_line' id='line_1_73' title="bbox 1837 2390 3397 2474; baseline -0.005 -17"><span class='ocrx_word' id='word_1_515' title='bbox 1837 2401 1930 2457; x_wconf 89' lang='lat' dir='ltr'>est</span> <span class='ocrx_word' id='word_1_516' title='bbox 1957 2395 2027 2455; x_wconf 93' lang='lat' dir='ltr'>in</span> <span class='ocrx_word' id='word_1_517' title='bbox 2051 2395 2294 2474; x_wconf 87' lang='lat' dir='ltr'>legibus</span> <span class='ocrx_word' id='word_1_518' title='bbox 2321 2393 2634 2455; x_wconf 91' lang='lat' dir='ltr'>canonicis</span> <span class='ocrx_word' id='word_1_519' title='bbox 2663 2390 3030 2454; x_wconf 87' lang='lat' dir='ltr'>servandam</span> <span class='ocrx_word' id='word_1_520' title='bbox 3059 2406 3187 2452; x_wconf 88' lang='lat' dir='ltr'>esse</span> <span class='ocrx_word' id='word_1_521' title='bbox 3213 2405 3397 2468; x_wconf 90' lang='lat' dir='ltr'>regu-</span> 
     </span>
     <span class='ocr_line' id='line_1_74' title="bbox 1834 2479 3399 2566; baseline -0.004 -18"><span class='ocrx_word' id='word_1_522' title='bbox 1834 2487 1962 2548; x_wconf 89' lang='lat' dir='ltr'>lam</span> <span class='ocrx_word' id='word_1_523' title='bbox 1999 2479 2210 2549; x_wconf 82' lang='lat' dir='ltr'>datam</span> <span class='ocrx_word' id='word_1_524' title='bbox 2239 2487 2316 2548; x_wconf 92' lang='lat' dir='ltr'>de</span> <span class='ocrx_word' id='word_1_525' title='bbox 2353 2486 2597 2566; x_wconf 88' lang='lat' dir='ltr'>legibus</span> <span class='ocrx_word' id='word_1_526' title='bbox 2624 2485 2907 2547; x_wconf 81' lang='lat' dir='ltr'>civilibus</span> <span class='ocrx_word' id='word_1_527' title='bbox 2944 2483 3086 2545; x_wconf 89' lang='lat' dir='ltr'>latis</span> <span class='ocrx_word' id='word_1_528' title='bbox 3120 2501 3233 2563; x_wconf 92' lang='lat' dir='ltr'>pro</span> <span class='ocrx_word' id='word_1_529' title='bbox 3267 2500 3399 2542; x_wconf 87' lang='lat' dir='ltr'>am-</span> 
     </span>
     <span class='ocr_line' id='line_1_75' title="bbox 1834 2573 3397 2661; baseline -0.004 -20"><span class='ocrx_word' id='word_1_530' title='bbox 1834 2580 2125 2661; x_wconf 88' lang='lat' dir='ltr'>plissimis</span> <span class='ocrx_word' id='word_1_531' title='bbox 2151 2578 2384 2658; x_wconf 77' lang='lat' dir='ltr'>regniS,</span> <span class='ocrx_word' id='word_1_532' title='bbox 2411 2577 2642 2658; x_wconf 77' lang='lat' dir='ltr'>plureS,</span> <span class='ocrx_word' id='word_1_533' title='bbox 2674 2596 2746 2640; x_wconf 91' lang='lat' dir='ltr'>ac</span> <span class='ocrx_word' id='word_1_534' title='bbox 2768 2576 3156 2657; x_wconf 74' lang='lat' dir='ltr'>principale3‚</span> <span class='ocrx_word' id='word_1_535' title='bbox 3186 2581 3250 2635; x_wconf 93' lang='lat' dir='ltr'>et</span> <span class='ocrx_word' id='word_1_536' title='bbox 3275 2573 3397 2635; x_wconf 88' lang='lat' dir='ltr'>dis-</span> 
     </span>
     <span class='ocr_line' id='line_1_76' title="bbox 1833 2666 3398 2753; baseline -0.006 -17"><span class='ocrx_word' id='word_1_537' title='bbox 1833 2680 2037 2736; x_wconf 88' lang='lat' dir='ltr'>tantes</span> <span class='ocrx_word' id='word_1_538' title='bbox 2059 2674 2420 2753; x_wconf 86' lang='lat' dir='ltr'>&#39;provincias</span> <span class='ocrx_word' id='word_1_539' title='bbox 2459 2669 3119 2751; x_wconf 88' lang='lat' dir='ltr'>comprehendentibus</span> <span class='ocrx_word' id='word_1_540' title='bbox 3132 2714 3153 2745; x_wconf 92' lang='lat'>,</span> <span class='ocrx_word' id='word_1_541' title='bbox 3180 2666 3398 2729; x_wconf 85' lang='lat' dir='ltr'>videli-</span> 
     </span>
     <span class='ocr_line' id='line_1_77' title="bbox 1834 2762 3397 2846; baseline -0.003 -19"><span class='ocrx_word' id='word_1_542' title='bbox 1834 2772 1968 2843; x_wconf 89' lang='lat' dir='ltr'>cet,</span> <span class='ocrx_word' id='word_1_543' title='bbox 2014 2784 2126 2846; x_wconf 88' lang='lat' dir='ltr'>pro</span> <span class='ocrx_word' id='word_1_544' title='bbox 2166 2766 2394 2827; x_wconf 88' lang='lat' dir='ltr'>talibus</span> <span class='ocrx_word' id='word_1_545' title='bbox 2432 2765 2676 2845; x_wconf 87' lang='lat' dir='ltr'>legibus</span> <span class='ocrx_word' id='word_1_546' title='bbox 2715 2781 2847 2826; x_wconf 87' lang='lat' dir='ltr'>non</span> <span class='ocrx_word' id='word_1_547' title='bbox 2891 2762 3168 2824; x_wconf 89' lang='lat' dir='ltr'>sufficere</span> <span class='ocrx_word' id='word_1_548' title='bbox 3203 2780 3397 2823; x_wconf 88' lang='lat' dir='ltr'>unam</span> 
     </span>
     <span class='ocr_line' id='line_1_78' title="bbox 1832 2856 3396 2942; baseline -0.004 -19"><span class='ocrx_word' id='word_1_549' title='bbox 1832 2858 2398 2942; x_wconf 87' lang='lat' dir='ltr'>promulgationem</span> <span class='ocrx_word' id='word_1_550' title='bbox 2430 2861 2641 2921; x_wconf 80' lang='lat' dir='ltr'>Romae</span> <span class='ocrx_word' id='word_1_551' title='bbox 2667 2859 2893 2920; x_wconf 88' lang='lat' dir='ltr'>factam</span> <span class='ocrx_word' id='word_1_552' title='bbox 2906 2903 2927 2934; x_wconf 95' lang='lat'>,</span> <span class='ocrx_word' id='word_1_553' title='bbox 2971 2856 3078 2918; x_wconf 88' lang='lat' dir='ltr'>sed</span> <span class='ocrx_word' id='word_1_554' title='bbox 3111 2873 3396 2917; x_wconf 87' lang='lat' dir='ltr'>necessa-</span> 
     </span>
     <span class='ocr_line' id='line_1_79' title="bbox 1830 2948 3391 3033; baseline -0.003 -18"><span class='ocrx_word' id='word_1_555' title='bbox 1830 2955 1996 3016; x_wconf 91' lang='lat' dir='ltr'>rium</span> <span class='ocrx_word' id='word_1_556' title='bbox 2024 2972 2151 3015; x_wconf 86' lang='lat' dir='ltr'>esse</span> <span class='ocrx_word' id='word_1_557' title='bbox 2178 2954 2456 3032; x_wconf 88' lang='lat' dir='ltr'>singulas</span> <span class='ocrx_word' id='word_1_558' title='bbox 2484 2951 3015 3033; x_wconf 87' lang='lat' dir='ltr'>promulgationes</span> <span class='ocrx_word' id='word_1_559' title='bbox 3036 2950 3105 3011; x_wconf 94' lang='lat' dir='ltr'>in</span> <span class='ocrx_word' id='word_1_560' title='bbox 3129 2948 3391 3029; x_wconf 86' lang='lat' dir='ltr'>singulis</span> 
     </span>
     <span class='ocr_line' id='line_1_80' title="bbox 1831 3043 3415 3129; baseline -0.003 -21"><span class='ocrx_word' id='word_1_561' title='bbox 1831 3047 2162 3129; x_wconf 85' lang='lat' dir='ltr'>provinciis</span> <span class='ocrx_word' id='word_1_562' title='bbox 2210 3046 2628 3107; x_wconf 89' lang='lat' dir='ltr'>ecclesiasticis</span> <span class='ocrx_word' id='word_1_563' title='bbox 2650 3091 2671 3123; x_wconf 99' lang='lat'>,</span> <span class='ocrx_word' id='word_1_564' title='bbox 2724 3045 2790 3105; x_wconf 93' lang='lat' dir='ltr'>id</span> <span class='ocrx_word' id='word_1_565' title='bbox 2834 3050 2926 3105; x_wconf 90' lang='lat' dir='ltr'>est</span> <span class='ocrx_word' id='word_1_566' title='bbox 2945 3090 2965 3120; x_wconf 89' lang='lat'><em>‚</em></span> <span class='ocrx_word' id='word_1_567' title='bbox 3018 3044 3087 3105; x_wconf 89' lang='lat' dir='ltr'>in</span> <span class='ocrx_word' id='word_1_568' title='bbox 3131 3043 3415 3124; x_wconf 88' lang='lat' dir='ltr'>singulis</span> 
     </span>
     <span class='ocr_line' id='line_1_81' title="bbox 1833 3139 3396 3224; baseline -0.004 -18"><span class='ocrx_word' id='word_1_569' title='bbox 1833 3141 2285 3224; x_wconf 88' lang='lat' dir='ltr'>episcopatibus</span> <span class='ocrx_word' id='word_1_570' title='bbox 2320 3140 2479 3203; x_wconf 89' lang='lat' dir='ltr'>fieri.</span> <span class='ocrx_word' id='word_1_571' title='bbox 2522 3143 2617 3202; x_wconf 85' lang='lat' dir='ltr'>Ita</span> <span class='ocrx_word' id='word_1_572' title='bbox 2656 3146 2828 3202; x_wconf 87' lang='lat' dir='ltr'>tenet</span> <span class='ocrx_word' id='word_1_573' title='bbox 2862 3140 3285 3201; x_wconf 85' lang='lat' dir='ltr'>Panormitan.</span> <span class='ocrx_word' id='word_1_574' title='bbox 3326 3139 3396 3199; x_wconf 92' lang='lat' dir='ltr'>in</span> 
     </span>
     <span class='ocr_line' id='line_1_82' title="bbox 1833 3232 3388 3311; baseline -0.004 -12"><span class='ocrx_word' id='word_1_575' title='bbox 1833 3256 1885 3299; x_wconf 91' lang='lat' dir='ltr'>c.</span> <span class='ocrx_word' id='word_1_576' title='bbox 1918 3239 1958 3298; x_wconf 75' lang='lat'><strong>2</strong></span> <span class='ocrx_word' id='word_1_577' title='bbox 1988 3236 2065 3297; x_wconf 89' lang='lat' dir='ltr'>de</span> <span class='ocrx_word' id='word_1_578' title='bbox 2093 3235 2378 3311; x_wconf 89' lang='lat' dir='ltr'>Constit.,</span> <span class='ocrx_word' id='word_1_579' title='bbox 2420 3253 2483 3296; x_wconf 90' lang='grc' dir='ltr'>ιι.</span> <span class='ocrx_word' id='word_1_580' title='bbox 2516 3238 2581 3310; x_wconf 84' lang='grc'>’1,</span> <span class='ocrx_word' id='word_1_581' title='bbox 2622 3232 2702 3293; x_wconf 88' lang='lat' dir='ltr'>ad</span> <span class='ocrx_word' id='word_1_582' title='bbox 2728 3232 2920 3294; x_wconf 91' lang='lat' dir='ltr'>finem</span> <span class='ocrx_word' id='word_1_583' title='bbox 2940 3248 2960 3310; x_wconf 82' lang='lat'><em>3</em></span> <span class='ocrx_word' id='word_1_584' title='bbox 3004 3232 3130 3294; x_wconf 92' lang='lat' dir='ltr'>Fel.</span> <span class='ocrx_word' id='word_1_585' title='bbox 3153 3277 3174 3310; x_wconf 90' lang='lat'>,</span> <span class='ocrx_word' id='word_1_586' title='bbox 3212 3251 3279 3293; x_wconf 92' lang='lat' dir='ltr'>n.</span> <span class='ocrx_word' id='word_1_587' title='bbox 3308 3235 3343 3294; x_wconf 86' lang='lat'><strong>7</strong></span> <span class='ocrx_word' id='word_1_588' title='bbox 3366 3246 3388 3310; x_wconf 90' lang='lat'>;</span> 
     </span>
     <span class='ocr_line' id='line_1_83' title="bbox 1833 3324 3390 3406; baseline -0.004 -14"><span class='ocrx_word' id='word_1_589' title='bbox 1833 3332 2002 3406; x_wconf 66' lang='lat' dir='ltr'>Dec„</span> <span class='ocrx_word' id='word_1_590' title='bbox 2032 3329 2175 3390; x_wconf 93' lang='lat' dir='ltr'>lect.</span> <span class='ocrx_word' id='word_1_591' title='bbox 2215 3331 2277 3406; x_wconf 73' lang='lat'>2,</span> <span class='ocrx_word' id='word_1_592' title='bbox 2308 3347 2374 3388; x_wconf 93' lang='lat' dir='ltr'>n.</span> <span class='ocrx_word' id='word_1_593' title='bbox 2406 3328 2476 3405; x_wconf 80' lang='lat'>63</span> <span class='ocrx_word' id='word_1_594' title='bbox 2506 3327 2763 3389; x_wconf 82' lang='lat' dir='ltr'>Navarr.</span> <span class='ocrx_word' id='word_1_595' title='bbox 2795 3326 2863 3387; x_wconf 89' lang='lat' dir='ltr'>in</span> <span class='ocrx_word' id='word_1_596' title='bbox 2885 3326 3164 3401; x_wconf 88' lang='lat' dir='ltr'>Summa,</span> <span class='ocrx_word' id='word_1_597' title='bbox 3196 3343 3248 3387; x_wconf 95' lang='lat' dir='ltr'>c.</span> <span class='ocrx_word' id='word_1_598' title='bbox 3287 3324 3390 3402; x_wconf 78' lang='lat'>23,</span> 
     </span>
     <span class='ocr_line' id='line_1_84' title="bbox 1831 3418 3391 3507; baseline -0.003 -23"><span class='ocrx_word' id='word_1_599' title='bbox 1831 3443 1898 3484; x_wconf 93' lang='lat' dir='ltr'>n.</span> <span class='ocrx_word' id='word_1_600' title='bbox 1928 3425 2050 3500; x_wconf 71' lang='lat'>443</span> <span class='ocrx_word' id='word_1_601' title='bbox 2085 3421 2332 3501; x_wconf 88' lang='lat' dir='ltr'>Ange1.,</span> <span class='ocrx_word' id='word_1_602' title='bbox 2374 3419 2546 3482; x_wconf 84' lang='lat' dir='ltr'>verb.</span> <span class='ocrx_word' id='word_1_603' title='bbox 2579 3421 2737 3507; x_wconf 57' lang='lat' dir='ltr'>Lex,</span> <span class='ocrx_word' id='word_1_604' title='bbox 2768 3438 2836 3481; x_wconf 92' lang='lat' dir='ltr'>n.</span> <span class='ocrx_word' id='word_1_605' title='bbox 2868 3421 2989 3497; x_wconf 73' lang='lat'>233</span> <span class='ocrx_word' id='word_1_606' title='bbox 3033 3418 3289 3496; x_wconf 69' lang='lat' dir='ltr'>Medin„</span> <span class='ocrx_word' id='word_1_607' title='bbox 3332 3421 3391 3480; x_wconf 79' lang='lat'>1.</span> 
     </span>
     <span class='ocr_line' id='line_1_85' title="bbox 1828 3512 3389 3596; baseline -0.003 -18"><span class='ocrx_word' id='word_1_608' title='bbox 1828 3519 1891 3593; x_wconf 72' lang='lat'>2,</span> <span class='ocrx_word' id='word_1_609' title='bbox 1928 3535 1992 3596; x_wconf 92' lang='lat' dir='ltr'>q.</span> <span class='ocrx_word' id='word_1_610' title='bbox 2023 3517 2127 3592; x_wconf 83' lang='lat'>90,</span> <span class='ocrx_word' id='word_1_611' title='bbox 2170 3521 2287 3578; x_wconf 85' lang='lat' dir='ltr'>art.</span> <span class='ocrx_word' id='word_1_612' title='bbox 2321 3516 2384 3592; x_wconf 76' lang='lat'>4,</span> <span class='ocrx_word' id='word_1_613' title='bbox 2416 3515 2523 3595; x_wconf 89' lang='lat' dir='ltr'>qui</span> <span class='ocrx_word' id='word_1_614' title='bbox 2554 3513 2730 3575; x_wconf 88' lang='lat' dir='ltr'>illam</span> <span class='ocrx_word' id='word_1_615' title='bbox 2771 3512 2991 3574; x_wconf 88' lang='lat' dir='ltr'>tribuit</span> <span class='ocrx_word' id='word_1_616' title='bbox 3022 3512 3215 3591; x_wconf 69' lang='lat' dir='ltr'>Caiet‘.</span> <span class='ocrx_word' id='word_1_617' title='bbox 3253 3512 3344 3573; x_wconf 88' lang='lat' dir='ltr'>ibi</span> <span class='ocrx_word' id='word_1_618' title='bbox 3369 3534 3389 3589; x_wconf 92' lang='lat'>;</span> 
     </span>
     <span class='ocr_line' id='line_1_86' title="bbox 1828 3606 3395 3673; baseline -0.003 0"><span class='ocrx_word' id='word_1_619' title='bbox 1828 3611 1934 3673; x_wconf 88' lang='lat' dir='ltr'>sed</span> <span class='ocrx_word' id='word_1_620' title='bbox 1973 3609 2080 3671; x_wconf 90' lang='lat' dir='ltr'>ille</span> <span class='ocrx_word' id='word_1_621' title='bbox 2111 3626 2239 3670; x_wconf 91' lang='lat' dir='ltr'>non</span> <span class='ocrx_word' id='word_1_622' title='bbox 2285 3607 2435 3670; x_wconf 91' lang='lat' dir='ltr'>dicit</span> <span class='ocrx_word' id='word_1_623' title='bbox 2461 3608 2871 3671; x_wconf 89' lang='lat' dir='ltr'>necessariam</span> <span class='ocrx_word' id='word_1_624' title='bbox 2903 3624 3036 3669; x_wconf 87' lang='lat' dir='ltr'>esse</span> <span class='ocrx_word' id='word_1_625' title='bbox 3067 3606 3395 3669; x_wconf 86' lang='lat' dir='ltr'>denuntia-</span> 
     </span>
     <span class='ocr_line' id='line_1_87' title="bbox 1826 3700 3392 3782; baseline -0.002 -17"><span class='ocrx_word' id='word_1_626' title='bbox 1826 3704 2065 3765; x_wconf 90' lang='lat' dir='ltr'>tionem</span> <span class='ocrx_word' id='word_1_627' title='bbox 2093 3703 2161 3764; x_wconf 91' lang='lat' dir='ltr'>in</span> <span class='ocrx_word' id='word_1_628' title='bbox 2184 3702 2523 3782; x_wconf 85' lang='lat' dir='ltr'>provincia,</span> <span class='ocrx_word' id='word_1_629' title='bbox 2549 3708 2623 3765; x_wconf 93' lang='lat' dir='ltr'>ut</span> <span class='ocrx_word' id='word_1_630' title='bbox 2647 3701 2750 3764; x_wconf 88' lang='lat' dir='ltr'>lex</span> <span class='ocrx_word' id='word_1_631' title='bbox 2778 3700 3031 3779; x_wconf 87' lang='lat' dir='ltr'>obliget,</span> <span class='ocrx_word' id='word_1_632' title='bbox 3058 3700 3166 3763; x_wconf 90' lang='lat' dir='ltr'>sed</span> <span class='ocrx_word' id='word_1_633' title='bbox 3188 3701 3392 3762; x_wconf 90' lang='lat' dir='ltr'>solum</span> 
     </span>
     <span class='ocr_line' id='line_1_88' title="bbox 1830 3793 3389 3876; baseline -0.002 -17"><span class='ocrx_word' id='word_1_634' title='bbox 1830 3796 2111 3859; x_wconf 84' lang='lat' dir='ltr'>excusari</span> <span class='ocrx_word' id='word_1_635' title='bbox 2139 3796 2497 3875; x_wconf 88' lang='lat' dir='ltr'>ignorantes</span> <span class='ocrx_word' id='word_1_636' title='bbox 2524 3842 2546 3872; x_wconf 92' lang='lat'>,</span> <span class='ocrx_word' id='word_1_637' title='bbox 2590 3797 2641 3858; x_wconf 88' lang='lat' dir='ltr'>si</span> <span class='ocrx_word' id='word_1_638' title='bbox 2670 3795 2773 3858; x_wconf 88' lang='lat' dir='ltr'>lex</span> <span class='ocrx_word' id='word_1_639' title='bbox 2799 3800 3053 3876; x_wconf 89' lang='lat' dir='ltr'>propter</span> <span class='ocrx_word' id='word_1_640' title='bbox 3079 3793 3389 3857; x_wconf 90' lang='lat' dir='ltr'>incuriam</span> 
     </span>
     <span class='ocr_line' id='line_1_89' title="bbox 1827 3887 3387 3972; baseline -0.003 -19"><span class='ocrx_word' id='word_1_641' title='bbox 1827 3896 2146 3972; x_wconf 89' lang='lat' dir='ltr'>pastorum</span> <span class='ocrx_word' id='word_1_642' title='bbox 2192 3890 2272 3951; x_wconf 86' lang='lat' dir='ltr'>ad</span> <span class='ocrx_word' id='word_1_643' title='bbox 2313 3908 2530 3951; x_wconf 90' lang='lat' dir='ltr'>eorum</span> <span class='ocrx_word' id='word_1_644' title='bbox 2570 3889 2858 3950; x_wconf 89' lang='lat' dir='ltr'>notitiam</span> <span class='ocrx_word' id='word_1_645' title='bbox 2902 3905 3032 3949; x_wconf 91' lang='lat' dir='ltr'>non</span> <span class='ocrx_word' id='word_1_646' title='bbox 3075 3887 3387 3964; x_wconf 84' lang='lat' dir='ltr'>deveniat,</span> 
     </span>
     <span class='ocr_line' id='line_1_90' title="bbox 1829 3982 3393 4065; baseline -0.003 -19"><span class='ocrx_word' id='word_1_647' title='bbox 1829 3985 1995 4065; x_wconf 89' lang='lat' dir='ltr'>quod</span> <span class='ocrx_word' id='word_1_648' title='bbox 2024 4000 2246 4046; x_wconf 84' lang='lat' dir='ltr'>verum</span> <span class='ocrx_word' id='word_1_649' title='bbox 2279 3988 2342 4044; x_wconf 88' lang='lat' dir='ltr'>et</span> <span class='ocrx_word' id='word_1_650' title='bbox 2373 3983 2560 4061; x_wconf 88' lang='lat' dir='ltr'>longe</span> <span class='ocrx_word' id='word_1_651' title='bbox 2587 3982 2902 4044; x_wconf 83' lang='lat' dir='ltr'>diversum</span> <span class='ocrx_word' id='word_1_652' title='bbox 2931 3985 3046 4057; x_wconf 89' lang='lat' dir='ltr'>est,</span> <span class='ocrx_word' id='word_1_653' title='bbox 3092 3985 3164 4040; x_wconf 89' lang='lat' dir='ltr'>ut</span> <span class='ocrx_word' id='word_1_654' title='bbox 3190 3999 3301 4061; x_wconf 88' lang='lat' dir='ltr'>per</span> <span class='ocrx_word' id='word_1_655' title='bbox 3328 3998 3393 4042; x_wconf 90' lang='lat' dir='ltr'>se</span> 
     </span>
     <span class='ocr_line' id='line_1_91' title="bbox 1831 4074 3393 4158; baseline -0.002 -20"><span class='ocrx_word' id='word_1_656' title='bbox 1831 4083 2023 4158; x_wconf 89' lang='lat' dir='ltr'>patet.</span> <span class='ocrx_word' id='word_1_657' title='bbox 2054 4078 2231 4139; x_wconf 90' lang='lat' dir='ltr'>Unde</span> <span class='ocrx_word' id='word_1_658' title='bbox 2253 4076 2456 4157; x_wconf 91' lang='lat' dir='ltr'>potius</span> <span class='ocrx_word' id='word_1_659' title='bbox 2482 4081 2686 4156; x_wconf 89' lang='lat' dir='ltr'>posset</span> <span class='ocrx_word' id='word_1_660' title='bbox 2704 4075 2892 4153; x_wconf 86' lang='lat' dir='ltr'>Gajet.</span> <span class='ocrx_word' id='word_1_661' title='bbox 2921 4074 2989 4135; x_wconf 89' lang='lat' dir='ltr'>in</span> <span class='ocrx_word' id='word_1_662' title='bbox 3012 4074 3393 4135; x_wconf 88' lang='lat' dir='ltr'>contrarium</span> 
     </span>
     <span class='ocr_line' id='line_1_92' title="bbox 1829 4166 3393 4251; baseline -0.004 -18"><span class='ocrx_word' id='word_1_663' title='bbox 1829 4172 2066 4234; x_wconf 88' lang='lat' dir='ltr'>induci.</span> <span class='ocrx_word' id='word_1_664' title='bbox 2103 4171 2435 4251; x_wconf 90' lang='lat' dir='ltr'>Solentque</span> <span class='ocrx_word' id='word_1_665' title='bbox 2461 4188 2573 4250; x_wconf 92' lang='lat' dir='ltr'>pro</span> <span class='ocrx_word' id='word_1_666' title='bbox 2602 4170 2721 4231; x_wconf 88' lang='lat' dir='ltr'>hac</span> <span class='ocrx_word' id='word_1_667' title='bbox 2749 4167 3056 4230; x_wconf 83' lang='lat' dir='ltr'>sententia</span> <span class='ocrx_word' id='word_1_668' title='bbox 3076 4167 3254 4229; x_wconf 88' lang='lat' dir='ltr'>citari</span> <span class='ocrx_word' id='word_1_669' title='bbox 3280 4166 3393 4228; x_wconf 85' lang='lat' dir='ltr'>ali-</span> 
     </span>
     <span class='ocr_line' id='line_1_93' title="bbox 1828 4261 3392 4348; baseline -0.004 -18"><span class='ocrx_word' id='word_1_670' title='bbox 1828 4286 1955 4348; x_wconf 88' lang='lat' dir='ltr'>qua</span> <span class='ocrx_word' id='word_1_671' title='bbox 1982 4268 2126 4348; x_wconf 88' lang='lat' dir='ltr'>jura</span> <span class='ocrx_word' id='word_1_672' title='bbox 2153 4265 2469 4343; x_wconf 89' lang='lat' dir='ltr'>canonica,</span> <span class='ocrx_word' id='word_1_673' title='bbox 2501 4264 2607 4327; x_wconf 90' lang='lat' dir='ltr'>sed</span> <span class='ocrx_word' id='word_1_674' title='bbox 2646 4263 2807 4326; x_wconf 83' lang='lat' dir='ltr'>nihil</span> <span class='ocrx_word' id='word_1_675' title='bbox 2837 4262 3123 4343; x_wconf 88' lang='lat' dir='ltr'>probant,</span> <span class='ocrx_word' id='word_1_676' title='bbox 3168 4267 3232 4325; x_wconf 89' lang='lat' dir='ltr'>et</span> <span class='ocrx_word' id='word_1_677' title='bbox 3251 4261 3392 4324; x_wconf 90' lang='lat' dir='ltr'>ideo</span> 
     </span>
     <span class='ocr_line' id='line_1_94' title="bbox 1830 4358 2577 4422; baseline -0.004 0"><span class='ocrx_word' id='word_1_678' title='bbox 1830 4359 1939 4422; x_wconf 87' lang='lat' dir='ltr'>illa</span> <span class='ocrx_word' id='word_1_679' title='bbox 1970 4358 2210 4421; x_wconf 81' lang='lat' dir='ltr'>omitto,</span> <span class='ocrx_word' id='word_1_680' title='bbox 2572 4382 2577 4387; x_wconf 87' lang='lat'><em>·</em></span> 
     </span>
    </p>

    <p class='ocr_par' dir='ltr' id='par_1_13' title="bbox 1831 4448 3399 5276">
     <span class='ocr_line' id='line_1_95' title="bbox 1911 4448 3394 4531; baseline -0.003 -18"><span class='ocrx_word' id='word_1_681' title='bbox 1911 4454 1973 4514; x_wconf 73' lang='lat'>2.</span> <span class='ocrx_word' id='word_1_682' title='bbox 2018 4452 2330 4515; x_wconf 76' lang='lat' dir='ltr'>Probatur</span> <span class='ocrx_word' id='word_1_683' title='bbox 2365 4451 2492 4515; x_wconf 70' lang='lat' dir='ltr'>ista</span> <span class='ocrx_word' id='word_1_684' title='bbox 2528 4451 2752 4531; x_wconf 71' lang='lat' dir='ltr'>opinio.</span> <span class='ocrx_word' id='word_1_685' title='bbox 2782 4483 2866 4497; x_wconf 93' lang='lat'><strong>—</strong></span> <span class='ocrx_word' id='word_1_686' title='bbox 2889 4448 3394 4513; x_wconf 88' lang='lat' dir='ltr'>Fundamentum</span> 
     </span>
     <span class='ocr_line' id='line_1_96' title="bbox 1831 4543 3397 4625; baseline -0.002 -18"><span class='ocrx_word' id='word_1_687' title='bbox 1831 4562 1980 4625; x_wconf 91' lang='lat' dir='ltr'>ergo</span> <span class='ocrx_word' id='word_1_688' title='bbox 2011 4544 2175 4606; x_wconf 88' lang='lat' dir='ltr'>sumi</span> <span class='ocrx_word' id='word_1_689' title='bbox 2202 4543 2384 4607; x_wconf 88' lang='lat' dir='ltr'>debet</span> <span class='ocrx_word' id='word_1_690' title='bbox 2411 4563 2491 4607; x_wconf 82' lang='lat' dir='ltr'>ex</span> <span class='ocrx_word' id='word_1_691' title='bbox 2510 4543 2882 4606; x_wconf 88' lang='lat' dir='ltr'>Authentica</span> <span class='ocrx_word' id='word_1_692' title='bbox 2912 4545 2994 4608; x_wconf 83' lang='lat' dir='ltr'>Ut</span> <span class='ocrx_word' id='word_1_693' title='bbox 3016 4546 3199 4619; x_wconf 75' lang='lat' dir='ltr'>factoe</span> <span class='ocrx_word' id='word_1_694' title='bbox 3227 4560 3397 4604; x_wconf 76' lang='lat' dir='ltr'>nova·</span> 
     </span>
     <span class='ocr_line' id='line_1_97' title="bbox 1832 4632 3395 4717; baseline -0.004 -16"><span class='ocrx_word' id='word_1_695' title='bbox 1832 4639 2304 4716; x_wconf 71' lang='lat' dir='ltr'>constitutiones,</span> <span class='ocrx_word' id='word_1_696' title='bbox 2329 4638 2534 4700; x_wconf 88' lang='lat' dir='ltr'>collat.</span> <span class='ocrx_word' id='word_1_697' title='bbox 2568 4639 2630 4713; x_wconf 80' lang='lat'>5,</span> <span class='ocrx_word' id='word_1_698' title='bbox 2663 4654 2800 4717; x_wconf 89' lang='lat' dir='ltr'>quae</span> <span class='ocrx_word' id='word_1_699' title='bbox 2822 4636 2899 4697; x_wconf 91' lang='lat' dir='ltr'>de</span> <span class='ocrx_word' id='word_1_700' title='bbox 2927 4635 3170 4715; x_wconf 88' lang='lat' dir='ltr'>legibus</span> <span class='ocrx_word' id='word_1_701' title='bbox 3198 4632 3395 4696; x_wconf 82' lang='lat' dir='ltr'>civili-</span> 
     </span>
     <span class='ocr_line' id='line_1_98' title="bbox 1831 4726 3394 4813; baseline -0.002 -20"><span class='ocrx_word' id='word_1_702' title='bbox 1831 4730 1946 4793; x_wconf 90' lang='lat' dir='ltr'>bus</span> <span class='ocrx_word' id='word_1_703' title='bbox 1967 4731 2087 4792; x_wconf 93' lang='lat' dir='ltr'>hoc</span> <span class='ocrx_word' id='word_1_704' title='bbox 2107 4731 2402 4813; x_wconf 88' lang='lat' dir='ltr'>disponit,</span> <span class='ocrx_word' id='word_1_705' title='bbox 2426 4738 2498 4793; x_wconf 89' lang='lat' dir='ltr'>ut</span> <span class='ocrx_word' id='word_1_706' title='bbox 2519 4749 2707 4811; x_wconf 87' lang='lat' dir='ltr'>supra</span> <span class='ocrx_word' id='word_1_707' title='bbox 2726 4731 2931 4792; x_wconf 81' lang='lat' dir='ltr'>visum</span> <span class='ocrx_word' id='word_1_708' title='bbox 2953 4736 3080 4808; x_wconf 86' lang='lat' dir='ltr'>est3</span> <span class='ocrx_word' id='word_1_709' title='bbox 3111 4726 3394 4790; x_wconf 90' lang='lat' dir='ltr'>addendo</span> 
     </span>
     <span class='ocr_line' id='line_1_99' title="bbox 1831 4824 3397 4906; baseline -0.001 -22"><span class='ocrx_word' id='word_1_710' title='bbox 1831 4824 2115 4904; x_wconf 89' lang='lat' dir='ltr'>regulam</span> <span class='ocrx_word' id='word_1_711' title='bbox 2141 4843 2329 4904; x_wconf 89' lang='lat' dir='ltr'>supra</span> <span class='ocrx_word' id='word_1_712' title='bbox 2355 4826 2544 4886; x_wconf 89' lang='lat' dir='ltr'>etiam</span> <span class='ocrx_word' id='word_1_713' title='bbox 2569 4824 2857 4906; x_wconf 88' lang='lat' dir='ltr'>positam,</span> <span class='ocrx_word' id='word_1_714' title='bbox 2888 4824 3055 4904; x_wconf 89' lang='lat' dir='ltr'>quod</span> <span class='ocrx_word' id='word_1_715' title='bbox 3075 4824 3181 4904; x_wconf 85' lang='lat' dir='ltr'>jus</span> <span class='ocrx_word' id='word_1_716' title='bbox 3209 4839 3397 4884; x_wconf 89' lang='lat' dir='ltr'>cano-</span> 
     </span>
     <span class='ocr_line' id='line_1_100' title="bbox 1833 4913 3386 4997; baseline -0.001 -19"><span class='ocrx_word' id='word_1_717' title='bbox 1833 4918 2045 4978; x_wconf 90' lang='lat' dir='ltr'>nicum</span> <span class='ocrx_word' id='word_1_718' title='bbox 2085 4917 2153 4978; x_wconf 89' lang='lat' dir='ltr'>in</span> <span class='ocrx_word' id='word_1_719' title='bbox 2181 4917 2541 4997; x_wconf 89' lang='lat' dir='ltr'>hujusmodi</span> <span class='ocrx_word' id='word_1_720' title='bbox 2571 4917 2757 4980; x_wconf 88' lang='lat' dir='ltr'>rebus</span> <span class='ocrx_word' id='word_1_721' title='bbox 2791 4917 2991 4978; x_wconf 91' lang='lat' dir='ltr'>utitur</span> <span class='ocrx_word' id='word_1_722' title='bbox 3026 4918 3165 4997; x_wconf 84' lang='lat' dir='ltr'>jure</span> <span class='ocrx_word' id='word_1_723' title='bbox 3195 4913 3386 4990; x_wconf 84' lang='lat' dir='ltr'>civili,</span> 
     </span>
     <span class='ocr_line' id='line_1_101' title="bbox 1835 5005 3394 5091; baseline -0.001 -20"><span class='ocrx_word' id='word_1_724' title='bbox 1835 5015 1899 5071; x_wconf 92' lang='lat' dir='ltr'>et</span> <span class='ocrx_word' id='word_1_725' title='bbox 1921 5009 2118 5072; x_wconf 84' lang='lat' dir='ltr'>veluti</span> <span class='ocrx_word' id='word_1_726' title='bbox 2143 5010 2328 5072; x_wconf 86' lang='lat' dir='ltr'>tacite</span> <span class='ocrx_word' id='word_1_727' title='bbox 2360 5015 2633 5091; x_wconf 88' lang='lat' dir='ltr'>acceptat</span> <span class='ocrx_word' id='word_1_728' title='bbox 2657 5009 2813 5072; x_wconf 87' lang='lat' dir='ltr'>illud</span> <span class='ocrx_word' id='word_1_729' title='bbox 2829 5055 2850 5087; x_wconf 94' lang='lat'>,</span> <span class='ocrx_word' id='word_1_730' title='bbox 2880 5010 3128 5090; x_wconf 89' lang='lat' dir='ltr'>quando</span> <span class='ocrx_word' id='word_1_731' title='bbox 3156 5005 3394 5088; x_wconf 81' lang='lat' dir='ltr'>aliquid</span> 
     </span>
     <span class='ocr_line' id='line_1_102' title="bbox 1834 5102 3399 5183; baseline -0.002 -18"><span class='ocrx_word' id='word_1_732' title='bbox 1834 5103 2215 5165; x_wconf 90' lang='lat' dir='ltr'>contrarium</span> <span class='ocrx_word' id='word_1_733' title='bbox 2276 5103 2379 5166; x_wconf 84' lang='lat' dir='ltr'>vel</span> <span class='ocrx_word' id='word_1_734' title='bbox 2423 5104 2735 5166; x_wconf 83' lang='lat' dir='ltr'>diversum</span> <span class='ocrx_word' id='word_1_735' title='bbox 2790 5120 2920 5164; x_wconf 93' lang='lat' dir='ltr'>non</span> <span class='ocrx_word' id='word_1_736' title='bbox 2977 5102 3246 5183; x_wconf 83' lang='lat' dir='ltr'>disponit</span> <span class='ocrx_word' id='word_1_737' title='bbox 3264 5146 3285 5177; x_wconf 91' lang='lat'>,</span> <span class='ocrx_word' id='word_1_738' title='bbox 3335 5105 3399 5163; x_wconf 91' lang='lat' dir='ltr'>et</span> 
     </span>
     <span class='ocr_line' id='line_1_103' title="bbox 1833 5192 3397 5276; baseline -0.001 -20"><span class='ocrx_word' id='word_1_739' title='bbox 1833 5195 2065 5275; x_wconf 82' lang='lat' dir='ltr'>alioqui</span> <span class='ocrx_word' id='word_1_740' title='bbox 2108 5196 2177 5256; x_wconf 90' lang='lat' dir='ltr'>in</span> <span class='ocrx_word' id='word_1_741' title='bbox 2217 5214 2285 5258; x_wconf 90' lang='lat' dir='ltr'>re</span> <span class='ocrx_word' id='word_1_742' title='bbox 2318 5196 2454 5276; x_wconf 90' lang='lat' dir='ltr'>ipsa</span> <span class='ocrx_word' id='word_1_743' title='bbox 2490 5195 2647 5256; x_wconf 81' lang='lat' dir='ltr'>nihil</span> <span class='ocrx_word' id='word_1_744' title='bbox 2691 5201 2783 5257; x_wconf 88' lang='lat' dir='ltr'>est</span> <span class='ocrx_word' id='word_1_745' title='bbox 2821 5212 3191 5275; x_wconf 31' lang='lat' dir='ltr'>repugnans,</span> <span class='ocrx_word' id='word_1_746' title='bbox 3218 5192 3397 5254; x_wconf 84' lang='lat' dir='ltr'>bonis</span> 
     </span>
    </p>
   </div>
   <div class='ocr_carea' id='block_1_12' title="bbox 1840 5287 3491 5369">
    <p class='ocr_par' dir='ltr' id='par_1_14' title="bbox 1840 5287 3491 5369">
     <span class='ocr_line' id='line_1_104' title="bbox 1840 5287 3491 5369; baseline -0.001 -21"><span class='ocrx_word' id='word_1_747' title='bbox 1840 5288 2117 5348; x_wconf 89' lang='lat' dir='ltr'>moribus</span> <span class='ocrx_word' id='word_1_748' title='bbox 2149 5293 2258 5349; x_wconf 89' lang='lat' dir='ltr'>aut</span> <span class='ocrx_word' id='word_1_749' title='bbox 2290 5287 2600 5367; x_wconf 89' lang='lat' dir='ltr'>religioni.</span> <span class='ocrx_word' id='word_1_750' title='bbox 2650 5289 2719 5349; x_wconf 94' lang='lat' dir='ltr'>In</span> <span class='ocrx_word' id='word_1_751' title='bbox 2750 5289 3036 5369; x_wconf 86' lang='lat' dir='ltr'>praesenti</span> <span class='ocrx_word' id='word_1_752' title='bbox 3063 5292 3273 5349; x_wconf 89' lang='lat' dir='ltr'>autem</span> <span class='ocrx_word' id='word_1_753' title='bbox 3295 5288 3398 5367; x_wconf 87' lang='lat' dir='ltr'>jus</span> <span class='ocrx_word' id='word_1_754' title='bbox 3475 5324 3491 5340; x_wconf 87' lang='lat'><strong>·</strong></span> 
     </span>
    </p>
   </div>
   <div class='ocr_carea' id='block_1_13' title="bbox 1835 5379 3397 5649">
    <p class='ocr_par' dir='ltr' id='par_1_15' title="bbox 1835 5379 3397 5649">
     <span class='ocr_line' id='line_1_105' title="bbox 1838 5379 3395 5462; baseline -0.001 -21"><span class='ocrx_word' id='word_1_755' title='bbox 1838 5379 1993 5442; x_wconf 89' lang='lat' dir='ltr'>illud</span> <span class='ocrx_word' id='word_1_756' title='bbox 2028 5380 2207 5443; x_wconf 84' lang='lat' dir='ltr'>civile</span> <span class='ocrx_word' id='word_1_757' title='bbox 2246 5381 2412 5461; x_wconf 88' lang='lat' dir='ltr'>quod</span> <span class='ocrx_word' id='word_1_758' title='bbox 2437 5381 2701 5462; x_wconf 82' lang='lat' dir='ltr'>requirit</span> <span class='ocrx_word' id='word_1_759' title='bbox 2737 5380 3300 5462; x_wconf 89' lang='lat' dir='ltr'>promulgationem</span> <span class='ocrx_word' id='word_1_760' title='bbox 3327 5380 3395 5439; x_wconf 91' lang='lat' dir='ltr'>in</span> 
     </span>
     <span class='ocr_line' id='line_1_106' title="bbox 1840 5473 3397 5555; baseline 0 -21"><span class='ocrx_word' id='word_1_761' title='bbox 1840 5473 2102 5553; x_wconf 87' lang='lat' dir='ltr'>singulis</span> <span class='ocrx_word' id='word_1_762' title='bbox 2127 5474 2461 5555; x_wconf 84' lang='lat' dir='ltr'>provinciis</span> <span class='ocrx_word' id='word_1_763' title='bbox 2481 5492 2609 5536; x_wconf 90' lang='lat' dir='ltr'>non</span> <span class='ocrx_word' id='word_1_764' title='bbox 2636 5480 2730 5537; x_wconf 90' lang='lat' dir='ltr'>est</span> <span class='ocrx_word' id='word_1_765' title='bbox 2750 5480 3109 5538; x_wconf 82' lang='lat' dir='ltr'>revocatum</span> <span class='ocrx_word' id='word_1_766' title='bbox 3123 5476 3270 5555; x_wconf 88' lang='lat' dir='ltr'>jure</span> <span class='ocrx_word' id='word_1_767' title='bbox 3297 5490 3397 5534; x_wconf 90' lang='lat' dir='ltr'>ca-</span> 
     </span>
     <span class='ocr_line' id='line_1_107' title="bbox 1835 5567 3396 5649; baseline 0 -21"><span class='ocrx_word' id='word_1_768' title='bbox 1835 5567 2085 5644; x_wconf 88' lang='lat' dir='ltr'>nonico,</span> <span class='ocrx_word' id='word_1_769' title='bbox 2129 5585 2334 5649; x_wconf 90' lang='lat' dir='ltr'>neque</span> <span class='ocrx_word' id='word_1_770' title='bbox 2373 5573 2468 5632; x_wconf 84' lang='lat' dir='ltr'>est</span> <span class='ocrx_word' id='word_1_771' title='bbox 2511 5573 2729 5633; x_wconf 85' lang='lat' dir='ltr'>contra</span> <span class='ocrx_word' id='word_1_772' title='bbox 2763 5567 2958 5633; x_wconf 88' lang='lat' dir='ltr'>bonos</span> <span class='ocrx_word' id='word_1_773' title='bbox 2995 5586 3220 5648; x_wconf 86' lang='lat' dir='ltr'>mores,</span> <span class='ocrx_word' id='word_1_774' title='bbox 3267 5567 3396 5630; x_wconf 89' lang='lat' dir='ltr'>imo</span> 
     </span>
    </p>
   </div>
  </div>
 </body>
</html>
