3976 6219
907 425 1044 479 CAP.
1078 424 1250 478 XXIV.
1286 422 1500 479 mmm
1532 424 1657 478 Lux
1687 416 1912 477 emus
1944 418 2225 487 OBLIGET,
2260 422 2383 477 vm.
2414 423 2741 490 OBLIGARE,
2777 426 2918 480 me.

307 520 490 583 artic.
521 522 585 597 2,
618 527 682 582 et
728 520 798 582 in
842 540 1004 584 sum.
1039 526 1211 589 verb.
1246 523 1650 605 Praeceptum)
1683 524 1876 585 iuter-

309 613 468 675 dum
521 614 892 693 generaliter
926 618 1193 679 sumitur
1223 638 1338 699 pro
1379 618 1642 699 imperio
1679 617 1881 695 impo-

309 712 504 768 nente
530 708 954 769 necessitatem
987 710 1339 786 obediendi,
1364 711 1455 773 ita
1484 716 1556 771 ut
1587 714 1877 789 peccetur

307 798 370 859 si
388 816 518 860 non
543 799 895 878 impleatur,
924 802 1104 881 juxta
1129 804 1285 864 illud
1303 804 1666 883 Hieronym.
1697 801 1808 863 lib.
1843 803 1868 862 1

311 898 530 953 contra
567 892 773 953 Jovin.
824 907 842 953 t
893 893 1062 969 Quod
1075 896 1460 975 preacipitur,
1501 896 1838 975 imperatur
1858 938 1876 969 ,

311 986 476 1064 quod
499 986 840 1063 imperatur
871 1004 1097 1050 necesse
1138 994 1224 1051 est
1258 988 1422 1066 fiori,
1466 1006 1598 1068 cap.
1628 989 1742 1049 ult.
1777 990 1877 1064 11,

314 1094 380 1155 q.
414 1079 489 1155 13
520 1076 858 1161 aliquando
886 1095 1032 1140 vero
1064 1081 1363 1161 accipitur
1392 1081 1882 1143 antonomastice

313 1186 429 1249 pro
470 1170 734 1249 imperio
767 1170 1128 1250 imponente
1154 1174 1581 1235 necessitatem
1607 1174 1881 1235 mortali-

313 1267 416 1323 ter
436 1262 736 1341 peccandi
757 1263 812 1323 si
836 1281 964 1325 non
993 1272 1306 1344 pareatur,
1333 1272 1398 1328 et
1408 1272 1673 1347 utroque
1693 1267 1880 1328 modo

315 1358 696 1434 praeceptum
728 1355 992 1417 includit
1021 1358 1464 1438 obligationem
1487 1361 1555 1422 in
1567 1361 1883 1422 conscien-

315 1446 432 1522 tia,
467 1451 531 1507 et
577 1447 666 1509 ita
695 1453 960 1528 utraque
997 1451 1156 1512 ratio
1197 1454 1490 1533 praecepti
1544 1453 1770 1515 sufficit
1801 1452 1881 1513 ad

317 1556 536 1600 veram
565 1539 875 1602 rationem
907 1541 1083 1622 legis,
1111 1549 1175 1605 et
1201 1544 1411 1624 aliqua
1431 1562 1648 1606 earum
1674 1562 1880 1607 neces-

317 1631 486 1693 saria
527 1636 622 1693 est
653 1632 836 1711 juxta
863 1652 1053 1715 supra
1077 1636 1258 1698 dicta.
1291 1638 1451 1699 Hinc
1491 1656 1642 1717 ergo
1686 1638 1882 1699 oritur

319 1724 580 1804 quaestio
607 1742 692 1786 an
716 1725 820 1787 161
840 1726 1037 1788 civilis
1060 1728 1262 1790 solum
1276 1730 1550 1791 includat
1576 1730 1881 1792 rationem

317 1816 616 1896 praecepti
636 1816 808 1897 large
835 1821 1089 1901 sumpti,
1113 1821 1213 1883 vel
1234 1823 1424 1883 etiam
1445 1823 1637 1903 possit
1668 1841 1744 1884 ex
1771 1841 1882 1884 suo

321 1924 552 1986 genere
577 1910 778 1989 magis
813 1911 1110 1991 obligare,
1143 1920 1206 1976 et
1229 1915 1654 1977 necessitatem
1685 1917 1885 1996 impo-

320 2016 474 2061 nere
505 2000 604 2062 161
649 2004 933 2083 parendi,
967 2006 1068 2067 vel
1101 2008 1448 2070 mortaliter
1472 2008 1786 2088 peccandi.
1813 2010 1884 2069 In

319 2110 450 2173 quo
476 2100 704 2172 puncto
754 2096 978 2159 clarius
1031 2099 1325 2161 videntur
1353 2101 1526 2181 loqui
1561 2102 1793 2163 Gerson
1822 2108 1886 2163 et

321 2186 596 2248 Almain.
625 2206 812 2269 supra
835 2190 1004 2253 citati
1040 2210 1176 2273 cap.
1209 2196 1312 2270 20,
1334 2200 1632 2273 negantes
1654 2194 1884 2273 magis-

322 2280 518 2341 tratui
544 2281 711 2342 civili
746 2283 910 2345 hanc
947 2290 1333 2365 potestatem.
1365 2288 1660 2367 Idemque
1687 2306 1727 2349 a
1758 2287 1884 2348 for-

319 2372 469 2433 tiori
493 2378 708 2434 tenent
751 2376 967 2454 quide
1016 2377 1260 2457 legibus
1302 2379 1724 2441 ecclesiasticis
1767 2379 1885 2441 hoc

321 2464 568 2542 docent,
621 2485 774 2547 quos
802 2468 964 2530 libro
987 2472 1290 2551 sequenti,
1322 2491 1460 2553 cap.
1498 2475 1576 2535 18
1615 2490 1882 2534 comme·

323 2558 726 2622 morabimus.
749 2560 958 2641 Aliqui
975 2564 1164 2624 etiam
1191 2566 1523 2627 canonista:
1545 2565 1888 2628 docuerunt

321 2668 452 2711 non
479 2670 614 2713 aese
635 2659 956 2731 peccatum
983 2656 1265 2732 mortale,
1295 2675 1425 2718 non
1467 2676 1688 2739 parere
1733 2657 1885 2737 1631·-

323 2743 442 2805 bus
487 2744 774 2807 civilibus
828 2746 1062 2809 secluso
1105 2740 1464 2830 contemptu
1518 2768 1537 2812 :
1583 2749 1763 2811 Imol.
1817 2749 1885 2809 in

323 2842 521 2917 repet.
545 2856 678 2917 cap.
709 2838 862 2901 Cum
883 2841 1210 2920 continyat,
1247 2841 1326 2902 de
1342 2842 1603 2921 Ju1·J·u1·.‚
1633 2841 1750 2904 661.
1782 2844 1882 2918 17,

323 2930 504 3008 cujus
529 2931 874 2993 doctrinam
909 2933 977 2993 in
1005 2933 1121 2994 hac
1152 2940 1328 3014 parte
1365 2934 1546 2997 valde
1574 2952 1890 2997 commen-

326 3022 440 3083 dat
458 3023 650 3087 Felin.
683 3025 752 3086 in
781 3044 837 3086 c.
872 3028 904 3087 1
942 3027 1020 3089 de
1043 3026 1324 3107 Sponsal.
1349 3046 1418 3089 n.
1459 3030 1538 3090 19
1548 3050 1568 3105 3
1603 3029 1770 3091 unde
1797 3030 1888 3090 vi-

330 3116 564 3178 dentur
592 3137 932 3199 supponere
959 3137 1036 3181 ex
1061 3122 1126 3181 vi
1151 3121 1376 3183 talium
1401 3121 1614 3200 legum
1640 3139 1768 3183 non
1796 3140 1888 3184 se-

326 3209 442 3289 qui
465 3229 578 3290 per
601 3229 664 3272 se
687 3213 878 3275 talem
905 3213 1372 3292 obligationem.
1403 3216 1482 3276 Hi
1510 3233 1659 3277 vero
1677 3221 1888 3278 aucto-

325 3320 426 3364 rae
453 3303 689 3365 nullam
716 3323 945 3367 novam
991 3308 1296 3369 rationem
1328 3307 1429 3369 vel
1453 3307 1886 3387 probationem

326 3395 598 3458 afferunt
607 3443 629 3474 ,
667 3417 790 3479 qua
835 3401 1163 3462 ostendant
1215 3401 1507 3464 excedere
1555 3401 1887 3464 efficaciam

325 3490 648 3568 potestatis
673 3509 745 3552 66
773 3492 928 3571 16316
955 3492 1177 3570 civilis,
1203 3495 1508 3574 attingere
1538 3494 1708 3556 hunc
1749 3513 1889 3574 gra-

327 3580 480 3642 dum
503 3584 816 3664 praecepti,
845 3603 954 3647 seu
975 3584 1396 3666 obligationis,
1421 3594 1486 3650 et
1506 3605 1721 3650 omnes
1751 3607 1888 3668 quas

328 3671 538 3734 afferri
559 3682 818 3755 possunt
837 3678 1221 3742 reducuntur
1247 3680 1327 3742 ad
1352 3697 1457 3742 eas
1479 3697 1618 3762 quae
1634 3682 1702 3742 in
1724 3699 1779 3742 c.
1808 3683 1888 3742 20

325 3765 544 3844 posita:
568 3775 738 3830 sunt.
771 3769 1006 3844 Quibus
1028 3771 1290 3848 omissis,

408 3859 470 3922 2.
515 3861 728 3942 ἅμα
749 3863 984 3932 civilem
1001 3881 1074 3928 σω
1096 3881 1306 3944 ymera
1319 3882 1428 3928 suo
1442 3865 1706 3946 obiiqare
1715 3881 1892 3946 posse

326 3954 440 4016 ub
462 3955 640 4034 culpa
657 3956 932 4032 mortali,
953 3957 1089 4019 licet
1108 3957 1218 4020 1166
1233 3975 1352 4020 m
1370 3975 1600 4037 sempor
1632 3959 1702 4020 ia
1728 3959 1884 4020 indi-

327 4048 510 4110 viduo
541 4049 871 4129 cantemas.
887 4081 971 4096 —
986 4050 1134 4112 Dico
1159 4050 1364 4130 primo
1403 4071 1419 4111 :
1467 4050 1569 4112 lex
1591 4050 1788 4112 civilis
1812 4069 1890 4113 61

328 4157 556 4219 genere
584 4159 697 4202 suo
727 4142 1004 4222 obligare
1039 4147 1240 4223 potest
1267 4143 1382 4204 sub
1407 4148 1583 4205 reatu
1613 4142 1891 4204 mortalis

327 4233 546 4313 culpae.
577 4234 722 4295 Dico
753 4241 962 4297 autem
984 4253 1058 4298 σω
1075 4251 1286 4316 ρατιονε
1314 4253 1446 4312 wo,
1475 4234 1622 4315 quia
1653 4240 1892 4296 certum

329 4332 425 4387 est
462 4326 530 4386 in
555 4326 902 4403 individuo,
932 4345 1039 4392 seu
1075 4327 1143 4389 in
1185 4327 1444 4407 singulis
1485 4327 1728 4406 legibus
1761 4346 1890 4390 non

329 4435 574 4498 semper
613 4437 746 4482 esse
795 4425 928 4481 tam
975 4437 1239 4500 gravem
1290 4420 1763 4499 obligationem,
1819 4427 1893 4483 ut

328 4514 734 4592 transgressio
759 4513 914 4593 legis
939 4513 1134 4576 civilis
1157 4519 1401 4575 reatum
1427 4517 1674 4576 aeterna:
1692 4531 1892 4594 poenae

329 4605 607 4668 inducat.
643 4607 798 4680 Quia
830 4625 946 4668 1166
975 4607 1077 4669 161
1123 4606 1336 4668 divina
1375 4612 1438 4668 et
1480 4607 1783 4668 naturalis
1824 4607 1893 4668 in

331 4699 508 4760 omni
529 4699 792 4761 materia
809 4705 872 4760 et
891 4701 1129 4761 actione
1157 4716 1302 4760 cum
1317 4704 1492 4760 tanto
1511 4699 1716 4779 rigore
1739 4699 1894 4762 obli-

335 4797 508 4871 gant,
533 4797 608 4852 ut
645 4809 722 4854 ex
753 4796 811 4853 1.
841 4794 904 4868 2,
948 4811 1012 4872 q.
1055 4794 1136 4854 88
1162 4797 1226 4854 et
1268 4793 1350 4853 89
1383 4809 1552 4853 nunc
1586 4811 1891 4873 suppono.

334 4884 570 4945 Dicitur
591 4902 740 4963 ergo
765 4885 867 4946 161
893 4885 1092 4946 civilis
1116 4903 1196 4947 61
1220 4902 1333 4946 6116
1359 4903 1586 4964 genere
1621 4885 1897 4964 obligare

334 4977 450 5040 suh
466 4977 714 5039 mortali
718 5022 739 5054 ,
764 4978 934 5058 quia,
957 4979 1011 5038 si
1027 4995 1105 5039 61
1121 4983 1298 5058 parte
1325 4979 1598 5040 materiae
1615 4978 1697 5040 sit
1717 4995 1899 5058 capa-

335 5069 510 5146 citas,
545 5078 609 5131 et
650 5070 934 5130 voluntas
971 5070 1339 5150 legislatoris
1381 5071 1778 5146 interveniat,
1821 5088 1899 5131 ex

335 5168 511 5244 parte
537 5161 694 5241 16316
726 5180 856 5224 non
887 5163 1058 5224 deest
1091 5163 1360 5225 efficacia
1384 5181 1490 5224 seu
1519 5169 1784 5242 potestas
1818 5163 1899 5224 ad

336 5253 766 5334 obligandum.
803 5257 898 5318 Ita
923 5254 1102 5318 docet
1131 5261 1342 5336 aperte
1383 5256 1454 5317 D.
1486 5256 1706 5318 Thom.
1738 5257 1799 5317 2.
1833 5257 1896 5332 2,

337 5367 404 5430 q.
445 5350 586 5425 104,
615 5353 734 5408 art.
767 5349 829 5425 6,
847 5349 1066 5427 juncto
1091 5353 1211 5410 art.
1245 5351 1304 5424 1,
1329 5366 1394 5428 q.
1417 5349 1555 5424 105,
1583 5355 1646 5409 61
1667 5367 1728 5428 q.
1757 5350 1898 5425 147,

336 5446 461 5502 art.
491 5443 554 5519 33
585 5441 756 5517 Soto,
775 5439 888 5503 lib.
920 5445 952 5501 1
983 5441 1060 5503 (16
1084 5441 1311 5522 justit„
1336 5459 1402 5521 q.
1432 5441 1495 5516 6,
1520 5445 1639 5502 art.
1669 5443 1734 5518 43
1766 5439 1904 5502 Cas·—

337 5540 461 5614 tro,
483 5533 596 5597 lib.
644 5536 676 5595 1
725 5531 805 5597 de
830 5533 976 5616 Leg.
1019 5551 1216 5616 poen„
1245 5551 1382 5616 cap.
1415 5535 1460 5596 4
1485 5534 1634 5613 6155
1665 5533 1900 5612 Dried.,

1955 520 2067 582 lib.
2094 525 2134 584 2
2153 522 2228 584 de
2257 524 2484 586 Libert.
2514 526 2841 588 Christian.
2850 572 2870 603 ,
2902 544 3033 605 cap.
3062 529 3089 587 1
3105 541 3126 602 ;
3166 525 3424 603 Μ611111.,
3460 547 3516 590 6.

1956 613 2034 676 (16
2054 616 2377 678 Poenitent.
2388 662 2408 693 ,
2430 621 2653 680 tract.4
2675 619 2753 680 de
2769 620 3006 698 Jejun.,
3026 620 3230 697 cap.7;
3256 619 3515 681 Adrian.

1957 708 2227 785 quodlib.
2262 710 2326 786 6,
2346 716 2461 771 art.
2494 712 2560 789 23
2590 712 2785 789 Major
2800 713 2864 787 4,
2894 711 3035 773 dist.
3061 712 3162 787 15,
3190 730 3250 791 q.
3275 713 3340 787 4,
3366 730 3527 792 prae-

1957 801 2169 861 sertim
2195 802 2273 862 ad
2300 804 2363 880 23
2394 804 2616 865 Navar.
2659 804 2727 864 in
2754 821 2957 879 sum.,·
2991 822 3125 883 cap.
3160 805 3265 879 23,
3303 823 3371 865 n.
3416 806 3524 883 553

1955 894 2169 955 Covar.
2216 895 2285 957 in
2318 912 2450 974 reg.
2492 903 2822 976 peccatum,
2855 915 2919 976 p.
2971 898 3035 971 2,
3064 895 3103 975 ξ
3128 898 3190 972 5,
3219 915 3285 957 11.
3308 899 3349 957 2
3377 906 3440 959 et
3459 900 3518 975 3,

1957 984 2067 1046 ubi
2096 984 2303 1066 plures
2334 987 2486 1048 alios
2530 988 2740 1049 refert.
2788 990 2867 1049 Et
2911 988 3162 1069 probari
3206 995 3411 1069 potest
3446 1010 3525 1053 ex

1956 1076 2219 1156 August.
2254 1080 2432 1160 epist.
2471 1082 2573 1156 50,
2622 1099 2751 1142 11611
2778 1080 2961 1159 longe
2989 1099 3028 1141 a
3052 1082 3383 1163 principi0,
3430 1084 3526 1145 di-

1955 1176 2171 1233 cente:
2214 1173 2575 1254 Quioumque
2609 1174 2839 1253 zeqibas
2881 1175 3335 1253 imporatorum,
3391 1194 3527 1257 μα»

1952 1278 2065 1341 pro
2076 1264 2194 1325 Dei
2210 1266 2463 1329 veritate
2478 1268 2787 1344 sev-mitta,
2808 1267 3205 1346 obtemperare
3223 1286 3341 1330 non
3368 1271 3521 1347 vuit,

1958 1356 2229 1435 acquirit
2238 1360 2467 1437 ,φναπᾱα
2484 1359 2877 1437 suppliciwm,·
2891 1360 3106 1439 utique
3124 1361 3291 1439 apud
3302 1362 3521 1440 Deum,

1959 1454 2035 1509 ut
2060 1466 2137 1511 ex
2168 1456 2461 1512 contextu
2503 1458 2761 1513 constat.
2816 1452 3067 1513 Ostendi
3110 1454 3299 1515 etiam
3324 1462 3525 1535 potest

1961 1543 2217 1604 assertio
2245 1543 2537 1605 omnibus
2562 1544 2931 1606 testimoniis
2960 1551 3024 1607 et
3044 1546 3387 1608 rationibus
3418 1548 3525 1609 ad-

1959 1634 2162 1696 ductis
2193 1636 2261 1695 in
2282 1653 2417 1715 cap.
2446 1638 2551 1714 203
2574 1654 2724 1698 nam
2742 1636 3038 1717 obligatio
3055 1639 3123 1699 in
3154 1640 3526 1702 conscientia

1960 1726 2320 1807 simpliciter
2352 1728 2515 1790 dicta
2543 1730 2898 1792 extenditur
2923 1748 3001 1792 61
3038 1748 3267 1811 genere
3304 1750 3417 1794 suo
3442 1733 3523 1794 ad

1958 1818 2403 1898 obligationem
2430 1821 2544 1882 sub
2570 1822 2837 1883 mortali.
2866 1822 3043 1885 Unde
3071 1824 3231 1885 ratio
3271 1826 3524 1904 propria

1961 1917 2075 1988 est,
2102 1912 2250 1992 quia
2264 1912 2365 1974 lex
2383 1914 2661 1975 humana
2680 1932 2757 1976 ex
2780 1933 2845 1977 se
2872 1914 3105 1995 obligat
3123 1915 3191 1975 in
3210 1918 3527 1979 conscien-

1957 2006 2093 2065 tia:
2138 2022 2288 2084 ergo
2331 2024 2411 2067 ex
2450 2024 2515 2068 se
2560 2008 2749 2068 etiam
2793 2007 3032 2068 inducit
3079 2008 3524 2089 obligationem

1961 2098 2237 2159 materiae
2276 2101 2827 2180 proportionatam,
2858 2102 2911 2163 si
2943 2102 3107 2163 circa
3144 2102 3318 2165 illam
3348 2104 3523 2165 abso-

1960 2187 2091 2249 lute
2121 2189 2357 2251 feratur
2386 2212 2401 2251 :
2429 2209 2579 2271 ergo
2600 2210 2678 2254 ex
2697 2211 2762 2254 se
2778 2193 3074 2255 inducere
3097 2194 3262 2256 valet
3288 2195 3525 2274 obliga-

1959 2282 2198 2344 tionem
2240 2283 2355 2345 sub
2403 2285 2675 2347 mortali.
2719 2285 3152 2364 Confirmatur,
3184 2288 3332 2367 quia
3364 2289 3523 2350 ratio

1961 2374 2261 2437 naturalis
2298 2376 2489 2439 dictat
2526 2377 2753 2439 talibus
2799 2377 3039 2457 legibus
3076 2398 3207 2442 esse
3234 2380 3525 2443 obedien-

1961 2466 2136 2544 dum,
2168 2467 2327 2530 sicut
2342 2469 2532 2531 dictat
2548 2486 2678 2531 esse
2707 2470 3121 2533 obediendum
3136 2474 3520 2552 parentibus,

1963 2565 2027 2622 et
2053 2561 2212 2623 sicut
2238 2560 2432 2624 dictat
2469 2563 2939 2643 promissionem
2973 2565 3098 2626 Deo
3133 2565 3361 2627 factam
3394 2584 3525 2629 esse

1960 2654 2328 2716 servandam
2365 2672 2383 2716 :
2414 2673 2563 2735 ergo
2606 2656 2765 2717 sicut
2789 2674 2919 2718 non
2949 2675 3191 2719 servase
3233 2663 3383 2719 vota
3421 2657 3526 2720 vel

1963 2763 2094 2807 non
2114 2747 2365 2809 obedire
2390 2749 2753 2828 parentibus
2778 2767 2851 2811 ex
2876 2768 2988 2811 suo
3011 2768 3237 2829 genere
3266 2757 3361 2813 est
3384 2770 3526 2831 pec-

1963 2845 2175 2900 catum
2216 2841 2499 2917 mortale,
2532 2842 2622 2902 ita
2646 2842 2837 2903 etiam
2882 2860 3011 2904 non
3065 2862 3309 2905 servare
3358 2844 3527 2923 leges

1963 2932 2196 3008 civiles,
2237 2950 2347 2994 seu
2392 2934 2581 3013 (quod
2621 2935 2880 3014 perinde
2928 2937 3044 3013 661)
3097 2953 3227 2997 11611
3274 2936 3527 2998 obedire

1963 3024 2227 3105 principi
2250 3024 2534 3101 seculari,
2556 3044 2635 3087 61
2660 3044 2773 3088 6116
2806 3044 3031 3105 genere
3072 3034 3163 3089 est
3202 3034 3525 3109 peccatum

1963 3118 2266 3180 mortale:
2299 3137 2449 3198 ergo
2470 3119 2637 3198 16366
2662 3119 2873 3182 civiles
2898 3139 2977 3183 ex
3002 3139 3229 3201 genere
3256 3140 3369 3184 suo
3388 3139 3527 3203 pos-

1962 3220 2110 3273 sunt
2134 3210 2409 3290 obligare
2442 3212 2522 3273 ad
2548 3213 2831 3276 mortale.

2046 3305 2105 3366 3.
2138 3302 2997 3368 Corollariwm.—Proedictam
3000 3310 3353 3386 potestatem
3367 3323 3528 3384 proe·

1965 3397 2229 3476 cipiondi
2255 3415 2389 3460 oum
2414 3402 2581 3459 tanto
2602 3399 2830 3476 riqore,
2852 3398 3124 3479 commi
3146 3398 3408 3461 adillam
3418 3417 3529 3479 po-

1965 3495 2237 3553 testatem
2262 3515 2286 3550 .·
2312 3507 2433 3552 aon
2474 3495 2675 3553 autem
2706 3507 2827 3552 esse
2876 3508 2949 3553 σω
2985 3490 3237 3570 speciali
3264 3491 3383 3553 Dei
3419 3497 3531 3556 aut

1969 3581 2207 3646 Christi
2216 3582 2881 3662 massicata—Atque
2892 3582 3040 3644 hinc
3051 3581 3317 3644 infertur
3326 3589 3533 3663 potes-

1963 3681 2157 3737 tatem
2194 3675 2358 3736 hanc
2384 3676 2471 3736 sic
2502 3675 2903 3756 praecipiendi
2928 3693 3072 3738 cum
3098 3681 3231 3737 tam
3250 3676 3529 3755 rigorosa

1966 3757 2341 3847 obligatione
2360 3785 2489 3829 non
2514 3768 2847 3830 convenire
2883 3769 3263 3849 principibus
3294 3769 3529 3831 secula-

1966 3861 2141 3922 ribus
2165 3877 2243 3922 ex
2268 3860 2519 3941 speciali
2553 3862 2662 3922 Dei
2704 3867 2817 3922 aut
2850 3861 3076 3923 Christi
3114 3862 3524 3939 concessione,

1965 3955 2075 4018 sed
2093 3973 2169 4016 61
2192 3960 2420 4016 natura
2434 3954 2528 4015 rei
2544 3954 2839 4033 consequi
2860 3955 2941 4015 ad
2962 3955 3137 4016 illam
3162 3961 3531 4035 potestatem

1967 4065 2155 4128 quam
2180 4046 2415 4108 habent
2438 4063 2477 4106 a
2502 4047 2629 4107 Deo
2663 4046 2743 4107 ad
2770 4046 3239 4124 gubernandam
3272 4066 3527 4129 rempu-

1965 4139 2195 4202 blicam
2226 4141 2294 4200 in
2325 4155 2439 4200 suo
2458 4137 2695 4200 ordine.
2720 4138 3023 4200 Probatur
3046 4139 3248 4219 primo
3270 4159 3311 4202 a
3336 4141 3529 4202 slmili

1966 4234 2045 4296 de
2060 4237 2359 4312 potestate
2376 4248 2568 4311 quam
2589 4236 2765 4310 pater
2784 4230 2975 4293 habet
2992 4232 3075 4293 ad
3090 4232 3527 4312 imperandum

1967 4325 2122 4401 filio,
2172 4324 2549 4404 imponendo
2610 4325 2671 4384 ei
2734 4340 2990 4402 gravem
3058 4323 3524 4404 obligationem,

1965 4417 2215 4499 quando
2250 4417 2511 4479 materia
2539 4417 2713 4478 illam
2738 4416 3049 4496 postulat:
3078 4416 3189 4478 1116
3222 4418 3393 4480 enim
3419 4436 3531 4499 po-

1963 4517 2153 4574 testas
2191 4529 2319 4573 non
2350 4516 2445 4571 est
2468 4527 2549 4572 61
2572 4510 2825 4590 speciali
2848 4511 3257 4586 concessione,
3286 4511 3394 4573 sed
3434 4529 3532 4572 se-

1967 4606 2182 4686 quitur
2203 4606 2343 4685 jure
2363 4609 2605 4665 natura:
2626 4621 2706 4665 61
2721 4604 2784 4664 vi
2810 4603 3073 4664 dominii
3100 4605 3341 4683 paterni
3366 4610 3433 4666 et
3456 4603 3529 4664 il-

1968 4699 2090 4760 lius
2108 4697 2406 4759 naturalis
2424 4696 2742 4777 principii:
2764 4695 3190 4758 Obediendum
3201 4702 3295 4758 est
3310 4713 3535 4776 paren-

1968 4791 2139 4853 tibus
2177 4792 2345 4870 juste
2387 4789 2908 4870 praecipientibus.
2942 4789 3234 4870 Idemque
3262 4795 3357 4851 est
3386 4808 3531 4851 cum

1972 4884 2367 4965 proportione
2400 4883 2477 4945 de
2509 4883 2863 4945 obedientia
2887 4901 3078 4963 quam
3112 4901 3327 4946 servus
3350 4883 3534 4946 dehet

1971 4977 2228 5039 domino
2258 4993 2275 5038 z
2302 4993 2451 5055 ergo
2484 4975 2653 5037 idem
2687 4982 2780 5037 661
2822 4975 2901 5038 (16
2948 4975 3301 5039 obedientia
3326 4974 3535 5037 dehita

1971 5069 2211 5150 legibus
2256 5068 2629 5149 principum.
2698 5068 3009 5142 Secundo,
3062 5069 3209 5148 quia
3268 5073 3534 5148 potestas

1971 5162 2269 5244 principis
2290 5162 2373 5223 ad
2400 5160 2900 5224 constituendum
2924 5165 3135 5220 66111111
3162 5166 3236 5221 111
3259 5179 3536 5224 necessa-

1973 5257 2141 5316 rium
2178 5254 2255 5316 ad
2303 5252 2690 5314 honestatem
2740 5252 2906 5312 illius
2953 5251 3200 5314 virtutis
3244 5253 3313 5315 in
3356 5253 3534 5333 cnjus

1975 5345 2239 5408 materia
2262 5351 2567 5420 versatur,
2603 5344 2705 5406 vel
2732 5344 2815 5405 ad
2839 5345 3363 5424 praescrihendum
3404 5365 3534 5408 me-

1976 5438 2246 5500 diumin
2284 5436 2683 5500 talimateria
2712 5437 3255 5514 virtutis,nonest
3286 5458 3365 5501 ex
3399 5456 3539 5518 spe-

1978 5531 2125 5596 ciali
2144 5529 2533 5596 concessione
2558 5530 2853 5596 (1161111616
2876 5549 2919 5595 6
2941 5536 3243 5613 potestate
3277 5530 3536 5614 regendi
