3976 6219
465 394 588 458 288
1475 400 1592 454 nm.
1629 400 1712 455 ιιι.
1747 401 1829 453 ns
1860 400 2021 454 13311
2052 400 2315 455 animm
2342 399 2424 454 Ει·
2454 393 2679 453 31111111..

467 499 744 563 cundum
773 497 962 576 quid:
994 495 1081 557 sic
1101 496 1270 558 enim
1299 499 1370 559 D.
1391 499 1686 576 Thomas,
1710 499 1868 561 dixit
1887 518 2027 580 pec-

467 600 675 656 catum
729 590 971 652 veniale
1018 608 1146 650 non
1189 608 1318 651 esse
1363 598 1578 653 contra
1621 598 2024 672 praeceptum,

466 686 683 764 utique
727 682 1106 762 simpliciter.
1159 684 1410 743 Nullum
1457 702 1606 763 ergo
1652 685 1771 746 erit
1811 685 2027 746 discri-

465 797 613 840 men
640 780 803 837 inter
824 775 1057 835 nudam
1076 778 1630 855 transgressionem
1651 778 1942 857 111-31331111
1963 782 2028 839 31

464 868 1012 949 transgressionem
1041 886 1118 929 ex
1147 874 1526 949 contemptu,
1560 871 1728 950 quod
1765 876 1858 933 est
1882 888 2029 931 3311-

464 972 566 1027 tra
593 979 989 1025 comunem
1014 961 1383 1023 doctrinam.

547 1060 617 1119 21
633 1100 647 1118 .
696 1054 907 1118 Casto-i
939 1054 1231 1116 sementia
1247 1099 1271 1131 ,
1319 1060 1376 1118 ot
1399 1055 1728 1119 distinctio.
1764 1088 1848 1102 —
1870 1055 2026 1119 Mihi

466 1166 616 1228 ergo
648 1147 959 1208 utendum
989 1144 1236 1211 videtur
1273 1146 1671 1209 distinctione
1713 1148 2029 1210 insinuata

466 1261 507 1304 a
530 1244 740 1304 Castro
767 1239 932 1300 dicto
953 1256 1090 1317 cap.
1123 1240 1186 1315 5,
1214 1240 1283 1300 in
1307 1238 1456 1315 fine,
1485 1240 1630 1301 licet
1649 1240 1773 1302 alio
1801 1240 2023 1301 modo·

465 1334 574 1395 ille
593 1332 764 1395 enim
784 1329 1111 1409 distinguit
1133 1336 1558 1414 contemptum
1579 1332 1736 1412 legis
1760 1337 1822 1395 et
1846 1332 2027 1412 legis·

465 1425 722 1503 latoris,
705 1442 719 1457 ·
757 1424 906 1504 quia
936 1441 1086 1486 vero
1112 1423 1180 1486 in
1213 1430 1518 1505 praecepto
1546 1425 1673 1486 duo
1709 1431 1876 1501 sunt,
1905 1426 2023 1487 sci·

461 1518 631 1595 licet,
660 1537 758 1581 res
780 1522 1090 1597 praecepta
1122 1530 1184 1578 et
1220 1523 1598 1598 praeceptum
1625 1517 1852 1597 ipsum,
1905 1536 2023 1597 ego

462 1612 669 1693 potius
714 1610 1026 1689 distinguo
1065 1609 1235 1671 inter
1281 1616 1703 1691 contemptum
1745 1628 2023 1691 personae

469 1724 580 1768 seu
606 1703 1011 1784 legislatoris,
1040 1709 1104 1765 et
1123 1710 1546 1784 contemptum
1572 1704 1772 1782 operis
1796 1721 1906 1765 seu
1930 1703 2025 1766 rei

463 1802 851 1878 111-3133111331
902 1813 1106 1874 neque
1175 1802 1418 1875 oportet
1481 1796 1707 1859 addere
1766 1796 2023 1857 tertium

463 1890 818 1953 membrum
853 1887 930 1949 de
963 1894 1324 1969 contemptu
1359 1890 1674 1969 praecepti,
1707 1907 1818 1951 seu
1840 1888 2020 1966 legis,

463 1982 614 2062 quia
638 1982 742 2043 lex
768 1980 970 2043 solum
998 1983 1312 2054 contemni
1340 1988 1580 2061 potest,
1625 1981 1725 2045 vel
1756 1999 1867 2062 per
1897 1998 2025 2043 res-

463 2080 715 2154 pectum
737 2074 815 2135 ad
844 2072 1264 2152 legislatorem
1301 2119 1323 2149 ,
1374 2075 1549 2154 cujus
1589 2080 1854 2155 potestas
1881 2092 2025 2134 eon-

462 2166 764 2229 temnitur
797 2211 821 2243 ,
871 2172 933 2227 et
963 2166 1050 2227 sic
1089 2166 1170 2227 ad
1206 2171 1632 2247 contemptum
1658 2166 2026 2245 legislatoris

463 2259 829 2336 reducitur3
871 2257 972 2321 vel
1014 2264 1215 2338 potest
1240 2258 1343 2320 lex
1370 2261 1709 2335 contemni,
1743 2260 1890 2338 quia
1925 2277 2027 2320 res

461 2357 768 2433 praecepta
794 2350 970 2430 parvi
997 2351 1364 2428 oestimatur‚
1408 2358 1472 2414 et
1497 2352 1584 2413 sic
1603 2352 1921 2413 reducitur
1945 2351 2027 2413 ad

463 2448 889 2524 contemptum
921 2445 1144 2523 operis.

543 2539 643 2600 22.
695 2538 1072 2617 Traauyredi
1095 2538 1278 2617 leyem
1307 2556 1378 2601 ιω
1401 2543 1734 2618 contemptu
1748 2539 1842 2600 rei
1859 2556 2027 2617 proe-

468 2636 646 2711 ceptoe
691 2648 810 2693 non
853 2646 1082 2707 semper
1127 2638 1216 2693 est
1254 2636 1559 2709 peceatum
1609 2630 1892 2705 mortale,
1927 2632 2033 2693 sed

465 2728 702 2786 tantum
751 2738 824 2785 σω
877 2723 1183 2801 aravitate
1225 2724 1496 2785 mater-ite
1519 2768 1542 2800 ,
1591 2724 1684 2785 vel
1727 2741 1926 2786 erroro
1955 2724 2025 2785 in

468 2816 764 2879 doctrina.
799 2846 884 2861 -
913 2814 1056 2875 Dico
1087 2832 1236 2893 ergo
1274 2815 1480 2895 primo
1515 2833 1534 2877 ε
1567 2817 1912 2895 transgredi
1939 2814 2027 2876 le-

470 2926 614 2988 gem
643 2925 721 2969 ex
763 2912 1123 2987 contemptu
1161 2908 1253 2969 rei
1278 2916 1596 2989 praeceptae
1629 2927 1754 2969 non
1783 2926 2027 3015 semper

467 3010 532 3066 et
569 3003 638 3065 in
672 3001 999 3064 individuo
1031 3007 1122 3063 est
1165 3009 1490 3083 peceatum
1529 3003 1813 3079 mortale,
1854 3009 1917 3065 et
1955 3003 2026 3064 in

467 3096 587 3160 hoc
617 3102 821 3177 potest
845 3095 1073 3158 hahere
1100 3115 1320 3158 verum
1346 3098 1558 3177 opinio
1594 3097 1870 3177 Caietam
1903 3114 1925 3175 3
1963 3103 2028 3158 et

469 3191 629 3252 ratio
658 3191 816 3269 ejuS,
847 3188 995 3269 quia
1020 3207 1119 3252 res
1145 3196 1501 3270 contempta
1526 3196 1727 3270 potest
1751 3209 1880 3252 esse
1907 3190 2026 3250 mi-

466 3283 641 3345 nima
659 3327 681 3360 ,
715 3282 816 3343 vel
842 3282 1160 3362 pertinens
1185 3283 1266 3344 ad
1292 3283 1576 3346 infimam
1603 3283 1877 3364 aliquam
1899 3283 2029 3344 vir-

468 3382 690 3453 tutem,
731 3381 793 3437 et
821 3376 971 3455 quia
995 3381 1147 3437 tunc
1173 3393 1284 3456 per
1319 3395 1384 3438 se
1415 3395 1532 3437 333
1559 3377 1654 3452 fit,
1684 3395 1798 3439 nec
1825 3377 2029 3438 inten-

469 3469 638 3530 ditur
666 3467 900 3546 injuria
932 3467 1322 3546 legislatoris.
1370 3467 1612 3547 Duplici
1645 3487 1793 3548 ergo
1824 3487 1902 3530 ex
1927 3487 2027 3530 ca-

468 3562 596 3642 pite
619 3566 818 3640 potest
843 3577 974 3622 esse
993 3559 1112 3622 hoc
1131 3567 1454 3639 peccatum
1473 3562 1758 3624 mortale.
1791 3564 2022 3641 Primo,

468 3653 522 3714 si
551 3651 829 3713 involvat
847 3650 949 3715 vel
973 3658 1280 3756 supponat
1307 3670 1581 3714 errorem
1613 3654 1682 3714 in
1714 3655 2020 3718 doctrina.

468 3745 570 3807 Sic
607 3749 866 3848 peceant
903 3743 1268 3822 gravissime
1303 3745 1414 3825 qui
1440 3751 1850 3810 contemnunt
1879 3766 2025 3810 eon-

323 3839 336 3855 ·
467 3839 629 3913 31113,
664 3837 812 3916 (11113
831 3837 1191 3900 existimant
1209 3837 1318 3898 illa
1343 3856 1474 3900 esse
1496 3839 1762 3915 inutilia,
1794 3846 1904 3902 aut
1929 3841 2025 3902 in-

469 3929 622 3992 fima
661 3930 850 3990 bona.
897 3929 998 3991 Sic
1033 3930 1224 3992 etiam
1274 3938 1556 4011 peccaret
1597 3935 1868 4012 graviter
1914 3934 2026 4014 qui

469 4029 892 4085 contemneret
945 4024 1496 4103 transgressionem
1546 4043 1625 4088 ex
1661 4043 1728 4088 se
1774 4026 1975 4087 levem
1998 4072 2021 4104 ,

467 4116 615 4198 quia
662 4115 1043 4178 existimaret
1080 4123 1404 4196 peccatum
1439 4119 1681 4181 veniale
1724 4137 1856 4183 non
1893 4138 2027 4182 esse

469 4209 732 4289 dignum
765 4227 953 4290 poena
990 4210 1156 4289 apud
1195 4212 1413 4288 Deum,
1461 4212 1561 4274 vel
1591 4213 1912 4294 quippiam
1943 4213 2026 4274 si·

465 4303 636 4364 mile.
665 4302 968 4378 Secundo,
998 4308 1201 4383 potest
1219 4303 1336 4366 hoc
1357 4321 1487 4366 esse
1507 4306 1770 4368 mortale
1793 4324 1871 4368 ex
1892 4321 2042 4366 ma·.

462 4396 633 4456 terise
659 4396 986 4474 gravitate,
1014 4395 1172 4456 sicut
1196 4395 1266 4458 in
1285 4396 1426 4458 aliis
1445 4398 1613 4459 vitiis
1639 4400 1964 4477 contingit.

543 4489 647 4548 23.
695 4488 1070 4567 Tramyredi
1095 4489 1280 4568 leyem
1318 4508 1390 4552 em
1417 4496 1746 4570 oontmptu
1771 4492 2027 4572 1391313-

463 4581 619 4644 toris
650 4582 769 4643 Dei
799 4598 1026 4660 semper
1057 4586 1144 4642 est
1169 4587 1474 4661 peceatum
1506 4585 1786 4659 mortale,
1828 4591 2029 4664 utpote

461 4674 620 4754 quod
651 4673 883 4737 indicat
917 4672 1209 4751 quoddam
1244 4674 1362 4737 Dei
1391 4675 1612 4738 odium.
1642 4707 1724 4720 -—
1749 4677 1896 4738 Dim>
1935 4695 2027 4739 se-

463 4766 706 4827 cundo:
744 4763 1117 4843 Transgredi
1156 4763 1360 4843 legem
1405 4785 1483 4828 ex
1521 4773 1880 4849 contemptu
1915 4769 2027 4831 Dei

461 4858 833 4938 legislatoris
893 4875 1136 4937 semper
1193 4867 1286 4921 est
1342 4867 1664 4939 peccatum
1727 4862 1986 4924 mortale
2001 4907 2024 4939 ,

459 4952 653 5012 etiam
685 4951 755 5012 in
793 4949 1138 5026 individuo,
1170 4957 1233 5012 et
1268 4952 1404 5014 sine
1441 4953 1572 5014 11113
1597 4954 1992 5018 distinctione
2000 4972 2024 5036 3

461 5051 524 5106 et
559 5045 678 5105 hoc
711 5043 932 5104 saltem
960 5042 1147 5104 modo
1172 5044 1527 5107 indistincte
1553 5047 1834 5126 procedit
1857 5066 2026 5110 com·

459 5139 669 5199 munis
691 5136 1022 5214 sententia,
1044 5142 1108 5198 et
1131 5137 1222 5198 ita
1242 5154 1524 5217 expresse
1543 5139 1842 5202 Bernard.
1863 5160 1918 5202 3.
1946 5143 2025 5202 12

463 5231 674 5309 (quem
705 5232 813 5290 alii
841 5233 1206 5310 sequuntur)
1235 5231 1562 5311 distinguit
1591 5234 1958 5296 mandatum
1983 5253 2025 5296 a

459 5323 822 5398 mandante,
845 5329 908 5383 et
935 5325 1302 5400 gravitatem
1319 5326 1638 5390 constituit
1659 5329 1727 5388 13
1749 5333 2023 5390 contem-

459 5423 574 5496 ptu
612 5415 965 5476 mandantis
973 5435 997 5490 3
1028 5423 1091 5476 et
1118 5418 1371 5496 quidem
1403 5425 1686 5498 respectu
1713 5420 1827 5484 Dei
1855 5420 2023 5481 vide-

457 5513 563 5569 tur
589 5527 687 5572 res
713 5507 1042 5572 manifesta
1063 5525 1082 5576 ς
1101 5512 1348 5591 agimus
1370 5512 1540 5578 enim
1567 5512 1644 5576 de
1667 5518 2025 5594 contemptu

2105 499 2375 575 formali,
2395 506 2467 560 ut
2486 494 2650 571 dixi,
2632 510 2647 525 ·
2670 491 2765 554 est
2784 495 2997 553 autem
3016 506 3249 569 magna
3268 487 3677 551 irreverentia

2105 594 2336 655 directe
2374 590 2697 653 intendere
2732 588 3158 664 contemptum
3188 582 3321 657 Dei,
3368 600 3480 643 3311
3510 598 3675 659 quo

2106 705 2369 768 cumque
2396 687 2574 763 signo
2600 679 2925 743 ostendere
2947 678 3274 757 indignam
3306 674 3383 737 (13
3410 676 3536 737 Β33
3564 693 3679 735 313-

2104 781 2534 843 timationem:
2569 774 2737 837 unde
2775 772 2920 835 licet
2958 770 3101 832 talis
3144 768 3561 846 transgressio
3608 767 3677 827 in

2105 890 2171 933 se
2210 873 2360 952 quid
2401 869 2736 933 minimum
2776 864 3085 939 videatur,
3120 863 3250 924 imo
3289 860 3437 922 11331
3466 878 3580 940 1131·
3612 877 3681 921 33

2103 983 2233 1027 non
2272 966 2354 1026 sit
2392 964 2595 1044 3111113,
2624 958 2733 1021 33(1
2760 955 3003 1019 33331111
3040 955 3323 1031 33113313;
3352 953 3681 1015 nihilomi-

2103 1076 2247 1133 nus,
2285 1057 2355 1118 in
2378 1058 2619 1119 ratione
2646 1051 2813 1130 signi
2838 1048 3131 1129 imperati
3154 1048 3233 1109 311
3258 1048 3507 1109 interno
3528 1064 3679 1107 con-

2108 1154 2371 1228 temptu,
2401 1148 2588 1209 habet
2628 1158 2887 1225 gravem
2924 1141 3472 1203 inordinationem.
3504 1138 3679 1200 Sicut

2106 1243 2393 1307 omittere
2418 1240 2749 1303 consilium
2776 1234 2945 1317 quod
2980 1236 3207 1297 scimus
3234 1253 3347 1314 per
3372 1250 3440 1295 se
3476 1232 3678 1311 magis

2103 1336 2349 1418 placere
2396 1337 2545 1411 Deo,
2594 1352 2671 1395 ex
2716 1330 2959 1409 objecto
3002 1346 3133 1391 non
3176 1334 3271 1391 est
3314 1331 3673 1407 peccatum3

2101 1436 2315 1491 tamen
2359 1428 2414 1489 si
2454 1426 2595 1507 quis
2620 1423 2774 1486 illud
2818 1418 3134 1483 omitteret
3174 1438 3256 1481 ex
3278 1419 3399 1481 hac
3424 1417 3679 1479 formali

2101 1521 2447 1583 intentione
2485 1518 2846 1592 deliberata,
2875 1532 2957 1577 113
2996 1512 3185 1575 faciat
3208 1511 3329 1573 hoc
3368 1508 3675 1614 1131131113-

2102 1614 2300 1675 3111113
2341 1614 2490 1688 Β33,
2515 1610 2702 1693 1113113
2736 1612 2897 1671 33331
2928 1624 3117 1686 grave
3146 1609 3491 1686 peecatum,
3522 1602 3677 1682 quia

2104 1706 2340 1769 indicat
2368 1705 2681 1785 quoddam
2706 1702 2818 1765 Dei
2842 1700 3078 1776 odium,
3112 1698 3282 1778 quod
3314 1714 3393 1759 ex
3417 1695 3675 1757 levitate

2102 1799 2385 1861 materiae
2424 1813 2749 1875 nunquam
2786 1797 2990 1874 potest
3024 1808 3151 1853 esse
3178 1788 3420 1851 veniale
3458 1803 3675 1867 pecca-

2103 1897 2275 1969 tum3
2305 1890 2371 1953 et'
2392 1888 2676 1952 similiter
2706 1892 3100 1948 contemnere
3136 1886 3513 1963 praeceptum
3544 1878 3675 1939 mi-

2102 1986 2351 2047 nimum
2366 1982 2467 2044 vel
2488 1980 2840 2053 consilium,
2860 1978 3061 2040 solum
3082 1976 3233 2055 quia
3248 1992 3289 2035 a
3304 1973 3429 2035 Deo
3452 1970 3675 2031 datum

2104 2082 2222 2152 est,
2251 2082 2315 2137 et
2354 2093 2431 2137 ex
2466 2074 2576 2135 1113
2608 2076 2969 2150 contemptu
3000 2068 3153 2130 illud
3192 2066 3503 2138 omittere,
3532 2078 3674 2141 gra-

2104 2170 2359 2233 vissima
2386 2166 2764 2229 inordinatio
2789 2164 3041 2225 affectus
3068 2166 3183 2237 est,
3210 2158 3452 2221 etiamsi
3476 2159 3675 2215 mate-

2105 2264 2200 2324 ria
2230 2262 2471 2324 consilii
2495 2260 2596 2324 vel
2622 2257 2911 2340 praecepti
2936 2256 3201 2317 minima
3226 2254 3337 2330 sit3
3362 2256 3426 2313 et
3452 2265 3677 2329 quam-

2104 2357 2200 2417 vis
2222 2356 2328 2417 ille
2348 2355 2599 2417 affectus
2624 2354 2725 2415 vel
2750 2354 3139 2430 contemptus
3158 2346 3571 2423 restringatur
3590 2340 3671 2401 ad

2106 2448 2229 2510 tale
2282 2453 2662 2528 praeceptum
2714 2445 3053 2507 minimum
3066 2487 3087 2519 ,
3142 2457 3388 2519 semper
3442 2434 3675 2497 retinet

2106 2535 2360 2620 gravem
2381 2539 2929 2601 inordinationem.
2947 2537 3120 2598 Sicut
3130 2535 3333 2595 dicere
3344 2530 3481 2593 leve
3494 2544 3674 2589 men-

2107 2632 2353 2694 dacium
2366 2651 2442 2694 33
2456 2632 2705 2695 formali
2714 2630 3061 2692 intentione
3079 2623 3435 2689 offendendi
3446 2623 3671 2693 Deum,

2104 2726 2293 2787 etiam
2318 2725 2560 2801 leviter,
2591 2729 2685 2786 est
2716 2723 2987 2804 profecto
3018 2725 3341 2826 1133331313
3374 2712 3665 2788 mortale,

2103 2818 2253 2899 quia
2278 2818 2517 2879 illamet
2554 2818 2821 2879 intentio
2856 2821 2950 2877 est
2988 2813 3195 2894 gravis
3240 2804 3664 2878 irreverentia,

2106 2918 2169 2972 et
2194 2912 2469 2973 continet
2496 2909 2909 2972 deliberatum
2932 2908 3043 2969 Dei
3068 2905 3305 2967 odium.
3332 2902 3461 2974 Quo
3476 2896 3665 2959 modo

2104 3004 2369 3083 1111311131
2405 3010 2605 3111 potest
2640 3002 2793 3064 illud
2819 3001 2986 3082 quod
3012 3018 3089 3062 ex
3116 2996 3460 3075 Augustino
3478 2989 3667 3052 refert

2104 3096 2430 3160 Gratian.
2410 3116 2482 3159 ιιι
2516 3115 2647 3176 cap.
2690 3097 2890 3160 [Imm
2930 3094 3225 3166 orarium,
3254 3088 3295 3170 ἓ
3324 3087 3401 3154 N
3397 3102 3511 3150 uno
3548 3100 3671 3146 au-

2105 3198 2244 3268 tem,
2286 3191 2433 3253 dist.
2472 3192 2591 3252 25:
2628 3190 2895 3256 Nullum
2927 3191 3232 3267 peccatum
3270 3186 3358 3246 est
3396 3180 3538 3243 adeo
3576 3194 3671 3240 vo-

2104 3286 2290 3360 niale,
2342 3286 2497 3366 quod
2540 3301 2658 3345 non
2700 3283 2819 3359 fiat
2868 3280 3211 3355 criminale,
3262 3278 3405 3340 dum
3444 3273 3665 3355 placet,

2106 3375 2321 3455 utique
2350 3393 2431 3436 ex
2454 3379 2817 3453 contemptu
2846 3373 2975 3436 Dei.

2185 3470 2284 3530 24.
2335 3467 2708 3548 Tramyredi
2744 3466 2928 3546 leqem
2954 3467 3279 3528 humanam
3312 3481 3383 3527 ev
3410 3463 3671 3524 contam-

2098 3567 2213 3641 ptu
2238 3562 2497 3639 sor-»nali
2520 3560 2891 3640 kaislatorie
2914 3559 3152 3622 videtur
3163 3575 3389 3637 sempor
3412 3560 3469 3618 et
3486 3553 3668 3618 inin*-

2104 3655 2345 3718 dividuo
2367 3659 2673 3734 peccatum
2700 3653 2976 3729 mortale,
3005 3656 3205 3731 utpote
3230 3651 3336 3731 qui
3362 3655 3505 3712 tuno
3528 3663 3671 3710 oon-

2103 3747 2391 3810 temnitm·
2416 3751 2487 3810 ut
2524 3747 2708 3810 vivom
2738 3760 2947 3825 aarum
2974 3744 3115 3808 Dei.
3144 3775 3229 3790 —
3258 3742 3404 3804 Dico
3434 3741 3625 3802 tertio
3644 3759 3663 3798 ε

2101 3839 2451 3918 transgredi
2468 3837 2673 3917 legem
2692 3838 3035 3898 humanam
3058 3853 3139 3898 ex
3156 3839 3518 3914 contemptu
3542 3833 3672 3894 for-

2104 3931 2257 3993 mali
2298 3931 2561 3992 humani
2591 3930 2984 4009 legislatoris,
3032 3930 3221 3994 etiam
3248 3928 3497 3990 videtur
3534 3943 3671 3988 esse

2103 4043 2343 4106 semper
2368 4033 2433 4088 et
2455 4026 2524 4087 in
2550 4025 2875 4088 individuo
2898 4030 3217 4104 peccatum
3238 4021 3523 4090 mortale.
3536 4019 3673 4080 Hoc

2103 4137 2233 4182 non
2257 4119 2504 4182 videtur
2530 4136 2709 4198 aeque
2731 4123 2997 4192 certum,
3030 4118 3181 4198 quia
3204 4115 3518 4195 legislator
3549 4111 3671 4172 hu-

2104 4229 2326 4274 manus
2352 4229 2483 4274 non
2508 4216 2598 4272 est
2622 4229 2885 4291 persona
2909 4215 3043 4272 tam
3070 4209 3399 4282 excellens,
3430 4210 3495 4268 et
3518 4202 3671 4283 quia

2105 4293 2356 4385 aliquod
2396 4305 2609 4366 odium
2636 4307 2772 4384 ejus
2816 4309 3017 4383 potest
3058 4321 3190 4364 esse
3232 4297 3499 4362 veniale.
3528 4295 3667 4357 Dis-

2103 4401 2390 4478 tinguere
2424 4417 2576 4478 ergo
2611 4416 2933 4479 possumus
2957 4398 3363 4477 superiorem,
3408 4393 3511 4455 vel
3538 4391 3668 4452 for-

2105 4492 2354 4554 maliter
2374 4497 2677 4571 quatenus
2702 4491 2991 4572 praelatus
3007 4491 3107 4552 vel
3123 4489 3401 4569 superior
3426 4491 3543 4561 est,
3566 4483 3671 4545 vel

2108 4593 2413 4664 quatenus
2431 4584 2687 4664 quidam
2707 4584 2917 4646 homo.
2938 4581 3309 4662 Transgredi
3330 4597 3479 4658 ergo
3496 4576 3669 4638 illius

2105 4676 2310 4756 legem
2336 4695 2415 4739 ex
2442 4683 2801 4756 contemptu
2826 4675 3123 4755 ejusdem,
3164 4677 3472 4754 quatenus
3511 4687 3669 4750 11113-

2104 4769 2265 4831 131113
2290 4775 2405 4847 331,
2450 4787 2693 4848 semper
2728 4786 2943 4830 censeo
2978 4785 3109 4830 esse
3138 4772 3463 4848 peccatum
3491 4773 3668 4824 mor‘-

2104 4861 2261 4939 tale3
2306 4868 2370 4923 et
2412 4863 2501 4924 ita
2543 4862 2817 4942 procedit
2854 4861 3166 4922 conclusio
3208 4858 3430 4939 posita.
3484 4855 3667 4918 Ratio

2105 4961 2316 5016 autem
2342 4961 2457 5032 est,
2494 4955 2643 5034 quia
2673 4954 2830 5016 illud
2856 4960 2951 5016 est
2977 4959 3375 5016 contemnere
3402 4953 3667 5031 potesta·

2104 5052 2232 5108 tem
2264 5047 2421 5126 ejus,
2464 5053 2527 5108 et
2556 5047 2703 5126 quia
2733 5051 2887 5107 tunc
2912 5045 3328 5107 contemnitur
3356 5047 3669 5122 quatenus

2103 5143 2505 5218 repraesentat
2528 5139 2725 5200 Deum
2768 5144 2833 5200 31
2859 5139 3023 5200 vices
3050 5140 3183 5217 ejus
3209 5137 3395 5216 gerit,
3431 5141 3496 5197 et
3526 5133 3670 5196 ideo

2102 5233 2246 5294 talis
2262 5238 2651 5312 contemptus
2668 5232 2976 5293 redundat
2992 5232 3061 5292 in
3088 5236 3513 5310 contemptum
3531 5228 3666 5304 Dei,

2096 5327 2279 5405 juxta
2321 5325 2584 5387 verbum
2624 5325 2851 5386 Christi
2890 5325 3139 5386 Domini
3176 5325 3323 5386 Luc.
3377 5328 3502 5386 10:
3546 5321 3669 5396 Qui

2102 5437 2205 5480 vos
2234 5420 2409 5482 audit
2432 5437 2523 5484 me
2548 5419 2747 5491 audit,
2783 5423 2839 5480 et
2870 5419 2977 5498 qui
2992 5435 3097 5480 vos
3123 5417 3356 5495 spernit
3382 5435 3477 5478 me
3500 5431 3669 5494 sper-

2101 5511 2223 5577 nit.
2252 5511 2366 5574 Cui
2398 5516 2695 5576 consonat
2730 5508 2888 5573 illud
2928 5507 3232 5574 Bernardi
3254 5511 3395 5574 loco
3422 5509 3614 5571 citato
3639 5525 3664 5575 :-
