3976 6219
857 418 993 472 GAP.
1025 418 1134 473 XV.
1167 419 1310 484 QUAE
1339 420 1550 475 rom
1579 420 1873 474 EX'I'ERNA
1903 421 2021 476 SEU
2052 420 2383 476 SENSIBILIS
2414 422 2766 489 SERVANDA,
2800 422 2939 479 mc.

384 520 445 582 9.
492 516 702 583 Dubia
746 519 814 584 de
857 522 1055 585 verbis
1095 522 1280 601 Μαίη
1339 524 1407 587 in
1450 522 1826 602 particulari
1847 569 1862 593 ,

295 612 453 691 quid
475 612 793 690 siqnificat
815 615 1056 676 verbum
1088 616 1709 678 manda—Praeterea
1752 614 1866 675 du-

293 704 491 765 bitari
539 704 695 767 solet
730 706 807 768 de
851 706 1221 786 quibusdam
1265 708 1470 769 verbis
1502 710 1570 769 in
1598 708 1866 788 particu-

291 795 442 871 lari,
472 801 537 858 et
559 796 869 877 imprimis
898 798 976 859 de
1007 799 1196 860 verbo
1220 802 1455 877 mandO,
1481 800 1647 881 quod
1676 801 1865 861 inter-

3384 423 3426 483 2

1945 520 2258 599 banitatls,
2286 540 2405 585 nec
2430 522 2499 584 in
2526 523 2649 585 alia
2678 525 2993 605 aequivoca
3028 424 3507 605 signification?

2030 618 2130 678 10.
2174 616 2443 679 Dubium
2471 618 2539 680 de
2564 620 2735 681 verbo
2765 620 3189 698 oportet—De
3214 622 3382 682 verbo
3404 640 3504 684 vo-

1946 709 2168 772 lumus.
2184 709 2438 769 —Item
2460 709 2613 771 solet
2644 709 2915 771 dubitari
2935 710 3012 773 de
3033 711 3223 772 verbo
3251 719 3499 792 oportet.

1944 799 2153 880 Aliqui
2175 800 2343 861 enim
2362 806 2583 881 putant
2606 802 2883 863 sufficere
2900 802 2977 863 ad
2996 802 3152 881 legis
3168 802 3504 883 imperium

293 889 453 950 dum
489 890 646 950 solet
665 890 1012 969 significare
1040 891 1207 952 idem
1240 892 1407 971 quod
1435 892 1778 967 committ0,
1805 897 1866 953 et
1942 892 2372 970 indicandum,
2413 894 2579 973 quod
2631 896 2908 956 sentiunt
2953 897 3177 957 Navar.
3228 915 3361 977 cap.
3397 902 3498 973 23,

291 981 384 1042 sic
402 982 633 1043 multas
647 982 1023 1043 differentias
1047 984 1427 1044 constituunt
1446 984 1687 1064 juristae
1703 985 1867 1045 inter
1943 1003 2009 1047 n.
2040 986 2139 1061 30,
2188 986 2532 1065 praesertim
2576 987 2644 1047 in
2685 987 2924 1066 legibus
2950 988 3394 1067 ecclesiasticiS,
3425 992 3503 1055 de

290 1074 667 1136 mandatum
688 1079 751 1135 et
763 1080 1167 1155 praeceptum,
1193 1077 1270 1138 de
1300 1077 1524 1156 quibus
1548 1076 1744 1139 videri
1757 1094 1867 1156 po-
1945 1077 2169 1158 quibus
2196 1078 2396 1156 ἰτὼ-ε,
2431 1084 2494 1141 ει
2531 1080 2759 1141 Medin.
2786 1085 2963 1142 tract.
3008 1081 3086 1143 de
3125 1083 3361 1161 Jejun.,
3400 1102 3503 1145 ca-

287 1172 416 1229 fast
452 1166 648 1228 Felin.
692 1168 762 1227 in
785 1185 917 1247 cap.
949 1169 1116 1229 Eam
1143 1174 1223 1245 to,
1255 1168 1331 1231 de
1351 1169 1650 1250 Rescrip„
1676 1189 1742 1231 n.
1773 1172 1854 1245 93

289 1258 404 1319 sed
431 1257 610 1319 nobis
637 1277 764 1320 non
785 1265 930 1320 sunt
943 1260 1325 1337 necessariae,
1343 1262 1491 1341 quia
1517 1262 1858 1324 consistunt

287 1351 362 1412 in
389 1352 522 1412 sola
545 1351 721 1414 verbi
761 1353 1264 1431 aequivocatione.
1296 1355 1658 1416 Mandatum
1686 1354 1855 1416 enim

287 1444 402 1506 illo
442 1444 626 1505 modo
661 1443 828 1505 idem
868 1444 1175 1524 significat
1209 1446 1370 1525 quod
1419 1447 1723 1527 delegatio
1755 1447 1856 1508 vel

289 1537 646 1598 commissio
688 1537 1025 1616 potcstatis,
1054 1556 1167 1617 per
1198 1556 1388 1618 quam
1428 1537 1584 1600 solet
1633 1538 1854 1618 aliquis

280 1629 482 1710 judex
505 1630 601 1691 vel
635 1636 996 1709 procurator
1022 1631 1314 1691 constitui
1347 1646 1363 1690 ε
1398 1631 1502 1693 bic
1523 1637 1734 1693 autem
1753 1651 1853 1692 su·

286 1724 488 1784 mitur
509 1727 582 1783 ut
603 1722 944 1801 jussionem
972 1722 1304 1802 significat.
1345 1723 1514 1785 Solet
1538 1723 1688 1785 item
1714 1741 1852 1785 ver-

287 1815 445 1875 bum
473 1815 817 1876 mandandi
843 1833 955 1894 per
966 1814 1381 1877 urbanitatem
1403 1816 1551 1896 poni
1578 1834 1690 1895 pro
1718 1835 1854 1879 ver·

287 1908 372 1971 ho
393 1907 670 1988 petendi,
695 1912 806 1969 aut
830 1908 1117 1986 rogandi,
1145 1926 1270 1987 quo
1321 1927 1502 1969 sensu
1525 1909 1723 1969 utitur
1744 1908 1853 1969 illo

289 2002 504 2064 Sixtus
528 2003 674 2081 Pap.
698 2000 768 2062 in
790 2019 927 2080 cap.
955 2002 1306 2064 Mandastis
1327 2006 1396 2064 ut
1413 2003 1726 2065 scriberem
1746 2021 1852 2064 vo-

288 2095 410 2170 bis,
439 2097 504 2170 2,
535 2099 752 2174 quaest.
779 2096 840 2170 5,
868 2099 931 2154 et
959 2094 1276 2173 Sylverius
1309 2094 1378 2155 in
1399 2113 1534 2175 cap.
1571 2095 1852 2162 &uilita-

284 2189 428 2249 νέω
447 2188 765 2249 Patricius
784 2192 982 2249 noster
1006 2187 1319 2249 mandavit
1344 2206 1436 2249 mo
1462 2189 1545 2251 ad
1570 2207 1631 2250 se
1655 2190 1855 2251 venire

277 2280 562 2359 pacifice,
586 2280 687 2355 23,
719 2298 781 2357 q.
813 2281 874 2347 4,
911 2278 975 2338 id
1000 2284 1114 2353 est,
1141 2279 1312 2339 misit
1334 2279 1412 2340 ad
1436 2298 1536 2341 me
1559 2280 1850 2359 petendo,

286 2378 434 2445 etc.;
457 2372 626 2433 unde
654 2370 916 2451 Sylvest.
959 2370 1132 2432 verb.
1178 2372 1573 2450 Praeceptum,
1601 2391 1664 2451 q.
1704 2374 1767 2449 2,
1794 2377 1856 2433 et

283 2464 512 2526 Armil.
544 2483 611 2524 n.
638 2467 697 2535 7,
729 2482 856 2524 non
881 2468 1102 2543 putant
1131 2464 1404 2525 sufficere
1437 2465 1702 2544 simplex
1720 2483 1855 2526 ver-

283 2558 443 2618 bum
465 2559 842 2632 mandamus,
868 2556 988 2616 nisi
1009 2555 1272 2617 addatur
1289 2556 1651 2633 geminatio,
1677 2575 1854 2618 man-

283 2648 494 2710 dando
522 2648 934 2729 praecipimus,
965 2648 1194 2709 Anton.
1247 2654 1456 2709 autem
1482 2651 1521 2709 2
1543 2656 1731 2728 part„
1774 2648 1855 2710 ti-

282 2741 423 2802 tulo
464 2743 564 2816 14,
613 2758 747 2820 cap.
793 2742 856 2816 2,
902 2739 940 2821 ξ
981 2743 1041 2815 3,
1081 2740 1169 2801 ita
1193 2740 1440 2802 videtur
1470 2740 1850 2820 distinguere

285 2832 454 2894 inter
496 2833 759 2894 verbum
805 2832 1144 2893 mandandi
1193 2838 1256 2893 et
1307 2833 1728 2913 praecipiendi,
1777 2840 1851 2895 ut

286 2926 462 3006 prius
488 2926 688 2986 levem
736 2929 982 2986 tantum
1037 2923 1504 3003 obligationem,
1546 2928 1850 3005 posterius

283 3037 543 3099 gravem
564 3018 825 3096 indicet;
856 3018 944 3079 ait
969 3018 1162 3093 enim,
1193 3020 1555 3079 mandatum
1575 3019 1848 3082 sufficere

283 3113 370 3173 ad
398 3113 598 3191 legem
627 3109 1007 3190 obligantem
1033 3116 1279 3172 tantum
1304 3109 1418 3172 sub
1451 3112 1681 3173 veniali
1720 3113 1849 3175 cul-

281 3221 404 3285 pa;
433 3209 804 3284 praeceptum
843 3221 990 3265 vero
1041 3203 1227 3264 etiam
1264 3203 1378 3264 sub
1428 3204 1694 3265 mortali.
1729 3207 1848 3268 Sed

281 3297 403 3357 hoc
427 3296 670 3357 nullum
690 3295 1169 3357 fundamentum
1191 3295 1380 3357 habet
1426 3297 1494 3357 in
1535 3297 1846 3376 significa-

285 3389 458 3450 tione
480 3386 690 3449 verbi:
721 3405 869 3450 nam
895 3387 947 3447 si
979 3387 1345 3448 mandatum
1376 3387 1544 3449 idem
1568 3395 1660 3450 est
1682 3391 1846 3468 quod

281 3481 481 3561 jussio
506 3481 606 3542 vel
629 3481 988 3560 imperium,
1027 3499 1155 3543 non
1176 3486 1270 3542 est
1295 3498 1405 3541 cur
1432 3480 1735 3543 limitetur
1766 3484 1846 3544 ad

285 3574 489 3636 levem
517 3573 983 3653 obligationem,
1012 3573 1118 3634 sed
1142 3591 1256 3652 pro
1283 3574 1615 3652 capacitate
1653 3579 1848 3637 mate-

281 3667 393 3728 riae
416 3664 738 3744 obligabit,
767 3667 928 3728 sicut
947 3665 1132 3727 etiam
1164 3665 1426 3727 verbum
1453 3667 1846 3746 praecipiendi

283 3777 415 3822 non
443 3759 696 3820 inducet
725 3757 1166 3838 obligationem
1190 3776 1469 3838 gravem,
1507 3759 1560 3820 si
1585 3761 1846 3821 materia

282 3869 414 3912 non
450 3851 531 3912 sit
563 3869 780 3930 capax,
807 3855 881 3911 ut
907 3848 1070 3910 infra
1107 3848 1365 3912 dicetur.
1393 3851 1540 3911 Dico
1571 3869 1718 3932 ergo
1756 3858 1846 3913 at-

279 3943 668 4006 tendendum
698 3961 828 4004 esse
861 3943 998 4022 quis
1025 3943 1125 4003 cui
1149 3942 1462 4022 loquatur,
1493 3951 1556 4004 et
1585 3962 1844 4023 quomo-

279 4037 397 4098 do:
432 4054 580 4098 nam
610 4037 776 4098 intsr
802 4034 1066 4116 aequales
1078 4034 1338 4097 verbum
1353 4035 1690 4097 mandandi
1716 4056 1845 4098 non

281 4129 438 4192 solet
459 4129 745 4209 usurpari
777 4129 858 4190 ab
907 4146 982 4190 eo
1021 4128 1130 4207 qui
1157 4135 1336 4208 rogat
1369 4129 1471 4190 vel
1512 4130 1688 4209 petit,
1739 4131 1846 4192 sed

279 4223 652 4284 urbanitatis
674 4222 876 4302 gratia
909 4220 1064 4282 solet
1095 4221 1384 4300 usurpari
1410 4220 1489 4281 ab
1516 4239 1590 4284 eo
1615 4221 1723 4301 qui
1747 4240 1848 4282 ro-

279 4322 468 4395 gatur
490 4333 507 4376 z
532 4333 678 4376 nam
708 4314 1072 4395 petitionem
1101 4313 1326 4394 accipit
1346 4318 1645 4393 tanquam
1668 4332 1846 4375 man-

279 4409 522 4484 datum,
554 4414 617 4470 et
644 4407 840 4468 multo
865 4407 1066 4486 magis
1093 4406 1184 4467 ita
1231 4405 1530 4485 accipitur
1554 4406 1679 4468 tale
1708 4425 1845 4468 ver-

277 4501 432 4561 bum
467 4500 715 4579 quando
751 4497 1033 4578 superior
1075 4497 1351 4578 loquitur
1380 4498 1460 4559 ad
1486 4498 1842 4561 inferiorem

276 4592 471 4653 etiam
497 4591 736 4671 passive
767 4593 860 4668 (ut
887 4591 974 4651 sic
999 4591 1249 4668 dicam).
1291 4590 1375 4651 At
1401 4608 1569 4667 vero,
1595 4590 1844 4671 quando

277 4683 563 4764 superior
589 4682 866 4762 loquitur
887 4681 965 4744 ad
988 4681 1309 4744 subditum
1331 4675 1845 4760 active'mandan-

277 4775 385 4850 dc,
419 4775 508 4837 sic
532 4773 796 4836 verbum
819 4773 972 4834 illud
1002 4774 1171 4837 idem
1202 4775 1270 4835 in
1309 4775 1514 4854 rigore
1537 4775 1844 4854 significat

277 4867 447 4948 quod
463 4867 727 4930 verbum
743 4867 1057 4948 praecipio,
1074 4871 1147 4926 ut
1170 4866 1294 4928 late
1323 4867 1501 4928 docet
1520 4867 1714 4947 Felin.
1742 4885 1843 4928 su-

272 4977 428 5042 pra3
481 4965 668 5039 atque
692 4959 781 5020 ita
825 4958 1077 5039 quando
1117 4959 1368 5038 ponitur
1401 4960 1470 5020 in
1496 4960 1633 5039 lege
1664 4977 1842 5040 supe-

273 5053 460 5115 rioris
485 5071 599 5134 per
622 5052 781 5114 illud
808 5052 1134 5114 statuentis
1170 5060 1232 5115 et
1271 5053 1637 5132 ordinantis,
1662 5055 1732 5115 in
1757 5056 1840 5116 ri-

273 5163 424 5225 gore
450 5145 677 5206 sufficit
719 5145 798 5206 ad
836 5143 1043 5223 legem
1069 5146 1584 5221 constituendam,
1611 5147 1732 5208 nisi
1763 5165 1841 5209 ex

272 5238 583 5316 adjunctis
634 5239 768 5318 ejus
813 5235 1186 5315 significatio
1238 5237 1652 5317 distrahatur3
1694 5241 1841 5318 quia

269 5331 340 5391 in
367 5331 576 5409 rigore
589 5328 895 5409 significat
913 5331 1237 5411 proprium
1262 5337 1642 5411 praeceptum
1661 5349 1841 5392 :nam

270 5429 366 5485 est
409 5422 784 5502 aequivalens
827 5422 1020 5485 verbo
1053 5424 1371 5504 praecipio,
1413 5431 1476 5485 et
1505 5423 1734 5504 alioqui
1772 5425 1842 5485 in

269 5516 384 5578 illa.
435 5516 753 5579 occasione
795 5521 1036 5596 constat
1087 5534 1218 5580 non
1267 5517 1419 5599 poni
1469 5517 1673 5599 gratia
1727 5535 1840 5580 ur-

1935 1170 2064 1251 pite
2091 1173 2149 1232 7.
2194 1172 2315 1234 Sed
2363 1190 2440 1234 ex
2464 1172 2529 1235 vi
2569 1172 2741 1234 verbi
2790 1176 3170 1237 contrarium
3214 1174 3463 1239 videtur
3476 1223 3498 1253 ,

1935 1269 2074 1325 tum
2108 1265 2256 1345 quia
2276 1265 2535 1326 verbum
2552 1266 2709 1327 illud
2725 1267 2931 1346 potius
2953 1268 3199 1329 videtur
3225 1268 3501 1331 indicare

1932 1357 2242 1435 judicium
2296 1359 2373 1419 de
2421 1376 2490 1419 re
2533 1358 2667 1437 ipsa
2712 1377 2903 1438 quam
2941 1359 3313 1440 imperium3
3364 1366 3500 1423 tum

1936 1450 2086 1528 quia
2110 1450 2297 1511 etiam
2346 1468 2460 1530 per
2497 1450 2755 1511 modum
2796 1451 3017 1531 judicii
3060 1471 3187 1513 non
3231 1452 3502 1515 declarat

1935 1542 2379 1618 necessitatem,
2404 1542 2512 1607 sed
2537 1542 2945 1620 honestatem,
2971 1550 3044 1605 ut
3072 1551 3238 1607 recte
3262 1545 3504 1606 notavit

1935 1634 2144 1695 Castro
2173 1634 2283 1695 lib.
2313 1637 2342 1695 1
2378 1634 2454 1695 de
2469 1636 2629 1713 Lege
2647 1636 2904 1715 poenal„
2927 1655 3062 1716 cap.
3086 1640 3148 1712 5,
3168 1638 3500 1700 documen-

1933 1730 2000 1785 to
2014 1727 2074 1786 4.
2096 1726 2179 1787 De
2198 1726 2386 1788 verbo
2400 1727 2553 1789 item
2575 1729 2848 1792 volumus
2870 1728 3142 1791 dubitari
3155 1731 3331 1808 solet,
3353 1731 3502 1812 quia

1934 1836 2012 1879 ex
2033 1836 2162 1879 una
2191 1825 2369 1899 parte
2420 1820 2668 1881 videtur
2708 1820 2855 1882 satis
2882 1821 3192 1901 explicare
3220 1822 3499 1884 volunta-

1932 1916 2060 1972 tem
2084 1912 2439 1991 superioris,
2456 1912 2525 1972 in
2547 1931 2671 1992 qua
2688 1913 2965 1975 consistit
2988 1915 3331 1977 substantia
3345 1934 3501 1994 prae-

1934 2003 2098 2082 cepti
2115 2026 2133 2079 3
2158 2004 2326 2066 unde
2353 2007 2425 2066 D.
2451 2006 2719 2066 Thomas
2745 2007 2805 2067 2.
2851 2007 2913 2081 2,
2945 2024 3007 2086 q.
3042 2008 3182 2084 104,
3213 2007 3385 2069 artic.
3432 2009 3494 2083 2,

1933 2095 2084 2157 dicit
2131 2115 2521 2178 quacumque
2558 2099 2799 2160 ratione
2854 2104 3091 2161 constet
3134 2100 3379 2161 subdito
3419 2100 3498 2163 de

1933 2189 2253 2251 voluntate
2282 2192 2638 2270 superioriS,
2681 2192 2964 2253 sufficere
3008 2192 3087 2253 ad
3123 2198 3497 2272 proeceptum

1933 2281 2154 2343 saltem
2179 2283 2458 2344 tacitum.
2503 2284 2770 2345 Aliunde
2797 2302 2945 2345 vero
2967 2284 3227 2346 verbum
3254 2285 3501 2347 videtur

1932 2375 2113 2436 valde
2140 2376 2525 2455 ambiguum,
2550 2379 2697 2457 quia
2720 2396 2848 2439 non
2866 2378 3069 2439 omnis
3089 2379 3373 2439 voluntas
3397 2397 3497 2440 su-

1934 2468 2197 2547 perioris
2227 2470 2450 2530 sufficit
2499 2470 2577 2531 ad
2628 2469 3054 2549 obligandum,
3102 2477 3167 2532 et
3211 2471 3279 2531 in
3307 2471 3496 2532 dubio

1934 2566 2081 2621 sunt
2104 2558 2295 2622 verba
2320 2561 2389 2621 in
2416 2562 2728 2623 mitiorem
2756 2569 2998 2642 partem
3029 2563 3496 2643 interpretanda

1933 2652 2002 2713 in
2027 2653 2287 2713 materia
2310 2652 2723 2732 obligationis,
2756 2656 2901 2715 Dico
2938 2672 3085 2735 ergo
3129 2674 3207 2717 ex
3232 2656 3497 2717 eircum-

1930 2745 2174 2806 stantiis
2216 2746 2732 2807 considerandum
2776 2765 2906 2809 esse
2960 2766 3044 2809 an
3085 2748 3264 2809 cadat
3312 2766 3497 2828 super

1929 2837 2395 2916 obligationem,
2419 2840 2508 2899 ita
2525 2845 2596 2900 ut
2622 2840 2903 2919 superior
2921 2840 3229 2921 exprimat
3249 2859 3314 2902 se
3334 2840 3495 2903 velle

1929 2928 2205 3008 obligare
2230 2932 2503 2991 subditos
2547 2954 2561 2991 ε
2605 2950 2753 2993 nam
2778 2932 2896 2993 hoc
2946 2932 3081 2995 sine
3126 2932 3319 2994 dubio
3346 2933 3493 2995 satis

1929 3028 2045 3096 est,
2076 3024 2225 3102 quia
2250 3024 2319 3083 in
2344 3023 2454 3084 illa
2482 3023 2798 3086 voluntate
2830 3029 2921 3085 εει
2942 3025 3284 3086 substantia
3309 3025 3489 3104 legia,

1927 3121 2000 3174 ut
2029 3115 2179 3176 dixi.
2215 3115 2280 3178 Si
2308 3122 2515 3177 autem
2550 3117 2805 3177 verbum
2837 3118 2965 3179 volo
2992 3118 3193 3178 solum
3230 3118 3493 3197 explicet

1927 3205 2326 3282 desiderium,
2357 3213 2421 3268 et
2444 3207 2731 3269 affectum
2769 3209 3123 3288 superioris,
3173 3227 3300 3270 non
3344 3211 3491 3271 satis

1925 3307 2020 3362 cst
2066 3300 2147 3361 ad
2172 3300 2397 3378 legem.
2428 3300 2728 3361 Existimo
2772 3307 2985 3362 autem
3028 3302 3305 3362 absolute
3348 3320 3489 3382 pro-

1924 3392 2123 3453 latum
2142 3392 2210 3451 in
2233 3393 2493 3453 materia
2508 3393 2663 3470 legis
2685 3392 2911 3454 habere
2920 3393 3191 3473 priorem
3208 3411 3483 3470 sensum,

1905 3485 2050 3546 'nisi
2063 3503 2140 3546 ex
2152 3503 2292 3560 usu,
2311 3484 2413 3546 vel
2432 3486 2713 3558 materia,
2731 3494 2840 3546 aut
2858 3485 2996 3546 aliis
3014 3485 3489 3548 circumstantiis

1925 3577 2098 3638 aliud
2125 3581 2383 3638 constet.
2432 3578 2519 3638 De
2556 3578 2747 3639 verbo
2791 3583 3003 3640 autem
3052 3581 3402 3643 ordinamus
3428 3586 3491 3641 et

1926 3667 2255 3744 similibus,
2274 3669 2509 3730 clarum
2550 3674 2645 3730 est
2684 3688 2796 3750 per
2827 3687 2893 3732 se
2932 3688 3064 3732 non
3092 3671 3374 3734 sufficere
3410 3673 3489 3734 ad

1924 3761 2241 3841 propriam
2265 3760 2469 3840 legem
2505 3761 3023 3838 constituendam,
3055 3763 3173 3823 nisi
3202 3762 3339 3824 aliae
3374 3764 3491 3825 cir·

1923 3854 2310 3914 cumstantiae
2355 3858 2599 3932 cogant,
2635 3859 2706 3914 ut
2736 3856 3005 3916 sumitur
3038 3873 3116 3916 ex
3142 3855 3215 3916 D.
3250 3856 3492 3917 Thoma

1925 3947 2084 4022 2¹2,
2114 3952 2330 4026 quaest.
2359 3947 2500 4021 106,
2531 3952 2649 4007 art.
2680 3949 2743 4021 9,
2774 3946 2855 4007 ad
2898 3949 2937 4008 2
2952 3992 2974 4022 ,
3019 3954 3083 4009 et
3128 3967 3206 4010 ex
3248 3951 3489 4010 ratione

1924 4038 2106 4114 facta,
2119 4038 2285 4116 quod
2300 4038 2367 4099 in
2386 4035 2587 4098 dubiis
2604 4036 2816 4098 mitior
2832 4038 3258 4118 interpretatio
3275 4046 3367 4102 est
3380 4040 3489 4102 ad-

1924 4129 2217 4191 hibenda.
2254 4127 2749 4208 Addendumque
2773 4136 3070 4208 praeterea
3110 4138 3204 4193 est
3238 4139 3487 4212 oporte-

1923 4240 1995 4283 re
2016 4226 2087 4281 ιιι
2114 4240 2191 4283 ex
2216 4219 2428 4283 verbis
2459 4219 2560 4282 vel
2582 4220 3059 4284 circumstantiis
3078 4230 3316 4287 constet
3334 4245 3492 4306 prae-

1926 4320 2173 4393 ceptum
2195 4313 2436 4392 imponi
2472 4318 2544 4374 ut
2572 4317 2964 4393 perpetuum,
2988 4332 3099 4376 seu
3120 4315 3489 4380 duraturum

1923 4406 2121 4467 donec
2155 4412 2509 4482 revocetur,
2548 4405 2697 4486 quia
2739 4406 2860 4467 hoc
2895 4407 3083 4469 etiam
3135 4414 3369 4488 spectat
3408 4410 3489 4471 ad

1924 4497 2335 4560 substantiam
2360 4497 2515 4578 legis
2518 4545 2539 4576 ,
2567 4503 2639 4559 ut
2666 4517 2852 4579 supra
2877 4500 3182 4576 diximus;
3213 4519 3285 4562 ac
3310 4501 3487 4563 deni-

1924 4608 2044 4671 que
2070 4591 2487 4653 necessarium
2540 4609 2671 4653 esse
2708 4597 2784 4652 ut
2807 4593 3044 4654 feratur
3073 4611 3186 4674 per
3229 4593 3488 4655 modum

1924 4684 2275 4746 communis
2301 4684 2618 4765 praecepti,
2666 4684 2814 4765 quia
2851 4685 2985 4748 sine
3001 4684 3120 4748 hoc
3146 4685 3337 4748 etiam
3357 4703 3487 4747 non

1922 4783 2081 4838 esset
2103 4777 2227 4840 lex.

2006 4872 2077 4930 11
2091 4914 2106 4930 .
2151 4867 2744 4932 Dubiolwm.—Hinc
2764 4886 2911 4931 vero
2932 4868 3205 4932 nascitur
3224 4869 3487 4933 dubium

1921 4981 2005 5025 an
2031 4967 2309 5043 oporteat
2344 4961 2548 5039 legem
2570 4961 2719 5023 ferri
2746 4980 2857 5041 per
2888 4963 3145 5024 modum
3171 4962 3349 5042 legis,
3384 4963 3486 5025 vel

1919 5055 2184 5117 sufficiat
2224 5055 2374 5116 ferri
2413 5072 2524 5134 per
2565 5056 2821 5116 modum
2852 5057 3194 5132 sententies,
3238 5058 3487 5137 quando

1920 5146 2000 5207 ab
2028 5147 2136 5208 illo
2176 5147 2374 5208 fertur
2402 5147 2510 5226 qui
2555 5153 2919 5227 potestatem
2959 5146 3148 5210 habet
3182 5149 3489 5212 condendi

1917 5237 2144 5320 legem.
2177 5239 2533 5300 Communis
2559 5239 2728 5300 enim
2758 5240 2969 5319 opinio
2996 5248 3087 5301 est
3112 5243 3485 5304 sententiam

1920 5333 2219 5413 principis
2254 5331 2459 5410 legem
2503 5332 2898 5394 constituere.
2945 5333 3037 5394 Ita
3090 5341 3257 5397 tenet
3299 5335 3485 5396 Jason

1919 5425 1965 5486 l.
2013 5428 2075 5501 1,
2111 5423 2179 5484 fi.
2205 5423 2281 5484 de
2313 5423 2596 5500 Gonstit.,
2622 5423 2821 5504 princ.
2854 5442 2919 5488 n.
2953 5429 3012 5500 1,
3050 5431 3113 5488 ει
3144 5427 3213 5488 in
3243 5426 3288 5489 1.
3323 5430 3382 5503 1,
3413 5426 3477 5489 ff.

1919 5517 1998 5580 de
2024 5516 2238 5596 Feriis,
2259 5535 2326 5578 n.
2343 5518 2424 5581 23
2451 5523 2514 5582 ει
2539 5520 2643 5598 24,
2672 5517 2784 5580 ubi
2808 5517 2961 5583 alios
2976 5519 3167 5584 refert
3176 5537 3197 5599 3
3222 5520 3485 5584 Ludovi-
