3976 6219
764 428 901 481 CAP.
936 428 997 482 V.
1045 425 1259 481 u'rmm
1290 425 1414 478 LEX
1445 421 1706 478 nouam
1737 419 1948 474 Possrr
1981 419 2288 475 OBLIGARE
2319 421 2383 474 IN
2416 381 2836 487 CONSGIENfIA,
2872 422 3006 475 me.

285 537 549 612 negatur
578 527 849 608 sequela,
893 527 1218 602 nimirum,
1252 526 1441 587 talem
1488 524 1691 603 legem
1709 524 1850 618 ’fore

286 627 608 705 injustam,
651 621 821 701 quia,
870 620 1018 682 licet
1056 619 1284 680 inferat
1327 635 1577 697 poenam
1609 621 1628 695 (
1645 616 1709 678 id
1760 621 1852 677 est

287 734 623 799 gravamen
672 713 946 793 aliquod,
991 730 1100 774 seu
1155 710 1421 791 malum)
1465 712 1595 772 sine
1644 709 1846 789 culpa,

290 830 414 873 non
444 815 653 870 tamen
691 808 821 868 sine
856 824 1076 880 causa;
1105 805 1225 880 vel,
1260 804 1406 865 licet
1444 804 1599 864 illud
1626 802 1851 863 inferat

287 906 419 965 sine
448 901 628 981 eulpa
655 899 901 977 morali,
924 916 1049 960 non
1071 904 1286 960 tamen
1304 897 1436 959 sine
1457 897 1640 977 culpa
1657 895 1845 971 civili,

288 1015 397 1058 seu
434 994 704 1074 politica,
744 998 806 1054 et
844 981 972 1053 hoe
995 991 1244 1052 sufficit.
1290 991 1464 1052 Unde
1491 989 1572 1051 ad
1600 989 1850 1050 tertiam

288 1094 554 1167 negatur
608 1086 801 1146 etiam
831 1084 1104 1164 sequela,
1150 1084 1298 1163 quia
1337 1084 1497 1144 ratio
1541 1081 1851 1144 inferendi

289 1181 590 1259 majorem
607 1178 707 1240 vel
725 1178 1032 1238 minorem
1049 1194 1323 1256 poenam,
1348 1194 1477 1236 non
1499 1174 1699 1235 solum
1720 1191 1848 1235 esse

287 1280 486 1357 potest
522 1274 724 1352 maj0r
751 1271 849 1333 vel
881 1271 1087 1331 minor
1117 1270 1320 1350 culpa,
1360 1270 1468 1331 sed
1493 1268 1679 1330 etiam
1719 1285 1851 1328 ma-

287 1371 385 1448 jor
415 1373 479 1429 et
527 1367 732 1427 minor
771 1383 978 1438 eausa,
1031 1381 1136 1424 seu
1165 1362 1494 1424 necessitas
1542 1360 1850 1422 inferendi

289 1462 412 1539 maj
420 1477 593 1521 orem
642 1457 742 1520 vel
786 1458 1093 1518 minorem
1118 1456 1517 1518 coactionem.
1561 1456 1638 1515 Et
1664 1469 1851 1532 argu-

292 1558 574 1614 mentum
610 1550 814 1612 deficit
841 1549 1024 1629 plane
1071 1548 1139 1609 in
1181 1548 1397 1627 regula
1442 1545 1751 1625 religiosa,
1781 1547 1850 1607 in

290 1665 414 1725 qua
431 1643 765 1724 inaequales
793 1660 990 1722 poenae
1013 1641 1369 1703 inferuntur
1388 1645 1639 1720 propter
1651 1640 1851 1701 varias

287 1737 804 1817 transgressiones
820 1735 1201 1814 regularum,
1213 1751 1352 1814 quae
1368 1733 1445 1793 ad
1460 1732 1706 1812 culpam
1724 1750 1852 1793 non

290 1831 592 1910 obligant.
622 1830 717 1891 Ad
728 1834 1021 1908 quartum
1040 1829 1176 1906 ,iam
1203 1827 1584 1889 declaratum
1606 1831 1718 1900 est,
1742 1843 1853 1885 cur

290 1928 568 2003 oporteat
612 1922 747 1983 dari
795 1921 1033 2001 aliquas
1058 1923 1226 2000 leges
1255 1937 1406 2000 pure
1446 1919 1739 1998 poenales,
1790 1922 1852 1979 et

288 2016 513 2095 quibus
538 2017 732 2096 signis
753 2033 792 2076 a
818 2015 1030 2076 mixtis
1047 2013 1312 2077 discerni
1338 2012 1605 2075 valeant.

887 2201 1136 2263 CAPUT
1176 2202 1251 2262 V.

289 2402 490 2448 U'rmm
530 2402 644 2466 LEX
672 2401 924 2447 RUMANA
961 2402 1219 2448 POENALIS
1254 2402 1440 2448 Possrr
1466 2401 1751 2448 OBHGffl
1792 2400 1853 2447 m

371 2493 750 2540 CONSGIENTIA
789 2494 869 2539 Al)
909 2495 1085 2539 ILLAM
1125 2495 1477 2543 soLVENDAM
1488 2525 1508 2555 ,
1548 2496 1664 2540 VEL
1705 2495 1853 2539 Exn-

370 2587 674 2646 QUENDAM,
706 2588 813 2632 SEU
840 2588 1276 2634 OBSERVANDAM
1299 2588 1459 2633 ANTE
1485 2589 1696 2635 mmms
1718 2588 1855 2633 0οΝ-

377 2681 806 2727 ὩΕΜΝΔΤΙΟΝΕΜ
845 2681 924 2727 ΕΤ
963 2681 1397 2727 ΕΧΕΟΠΤΙΟΝΒΜ.

375 2855 433 2910 1.
478 2850 701 2911 Prima
732 2850 1026 2911 sententia
1050 2849 1461 2926 affirmativa,
1493 2857 1730 2929 excepta
1756 2867 1853 2912 ao-

292 2944 450 3007 tione
477 2960 608 3022 quae
639 2942 1028 3003 intrinsecam
1067 2941 1373 3003 malitiam
1401 2941 1743 3004 includeret.
1775 2974 1855 2988 —

291 3038 571 3098 Diximus
590 3035 668 3096 de
687 3033 1061 3113 obligatione
1074 3034 1226 3114 legis
1245 3034 1505 3114 poenalis
1524 3035 1604 3096 ad
1622 3041 1852 3112 actum,

291 3132 390 3192 vel
418 3128 812 3191 omissionem
835 3127 1216 3206 prohibitum
1228 3142 1249 3204 3
1278 3145 1447 3188 nunc
1468 3134 1742 3208 superest
1768 3129 1858 3188 di-

292 3222 560 3284 cendum
594 3221 670 3281 de
712 3220 906 3282 altera
950 3226 1126 3300 parte
1168 3220 1307 3280 talis
1359 3219 1536 3298 legiS,
1579 3239 1718 3301 quse
1768 3226 1858 3282 est

288 3314 603 3394 impositio
631 3331 853 3393 poenae:
886 3331 1044 3392 quae,
1075 3312 1305 3374 scilicet
1330 3312 1626 3391 obligatio
1650 3332 1726 3375 ex
1749 3312 1858 3374 illa

290 3412 599 3481 nascatur,
625 3411 690 3467 et
715 3406 987 3466 dicemus
1007 3405 1180 3485 prius
1206 3407 1283 3466 de
1311 3406 1605 3485 possibili,
1632 3407 1855 3468 deinde

290 3501 367 3561 de
399 3499 582 3574 facto,
603 3498 911 3577 habetque
937 3498 1144 3559 locum
1170 3500 1449 3578 quaestio,
1475 3504 1604 3560 tam
1624 3498 1691 3558 in
1717 3499 1855 3578 lege

288 3610 446 3673 pure
479 3591 732 3671 poenali,
776 3608 963 3671 quam
991 3591 1058 3651 in
1085 3591 1303 3667 mixta,
1344 3591 1682 3670 eademque
1713 3608 1854 3670 pro·

288 3687 572 3767 portione
598 3686 667 3746 in
694 3691 955 3766 utraque
982 3684 1334 3747 definienda
1362 3690 1471 3746 est.
1503 3684 1711 3746 Primu
1736 3685 1852 3762 igi-

287 3787 393 3843 tur
411 3780 716 3843 sententia
733 3781 908 3842 docet
921 3780 1274 3842 indistincte
1288 3781 1492 3859 legem
1511 3780 1855 3841 humanam

288 3892 465 3955 posse
493 3874 769 3952 obligare
807 3874 876 3935 in
904 3874 1279 3935 conscientia
1312 3880 1849 3951 transgressorem,

286 3974 433 4030 ante
473 3986 725 4031 omnem
771 3968 1141 4030 sententiam
1181 3967 1262 4028 ad
1307 3984 1558 4027 omnem
1602 3983 1854 4045 poenam

284 4068 853 4143 quantumcumque
867 4078 1122 4140 gravem
1145 4058 1594 4138 exequendam,
1612 4058 1855 4119 etiamsi

285 4154 595 4216 actionem
635 4155 828 4233 ipsius
858 4154 953 4213 rei
997 4152 1297 4232 requirat,
1328 4151 1438 4212 illa
1465 4156 1712 4211 tantum
1753 4169 1854 4211 ac-

283 4248 457 4308 tione
501 4251 756 4325 excepta
801 4263 940 4325 quae
982 4245 1387 4306 intrinsecam
1423 4243 1728 4305 malitiam
1761 4244 1855 4304 in-

284 4338 583 4414 cluderet,
629 4339 681 4398 si
716 4338 796 4398 ab
823 4339 1085 4417 ipsomet
1114 4336 1511 4417 delinquente
1537 4336 1734 4412 fieret,
1783 4341 1854 4397 ut

286 4440 470 4507 esset,
499 4431 672 4493 verbi
702 4432 924 4510 gratia,
973 4431 1250 4493 occidere
1292 4436 1402 4492 aut
1431 4430 1720 4492 mutilare
1759 4448 1853 4491 se-

285 4528 516 4606 ipsum.
548 4527 721 4586 Hanc
748 4524 1105 4604 opinionem
1132 4531 1343 4585 tenere
1370 4524 1615 4584 videtur
1642 4523 1852 4584 Castro

284 4625 418 4680 toto
445 4619 554 4680 lib.
577 4620 639 4694 2,
666 4619 742 4680 de
769 4620 928 4697 Lege
955 4617 1207 4698 poenali,
1233 4617 1350 4696 qui·
1361 4616 1632 4679 maxime
1651 4615 1850 4696 loqui-

285 4718 394 4774 tur
433 4713 499 4772 in
527 4711 885 4792 particulari
910 4712 987 4772 de
1014 4728 1199 4791 poena
1225 4709 1674 4771 confiscationis
1718 4727 1851 4770 om-

285 4805 469 4866 nium
499 4805 828 4867 bonorum.
862 4806 1045 4865 Putat
1074 4804 1241 4865 enim
1288 4802 1563 4881 obligare
1602 4802 1668 4862 in
1709 4821 1851 4864 con-

286 4896 546 4957 scientia
599 4897 1059 4976 delinquentem
1075 4942 1097 4973 ,
1141 4896 1249 4974 qui
1297 4894 1470 4956 illam
1519 4894 1650 4974 ipso
1689 4895 1851 4957 facto

285 4990 573 5067 incurrit,
606 4991 685 5052 ad
731 4991 1031 5052 tradenda
1075 4990 1287 5052 omnia
1317 4990 1483 5051 bona
1523 5008 1636 5050 sua
1676 4988 1844 5066 fiseO,

285 5085 480 5148 etiam
515 5090 661 5146 ante
685 5085 1056 5147 sententiam
1088 5084 1572 5146 declaratoriam.
1605 5084 1698 5144 Ex
1725 5100 1849 5162 quo

283 5177 571 5257 exemplo
609 5177 793 5256 plane
835 5178 1110 5257 sequitur
1154 5177 1316 5238 dieta
1353 5175 1718 5237 universalis
1753 5193 1852 5236 re-

284 5270 458 5349 gula,
487 5271 828 5349 praesertim
862 5270 1064 5349 quoad
1091 5287 1304 5350 poenas
1336 5287 1475 5348 quae
1503 5269 1848 5348 corporales

283 5380 414 5423 non
438 5369 604 5436 sunt,
629 5369 691 5424 et
708 5363 975 5424 rationes
1003 5362 1229 5443 quibus
1258 5363 1456 5422 utitur
1479 5362 1850 5440 generaliter

279 5454 643 5537 procedunt.
673 5456 1027 5536 Sequuntur
1046 5455 1208 5516 hanc
1225 5454 1596 5517 sententiam
1618 5472 1850 5534 magna

281 5566 365 5616 ex
411 5555 587 5631 parte
634 5550 884 5627 Pauor„
935 5549 1129 5613 Felin.
1179 5554 1242 5612 et
1288 5548 1396 5613 alii
1440 5549 1740 5613 canonist.
1779 5548 1849 5613 in

3371 420 3490 482 427

1929 541 2065 603 cap.
2103 528 2129 584 1
2182 524 2259 586 de
2297 524 2530 602 Const„
2575 530 2637 587 et
2661 524 2870 605 plures
2909 524 3073 587 sumi
3111 532 3367 605 possunt
3414 545 3491 589 ex

1928 616 2134 695 Tiraq.
2168 617 2235 676 in
2274 616 2411 696 lege
2451 617 2535 682 Si
2575 636 2861 698 unquam,
2892 618 3080 680 verbo
3107 621 3487 697 Revertatur,

1929 728 1996 770 n.
2040 711 2153 771 291
2203 715 2266 771 et
2298 711 2641 789 sequentib.
2674 711 3102 772 Fundamenta
3132 710 3321 791 hujus
3356 732 3493 774 sen-

1929 803 2142 863 tentiae
2187 808 2334 863 sunt
2375 804 2594 879 multa,
2625 822 2762 883 quae
2802 804 2926 866 late
2970 805 3159 865 refert
3202 810 3265 866 et
3311 805 3495 868 solvit

1933 896 2248 958 Simancas
2274 897 2439 958 infra
2470 897 2771 958 citandus.

2013 993 2073 1051 2.
2118 992 2196 1055 N
2192 1008 2266 1052 on
2317 992 2506 1054 deesse
2557 991 2625 1053 in
2667 992 2791 1070 leae
2839 991 3104 1054 humana
3145 996 3496 1069 potestatem

1933 1083 2240 1162 obliqandi
2280 1084 2362 1145 ad
2387 1100 2624 1162 paenam
2668 1088 2725 1146 et
2755 1084 2887 1163 ejus
2927 1083 3316 1146 emanationem
3362 1091 3499 1149 anco

1928 1177 2304 1252 senteutiam,
2330 1193 2465 1239 oum
2485 1176 2592 1240 Ιιοο
2612 1178 2809 1255 possit
2833 1177 3175 1239 conveniens
3197 1194 3319 1240 esse
3345 1195 3497 1241 oom-

1926 1270 2098 1332 mwm‘
2125 1270 2266 1331 bono
2297 1268 2643 1350 aliquando.
2675 1302 2756 1313 —
2788 1268 3024 1342 Quibus
3056 1269 3318 1345 omissiS,
3350 1270 3497 1349 quia

1927 1364 1996 1424 in
2024 1361 2420 1443 sequentibus
2446 1361 2852 1441 attingantur,
2882 1361 3021 1422 duae
3041 1367 3245 1441 partes
3271 1362 3495 1424 distin-

1930 1456 2037 1535 gui
2052 1460 2309 1535 possunt
2325 1455 2394 1515 in
2407 1453 2523 1515 hac
2545 1455 2868 1516 sententia.
2887 1455 3025 1515 Una
3037 1461 3127 1515 est
3146 1454 3491 1534 indefinita,

1931 1549 2181 1623 scilieet,
2205 1565 2332 1607 non
2355 1547 2564 1608 deesse
2590 1547 2658 1607 in
2676 1547 2813 1627 lege
2832 1547 3111 1608 humana
3128 1553 3496 1627 potestatem

1930 1640 2248 1719 obligandi
2265 1640 2347 1700 ad
2369 1657 2642 1719 poenam,
2667 1640 2825 1701 etad
2848 1657 3046 1719 poenae
3068 1641 3496 1703 executionem

1930 1753 2039 1795 seu
2085 1733 2576 1794 observationem
2617 1740 2761 1795 ante
2807 1751 3057 1795 omnem
3100 1735 3492 1811 sententiam,

1931 1833 1993 1889 et
2010 1827 2127 1888 hoc
2149 1833 2449 1905 tanquam
2473 1844 2693 1887 verum
2717 1826 3136 1903 admittimus3
3153 1826 3299 1905 quia
3320 1827 3496 1889 nulla

1930 1920 1999 1981 in
2027 1938 2100 1981 eo
2136 1924 2336 1999 potest
2376 1919 2614 1980 ostendi
2645 1920 3078 1999 repugnantia,
3111 1925 3173 1981 et
3205 1925 3497 1999 praeterea

1930 2032 2010 2075 ex
2052 2013 2327 2074 dicendis
2375 2012 2696 2074 constabit.
2743 2012 2951 2073 Altera
2990 2030 3134 2092 pars
3179 2019 3290 2087 est,
3334 2012 3496 2074 hane

1929 2111 2295 2187 potestatem
2336 2105 2587 2167 extendi
2627 2106 2708 2167 ad
2756 2124 3006 2167 omnem
3053 2123 3303 2185 poenam
3351 2124 3495 2166 cum

1931 2198 2062 2260 sola
2109 2198 2465 2278 exceptione
2503 2216 2705 2278 poenoe
2751 2198 3122 2260 includentis
3164 2198 3493 2275 malitiam,

1931 2292 2079 2373 quia
2106 2310 2233 2353 non
2268 2297 2467 2373 potest
2493 2293 2615 2354 alia
2654 2310 2798 2354 cum
2827 2292 3235 2353 fundamento
3270 2293 3489 2371 excipi.

1934 2386 2111 2459 Quod
2129 2386 2450 2465 probatur,
2472 2386 2620 2466 quia
2637 2385 2738 2447 lex
2756 2385 3033 2445 humana
3049 2389 3251 2464 potest
3268 2384 3494 2446 directe

1933 2478 2260 2558 praecipere
2284 2479 2583 2559 quidquid
2607 2479 2938 2540 honestum
2964 2483 3088 2553 est,
3115 2477 3167 2539 si
3187 2479 3266 2538 sit
3291 2495 3497 2538 neces-

1935 2573 2168 2632 sarium
2197 2573 2273 2632 ad
2306 2572 2541 2632 bonum
2575 2590 2902 2633 commune
2927 2571 3315 2650 reipublicae:
3349 2589 3496 2650 ergo

1936 2666 2125 2726 etiam
2173 2670 2372 2744 potest
2426 2666 2491 2725 id
2540 2666 2606 2726 in
2652 2683 2901 2745 poenam
2955 2665 3284 2746 praecipere
3334 2665 3496 2726 dicto

1931 2757 2142 2832 modo,
2172 2758 2319 2836 quia
2345 2763 2544 2836 potest
2583 2758 2774 2819 etiam
2811 2777 2938 2820 esse
2975 2759 3389 2819 necessarium
3416 2759 3499 2819 ad

1932 2867 2263 2912 commune
2305 2850 2568 2924 bonum.
2622 2852 2830 2931 Neque
2887 2850 3153 2912 obstabit
3199 2851 3498 2912 acerbitas

1933 2961 2157 3023 peenas,
2199 2948 2335 3003 tum
2367 2944 2516 3022 quia
2549 2943 2673 3005 tale
2702 2949 2904 3023 potest
2942 2962 3071 3006 esse
3111 2945 3402 3006 delictum
3429 2948 3501 3004 ut

1935 3040 2133 3095 totam
2157 3034 2330 3095 illam
2358 3041 2692 3113 mereatur,
2718 3043 2853 3096 tum
2880 3038 3069 3098 etiam
3091 3039 3237 3117 quia
3261 3037 3362 3099 lex
3382 3038 3498 3097 hu-

1937 3146 2125 3189 mana
2164 3134 2363 3208 potest
2388 3129 2664 3208 obligare
2691 3130 2770 3190 ad
2814 3147 2948 3191 rem
2978 3132 3167 3191 etiam
3208 3132 3499 3192 difficilli-

1937 3239 2130 3296 mam,
2154 3223 2206 3282 si
2223 3222 2387 3282 bono
2410 3221 2723 3283 commtmi
2742 3223 3055 3303 expediat;
3079 3229 3214 3285 tum
3233 3225 3498 3304 denique

1937 3315 2084 3393 quia
2119 3314 2314 3393 judex
2345 3334 2456 3395 per
2483 3316 2854 3378 sententiam
2885 3316 3350 3378 declaratoriam
3389 3336 3498 3398 po-

1933 3413 2055 3468 test
2085 3407 2166 3467 ad
2204 3408 2323 3469 hoc
2362 3408 2660 3487 obligare,
2707 3415 2776 3469 ut
2816 3415 3056 3471 constat
3086 3412 3153 3471 in
3179 3429 3364 3490 poena
3391 3411 3499 3471 illa

1934 3499 2012 3563 de
2036 3500 2469 3563 confiscatione
2492 3502 2799 3564 bonorum
2825 3521 2842 3565 ε
2870 3521 3017 3582 ergo
3039 3503 3141 3565 lex
3166 3505 3413 3584 poterit.

2015 3595 2074 3654 3.
2119 3595 2489 3658 Proedictam
2505 3601 2854 3674 potestatem
2875 3613 2992 3658 non
3014 3599 3247 3660 extendi
3274 3598 3357 3660 ad
3380 3618 3500 3661 om-

1930 3706 2063 3751 nem
2089 3705 2326 3767 paenam
2345 3695 2584 3768 excepta
2598 3707 2778 3769 poena
2807 3691 3140 3755 includente
3164 3693 3494 3769 malitiam,

1933 3798 2067 3843 cum
2095 3782 2219 3843 sint
2247 3781 2388 3843 alioe
2417 3782 2607 3844 nimis
2634 3784 2857 3846 aoerboe
2883 3789 2937 3846 et
2964 3791 3364 3865 repuynantes
3388 3805 3499 3849 na—

1934 3879 2091 3935 turoe
2117 3874 2913 3936 humanm—Nihilominus
2936 3878 3307 3939 sententiam
3336 3879 3499 3941 hane

1934 3983 2064 4026 non
2092 3965 2285 4044 probo
2325 3967 2528 4044 quoad
2559 3966 2722 4028 hanc
2757 3969 3008 4029 unicam
3047 3973 3495 4051 exceptionem,

1935 4076 2082 4120 cum
2097 4063 2273 4119 tanta
2296 4059 2697 4136 generalitate
2717 4061 2785 4120 in
2811 4061 3047 4122 eaeteris
3070 4064 3267 4142 poenis
3279 4085 3298 4139 3
3325 4065 3494 4144 quia,

1934 4150 2102 4211 ultra
2142 4168 2353 4230 poenas
2402 4168 2557 4230 quas
2602 4152 2734 4231 ipse
2775 4170 2918 4214 reus
2948 4153 3115 4215 licite
3155 4155 3224 4215 in
3262 4175 3327 4216 se
3371 4174 3498 4217 non

1934 4248 2134 4322 potest
2173 4244 2419 4322 exequi,
2462 4250 2607 4304 sunt
2651 4244 2787 4306 aliae
2827 4246 2918 4307 ita
2964 4248 3217 4323 acerbes,
3262 4256 3324 4310 et
3366 4255 3500 4310 tam

1933 4343 2351 4416 repugnantes
2376 4344 2640 4413 naturae,
2668 4343 2739 4399 ut
2766 4345 2989 4418 praeter
3018 4340 3361 4403 humanam
3389 4361 3497 4421 po-

1931 4434 2219 4492 testatem
2255 4429 2334 4490 sit
2360 4430 2500 4491 illas
2526 4430 2689 4491 dicto
2729 4432 2915 4492 modo
2941 4433 3281 4512 imponere.
3308 4436 3494 4514 Cujus

1931 4542 2060 4585 non
2088 4524 2421 4586 minimum
2448 4525 2700 4603 signum
2727 4532 2817 4587 est
2840 4525 3079 4587 nullam
3108 4527 3297 4589 talem
3325 4529 3496 4590 inve-

1930 4617 2054 4678 niri
2098 4617 2302 4696 legem
2346 4618 2714 4684 humanam.
2758 4621 2914 4681 Nam
2952 4620 3116 4700 quod
3153 4621 3375 4683 dicitur
3423 4623 3499 4684 de

1929 4709 2304 4773 confiscante
2337 4710 2525 4787 bona,
2556 4712 2720 4792 quod
2754 4712 2994 4775 ratione
3032 4714 3198 4775 illius
3219 4733 3363 4776 reus
3407 4721 3499 4778 te-

1932 4809 2153 4863 neatur
2198 4804 2321 4865 illis
2354 4823 2418 4867 se
2463 4805 2750 4885 spoliare,
2781 4824 3002 4868 verum
3043 4826 3170 4870 non
3212 4815 3325 4885 est,
3360 4815 3498 4870 tum

1933 4897 2080 4975 quia
2110 4897 2485 4958 consuetudo
2526 4899 2875 4977 oppositum
2916 4899 3096 4962 docet
3122 4905 3185 4962 et
3214 4907 3407 4976 tenet,
3437 4906 3500 4961 et

1928 4988 2139 5050 nullus
2164 4989 2263 5049 vir
2290 4994 2399 5050 aut
2436 4991 2748 5052 confessor
2779 4993 2995 5054 doctus
3020 4993 3255 5073 obligat
3279 4994 3498 5072 hujus-

1929 5082 2102 5143 modi
2129 5082 2557 5161 delinquentes
2574 5085 2653 5145 ad
2671 5102 2735 5145 se
2756 5085 3146 5165 spoliandum
3164 5088 3293 5148 suis
3313 5087 3495 5149 bonis

1927 5175 2291 5254 priusquam
2314 5175 2712 5254 judicentur3
2750 5183 2885 5237 tum
2922 5178 3135 5254 etiam,
3168 5181 3316 5260 quia
3343 5181 3405 5241 in
3437 5200 3491 5242 c.

1934 5266 2086 5330 Cum
2118 5270 2435 5329 secundum
2467 5268 2644 5347 loyes,
2673 5269 2749 5330 de
2790 5272 2996 5346 Heer.,.
3025 5271 3092 5331 in
3133 5274 3196 5349 6,
3224 5273 3498 5335 declara·

1927 5366 2064 5420 tum
2088 5366 2180 5420 est
2206 5378 2333 5420 non
2360 5360 2543 5422 licere
2570 5360 2717 5422 fisco
2740 5363 2838 5424 vel
2862 5365 3171 5443 judicibus
3193 5384 3495 5445 usurpare

1927 5453 2095 5515 bona
2141 5453 2435 5530 haeretici,
2481 5455 2726 5516 etiamsi
2776 5457 2852 5519 de
2899 5458 3032 5538 ejus
3076 5460 3296 5520 delicto
3343 5460 3495 5521 alias

1929 5552 2189 5626 constet,
2206 5548 2402 5611 donec
2426 5566 2539 5630 per
2564 5550 2933 5616 sententiam
2955 5551 3324 5617 declaretur:
3344 5571 3492 5637 ergo
