3976 6219
517 381 640 442 290

515 486 626 559 tic,
655 490 851 563 potest
878 482 1010 543 fieri
1043 484 1208 545 idem
1231 491 1673 561 argumentum
1703 486 1780 547 dc
1803 485 1909 545 illo
1940 486 2072 565 qui,

515 577 790 637 nesciens
813 593 941 635 esse
959 576 1124 636 diem
1148 576 1402 653 festum,
1425 578 1672 639 Missam
1690 579 1902 639 audit:
1927 595 2076 639 nam

511 668 790 747 sequitur
816 686 943 728 non
963 667 1312 748 implevisse
1337 676 1740 750 praeceptum,
1771 672 1876 733 sed
1905 676 2078 732 tene-

510 761 566 822 ri
592 761 671 821 ad
698 761 926 821 iterum
957 761 1352 838 audiendam,
1374 767 1436 824 et
1454 763 1738 825 similiter
1756 763 2077 825 incurrere

510 871 836 915 censuram
869 854 1082 928 latam,
1131 855 1254 915 nisi
1295 856 1524 917 iterum
1557 857 1788 918 audiat.
1820 858 2049 931 Quarto
2051 902 2073 933 ,

511 953 714 1027 potest
732 946 920 1025 objici
945 946 1022 1009 de
1045 946 1152 1008 illo
1175 949 1282 1028 qui
1323 954 1564 1010 coactus
1603 950 1916 1011 detinetur
1963 968 2075 1011 au·-

510 1040 685 1099 diens
716 1039 987 1114 Missam,
1030 1045 1094 1101 et
1121 1042 1382 1102 interius
1409 1059 1538 1102 non
1577 1042 1712 1103 vult
1754 1043 1969 1103 audire
2022 1044 2076 1103 si

506 1136 734 1212 posset,
780 1130 887 1191 sed
919 1134 1124 1211 potius
1148 1133 1428 1194 absolute
1456 1136 1624 1214 cupit
1666 1153 1795 1195 non
1824 1136 2064 1211 audire,

508 1230 571 1285 et
596 1223 784 1284 habet
815 1226 1199 1303 propositum
1233 1243 1359 1286 non
1387 1226 1704 1303 audiendi,
1741 1227 1862 1288 nisi
1889 1246 2070 1306 coge·

506 1322 679 1378 retur
705 1316 805 1377 vel
831 1317 1160 1379 duceretur
1173 1319 1396 1378 timore
1418 1319 1646 1379 servili.

588 1414 647 1473 3.
695 1412 837 1472 Haec
858 1410 986 1473 fere
1011 1417 1380 1490 argumenta
1406 1412 1697 1493 proponit
1730 1413 1974 1475 Medina
2002 1433 2065 1494 q.

511 1506 651 1579 100,
681 1510 801 1563 art.
850 1506 913 1579 9,
956 1509 1018 1563 et
1048 1505 1115 1564 in
1148 1502 1342 1583 priori
1368 1504 1568 1580 docet,
1595 1506 1704 1583 qui
1731 1524 1842 1585 per
1873 1504 2071 1565 solam

507 1598 636 1658 vim
667 1602 728 1659 et
751 1596 1126 1657 coactionem
1154 1597 1420 1676 jejunat,
1443 1598 1592 1675 quia
1618 1597 1920 1658 violenter
1945 1600 2073 1678 pri-

505 1695 689 1751 vatur
715 1689 876 1765 cibe,
898 1706 1043 1749 cum
1068 1689 1198 1767 ipse
1216 1707 1345 1750 non
1367 1689 1672 1750 abstineat
1692 1689 2066 1767 voluntarie,

502 1800 631 1845 non
653 1781 910 1862 implere
936 1787 1336 1862 praeceptum,
1367 1792 1429 1844 et
1451 1783 1590 1844 ideo
1619 1800 1945 1844 censuram
1973 1784 2069 1843 in-

504 1892 750 1936 currere
767 1876 819 1935 si
844 1875 1136 1954 imposita
1162 1876 1262 1937 sit.
1287 1874 1577 1956 Idemque
1597 1876 1814 1937 eadem
1828 1876 2069 1938 ratione

503 1967 732 2030 diceret
769 1967 846 2028 de
893 1968 1258 2044 dormiente,
1297 1969 1544 2048 quando
1573 1987 1714 2031 cum
1741 1986 1815 2031 ea
1848 1969 2068 2031 volun·

500 2066 628 2121 tate
655 2060 769 2121 ivit
790 2060 1150 2122 dormitum.
1177 2061 1296 2123 Sed
1325 2063 1492 2141 quod
1520 2063 1602 2123 ad
1628 2080 1950 2123 censuram
1977 2068 2069 2124 at-

499 2153 679 2230 tinet,
722 2153 840 2214 hoc
874 2153 1189 2234 probabile
1225 2172 1353 2215 non
1381 2160 1496 2232 est,
1522 2155 1670 2233 quia
1690 2161 2067 2235 praeoeptum

498 2245 722 2325 jejunii
773 2246 1136 2325 negativum
1184 2252 1300 2323 est,
1329 2252 1401 2307 ut
1445 2263 1763 2327 suppon03
1794 2254 1858 2308 et
1899 2247 2062 2323 ideo,

496 2336 642 2398 licet
662 2339 882 2400 morali
916 2338 1102 2400 modo
1136 2357 1266 2399 non
1287 2338 1642 2419 impleatur,
1671 2339 1922 2418 quando
1956 2358 2064 2401 vo-

496 2430 704 2493 luntas
721 2433 911 2508 deest,
921 2438 1132 2493 tamen
1165 2433 1370 2512 quoad
1417 2432 1703 2495 effectum
1735 2438 2063 2494 externum

495 2525 594 2585 vel
623 2524 1032 2587 substantiam
1061 2525 1378 2605 impletur,
1407 2525 1508 2585 vel
1531 2520 1752 2586 saltem
1776 2542 1904 2586 non
1933 2525 2064 2585 vio-

495 2617 683 2692 latur,
709 2623 772 2678 et
791 2617 911 2679 hoc
931 2619 1076 2679 satis
1099 2623 1192 2679 est
1209 2623 1279 2678 ut
1298 2634 1427 2678 non
1446 2618 1800 2679 incurratur
1819 2635 2062 2678 excom-

493 2710 1011 2790 municatio‚quia
1025 2711 1113 2771 ibi
1126 2728 1256 2772 non
1275 2716 1368 2771 est
1377 2712 1778 2789 transgressio
1791 2710 2061 2771 exterior

499 2804 808 2883 praecepti,
834 2821 971 2882 quae
998 2803 1078 2863 ad
1103 2802 1544 2864 incurrendam
1563 2802 2060 2863 excommunica-

495 2896 733 2956 tionem
773 2895 1116 2956 necessaria
1155 2900 1268 2956 cst.
1297 2896 1420 2955 Nec
1463 2894 1686 2955 sufficit
1720 2894 2058 2957 voluntatis

496 2995 752 3051 conatus
779 2994 992 3049 contra
1019 2992 1424 3068 praeceptum,
1445 2988 1498 3047 si
1522 2987 1774 3049 effectus
1799 3005 1928 3049 non
1963 3006 2057 3049 se-

491 3087 744 3162 quatur,
774 3080 1016 3143 etiamsi
1039 3080 1120 3141 sit
1140 3079 1542 3143 materialiter
1571 3081 1663 3157 (ut
1690 3081 1776 3142 sic
1802 3080 2055 3160 dicam),

490 3181 562 3235 ut
590 3194 666 3237 ex
695 3175 956 3236 materia
982 3175 1063 3234 de
1084 3174 1356 3235 censuris
1384 3179 1640 3236 constat.
1667 3175 1745 3236 Et
1769 3175 1937 3236 idem
1963 3180 2060 3236 est

487 3271 556 3331 in
585 3269 708 3330 alio
749 3267 1032 3348 exemplo
1063 3267 1231 3348 quod
1271 3266 1359 3328 ibi
1397 3268 1643 3329 Medina
1686 3269 1936 3330 adducit
1979 3269 2057 3330 de

487 3362 761 3424 solvente
790 3362 1059 3422 decimas
1087 3366 1197 3421 aut
1227 3358 1507 3421 debitum
1553 3365 1783 3437 coacte,
1829 3365 1893 3422 et
1943 3361 2055 3422 ha-

488 3456 641 3517 bens
661 3455 1042 3535 propositum
1065 3471 1194 3515 non
1221 3452 1524 3528 solvendi,
1534 3454 1588 3514 si
1601 3459 1820 3534 posset,
1835 3455 2054 3516 etiam-

489 3549 543 3609 si
566 3547 792 3608 habeat
807 3551 1182 3627 praeceptum
1207 3543 1486 3605 solvendi
1503 3545 1620 3606 sub
1641 3564 1902 3609 censura
1918 3548 2053 3628 ipso

481 3642 627 3719 jiire
678 3639 827 3700 lata.
859 3639 1039 3713 Nam,
1075 3637 1224 3698 licet
1253 3635 1357 3698 ille
1393 3654 1608 3698 revera
1639 3656 1772 3700 non
1804 3648 2053 3704 excuset

485 3748 741 3812 gravem
774 3729 1024 3809 culpam
1055 3746 1264 3790 coram
1290 3729 1440 3803 Dee,
1463 3734 1527 3790 et
1565 3730 1882 3794 moraliter
1918 3752 2049 3796 non

483 3825 741 3905 impleat
762 3827 1160 3903 praeceptum,
1183 3821 1288 3883 sed
1311 3821 1516 3901 potius
1538 3830 1750 3902 peccet
1783 3825 2049 3892 interius

483 3925 699 3981 contra
741 3916 919 3990 illud,
961 3914 1368 3976 nihilominus
1395 3916 1666 3978 exterius
1693 3935 1822 3981 non
1846 3925 2047 3986 nans-

483 4013 786 4092 greditur,
811 4015 874 4071 et
892 4008 1191 4070 liberatur
1209 4027 1248 4070 a
1273 4008 1503 4085 debite,
1530 4015 1593 4071 et
1613 4013 1876 4076 materia
1889 4032 2047 4095 prae-

481 4105 643 4184 cepti
669 4105 737 4164 in
765 4108 1078 4182 posterum
1108 4099 1350 4166 sublata
1375 4107 1491 4180 est,
1515 4109 1579 4164 et
1600 4115 2045 4187 consequenter

477 4216 608 4260 non
640 4195 903 4257 incurrit
929 4212 1279 4276 censuram,
1311 4194 1459 4275 quia
1484 4214 1628 4258 cum
1667 4197 1890 4265 effectu
1915 4220 2047 4264 non

479 4291 689 4352 omisit
713 4287 983 4350 exterius
1000 4287 1166 4367 quod
1189 4287 1293 4348 lex
1319 4288 1732 4368 proecipiebat,
1758 4294 1926 4373 quod
1943 4313 2037 4358 sa·

473 4385 554 4444 tis
603 4387 697 4444 est
739 4381 814 4443 ad
859 4399 988 4443 non
1034 4382 1468 4442 incurrendam
1512 4401 1836 4446 censuram
1883 4405 2037 4468 qua-

477 4493 744 4557 cumque
791 4473 1030 4535 ratione
1071 4479 1134 4535 et
1176 4473 1363 4535 modo
1407 4475 1472 4536 id
1509 4476 1818 4538 acciderit.
1849 4479 2037 4542 Secus

471 4587 620 4631 vero
633 4573 725 4630 est
747 4567 818 4628 in
837 4565 1121 4645 exemplo
1141 4565 1443 4627 recitandi
1464 4569 1661 4647 posito
1673 4570 1742 4630 in
1764 4573 2039 4638 secunda

472 4661 858 4741 objectione:
909 4675 1059 4718 nam
1085 4657 1196 4738 qui
1240 4657 1554 4720 dormiens
1578 4662 1812 4742 profert
1840 4666 2033 4728 verba

467 4753 897 4835 precationum
921 4768 1048 4815 non
1077 4755 1214 4815 orat
1243 4765 1261 4813 ε
1289 4759 1666 4835 praeceptum
1700 4763 1911 4822 autem
1937 4766 2032 4822 est

467 4848 544 4908 de
566 4846 827 4923 orando,
859 4851 924 4906 et
939 4845 1081 4906 ideo
1109 4845 1176 4906 in
1199 4845 1310 4908 tali
1336 4865 1482 4910 casu
1497 4857 1873 4931 praeceptum
1898 4869 2031 4916 non

463 4937 852 5020 impleretur,
895 4943 959 4999 et
997 4938 1414 5002 incurreretur
1445 4946 2023 5024 excommunicatio,

1524 384 1641 437 Lm.
1677 385 1761 439 111.
1799 385 1879 437 DE
1911 384 2072 438 LEGE
2104 385 2367 440 numa
2396 388 2477 441 ΕΤ
2510 388 2712 443 clvm.

2157 506 2285 549 esse
2339 489 2505 551 diem
2555 490 2805 568 festum,
2854 508 2999 553 vere
3038 491 3211 554 audit
3249 491 3522 569 Missam,
3572 493 3727 573 quia

2156 587 2392 643 attente
2417 583 2594 646 audit
2624 602 2641 645 ε
2685 585 2814 646 imo
2850 585 3039 646 etiam
3068 584 3262 647 libere
3294 591 3357 647 et
3382 590 3723 665 spontanee

2156 676 2351 737 audit.
2383 677 2461 737 Et
2485 678 2574 738 ita
2612 677 2716 739 ille
2744 684 2914 739 actus
2942 677 3171 739 sufficit
3214 679 3294 739 ad
3328 677 3723 758 implendum

2155 776 2557 850 praeceptum,
2583 772 2681 833 vel
2710 771 2930 833 saltem
2965 772 3046 833 ad
3088 790 3221 833 non
3263 771 3725 851 transgredien-

2154 860 2304 921 dum
2338 862 2492 924 illud
2526 864 2817 939 exterius,
2848 864 3014 925 unde
3040 882 3079 925 a
3105 864 3345 926 fortiori
3374 864 3565 926 etiam
3592 864 3725 925 suf-

2153 952 2284 1015 ficit
2310 956 2388 1017 ad
2413 957 2730 1017 vitandam
2757 975 3103 1020 censuram.
3130 958 3229 1019 An
3248 975 3396 1019 vero
3424 957 3553 1033 ille,
3578 976 3721 1037 pos-

2154 1052 2257 1108 tea
2302 1050 2497 1111 sciens
2526 1068 2657 1111 esse
2686 1050 2853 1111 diem
2895 1050 3123 1111 festum
3169 1055 3447 1130 tempore
3491 1049 3719 1125 habili,

2146 1145 2432 1203 teneatur
2458 1142 2647 1203 aliam
2673 1144 2923 1205 Missam
2955 1144 3195 1219 audire,
3221 1144 3325 1205 vel
3358 1142 3578 1205 saltem
3606 1142 3723 1203 ha—

2146 1232 2295 1297 bere
2322 1234 2605 1296 animum
2630 1236 3042 1298 satisfaciendi
3067 1242 3374 1316 praecepto
3400 1254 3514 1316 per
3552 1238 3721 1315 prio-

2148 1345 2282 1389 rem
2322 1328 2726 1405 auditionem,
2774 1329 3037 1390 tractavi
3064 1329 3186 1391 late
3238 1330 3304 1389 in
3349 1339 3498 1391 tom.
3556 1330 3595 1389 2
3640 1329 3721 1389 de

2150 1421 2377 1499 Relig„
2420 1421 2563 1483 libr.
2607 1425 2648 1483 4
2693 1422 2769 1483 de
2815 1422 2981 1483 Orat.
2989 1467 3009 1498 ,
3064 1441 3198 1502 cap.
3247 1424 3348 1483 26.
3414 1422 3716 1501 Denique,

2149 1514 2318 1575 idem
2342 1532 2485 1575 cum
2512 1516 2911 1594 proportione
2946 1515 3275 1576 dicendum
3306 1520 3396 1575 est
3421 1515 3494 1575 ad
3533 1533 3719 1594 quar-

2149 1613 2281 1668 tam
2304 1607 2739 1687 objectionem,
2768 1610 2837 1669 in
2864 1627 2937 1669 eo
2960 1627 3107 1669 casu
3127 1608 3408 1669 excusari
3427 1609 3718 1671 materia-

2150 1698 2276 1761 lem
2320 1707 2382 1762 et
2418 1702 2789 1763 exteriorem
2832 1702 3357 1779 trangressionem
3398 1700 3711 1781 praecepti,

2148 1793 2317 1872 quod
2332 1794 2482 1856 satis
2498 1800 2657 1856 esset
2677 1794 2758 1856 ad
2780 1794 3191 1855 excusandam
3212 1811 3564 1869 censuram,
3586 1811 3717 1854 non

2147 1893 2359 1948 tamen
2376 1896 2380 1899 ’
2400 1888 2634 1950 servari
2664 1893 2873 1949 mente
2904 1892 2968 1948 et
2992 1888 3205 1949 animo
3245 1892 3439 1947 totam
3477 1885 3715 1964 obliga—

2147 1978 2382 2041 tionem
2404 1981 2714 2060 praecepti‚
2741 1986 2805 2042 et
2820 1986 3267 2059 consequenter
3290 1998 3417 2042 non
3435 1980 3717 2041 excusari

2148 2090 2401 2150 gravem
2431 2072 2699 2152 culpam.
2726 2074 2803 2133 Et
2828 2073 2918 2135 ita
2942 2079 3034 2133 est
3060 2073 3497 2151 intelligendus
3522 2073 3715 2133 Anto—

2146 2165 2281 2227 nin.
2308 2166 2525 2226 statim
2550 2166 2855 2241 citandus,
2882 2165 3093 2227 dicens
3119 2184 3248 2227 non
3274 2164 3531 2245 implere
3558 2184 3715 2245 prae-

2146 2264 2394 2337 ceptum
2421 2259 2529 2339 qui
2555 2264 2720 2321 stant
2746 2260 2829 2321 ad
2857 2259 3201 2321 sociandum
3228 2260 3518 2335 dominos,
3549 2260 3715 2323 alias

2144 2370 2263 2412 nou
2294 2353 2592 2415 audituri.
2617 2353 2695 2412 Et
2720 2351 2797 2412 de
2822 2350 2922 2411 his
2945 2350 3401 2412 conditionibus
3428 2351 3561 2413 haec
3586 2352 3713 2412 suf-

2142 2442 2387 2520 ficiunt,
2420 2443 2498 2506 de
2524 2444 2749 2524 quibus
2787 2444 2856 2506 in
2884 2445 3071 2506 citato
3104 2444 3241 2507 loco
3270 2444 3348 2507 de
3388 2446 3712 2525 Religione

2142 2536 2342 2597 multa
2359 2536 2513 2597 dixi.

2224 2633 2283 2692 5.
2332 2629 2651 2694 Sententia
2680 2646 2948 2701 asserens
2982 2648 3101 2693 ’con
3140 2630 3383 2709 impleri
3408 2636 3711 2711 proecepta

2140 2724 2405 2785 humana
2431 2724 2561 2785 aino
2585 2728 2749 2785 recta
2775 2722 3535 2788 intentione—Difficultas
3556 2743 3707 2803 ergo

2140 2815 2342 2877 solum
2369 2822 2645 2895 superest
2663 2816 2741 2877 de
2777 2817 3028 2896 proprio
3058 2816 3243 2878 modo
3286 2816 3549 2892 virtutiS,
3588 2817 3705 2896 qui

2138 2908 2419 2969 consistit
2438 2908 2507 2969 in
2536 2908 2811 2971 bonitate
2848 2908 3069 2971 morali
3096 2916 3270 2971 actus
3296 2916 3705 2988 consurgente

2138 3019 2217 3063 ex
2240 3001 2483 3080 integra
2506 3020 2715 3077 causa,
2738 3002 2803 3061 id
2822 3007 2939 3079 oet,
2958 3021 3035 3063 ex
3058 3002 3222 3063 bono
3248 3002 3510 3082 objectu,
3532 3008 3705 3063 recta

2138 3095 2507 3170 intentione,
2538 3098 2601 3155 et
2626 3092 2765 3156 aliis
2782 3096 3278 3158 circumstantiis.
3300 3095 3511 3176 Aliqui
3534 3095 3702 3158 enim

2140 3189 2371 3254 sentire
2425 3187 2719 3255 videntur
2745 3195 3049 3268 praecepta
3078 3189 3359 3252 humana
3396 3208 3529 3251 non
3586 3189 3702 3250 im-

2139 3281 2299 3362 pleri
2324 3297 2435 3363 per
2460 3279 2821 3363 hujusmodi
2840 3288 3039 3358 actus,
3072 3282 3197 3346 nisi
3219 3281 3545 3347 includant
3572 3302 3700 3346 rec-

2133 3380 2267 3438 tam
2320 3375 2763 3452 intentionem,
2820 3374 2955 3440 sine
3012 3393 3166 3456 qua,
3224 3375 3520 3456 inquiunt
3572 3394 3703 3438 non

2133 3468 2383 3549 impleri
2408 3469 2751 3531 humanam
2782 3467 3011 3548 legem,
3038 3469 3283 3532 etiamsi
3330 3476 3507 3531 actus
3544 3487 3701 3549 prae-

2133 3568 2347 3642 ceptus
2372 3561 2501 3624 fiat.
2526 3563 2619 3624 Ita
2639 3568 2811 3624 tenet
2830 3564 3079 3643 Dionys.
3094 3563 3313 3626 Cister.
3336 3566 3397 3638 1,
3423 3561 3569 3624 dist.
3591 3565 3695 3640 17,

2132 3671 2195 3716 a.
2225 3655 2282 3717 3.
2310 3654 2483 3718 Idem
2498 3654 2691 3718 sentit
2714 3654 2945 3718 Anton.
2972 3657 3012 3718 2
3036 3675 3131 3736 p.,
3150 3655 3327 3732 tit.9,
3352 3673 3410 3717 c.
3438 3656 3539 3732 10,
3564 3655 3603 3736 ξ
3632 3658 3707 3731 2,

2130 3754 2435 3828 quatenus
2460 3747 2550 3812 ait
2568 3766 2701 3810 non
2716 3749 2975 3828 implere
3002 3754 3379 3829 praeceptum
3400 3747 3701 3810 audiendi

2128 3844 2381 3908 Missam
2408 3845 2515 3923 qni
2542 3844 2823 3906 accedunt
2844 3845 2929 3906 ad
2948 3843 3315 3920 Rodum,
3336 3848 3407 3906 ut
3426 3843 3694 3921 videant,

2128 3935 2221 3999 vel
2251 3936 2569 3998 videautm·
2596 3935 2671 3996 ab
2698 3935 3073 4000 amatoribus
3099 3936 3233 4000 wis
3276 3961 3301 3998 .·
3349 3937 3453 4000 sed
3494 3936 3699 4000 «labent

2130 4027 2263 4105 (ait)
2283 4027 2547 4092 accedero
2573 4029 2655 4092 ad
2678 4029 2996 4104 orandum,
3014 4033 3070 4092 ec
3091 4034 3233 4093 tm
3258 4047 3299 4092 a
3314 4047 3379 4092 aa
3402 4047 3699 4092 reamare

2129 4121 2331 4184 doben
2360 4121 2753 4200 cogitationes
2788 4122 3139 4202 temporales
3178 4123 3259 4186 ad
3284 4123 3484 4186 Deum
3512 4141 3695 4185 ora*-

2128 4217 2293 4278 dmn.
2330 4213 2605 4276 Fundari
2626 4221 2829 4294 potest
2854 4216 3057 4294 primo
3100 4215 3235 4280 haec
3260 4215 3567 4280 sententia
3620 4217 3697 4278 in

2116 4325 2251 4385 reg.
2296 4307 2339 4367 8
2362 4307 2613 4372 Extrav.
2666 4307 2744 4370 de
2780 4309 2934 4387 Reg.
2971 4309 3177 4388 juris:
3219 4309 3339 4384 Qui
3368 4327 3438 4372 ιω
3478 4310 3718 4374 timoro-

2117 4400 2279 4480 sacit
2326 4407 2709 4479 pra-coptum,
2760 4402 2943 4466 aliter
2982 4420 3167 4483 quam
3203 4402 3361 4466 debet
3408 4403 3603 4479 facit,
3632 4408 3692 4465 et

2116 4492 2404 4571 ideojam
2446 4511 2567 4556 non·
2590 4494 2774 4570 facit.
2826 4495 2919 4554 Ex
2962 4513 3089 4574 qua
3130 4499 3611 4573 argumentatur
3650 4513 3692 4558 a

2115 4584 2331 4660 simili,
2364 4584 2466 4646 vel
2492 4587 2823 4665 a.paritate
2840 4587 3133 4650 rationis:
3163 4605 3318 4652 nam
3340 4587 3447 4666 qui
3475 4592 3691 4652 actum

2115 4683 2491 4757 praeceptum
2512 4677 2676 4744 male
2694 4679 2863 4758 facit,
2888 4679 3067 4742 aliter
3084 4697 3280 4762 quam
3294 4679 3477 4742 debet
3498 4679 3683 4740 facit:

2114 4787 2267 4849 ergo
2296 4789 2422 4832 non
2448 4772 2617 4848 facit,
2638 4791 2749 4834 seu
2768 4791 2899 4836 non
2924 4775 3015 4834 ita
3038 4773 3283 4843 tacitut
3296 4777 3501 4842 servet
3524 4789 3684 4851 prae·

2114 4869 2387 4943 ceptum.
2419 4865 2495 4925 Et
2521 4864 2924 4928 confirmatur
2946 4866 3177 4946 primo,
3200 4865 3351 4944 quia
3370 4865 3479 4926 lex.
3517 4881 3683 4944 proe-

2112 4954 2264 5033 cipit
2296 4959 2504 5016 actum
2531 4955 2767 5018 bonum
2793 4978 2807 5018 :
2840 4959 3077 5036 ergosi
3112 4976 3243 5020 non
3268 4956 3342 5018 fit
3364 4961 3537 5018 actus
3568 4955 3679 5016 bo—

462 5053 592 5095 non
621 5031 940 5095 recitando
972 5032 1202 5094 iterum
1236 5033 1305 5093 in
1336 5035 1574 5113 vigilia,
1604 5037 1658 5098 si
1700 5037 1830 5100 lata
1867 5047 2027 5105 esset
2108 5063 2254 5122 nus,
2303 5065 2429 5108 non
2475 5047 2548 5110 fit
2596 5050 2762 5129 quod
2808 5050 2927 5115 lex.
2954 5050 3239 5130 praec-ipit
3270 5065 3287 5111 ε
3348 5067 3497 5128 ergo
3546 5067 3679 5109 non

461 5131 678 5188 contra
700 5143 830 5186 non
852 5129 1120 5200 orantes,
1146 5125 1294 5204 quia
1320 5125 1425 5186 ille
1462 5145 1606 5188 vere
1635 5146 1765 5193 non
1795 5132 2021 5194 oravit.

2110 5143 2412 5201 servatur.
2448 5140 2864 5206 confirmatur
2889 5142 3180 5219 secundo,
3212 5143 3361 5222 quia
3384 5142 3489 5209 lex
3519 5161 3678 5220 prae-

539 5220 601 5278 4.
645 5219 724 5278 Et
749 5219 839 5279 ita
865 5217 945 5278 ad
969 5218 1303 5278 secundam
1328 5218 1736 5297 objectionem
1756 5226 2023 5288 concedo
2108 5232 2284 5310 cipit,
2315 5232 2489 5292 verbi
2512 5234 2735 5311 gratia,
2764 5235 2875 5296 Dei
2916 5235 3153 5299 cultum
3195 5235 3299 5296 vel
3322 5240 3677 5314 temperan-

457 5308 795 5390 scquelam,
843 5328 1042 5406 neque
1093 5311 1160 5370 in
1217 5316 1618 5391 consequenti
1652 5320 1744 5376 est
1767 5317 2023 5396 aliquod
2102 5324 2285 5400 tiam,
2332 5331 2461 5388 etc.
2504 5327 2691 5388 Actus
2734 5333 2947 5390 autem
2998 5346 3131 5389 non
3168 5327 3373 5397 bonus
3408 5346 3537 5388 non
3584 5332 3676 5388 est

454 5402 918 5506 inconveniens.
948 5402 1046 5462 Ad
1071 5403 1320 5464 tertiam
1363 5421 1510 5466 vero
1545 5407 1684 5470 dico
1721 5427 1850 5473 non
1886 5429 2017 5474 esse
2100 5416 2301 5480 cultus
2326 5418 2461 5493 Dei,
2490 5436 2605 5480 nec
2622 5425 2793 5482 actus
2820 5422 3272 5504 temperantiae,
3296 5420 3399 5482 vel
3418 5420 3673 5483 alterius

451 5496 678 5572 simile,
703 5511 849 5577 qma
873 5509 928 5554 is
955 5495 1064 5573 qui
1095 5495 1269 5556 audit
1295 5496 1566 5577 Missam,
1597 5501 1745 5564 licet
1768 5503 2017 5582 ignoret
2096 5509 2318 5576 similis
2348 5512 2595 5574 virtutis
2630 5533 2643 5572 ε
2680 5530 2849 5591 ergo.
2898 5513 3173 5592 Denique
3218 5513 3321 5574 lex
3366 5512 3669 5590 humana,
