3976 6219
1080 409 1213 461 CAP.
1249 410 1332 462 111.
1368 409 1449 461 DE
1480 406 1896 462 NECESSITATE
1928 405 2008 458 ET
2039 407 2394 460 VARIETATE
2424 407 2650 460 metm.
3420 409 3460 467 9

273 504 365 565 bit
387 523 462 565 ex
481 504 769 570 dicendis,
803 511 1077 591 Denique
1105 512 1285 573 datur
1320 514 1417 574 lex
1447 514 1513 573 in
1550 515 1674 574 Deo
1699 514 1828 591 ipso

274 599 537 658 existens
565 617 580 659 t
625 600 753 661 haec
781 605 947 663 enim
992 607 1203 665 omnia
1232 607 1298 664 in
1326 607 1489 665 idem
1521 607 1822 666 recidunt.

354 693 412 749 7.
462 690 735 754 Secunda
759 696 976 757 divisio
1002 698 1151 775 leqis
1170 699 1235 757 in
1254 700 1613 771 naturalem,
1640 704 1696 759 et
1719 717 1831 775 po·

274 783 540 844 sitioam.
563 818 646 828 —
664 787 744 845 D.
771 788 1071 849 Isidorus.
1097 824 1175 834 --
1196 791 1288 849 Ex
1306 790 1442 849 aliis
1464 789 1655 867 igitur
1673 790 1825 848 duo-

274 873 388 933 bus
433 877 724 936 membris
763 879 917 956 legis
954 899 992 939 a
1032 880 1283 941 Platone
1313 883 1525 961 positis
1559 880 1827 942 secunda

275 964 493 1025 divisio
513 968 665 1043 legis
685 971 1014 1049 colligitur,
1045 993 1182 1052 quae
1207 982 1296 1034 est
1315 975 1651 1034 subdivisio
1671 975 1826 1051 legis

273 1065 512 1134 creatae,
545 1058 610 1119 in
640 1064 986 1124 naturalem
1016 1072 1077 1125 et
1102 1067 1453 1144 positivam.
1506 1068 1703 1139 Quam
1734 1067 1827 1125 di-

272 1150 571 1211 visionem
604 1172 818 1215 omnes
846 1158 1033 1217 etiam
1064 1159 1334 1237 theologi
1369 1162 1729 1236 agnoscunt,
1761 1162 1824 1217 et

273 1248 363 1302 est
405 1244 693 1323 frequens
737 1251 899 1326 apud
932 1251 1187 1311 Sanctos
1211 1299 1230 1327 ,
1278 1253 1405 1312 sive
1432 1252 1545 1310 sub
1572 1251 1823 1310 nomine

271 1334 445 1412 legiS,
477 1339 603 1398 sive
626 1340 738 1399 sub
766 1343 1017 1402 nomine
1039 1344 1200 1420 juris
1228 1344 1471 1422 positivi
1497 1350 1558 1403 et
1579 1349 1826 1402 natura-

272 1425 370 1486 lis.
426 1429 506 1488 Ut
533 1437 698 1508 patet
732 1449 808 1490 ex
837 1433 1085 1501 Isidoro.
1131 1434 1238 1494 lib.
1276 1437 1313 1494 2
1350 1441 1411 1495 et
1450 1436 1487 1495 3
1529 1435 1819 1513 Etymol.,

274 1524 337 1579 et
364 1520 626 1581 habetur
654 1523 717 1582 in
746 1526 980 1586 Decret.
1001 1572 1021 1600 ,
1063 1528 1330 1588 distinct.
1367 1533 1391 1587 1
1426 1536 1486 1588 et
1517 1528 1824 1607 sequenti-

273 1611 412 1685 buS‚
460 1619 521 1673 et
568 1617 833 1676 sumitur
871 1637 946 1678 ex
988 1621 1333 1697 Augustino
1363 1668 1381 1696 ,
1420 1627 1597 1681 tract.
1645 1623 1707 1695 6,
1755 1622 1822 1680 111

273 1704 599 1781 Joannem,
650 1716 711 1768 et
734 1710 998 1771 indicata
1029 1719 1119 1771 est
1147 1731 1183 1772 a
1207 1714 1418 1788 Paule,
1463 1715 1724 1774 Roman.
1757 1716 1819 1787 2,

277 1797 549 1858 dicente:
582 1802 790 1863 Gentes
814 1822 940 1881 quoe
961 1805 1142 1881 legem
1170 1825 1288 1866 non
1315 1808 1548 1878 liabent,
1574 1812 1824 1867 natura-

279 1888 420 1949 liter
452 1908 518 1950 ea
545 1910 677 1969 quoe
710 1894 859 1970 lepis
885 1902 1022 1955 sunt
1045 1940 1059 1961 ‚
1096 1897 1373 1970 faciunt,
1404 1904 1474 1955 ut
1501 1898 1587 1956 ibi
1618 1898 1827 1956 Glossa

279 1981 550 2041 ordinar.
607 1986 864 2045 notavit.
913 1986 1140 2046 Eadem
1182 1987 1403 2045 divisio
1438 1989 1735 2065 repetitur
1762 1990 1830 2048 in

272 2072 410 2149 jure
445 2074 655 2150 civili,
690 2076 884 2136 Instit.
936 2078 1012 2137 de
1053 2079 1201 2138 Jure
1230 2086 1434 2138 natur.
1467 2080 1743 2156 gentium
1772 2086 1833 2139 et

275 2165 468 2238 civili,
518 2173 577 2225 et
628 2166 737 2226 lib.
802 2171 856 2239 1,
909 2168 973 2228 ff.
1034 2170 1109 2229 de
1158 2171 1407 2231 Justitia
1445 2177 1505 2229 et
1535 2172 1701 2248 jure.
1758 2173 1834 2230 Et

275 2256 503 2331 Cicer0,
537 2257 645 2318 lib.
694 2263 721 2319 1
761 2260 835 2319 de
866 2261 1155 2339 Legibus,
1200 2281 1276 2321 ex
1305 2262 1574 2339 professo
1610 2264 1830 2341 probat

275 2348 407 2408 dari
428 2351 532 2428 jus
558 2352 837 2412 naturale
866 2355 1031 2430 prius
1064 2355 1235 2413 omni
1264 2354 1557 2414 humane.
1593 2357 1676 2414 De
1705 2374 1827 2433 quo

275 2443 471 2501 multa
498 2445 684 2503 etiam
725 2445 932 2519 habet,
954 2447 1065 2506 lib.
1097 2449 1135 2505 2
1163 2447 1239 2506 de
1267 2449 1551 2521 LegibuS,
1574 2454 1635 2508 et
1663 2450 1828 2508 Aris—

273 2535 511 2609 totelea,
536 2538 571 2595 5
591 2537 887 2613 Ethicor„
918 2558 1049 2617 cap.
1080 2541 1141 2612 7,
1173 2539 1280 2598 ubi
1307 2540 1371 2598 in
1394 2541 1607 2600 eodem
1638 2559 1826 2600 sensu

282 2626 606 2704 distinguit
627 2629 731 2705 jus
757 2630 823 2689 in
848 2632 1127 2691 naturale
1158 2638 1219 2690 et
1250 2632 1464 2708 legale.

357 2720 415 2777 8.
465 2719 689 2790 Quibus
717 2723 907 2782 modis
929 2724 1024 2783 leo:
1044 2726 1350 2784 naturalis
1374 2726 1533 2801 apud
1559 2731 1825 2788 auctores

277 2816 618 2887 usurpetur.
652 2845 734 2857 —
762 2814 880 2874 Sed
919 2815 1082 2874 circa
1108 2815 1310 2892 legem
1347 2817 1695 2876 naturalem
1719 2818 1826 2877 ad-

276 2904 638 2963 vertendum
668 2912 780 2979 est,
814 2908 1002 2967 variis
1029 2908 1226 2967 modis
1253 2927 1289 2967 a
1310 2909 1707 2987 philosophiS,
1726 2911 1827 2987 ju·

279 2995 578 3073 risperitis
600 3042 618 3070 ,
666 2998 765 3057 vel
810 2999 1109 3077 theologis
1157 3001 1369 3078 accipi.
1434 3001 1605 3060 Plato
1660 3003 1828 3061 enim

279 3103 463 3164 supra
510 3088 712 3167 legem
759 3092 1105 3153 naturalem
1140 3094 1384 3153 videtur
1420 3094 1687 3172 accipere
1718 3114 1830 3173 pro

279 3180 450 3238 omni
483 3181 878 3243 inclinatione
907 3186 1172 3245 naturali
1206 3186 1400 3245 indita
1437 3187 1616 3245 rebus
1645 3205 1681 3246 a
1718 3206 1828 3247 suo

277 3277 569 3347 creatore,
601 3292 722 3351 qua
741 3276 986 3354 singula
1006 3278 1083 3337 ad
1105 3278 1378 3356 proprios
1400 3285 1572 3338 actus
1594 3286 1655 3338 et
1676 3279 1829 3339 fines

275 3364 553 3425 tendunt.
588 3367 756 3426 Sicut
787 3370 955 3428 enim
984 3370 1185 3445 legem
1212 3371 1485 3430 divinam
1517 3390 1643 3431 esse
1671 3373 1829 3431 dixit

273 3458 575 3517 rationem
600 3466 897 3520 aeternam
919 3463 987 3522 in
1015 3465 1137 3522 Deo
1167 3464 1553 3537 existentem,
1585 3484 1706 3543 qua
1733 3482 1827 3524 re-

274 3555 509 3627 guntur
527 3552 759 3626 omnia,
787 3554 874 3611 ita
896 3555 1426 3632 participationem
1450 3556 1615 3616 illius
1644 3558 1827 3617 ratio-

275 3643 372 3701 nis
401 3645 696 3704 creaturis
719 3646 1105 3725 impressam,
1132 3649 1285 3707 utin
1315 3648 1649 3709 destinatos
1676 3651 1829 3710 fines

204 3770 218 3778 -
276 3753 418 3794 suos
463 3736 758 3806 tendant,
804 3740 1152 3800 naturalem
1196 3740 1395 3818 legem
1448 3743 1820 3820 appellavit:

277 3827 403 3886 imo
424 3828 610 3888 etiam
639 3830 708 3888 D.
741 3830 1027 3906 ThomaS,
1062 3835 1119 3891 1.
1152 3835 1216 3907 2,
1239 3839 1455 3910 quaest.
1488 3837 1590 3908 91,
1616 3842 1733 3895 art.
1762 3838 1823 3910 2,

277 3918 431 3979 dixit
459 3921 670 3981 omnia
700 3941 838 4000 quae
867 3923 1075 3984 divina
1094 3926 1478 4003 providentia
1501 3935 1823 4006 reguntur,

275 4012 644 4091 participare
702 4015 1048 4092 aliqualiter
1108 4017 1311 4094 legem
1367 4024 1659 4079 aeternam
1686 4066 1706 4094 ,
1762 4022 1829 4079 in

277 4109 579 4181 quantum
608 4123 683 4165 ex
720 4106 988 4167 efficacia
1007 4109 1137 4186 ejus
1156 4108 1385 4169 habent
1403 4111 1830 4172 inclinationes

276 4196 341 4254 in
380 4198 658 4275 proprios
693 4205 864 4258 actus
896 4207 956 4260 et
983 4200 1159 4260 fines.
1204 4202 1284 4261 At
1319 4220 1464 4262 vero
1490 4203 1833 4280 jurisperiti

276 4288 478 4365 legem
500 4290 850 4350 naturalem
879 4310 1271 4352 communem
1293 4312 1420 4353 esse
1441 4294 1675 4368 dicunt,
1707 4313 1832 4353 non

275 4381 471 4440 solum
502 4381 882 4458 hominibus,
927 4385 1030 4444 sed
1056 4386 1243 4445 etiam
1267 4386 1405 4446 aliis
1432 4387 1827 4461 animalibus;

277 4473 619 4534 inanimata
667 4494 813 4536 vero
859 4495 896 4535 a
940 4478 1407 4555 participatione
1449 4479 1636 4557 hujus
1676 4480 1829 4559 legis

277 4565 598 4627 excludere
631 4568 937 4641 videntur,
969 4575 1038 4627 ut
1067 4576 1236 4646 patet
1271 4589 1344 4630 ex
1373 4571 1409 4649 ξ
1449 4576 1476 4630 1
1513 4573 1708 4632 Instit.
1752 4574 1828 4634 de

276 4657 422 4717 Jure
457 4659 747 4734 naturali,
780 4666 898 4720 etc.
920 4705 940 4735 ,
982 4667 1044 4721 et
1091 4661 1199 4722 lib.
1236 4665 1295 4735 1,
1344 4663 1409 4723 ff.
1436 4665 1511 4723 de
1538 4665 1741 4725 Justit.
1769 4672 1831 4726 et

272 4768 433 4827 Jure.

356 4845 415 4902 9.
462 4843 585 4904 lex
607 4845 920 4905 secundum
933 4846 1361 4921 proprietatem
1384 4848 1834 4912 insensibilibus

277 4951 391 4993 non
418 4936 805 4995 attribuitur.
830 4969 911 4981 -
934 4937 1398 5011 Verumtamen,
1431 4946 1501 4999 ut
1532 4940 1599 4998 in
1629 4942 1831 5018 primo

276 5026 473 5103 capite
502 5027 733 5100 notavi,
770 5027 872 5086 lex
891 5046 1017 5087 non
1035 5030 1394 5089 attribuitur
1417 5031 1599 5090 rebus
1628 5033 1833 5092 insen-

274 5117 554 5177 sibilibus
591 5119 929 5178 secundum
971 5122 1404 5198 proprietatem
1425 5168 1444 5196 ,
1478 5121 1582 5181 sed
1617 5142 1833 5183 secun-

276 5209 424 5269 dum
473 5211 919 5288 metaphoram,
971 5217 1033 5271 et
1071 5212 1209 5273 ideo
1258 5214 1334 5273 de
1380 5215 1487 5274 illa
1532 5217 1718 5292 priori
1759 5235 1831 5276 ac

276 5301 736 5379 generalissima
762 5304 1114 5380 acceptione
1142 5306 1295 5382 legis
1322 5307 1644 5382 naturalia,
1676 5309 1834 5368 nihil

275 5395 543 5473 amplius
563 5395 665 5454 hic
697 5395 897 5456 dicere
929 5414 1171 5456 necesse
1195 5404 1286 5458 est
1306 5443 1324 5472 ,
1358 5405 1576 5476 praeter
1600 5417 1673 5459 ea
1695 5418 1835 5478 quae

276 5487 346 5546 in
375 5505 511 5565 cap.
562 5490 590 5546 1
625 5488 892 5548 diximus
914 5533 935 5563 ,
983 5494 1045 5549 et
1091 5507 1227 5568 quae
1262 5490 1424 5552 infra
1451 5491 1725 5552 dicemus
1758 5491 1837 5552 de

1908 510 2044 587 lege
2081 516 2333 571 aeterna.
2369 511 2679 571 Animalia
2706 510 2892 570 etiam
2933 509 3117 569 bruta
3153 528 3281 570 non
3316 518 3461 570 sunt

1908 605 2155 680 capacia
2187 605 2430 681 proprie
2462 604 2636 680 legiS,
2674 621 2812 662 cum
2841 621 2954 662 nec
2981 603 3218 662 ratione
3246 622 3360 663 nec
3386 604 3458 662 li-

1907 695 2144 755 bertate
2169 702 2443 769 utantur,
2475 702 2536 756 et
2563 696 2701 755 ideo
2728 714 2855 754 non
2878 701 3074 772 potest
3101 696 3217 755 nisi
3246 715 3356 774 per
3382 697 3460 755 si-

1908 788 2121 847 milem
2153 789 2578 866 metaphoram
2603 787 2723 846 illis
2746 787 2998 846 attribui
3019 788 3315 848 naturalis
3332 790 3450 849 lex.

1905 881 2193 952 Quamvis
2219 881 2383 940 enim
2414 881 2478 939 in
2518 880 2632 939 hoc
2659 880 2950 939 differant
2984 879 3062 938 ab
3091 881 3459 940 insensibili-

1906 971 2041 1046 buS,
2074 972 2237 1051 quod
2263 992 2385 1033 non
2408 973 2535 1033 solo
2556 971 2822 1051 pondere
2853 978 3112 1045 naturae,
3144 974 3246 1031 sed
3269 974 3457 1033 etiam

1908 1065 2256 1141 cognitione
2291 1071 2352 1124 et
2381 1065 2673 1124 instinctu
2702 1064 2968 1123 naturali
3000 1065 3328 1137 ducuntur,
3353 1065 3459 1142 qui

1901 1157 2228 1216 instinctus
2271 1164 2360 1218 est
2401 1157 2522 1215 illis
2561 1157 2734 1234 quasi
2781 1157 2915 1230 lex,
2968 1162 3028 1216 et
3065 1156 3182 1216 hac
3220 1158 3459 1217 ratione

1900 1250 2090 1327 possit
2107 1250 2452 1328 aliqualiter
2469 1250 2756 1310 sustineri
2776 1249 2883 1309 illa
2902 1250 3172 1309 secunda
3189 1250 3459 1328 acceptio

1896 1343 2467 1420 jurisconsultorum
2494 1359 2514 1419 ;
2558 1342 2960 1401 nihilominus
2987 1343 3342 1420 simpliciter
3369 1349 3459 1402 est

1904 1435 2323 1513 metaphorica
2361 1441 2423 1495 et
2463 1435 2641 1495 valde
2681 1435 2965 1511 analoga,
3005 1443 3067 1494 et
3098 1435 3234 1494 ideo
3268 1436 3458 1495 etiam

1905 1546 2073 1587 nunc
2119 1528 2289 1588 illam
2333 1529 2674 1588 omittimus
2715 1545 2731 1587 ε
2773 1528 2938 1587 infra
2978 1529 3144 1586 enim
3172 1573 3190 1601 ,
3236 1527 3345 1586 lib.
3392 1530 3454 1601 2,

1904 1638 2036 1699 cap.
2069 1622 2130 1694 8,
2160 1622 2519 1701 explicando
2553 1623 2651 1700 jus
2685 1621 2991 1699 gentium,
3034 1638 3284 1680 sensum
3318 1639 3455 1699 pro-

1904 1714 2109 1791 prium
2132 1714 2381 1773 illarum
2402 1714 2611 1792 legum
2633 1714 3001 1791 investigare
3029 1713 3414 1773 conabimur.

1987 1809 2084 1866 10.
2137 1808 2417 1879 Quanam
2466 1810 2549 1869 sit
2582 1809 2837 1885 propria
2875 1808 2969 1868 lea·
3006 1807 3334 1867 naturalis.
3381 1838 3461 1851 —

1905 1899 2030 1956 Lex
2061 1917 2207 1975 ergo
2242 1899 2540 1960 naturalis
2567 1901 2834 1979 propria,
2879 1918 3016 1978 quae
3043 1899 3120 1957 ad
3162 1898 3459 1958 moralem

1909 1989 2252 2049 doctrinam
2282 2000 2342 2051 et
2366 1992 2738 2069 theologiam
2765 1993 3051 2070 pertinet,
3083 1997 3173 2051 est
3192 1991 3299 2050 illa
3322 2009 3459 2068 quoe

1911 2078 2197 2139 humanas
2238 2084 2430 2141 menti
2465 2083 2689 2142 insidet
2728 2086 2807 2144 ad
2849 2084 3317 2144 discernendum
3350 2083 3459 2142 ho-

1912 2177 2158 2230 nestum
2202 2190 2240 2231 a
2284 2174 2474 2251 turpi,
2512 2175 2693 2250 juxta
2736 2175 2888 2233 illud
2933 2175 3154 2233 Psalm.
3186 2177 3225 2233 4
3259 2195 3272 2232 ε
3312 2175 3463 2246 Quis

1913 2265 2165 2324 ostendit
2191 2266 2359 2326 nobis
2382 2266 2565 2325 bona?
2593 2268 2902 2344 siqnatum
2933 2272 3018 2327 est
3045 2285 3222 2343 super
3244 2285 3349 2326 nos
3373 2268 3463 2326 lu-

1909 2373 2040 2414 men
2060 2356 2262 2417 vultus
2281 2358 2374 2416 tui
2394 2359 2667 2432 Domine,
2690 2363 2758 2416 ut
2781 2358 3071 2435 explicuit
3088 2358 3157 2416 D.
3174 2358 3461 2433 ThomaS,

1906 2446 1967 2506 d.
2001 2454 2215 2525 quaest.
2249 2451 2350 2522 91,
2378 2455 2492 2509 art.
2522 2452 2582 2523 2,
2610 2450 2716 2508 ubi
2741 2450 3046 2510 concludit
3063 2449 3262 2527 legem
3287 2456 3465 2509 natu-

1906 2538 2100 2598 ralem
2119 2558 2245 2600 esse
2261 2542 2791 2618 participationem
2820 2542 2973 2619 lepis
2999 2548 3234 2602 oeternoe
3261 2544 3326 2602 in
3355 2560 3466 2603 ra-

1907 2632 2124 2692 tionali
2154 2637 2451 2693 creatura.
2494 2634 2570 2692 Et
2600 2634 2666 2691 in
2695 2634 2754 2705 4,
2793 2633 3063 2693 distinct.
3098 2635 3196 2706 33,
3229 2641 3343 2693 art.
3383 2638 3408 2693 1
3441 2651 3457 2694 :

1910 2723 2067 2796 Quia
2092 2725 2257 2783 bomo
2285 2725 2529 2801 (inquit)
2553 2726 2710 2785 inter
2732 2731 2939 2787 coetera
2968 2726 3242 2787 animata
3268 2728 3459 2786 ratio-

1905 2834 2036 2877 nem
2075 2817 2225 2891 finis
2253 2820 2571 2895 coquos-cit,
2602 2823 2657 2879 et
2680 2820 3120 2896 proportionem
3150 2820 3346 2896 operis
3384 2821 3466 2880 ad

1907 2910 2087 2986 finem
2114 2936 2136 2967 .·
2165 2911 2289 2970 ideo
2317 2912 2623 2972 naturalis
2659 2912 2948 2987 conceptio
2986 2913 3039 2973 ei
3081 2912 3302 2986 indita,
3336 2929 3463 2989 qua·

1910 3001 2034 3060 diri
2038 3002 2209 3078 qitur
2231 3002 2312 3061 ad
2332 3004 2688 3079 operandum
2714 3003 3132 3075 convenienter,
3159 3004 3253 3064 tea·
3279 3008 3464 3063 natu-

1908 3094 2086 3166 ralis,
2137 3095 2363 3171 seujus
2391 3095 2668 3156 naturale
2696 3094 2922 3156 dicitur
2954 3122 2974 3154 .·
2999 3095 3066 3155 in
3096 3097 3323 3157 coeteris
3345 3114 3462 3156 au-

1909 3191 2025 3246 tem
2051 3189 2359 3248 naturalis
2391 3189 2711 3248 (estimatio
2739 3192 3003 3248 vocatur.
3038 3189 3112 3246 Et
3138 3188 3255 3247 hoc
3275 3189 3463 3247 etiam

1908 3285 2117 3355 aperte
2153 3281 2341 3339 sensit
2367 3280 2597 3353 Cicero,
2628 3279 2736 3338 lib.
2772 3283 2811 3339 2
2848 3280 2925 3339 de
2963 3280 3268 3357 Legibus:
3315 3297 3462 3339 nam

1905 3377 2044 3448 post
2064 3372 2252 3431 verba
2273 3390 2457 3450 supra
2485 3373 2669 3430 citata
2698 3371 2773 3431 de
2801 3372 2934 3448 lege
2963 3379 3194 3432 aeterna
3217 3371 3457 3432 subdit:

1905 3465 2016 3526 Ea:
2037 3483 2155 3542 qua
2187 3466 2300 3525 illa
2323 3466 2438 3537 lea,
2464 3484 2639 3544 quam
2657 3466 2771 3525 Dii
2797 3466 3052 3526 humano
3078 3467 3279 3544 yencri
3302 3467 3463 3526 dede-

1905 3562 2072 3631 runt,
2100 3562 2251 3617 recte
2273 3561 2358 3618 est
2379 3558 2628 3617 laudata
2652 3582 2674 3616 .·
2697 3563 2781 3618 eet
2810 3559 2964 3617 enim
2986 3560 3170 3628 ratio,
3193 3575 3465 3636 mensque

1906 3651 2199 3726 sapientis
2227 3651 2308 3709 ad
2317 3651 2669 3728 jubendum,
2702 3655 2756 3710 et
2780 3651 2862 3710 ad
2887 3652 3292 3712 deterrendum
3329 3652 3463 3710 ido-

1905 3759 2038 3802 nea.
2077 3742 2165 3801 Ita
2188 3760 2334 3818 ergo
2357 3742 2486 3802 haec
2515 3743 2610 3801 lex
2634 3742 2929 3801 naturalis
2951 3743 3195 3817 dicitur,
3220 3761 3346 3801 non
3371 3761 3466 3801 so-

1906 3834 2036 3893 lum
2064 3840 2248 3912 prout
2286 3834 2562 3895 naturale
2592 3853 2629 3894 a
2652 3835 3105 3913 supernaturali
3135 3835 3465 3911 distingui·-

1908 3931 2009 3985 tur
2041 3971 2060 3999 ,
2116 3926 2220 3985 sed
2271 3927 2454 3986 etiam
2512 3933 2696 4005 prout
2751 3928 3150 4005 distinguitur
3220 3948 3258 3987 a
3316 3927 3464 3988 libe-

1907 4035 2011 4078 ro:
2050 4037 2176 4078 non
2212 4020 2359 4096 quia
2398 4021 2530 4098 ejus
2566 4021 2843 4079 executio
2882 4020 3178 4079 naturalis
3212 4022 3313 4093 sit,
3356 4039 3462 4079 seu

1911 4127 1986 4168 ex
2033 4111 2389 4169 necessitate
2442 4110 2551 4168 fiat
2575 4155 2594 4184 ,
2648 4111 2809 4168 sicut
2852 4112 3129 4169 executio
3170 4113 3466 4171 naturalis

1911 4191 2333 4258 inclinationis
2391 4205 2482 4258 est
2543 4200 2611 4258 in
2666 4199 2861 4257 brutis
2926 4200 3026 4259 vel
3083 4200 3266 4259 rebus
3334 4202 3466 4262 ina-

1912 4292 2100 4350 nimis
2120 4307 2140 4366 ;
2181 4291 2284 4350 sed
2315 4291 2460 4368 quia
2497 4290 2596 4349 lex
2628 4290 2735 4349 illa
2773 4295 2863 4349 est
2899 4291 3093 4349 veluti
3129 4293 3467 4370 proprietas

1913 4383 2196 4461 quaedam
2234 4389 2493 4456 naturae,
2526 4389 2586 4442 et
2623 4383 2770 4461 quia
2802 4384 2959 4442 Deus
2988 4385 3114 4462 ipse
3149 4385 3319 4445 illam
3356 4405 3468 4447 na-

1908 4481 2063 4536 turae
2091 4475 2370 4535 inseruit.
2401 4477 2477 4535 Et
2500 4493 2575 4534 ex
2598 4477 2711 4535 hac
2734 4481 2905 4554 parte
2935 4476 3123 4537 etiam
3146 4484 3235 4536 est
3256 4478 3468 4539 divina

1909 4567 2041 4627 haec
2080 4569 2203 4642 lex,
2251 4573 2544 4645 tanquam
2577 4587 2614 4627 a
2654 4569 2796 4627 DEO
2823 4569 3179 4628 immediate
3207 4568 3354 4644 lata,
3400 4576 3468 4630 ut

1911 4662 2099 4719 sensit
2118 4662 2185 4720 D.
2209 4661 2496 4734 Thomas,
2518 4660 2680 4719 dicta
2696 4666 2909 4738 quaest.
2933 4661 3110 4734 91,et
3124 4667 3338 4739 quaest.
3362 4663 3464 4737 94,

1911 4758 2030 4812 art.
2060 4754 2120 4826 6,
2149 4753 2257 4812 ubi
2280 4753 2527 4812 adducit
2561 4755 2629 4812 D.
2660 4752 3100 4830 Augustinum,
3139 4756 3178 4813 2
3224 4755 3470 4814 Confes-

1913 4844 2156 4903 sionum
2173 4890 2193 4919 ,
2241 4863 2374 4922 cap.
2408 4846 2468 4916 4,
2500 4845 2806 4904 dicentem
2830 4846 2905 4904 ad
2930 4846 3124 4905 Deum
3153 4867 3168 4903 :
3200 4846 3324 4906 Lex
3362 4851 3468 4908 tua

1912 4937 2142 5013 scripta
2170 4937 2236 4996 in
2260 4937 2535 4998 cordibus
2559 4938 2863 4996 hominum
2887 4963 2909 4995 .·
2934 4937 3100 5016 quod
3124 4936 3358 4997 dictum
3382 4945 3471 5000 est

1911 5035 2160 5106 propter
2187 5028 2389 5105 legem
2413 5028 2798 5103 naturalem3
2824 5029 2988 5087 unde
3007 5029 3163 5087 dixit
3187 5030 3254 5088 in
3289 5030 3397 5092 lib.
3431 5035 3470 5093 2

1914 5120 1991 5179 de
2022 5121 2314 5180 Sermone
2350 5121 2593 5179 Domini
2627 5121 2693 5178 in
2723 5127 2915 5179 mont.
2926 5164 2945 5194 ,
2979 5138 3113 5199 cap.
3146 5123 3207 5196 9,
3239 5125 3470 5186 nullam

1916 5231 2038 5274 esse
2066 5215 2354 5278 animam.
2379 5213 2443 5272 in
2468 5213 2640 5290 cujus
2661 5214 3017 5273 conscicntia
3047 5233 3163 5274 non
3191 5215 3471 5294 loquatur

1915 5307 2103 5365 Deus·
2140 5303 2291 5375 Quis
2324 5304 2477 5363 enim
2513 5305 2724 5364 scribit
2753 5307 2820 5363 in
2855 5306 3127 5366 cordibus
3166 5308 3473 5366 bominum

1913 5395 2254 5457 naturalem
2295 5393 2476 5471 teyem
2546 5396 2673 5456 nisi
2722 5396 2887 5456 Deus
2919 5396 2946 5455 ἓ
2994 5397 3471 5475 Expressiusque

1914 5489 2078 5548 hanc
2112 5486 2314 5564 legem
2348 5486 2622 5548 divinam
2664 5488 2906 5566 appella
2968 5489 3253 5563 IsidoruS,
3289 5488 3401 5548 lib.
3435 5491 3473 5548 5
