3976 6219
528 434 844 515 pertinens
877 446 892 489 :
925 432 1050 491 imo
1077 431 1128 490 si
1168 431 1236 490 in
1278 431 1493 492 ordine
1521 433 1600 493 ad
1631 432 1941 493 naturalia
1990 432 2087 493 vel

528 524 911 587 irrationalia
977 523 1200 582 dicitur
1273 525 1430 583 Deus
1500 544 1608 602 per
1663 527 2086 584 extensionem

532 617 866 697 quamdam
899 615 1099 691 legem
1124 617 1467 694 concipere,
1508 617 1573 675 id
1596 616 1795 675 solum
1825 624 1916 675 est
1939 635 2086 694 qua-

528 717 707 771 tenus
736 727 808 769 ea
834 726 971 786 quae
999 707 1311 767 intellectu
1340 713 1576 783 carent,
1598 708 1878 785 indigent
1907 727 2086 786 supe-

527 803 677 863 riori
711 805 916 860 mente
967 799 1377 875 gubernante,
1411 806 1482 859 ιιι
1528 819 1681 878 opus
1725 806 1964 860 naturae
2007 801 2087 859 sit

528 913 681 973 opus
725 891 1195 968 intelligentiae3
1242 892 1531 952 omnibus
1558 910 1705 970 ergo
1746 892 1944 952 modis
1983 893 2086 952 lex

524 987 604 1046 ad
632 991 903 1045 mentem
933 983 1254 1042 referenda
1287 988 1395 1043 est.
1432 985 1505 1043 Et
1532 984 1633 1043 hic
1665 984 1785 1043 fuit
1828 1002 2084 1062 concep-

527 1086 623 1138 tus
652 1077 803 1153 legis
832 1076 898 1134 in
927 1074 1214 1134 omnibus
1232 1075 1633 1153 sapientibus,
1668 1077 1855 1136 etiam
1879 1076 2081 1154 philo·

523 1168 755 1246 sophis,
790 1173 860 1226 ut
898 1185 974 1226 ex
1009 1166 1283 1241 Platone,
1320 1167 1639 1226 Aristotele
1671 1173 1733 1227 et
1766 1168 2077 1243 Cicerone,

525 1263 588 1321 in
617 1261 764 1320 locis
797 1260 1077 1336 allegatis
1104 1266 1360 1319 constat.

606 1355 662 1413 3.
710 1353 834 1414 Lem
861 1370 978 1412 non
1014 1353 1080 1411 in
1114 1352 1345 1425 habitu,
1367 1353 1470 1413 sed
1483 1353 1550 1412 in
1577 1358 1715 1413 actu
1742 1356 1944 1430 posita
1968 1361 2076 1417 est.

519 1446 893 1523 —Suppono
921 1443 1188 1502 secundo
1215 1443 1439 1519 legem,
1471 1445 1714 1521 proprie
1742 1445 2076 1523 loquend0,

520 1538 857 1616 praesertim
884 1542 1192 1613 quatenus
1210 1540 1300 1594 est
1323 1536 1389 1594 in
1410 1535 1760 1612 legislatore
1780 1538 1847 1597 in
1871 1538 2079 1616 aliquo

518 1636 658 1690 actu
680 1628 972 1699 secundo,
1005 1647 1131 1687 non
1153 1628 1222 1687 in
1249 1628 1489 1702 habitn,
1516 1628 1617 1688 vel
1644 1636 1940 1707 potestate
1968 1650 2078 1709 po-

519 1723 702 1781 sitam
726 1739 872 1781 esse.
907 1723 1104 1793 Patet,
1137 1720 1283 1797 quia
1321 1719 1419 1779 lex
1457 1721 1687 1780 dicitur
1721 1741 1859 1800 quae
1892 1724 2079 1784 habet

516 1815 646 1873 vim
666 1814 1013 1891 proximam
1039 1811 1326 1871 movendi
1346 1818 1406 1871 et
1429 1812 1742 1889 obligandi
1767 1814 2072 1874 subditos:

515 1906 647 1965 haec
692 1911 900 1964 autem
933 1922 1060 1963 non
1103 1908 1193 1962 est
1245 1904 1312 1961 in
1358 1905 1652 1986 potentia,
1700 1905 1800 1965 vel
1832 1906 2072 1980 habitu,

515 1999 634 2056 nisi
662 1996 1010 2055 radicaliter
1046 2002 1106 2055 et
1132 2001 1364 2055 remote
1394 2018 1407 2054 ε
1442 2002 1533 2055 est
1565 2014 1711 2073 ergo
1757 1997 1824 2055 ιιι
1869 1998 2074 2075 aliquo

514 2096 673 2149 actu.
719 2090 871 2147 Item
901 2089 1229 2164 imperare,
1274 2088 1581 2162 ordinare,
1628 2095 1689 2148 et
1715 2090 1938 2149 similia
1980 2091 2072 2149 di-

513 2188 661 2242 cunt
688 2188 932 2255 actum3
968 2180 1073 2237 illa
1100 2186 1310 2238 autem
1360 2179 1519 2238 fiunt
1553 2199 1661 2257 per
1711 2180 1938 2257 legem,
1973 2181 2071 2240 vel

509 2273 871 2346 formaliter,
899 2271 999 2330 vel
1025 2273 1197 2349 quasi
1224 2272 1420 2331 active
1448 2273 1769 2332 moraliter
1798 2294 1811 2331 :
1846 2274 2071 2332 consis-

510 2366 586 2424 tit
634 2384 780 2442 ergo
831 2363 931 2423 lex
983 2364 1047 2421 in
1103 2371 1264 2425 actu.
1316 2366 1395 2424 Ut
1452 2372 1660 2423 autem
1696 2365 2070 2441 explicemus

509 2457 794 2534 quisnam
822 2456 923 2514 hic
949 2461 1120 2514 actus
1149 2456 1251 2529 sit,
1290 2462 1529 2532 oportet
1551 2457 1719 2533 prius
1742 2474 2071 2517 numerare

510 2567 725 2609 omnes
744 2553 915 2607 actus
943 2548 1047 2624 qui
1073 2547 1151 2605 ad,
1173 2547 1377 2624 legem
1404 2566 1765 2608 concurrere
1789 2556 2067 2627 possunt,

511 2648 573 2703 et
600 2658 813 2701 eorum
835 2640 1056 2700 seriem
1083 2658 1191 2699 seu
1215 2640 1495 2700 ordinem
1520 2640 1858 2701 describere
1888 2663 1901 2699 :
1935 2660 2069 2719 pos-

512 2741 655 2794 sunt
689 2734 855 2793 enim
885 2733 951 2791 hi
988 2739 1162 2792 actus
1191 2751 1343 2806 esse,
1366 2732 1466 2792 vel
1491 2733 1836 2806 interioreS,
1873 2740 1934 2793 et
1960 2734 2068 2794 eli-

512 2826 619 2886 citi
646 2825 725 2885 ab
760 2824 1093 2899 intellectu,
1113 2825 1212 2885 vel
1237 2825 1577 2900 voluntate,
1607 2831 1717 2885 aut
1740 2826 2068 2887 exteriores

511 2926 573 2980 et
600 2919 886 2997 imperati
915 2941 929 2977 :
964 2924 1024 2979 et
1046 2937 1260 2979 omnes
1302 2919 1628 2978 necessarii
1652 2925 1816 2995 sunt,
1852 2926 1923 2980 ut
1966 2920 2068 2980 lex

510 3011 759 3071 tandem
789 3029 969 3070 suum
993 3010 1278 3071 effectum
1310 3017 1737 3090 consequatur.

593 3107 648 3166 4.
695 3105 787 3166 De
816 3105 1071 3182 subjecto
1098 3106 1166 3166 in
1204 3123 1314 3184 quo
1338 3105 1434 3167 Zea:
1458 3112 1653 3183 potest
1685 3107 1956 3168 existere.
1988 3141 2068 3151 -—

507 3197 602 3256 Ad
638 3197 755 3257 hoc
777 3203 985 3257 autem
1013 3197 1445 3276 explicandum
1478 3199 1727 3259 adverto
1752 3200 1955 3274 tertio,
1982 3200 2068 3260 le-

506 3292 739 3369 gemin
775 3292 999 3370 triplici
1026 3297 1211 3363 statu,
1240 3293 1341 3353 vel
1367 3293 1640 3369 subjecto
1667 3312 1839 3372 posse
1868 3295 2066 3354 consi-

505 3384 730 3445 derari.
772 3386 1000 3458 Primo,
1053 3385 1121 3443 in
1170 3386 1301 3464 ipso
1342 3385 1710 3463 legislatore,
1755 3387 2064 3464 quomodo

507 3495 694 3555 supra
758 3476 1110 3537 dicebamus
1163 3478 1364 3554 legem
1417 3497 1544 3539 esse
1594 3485 1949 3557 conceptam
1995 3481 2062 3539 in

504 3575 712 3630 mente
742 3571 848 3629 Dei
883 3589 960 3629 ex
990 3570 1350 3632 aeternitate.
1384 3572 1663 3632 Secundo
1692 3572 1760 3631 in
1778 3572 2057 3647 subditis,

502 3662 727 3740 quibus
771 3662 869 3721 lex
914 3663 1256 3740 imponitur
1279 3708 1299 3737 ,
1360 3665 1669 3741 quomodo
1733 3665 1856 3724 dici
1909 3665 2062 3725 solet

502 3753 603 3815 lex
667 3760 899 3815 naturae
962 3755 1161 3815 indita
1212 3755 1280 3814 ιιι
1344 3757 1654 3816 mentibus
1707 3757 2055 3818 hominum.

501 3848 708 3907 Tertio
736 3848 802 3907 in
839 3848 1048 3926 aliquo
1087 3848 1210 3907 alio
1240 3849 1438 3926 signo,
1482 3867 1589 3909 seu
1632 3849 1755 3910 alia
1799 3851 2059 3910 materia

500 3941 813 4014 exteriori,
838 3942 999 4000 utin
1025 3942 1271 4020 scripto,
1304 3942 1400 4001 vel
1432 3942 1619 4002 etiam
1643 3943 1711 4001 in
1744 3960 1892 4002 voce
1930 3960 2062 4002 ma-

498 4033 830 4093 nifestante
875 4035 1256 4094 voluntatem
1302 4035 1657 4113 superioris
1689 4036 1774 4095 De
1813 4036 1948 4113 lege
1990 4036 2057 4094 in

497 4124 739 4185 duobus
765 4125 1000 4186 ultimis
1041 4127 1297 4187 statibus
1342 4128 1723 4189 considerata
1749 4129 1921 4190 nulla
1947 4148 2057 4207 po-

496 4221 613 4275 test
663 4236 790 4278 esse
846 4218 1174 4279 difficultas
1221 4236 1237 4279 ε
1287 4238 1434 4280 nam
1484 4220 1585 4281 lex
1630 4222 1814 4282 tertio
1869 4223 2055 4281 modo

496 4315 767 4387 spectata
786 4311 1131 4372 formaliter
1148 4313 1421 4372 consistit
1441 4313 1508 4372 in
1532 4314 1739 4391 aliquo
1763 4314 2055 4374 exteriori

494 4408 658 4477 actu,
692 4422 814 4481 quo
838 4404 1149 4482 legislator
1178 4410 1451 4464 mentem
1476 4424 1652 4465 suam
1676 4406 2048 4482 manifestat,

492 4495 690 4571 qualis
711 4503 803 4555 est
830 4497 994 4556 inter
1014 4497 1298 4556 homines
1326 4495 1575 4571 locuti0,
1595 4498 1694 4558 vel
1725 4500 2048 4575 scriptura,

492 4589 803 4663 quomodo
839 4588 996 4647 dixit
1043 4587 1416 4661 AristoteleS,
1464 4592 1541 4648 10
1576 4590 1871 4662 Ethicor.,
1913 4609 2047 4667 cap.

490 4679 552 4751 9,
583 4678 787 4756 legem
816 4698 947 4739 esse
973 4697 1321 4740 sermonem
1348 4681 1429 4740 ab
1457 4681 1666 4758 aliqua
1686 4687 1916 4756 mente,
1943 4700 2051 4742 seu

489 4774 819 4847 prudentia
861 4771 1227 4851 profectum.
1272 4774 1368 4833 Sic
1396 4776 1582 4833 etiam
1619 4775 1883 4849 Gabriel,
1914 4775 1983 4835 in
2014 4778 2051 4836 3

487 4862 628 4925 dist.
657 4867 975 4945 trigesima
1010 4866 1292 4945 septima,
1321 4866 1537 4926 definit
1566 4866 1767 4945 legem
1808 4885 1934 4928 esse
1963 4869 2044 4927 si-

487 4976 681 5035 gnum
716 4960 1010 5037 principis
1039 4958 1421 5019 voluntatem
1442 4958 1541 5019 vel
1572 4966 1843 5020 mentem
1879 4959 2044 5018 suffi-

487 5051 719 5110 cienter
746 5052 1167 5112 manifestans,
1213 5051 1352 5110 Dixi
1384 5057 1592 5112 autem
1638 5051 1755 5111 hoc
1796 5051 2045 5128 signum

486 5159 616 5202 esse
649 5145 951 5202 actionem
979 5142 1077 5203 vel
1099 5144 1468 5216 actum,>sub
1504 5144 1609 5203 illo
1644 5145 2047 5221 comprehen-

486 5235 689 5296 dendo
726 5237 1061 5294 terminum
1104 5237 1259 5313 ejuS,
1290 5238 1537 5314 quando
1578 5244 1639 5298 et
1673 5255 2043 5316 permanens

485 5333 599 5402 est,
629 5333 691 5387 et
717 5327 1053 5405 perfectam
1083 5328 1386 5388 rationem
1410 5330 1573 5407 signi
1604 5331 1876 5390 continet
1909 5348 1923 5389 :
1957 5331 2043 5390 sic

483 5420 654 5481 enim
668 5419 770 5481 lex
784 5420 1011 5501 scripta
1036 5419 1137 5480 lex
1151 5419 1396 5498 dicitur,
1414 5441 1543 5484 non
1572 5423 1771 5485 solum
1789 5423 2041 5505 quando

1514 334 1628 384 LlB.
1667 334 1703 384 1.
1741 334 1821 384 DE
1852 331 2105 383 NATURA
2137 330 2314 384 LEGIS
2346 333 2409 383 IN
2442 332 2731 384 commum.

2167 432 2474 506 scribitur,
2508 432 2612 492 sed
2641 438 2946 509 quatenus
2981 436 3070 491 est
3105 431 3409 491 terminus
3449 432 3733 509 scriptio-

2167 527 2264 586 nis
2292 542 2681 603 permanenS,
2727 542 3087 602 semperque
3117 529 3389 583 mentem
3436 524 3734 602 principis

2166 619 2466 678 indicans.
2517 618 2592 676 Et
2638 617 2853 676 eadem
2895 616 3312 694 proportione,
3372 616 3424 675 si
3463 616 3564 675 lex
3602 616 3734 674 solo

2167 709 2353 769 verbo
2408 709 2727 783 tradatur,
2783 709 3063 786 quamvis
3123 708 3406 767 sensibile
3464 708 3728 767 verbnm

2166 807 2459 875 transeat,
2507 807 2806 879 quatenus
2851 818 2997 860 vero
3044 806 3256 860 manet
3302 801 3368 859 in
3412 801 3728 860 memoriis

2164 894 2514 968 hominum,
2547 894 2648 953 lex
2672 894 3042 953 sufficienter
3077 893 3299 952 durare
3337 893 3563 952 dicitur
3590 914 3604 951 :
3637 894 3726 952 sic

2166 987 2333 1046 enim
2363 986 2681 1045 interdum
2717 985 2818 1045 lex
2859 1004 2984 1044 non
3026 985 3251 1062 scripta
3291 1003 3399 1061 per
3444 984 3724 1043 traditio-

2164 1095 2308 1136 nem
2334 1083 2752 1137 conservatur.
2785 1078 2860 1135 Et
2888 1077 3104 1136 eodem
3129 1076 3311 1135 modo
3349 1076 3723 1135 consuetudo

2163 1175 2360 1247 potest
2388 1169 2720 1247 aliquando
2754 1168 3030 1229 obtinere
3063 1169 3192 1228 vim
3226 1167 3403 1246 legiS,
3446 1173 3518 1227 ut
3557 1168 3724 1228 infra

2162 1261 2529 1321 videbimus
2553 1263 2759 1338 Neque
2780 1262 2846 1320 in
2873 1261 2990 1320 hoc
3009 1261 3289 1320 membro
3312 1259 3434 1319 alia
3460 1261 3723 1320 occurrit

2163 1352 2514 1426 difficultas,
2544 1358 2765 1430 praeter
2802 1352 2974 1412 illam
3003 1371 3139 1430 quae
3168 1352 3246 1411 ad
3279 1352 3720 1431 promulgatio-

2162 1462 2304 1504 nem
2330 1445 2485 1522 legis
2513 1450 2762 1521 spectat,
2800 1444 2875 1504 de
2905 1463 3027 1522 qua
3056 1444 3219 1503 infra
3244 1444 3534 1503 dicemus,

2240 1541 2299 1598 5.
2344 1539 2474 1600 Lex
2532 1539 2597 1598 in
2654 1539 2888 1599 subdito
2944 1539 3134 1598 solum
3189 1537 3409 1597 residet
3462 1538 3527 1596 in
3583 1542 3721 1598 actu

2158 1637 2392 1695 mentis.
2427 1667 2504 1677 —
2528 1635 2826 1693 Praeterea
2854 1632 2929 1691 de
2963 1631 3121 1708 lege,
3155 1637 3338 1709 prout
3365 1648 3492 1690 esse
3522 1635 3718 1707 potest

2158 1728 2224 1784 ιιι
2247 1726 2502 1786 homine
2525 1724 2648 1801 legi
2679 1724 2977 1801 subiecto,
3009 1730 3245 1782 certum
3274 1728 3365 1782 est
3392 1723 3715 1782 consistere

2158 1817 2222 1875 in
2250 1824 2392 1875 actu
2412 1817 2659 1890 mentiS,
2690 1824 2751 1876 et
2781 1835 2889 1893 per
2910 1834 2972 1874 se
2996 1816 3194 1874 solum
3217 1815 3529 1893 requirere
3549 1814 3715 1890 judi-

2115 1916 2120 1921 ’
2157 1910 2322 1968 cium
2369 1910 2739 1982 intellectuS,
2789 1915 2851 1968 et
2899 1926 3027 1967 non
3076 1915 3287 1967 actum
3333 1907 3710 1967 voluntatis:

2154 2000 2255 2060 hic
2281 2002 2450 2061 enim
2471 2001 2847 2061 necessarius
2872 2005 2964 2059 est
2990 2000 3070 2059 ad
3091 1999 3583 2059 observationem
3605 2016 3712 2057 seu

2153 2095 2577 2154 executionem
2620 2093 2798 2169 legis,
2839 2111 2966 2151 non
3013 2092 3090 2152 ad
3135 2092 3524 2151 existentiam
3555 2092 3707 2168 ejuS.

2152 2186 2305 2244 Nam
2334 2185 2434 2244 lex
2455 2186 2752 2264 praevenit
2773 2184 3153 2244 voluntatem
3176 2182 3426 2257 subditi,
3454 2189 3515 2242 et
3542 2182 3713 2241 illam

2151 2275 2383 2352 obligat
2417 2297 2429 2334 :
2475 2289 2647 2335 actus
2673 2294 2818 2335 vero
2848 2275 3194 2336 intellectus
3221 2275 3599 2334 necessarius
3628 2280 3718 2333 est

2152 2374 2221 2426 ut
2252 2374 2554 2446 proponat
2591 2375 2652 2428 et
2683 2369 2961 2446 proxime
3002 2368 3265 2446 applicet
3297 2366 3601 2426 voluntati
3629 2367 3714 2426 le-

2152 2479 2294 2538 gem
2331 2462 2560 2540 ipsam,
2601 2468 2663 2521 et
2700 2460 2837 2521 ideo
2880 2462 3216 2521 necessario
3258 2460 3516 2537 requirit
3547 2459 3709 2536 judi-

2153 2553 2316 2613 cium
2348 2555 2622 2614 rationis.
2665 2555 2865 2632 Atque
2906 2554 3023 2616 hoc
3056 2554 3239 2613 modo
3272 2553 3373 2613 lex
3411 2552 3708 2612 naturalis

2149 2647 2560 2706 communiter
2613 2647 2837 2706 dicitur
2892 2665 3022 2707 esse
3076 2646 3356 2707 naturale
3399 2646 3708 2722 judicium

2145 2740 2402 2799 rationis
2445 2740 2758 2814 humanae,
2818 2740 3067 2812 scilicet,
3115 2744 3418 2816 quatenus
3459 2737 3567 2797 illa
3607 2737 3708 2798 lex

2148 2839 2239 2893 est
2267 2833 2333 2892 in
2374 2832 2627 2892 homine
2670 2839 2965 2910 tanquam
2995 2833 3061 2891 in
3090 2851 3162 2892 eo
3196 2833 3301 2909 qui
3342 2831 3434 2890 illi
3463 2830 3713 2907 subjici-

2150 2932 2273 2986 tur.
2306 2925 2505 3003 Atque
2526 2926 2645 2985 hoc
2671 2925 2857 2985 etiam
2882 2925 3064 2984 modo
3094 2925 3251 2984 dixit
3281 2926 3706 2998 DamascenuS,

2150 3018 2260 3078 lib.
2305 3021 2345 3079 4
2390 3020 2467 3079 de
2513 3019 2702 3094 Fide,
2753 3037 2888 3097 cap.
2924 3020 2960 3077 3
3006 3033 3023 3077 ι
3071 3017 3411 3079 Adveniens
3438 3018 3534 3077 lece
3564 3017 3706 3091 Dei,

2150 3118 2396 3174 mentem
2423 3119 2692 3175 nostram
2719 3113 3028 3174 incendens
3050 3130 3177 3174 eam
3202 3113 3283 3174 ad
3298 3130 3358 3173 se
3373 3112 3705 3189 pertrahit,

2150 3206 2678 3284 conscientiamque
2703 3211 2974 3267 nostram
3002 3207 3281 3278 vellicat,
3331 3222 3462 3284 quoe
3484 3209 3537 3265 et
3569 3205 3708 3281 ipsa

2147 3299 2243 3359 lea·
2275 3299 2490 3360 mentis
2515 3303 2738 3359 nostroe
2761 3299 3007 3359 dicitur.
3041 3297 3331 3376 Idemque
3365 3297 3706 3374 proportio-

2145 3391 2368 3450 naliter
2391 3396 2481 3450 est
2508 3390 2574 3449 in
2602 3389 2839 3467 legibus
2860 3389 3175 3467 positivis:
3205 3406 3352 3449 nam
3379 3394 3704 3466 postquam

2143 3482 2283 3542 latae
2307 3491 2475 3558 sunt,
2501 3500 2610 3561 per
2626 3482 2930 3560 judicium
2954 3482 3209 3541 rationis
3233 3481 3567 3558 unicuique
3595 3499 3703 3558 ap-

2143 3573 2446 3652 plicantur
2467 3624 2480 3648 ,
2522 3580 2825 3652 quatenus
2862 3592 2938 3634 ex
2965 3574 3029 3633 vi
3055 3574 3209 3652 legis
3242 3573 3553 3651 judicatur
3594 3591 3701 3633 ne-

2142 3668 2472 3727 cessarium
2521 3667 2682 3745 quod
2730 3686 2839 3746 per
2876 3685 2939 3727 se
2969 3685 3095 3726 non
3138 3672 3291 3740 erat,
3333 3672 3393 3725 et
3428 3667 3516 3725 ita
3547 3665 3701 3726 illud

2140 3760 2445 3836 judicium
2485 3760 2618 3837 jam
2664 3766 2754 3820 est
2803 3760 2979 3837 quasi
3018 3758 3120 3819 lex
3152 3761 3415 3819 existens
3461 3760 3527 3818 in
3565 3759 3699 3836 ipso

2139 3852 2402 3912 subdito.
2450 3853 2562 3912 Hic
2602 3870 2748 3912 vero
2793 3851 3149 3911 occurrebat
3189 3853 3468 3929 quoestiO,
3508 3870 3588 3911 an
3628 3851 3697 3911 in

2138 3944 2236 4005 his
2268 3943 2508 4022 legibus
2545 3944 2838 4022 positiviS,
2883 3943 3212 4021 aliquando
3240 3944 3592 4021 requiratur
3619 3963 3696 4003 ex

2137 4043 2310 4116 parte
2340 4036 2729 4096 subditorum
2760 4041 2934 4096 actus
2963 4035 3297 4095 voluntatis
3325 4035 3696 4113 acceptantis

2136 4131 2337 4208 legem
2368 4148 2382 4189 :
2412 4129 2520 4190 sed
2540 4129 2615 4189 de
2642 4129 2760 4189 hac
2784 4147 2852 4189 re
2875 4128 3209 4188 dicendum
3232 4134 3322 4188 est
3343 4129 3502 4188 circa
3528 4128 3694 4205 leges

2134 4225 2463 4298 humanas,
2492 4223 2714 4301 quibus
2742 4223 2860 4283 hoc
2880 4223 3199 4300 proprium
3222 4227 3334 4281 est.
3367 4223 3417 4281 N
3424 4240 3545 4281 unc
3567 4241 3694 4281 cer-

2133 4323 2268 4377 tum
2296 4319 2374 4376 sit
2405 4317 2524 4375 hoc
2553 4333 2679 4375 non
2701 4317 2934 4393 requiri
2961 4315 3039 4374 ad
3069 4315 3374 4375 rationem
3416 4313 3590 4392 legiS,
3622 4320 3694 4374 ut

2134 4409 2244 4483 sic,
2267 4426 2468 4486 neque
2490 4407 2744 4468 fortasse
2773 4408 2852 4467 ad
2880 4407 3069 4467 ullam
3089 4408 3313 4485 legem,
3345 4406 3463 4464 nisi
3491 4425 3567 4467 ex
3591 4407 3693 4466 de-

2131 4502 2298 4563 fectu
2351 4503 2665 4580 potestatis
2710 4502 2775 4560 in
2823 4501 3192 4579 legislatore.
3247 4503 3330 4560 De
3371 4500 3488 4560 hoc
3542 4519 3689 4578 ergo

2131 4601 2295 4655 statu
2341 4594 2494 4672 legis
2541 4595 2701 4654 nihil
2733 4595 2997 4673 amplius
3029 4596 3095 4653 in
3133 4594 3446 4653 communi
3486 4594 3690 4654 dicere

2131 4707 2375 4748 necesse
2399 4694 2510 4748 est.
2544 4689 2873 4748 Peculiaris
2896 4689 3064 4748 enim
3089 4686 3431 4759 difficulta5‚
3462 4705 3597 4764 quae
3622 4687 3689 4745 in

2130 4782 2248 4841 hoc
2280 4787 2477 4860 potest
2518 4799 2832 4841 occurrere
2878 4782 3038 4840 circa
3073 4780 3276 4857 legem
3313 4778 3683 4852 naturalem,

2124 4874 2191 4932 in
2215 4873 2324 4933 lib.
2354 4892 2479 4951 seq.
2516 4873 2736 4934 melius
2761 4872 3142 4933 tractabitur.

2205 4967 2265 5025 6.
2309 4964 2415 5026 Ad
2433 4967 2615 5044 leyem
2634 4965 2943 5041 ferendam
2969 4965 3303 5026 intellectus
3324 4971 3378 5026 et
3404 4964 3686 5025 volunta-

2125 5057 2210 5118 tis
2238 5062 2408 5117 actus
2433 5062 2574 5116 sunt
2599 5042 2940 5117 necessarii.
2964 5091 3043 5100 —-
3070 5057 3221 5129 Quot
3247 5063 3416 5118 accus
3434 5056 3559 5117 sint
3586 5073 3686 5116 ne-

2124 5150 2374 5211 cessarii
2410 5150 2685 5225 proxime
2722 5149 2790 5209 in
2827 5150 3126 5211 intellectu
3171 5156 3225 5210 et
3265 5150 3564 5210 voluntate
3605 5148 3690 5208 ad

2124 5242 2306 5318 leqem
2330 5242 2659 5314 serendam.
2703 5270 2785 5285 ——
2827 5242 3112 5317 Superest
3147 5260 3294 5318 ergo
3323 5241 3576 5318 quaestio
3606 5239 3684 5298 de

2124 5331 2282 5408 lege,
2321 5339 2625 5409 quatenus
2654 5339 2745 5392 est
2784 5333 2851 5391 in
2885 5334 3015 5410 ipso
3043 5333 3409 5410 legislatore.
3454 5333 3522 5390 In
3559 5348 3683 5408 quo

2121 5429 2358 5485 certum
2388 5423 2693 5504 imprimis
2733 5431 2824 5486 est
2859 5426 2937 5486 ad
2965 5425 3284 5486 ferendam
3323 5424 3549 5502 legem,
3583 5423 3683 5482 in-
