3976 6219
460 198 579 260 230
1469 202 1586 255 ms.
1620 202 1706 257 111.
1741 203 1823 255 m:
1854 200 2015 253 LEGE
2048 201 2311 256 numa
2339 204 2419 256 m·
2452 203 2658 257 cmm,

464 303 573 385 qui
594 300 743 362 facit
764 299 864 362 vel
888 300 1037 362 fecit
1056 300 1196 378 hoc,
1236 320 1479 384 semper
1507 304 1783 384 loquitur
1809 309 2027 364 contra

464 412 611 458 eum
632 392 741 473 qui
759 394 826 453 in
851 394 1125 473 quolibet
1142 401 1418 475 tempore
1445 397 1614 473 facit,
1640 397 1739 461 vel
1760 397 2027 476 quoties-

464 504 735 566 cumque
764 486 840 547 de
878 486 985 548 illo
1021 486 1141 548 dici
1179 495 1377 567 potest
1414 490 1652 550 fecisse.
1697 491 1852 551 Item
1883 507 2026 550 cum

461 582 564 643 lex
592 599 701 660 per
721 598 785 642 se
809 585 871 641 et
893 586 1119 641 natura
1148 600 1261 642 sua
1286 590 1563 644 versetur
1589 583 1751 645 circa
1789 583 2023 659 futura,

465 676 544 737 ad
558 675 666 737 illa
682 673 955 739 maxime
969 674 1119 734 ferri
1137 681 1443 753 censetur,
1457 677 1700 738 etiamsi
1720 695 1829 755 per
1838 677 2028 737 verba

462 766 760 847 praeteriti
774 765 874 826 vel
889 768 1203 844 praesentis
1221 766 1528 847 loquatur.
1548 768 2027 845 Intelligendum

465 866 675 922 autem
709 858 826 919 1106
863 864 979 931 651,
1013 859 1137 920 11151
1177 861 1439 920 materia
1481 860 1635 938 legis
1664 861 1884 937 obstet,
1918 866 2027 922 aut

464 951 718 1031 aliquod
738 950 1078 1012 absurdum
1105 958 1395 1031 sequatur
1417 999 1437 1029 ,
1478 960 1550 1014 ut
1575 955 1726 1014 dicti
1752 960 2030 1015 auctores

466 1045 740 1106 limitant
767 1062 844 1105 ex
867 1043 912 1105 l.
944 1043 1098 1107 Cum
1126 1047 1241 1119 leoe,
1262 1046 1328 1108 ff.
1347 1048 1423 1107 de
1441 1047 1728 1126 Legibus,
1750 1047 2022 1109 dicente.

466 1136 620 1201 Cum
648 1138 744 1199 lex
772 1137 839 1213 in
860 1139 1240 1214 praeteritum
1273 1140 1421 1218 quid
1445 1140 1734 1218 indulqet,
1763 1141 1830 1201 in
1854 1143 2031 1217 sutu-

465 1246 606 1290 rum
619 1234 801 1291 vetat.
816 1228 970 1301 Quia
989 1229 1040 1289 si
1059 1229 1412 1308 indulgeret
1434 1232 1621 1292 etiam
1640 1232 1706 1291 in
1721 1230 2026 1307 futurum,

469 1320 646 1382 daret
695 1320 1082 1382 occasionem
1135 1322 1558 1401 delinquendi,
1610 1324 1777 1385 unde
1825 1325 2032 1403 potius

465 1412 849 1491 indulgendo
866 1415 1157 1493 supponit
1174 1421 1378 1475 actum
1400 1433 1527 1476 esse
1546 1414 1806 1493 dignum
1822 1434 2026 1495 poena,

469 1512 533 1566 et
576 1506 719 1585 ideo.
750 1505 980 1566 limitat
1018 1506 1469 1585 indulgentiam
1500 1508 1577 1567 ad
1621 1508 2027 1585 praeteritum,

470 1605 543 1659 ut
581 1599 647 1658 in
689 1598 972 1661 futurum
1006 1600 1331 1679 prohibeat
1370 1606 1481 1661 aut
1508 1600 1897 1679 ,prohibitum
1937 1618 2033 1661 re-

468 1688 735 1770 linquat.

1046 1809 1295 1872 CAPUT
1332 1810 1463 1872 XV.

473 1995 605 2048 011AE
622 1995 823 2043 romu
843 1997 1126 2044 EXTERNA
1147 1998 1258 2044 SEU
1274 1997 1585 2044 snusmms
1605 1998 1924 2045 8811va
1947 1997 2036 2044 sn·

826 2091 890 2138 m
916 2092 1193 2139 mmmm
1222 2093 1374 2139 LEGE
1407 2093 1681 2139 numa,

559 2250 617 2309 1.
643 2246 927 2308 Diximus
947 2247 1024 2310 de
1047 2249 1309 2311 materia
1331 2248 1488 2328 legis
1516 2248 1734 2325 civilis,
1764 2254 2043 2330 superest

474 2340 808 2401 dicendum
834 2339 912 2402 de
947 2340 1170 2421 forma,
1210 2359 1346 2421 quae
1378 2346 1583 2421 potest
1614 2340 1843 2419 duplex
1878 2341 2040 2418 cogi-

474 2432 620 2508 tari,
656 2450 784 2491 una
810 2439 1067 2493 externa
1105 2439 1168 2493 et
1193 2433 1523 2508 sensibiliS,
1555 2451 1694 2511 quse
1723 2438 1814 2494 est
1845 2432 2043 2492 veluti

475 2541 697 2602 corpus
731 2522 910 2601 16315,
957 2524 1079 2585 6116
1106 2528 1351 2586 interna
1386 2530 1448 2585 et
1474 2526 1650 2603 quasi
1676 2525 2035 2604 spiritualis,

476 2634 615 2695 quae
642 2620 736 2675 est
760 2614 971 2689 veluti.
993 2618 1226 2693 anima,
1257 2635 1365 2678 seu
1400 2618 1559 2677 ratio
1582 2617 1756 2696 legis.
1800 2616 1886 2677 De
1922 2616 2039 2676 hac

475 2708 805 2788 posteriori
829 2707 1107 2769 dicemus
1128 2710 1197 2769 in
1235 2728 1366 2787 cap.
1399 2712 1498 2785 17,
1530 2727 1698 2769 nunc
1725 2709 1801 2770 de
1821 2708 2035 2788 priori.

479 2800 898 2878 Supponimus
927 2805 1136 2863 autem
1172 2818 1250 2861 ex
1275 2800 1454 2861 dictis
1481 2802 1548 2861 in
1580 2820 1712 2880 cap.
1761 2804 1792 2862 1
1835 2800 2040 2879 legem

478 2890 728 2953 civilem
750 2909 889 2970 quae
916 2892 1175 2952 subditis
1198 2892 1383 2967 datur
1409 2893 1696 2953 constitui
1720 2893 1788 2952 in
1813 2910 2040 2971 genere

476 2983 640 3060 signi
685 2982 1014 3065 indicantis
1060 2985 1355 3065 principis
1400 2985 1822 3046 voluntatem:
1873 2984 2041 3045 unde

477 3094 726 3138 necesse
745 3082 925 3150 estut
940 3078 1062 3140 tale
1079 3079 1325 3158 signum
1346 3078 1425 3140 sit
1447 3078 1735 3140 sensibile
1750 3078 2042 3141 humanae

477 3169 813 3249 cognitioni
835 3172 1387 3234 accommodatum.
1425 3173 1508 3232 De
1537 3171 1655 3232 1106
1683 3188 1831 3250 ergo
1862 3172 2041 3249 signo

475 3262 544 3322 in
568 3262 841 3341 generali
874 3270 1115 3325 constat
1149 3264 1373 3325 debere
1402 3282 1531 3324 esse
1564 3262 1711 3338 tale,
1743 3268 1814 3322 ut
1855 3262 2041 3322 modo

474 3353 753 3416 sensibili
777 3355 1075 3435 principis
1096 3356 1480 3416 voluntatem
1510 3355 1737 3414 iudicet
1758 3353 2039 3429 subditis,

479 3447 712 3526 alioqui
738 3465 866 3507 non
892 3452 1049 3508 esset
1070 3448 1317 3526 signum
1342 3448 1717 3522 humanum,
1743 3453 1805 3508 et
1831 3465 2042 3508 conse-

478 3543 740 3617 quenter
774 3555 902 3597 non
942 3544 1100 3599 esset
1133 3538 1235 3598 lex
1275 3538 1584 3599 humana:
1630 3540 1762 3599 haec
1790 3556 1937 3617 ergo
1964 3540 2045 3599 si-

478 3629 795 3709 gnificatio
817 3639 910 3691 est
931 3630 1007 3691 de
1034 3631 1374 3692 substantia
1402 3631 1588 3711 hujus
1609 3632 1800 3710 legis3
1817 3632 2043 3711 quibus

481 3729 693 3784 autem
735 3722 939 3784 verbis
975 3724 1240 3802 exprimi
1276 3724 1496 3785 debeat
1539 3725 1811 3786 dicemus
1856 3726 2042 3804 paulo

481 3814 774 3876 inferius:
812 3816 980 3878 unde
1017 3817 1183 3878 inter
1235 3817 1617 3879 conditiones
1660 3817 1818 3898 16315
1867 3818 2044 3898 ponit

482 3907 695 3969 Isidor.
734 3913 806 3969 ut
845 3909 926 3970 sit
968 3909 1318 3987 manifesta,
1352 3910 1417 3970 id
1454 3915 1568 3986 est,
1609 3910 1797 3985 clara,
1829 3930 1901 3973 nc
1931 3929 2045 3990 per

484 4000 903 4076 obscuritatem
945 4003 1096 4086 quid
1136 4003 1204 4063 in
1252 4004 1580 4081 captionem
1611 4003 1930 4078 contineat,
1973 4006 2044 4062 ut

483 4093 573 4153 ait
594 4081 702 4154 lib.
736 4096 774 4155 5
801 4095 1037 4180 Etym„
1077 4112 1210 4176 cap.
1240 4096 1346 4172 21,
1375 4100 1439 4156 et
1478 4112 1613 4175 cap.
1640 4095 1798 4157 Erit
1820 4100 2041 4171 autem,

483 4187 624 4248 dist.
658 4175 720 4261 4,
742 4186 808 4246 id
839 4192 951 4262 est,
977 4205 1057 4247 ne
1093 4183 1432 4249 obscuritas
1457 4189 1537 4248 sit
1563 4188 1794 4248 occasio
1827 4187 2044 4266 decep-

481 4279 726 4339 tionum
766 4283 828 4338 et
852 4263 1355 4357 ambiguitatum,
1386 4281 1552 4340 unde
1589 4280 1777 4354 etiam
1821 4296 2045 4339 conve-

484 4357 941 4431 nientissimum
994 4387 1123 4430 esse
1155 4371 1309 4432 solet
1338 4376 1407 4430 ut
1433 4370 1600 4449 leges
1633 4370 2041 4448 simplicibuS,

484 4459 777 4522 brevibus
795 4479 866 4521 ac
885 4461 1064 4521 claris
1078 4461 1280 4523 verbis
1302 4463 1582 4523 ferantur
1600 4482 1614 4521 :
1634 4479 1783 4522 nam
1797 4461 2047 4540 quando

2105 309 2234 365 met
2259 305 2359 365 lex
2388 321 2404 364 t
2435 321 2584 365 nam
2612 320 2751 363 611111
2777 299 2880 361 lex
2908 300 2986 361 sit
3013 306 3185 361 actus
3209 300 3564 375 humanus,
3595 307 3734 362 est

2106 385 2295 458 et'iam
2314 397 2598 476 quaedam
2611 395 2830 455 forma.
2844 393 3151 454 Declarari
3163 398 3363 472 potest
3379 392 3728 472 exemplo

2104 491 2321 552 formae
2348 488 2830 564 sacramentalis,
2851 506 2990 566 quae
3017 492 3110 548 est
3136 488 3203 547 in
3225 486 3459 561 verbis3
3486 487 3566 546 in
3600 488 3725 546 eis

2106 591 2316 646 tamen
2360 601 2582 645 sonum
2630 581 2963 644 verborum
3003 587 3302 659 tanquam
3347 580 3721 640 materiale

2107 678 2279 757 quid,
2310 683 2371 738 et
2389 693 2661 750 sensum,
2687 693 2794 735 seu
2816 672 3332 751 significationem
3363 682 3719 752 tanquam

2105 768 2363 829 formale
2401 767 2863 845 distinguimus,
2907 772 2969 827 et
2994 784 3073 826 ex
3100 771 3360 844 utroque
3401 764 3719 825 formam

2106 859 2614 921 sacramentalem
2655 859 2946 919 constitui
2972 858 3256 918 dicimus.
3287 859 3373 918 lta
3401 875 3567 935 ergo
3598 864 3718 918 est

2108 971 2220 1013 suo
2266 953 2451 1013 modo
2484 952 2550 1012 in
2596 951 2735 1029 lege
2780 967 2798 1012 2
2850 951 3126 1011 consistit
3162 951 3332 1013 enim
3371 951 3442 1010 in
3493 951 3716 1027 signo

2109 1051 2387 1120 externe,
2409 1044 2573 1123 quod
2598 1044 2920 1105 materiam
2939 1042 3215 1121 aliquam
3237 1043 3530 1121 requirit3
3548 1043 3714 1120 ejus

2109 1143 2322 1211 tamen
2345 1140 2610 1205 essentia
2624 1136 3182 1215 insignificatione,
3197 1141 3259 1195 et
3272 1152 3457 1195 sensu
3475 1136 3712 1214 posita

2110 1237 2242 1293 651·
2278 1230 2468 1306 unde,
2509 1230 2672 1308 quod
2720 1230 3076 1306 Augustin„
3085 1228 3219 1288 lib.
3259 1228 3336 1288 de
3369 1228 3701 1289 Catechiz.

2109 1323 2279 1398 rud„
2287 1341 2456 1401 cap.
2489 1323 2570 1397 9,
2610 1322 2954 1400 generatim
3006 1321 3182 1395 dixit,
3215 1326 3278 1381 et
3311 1320 3643 1381 refertur
3622 1339 3706 1380 m

2110 1434 2243 1494 cap.
2259 1368 2524 1490 Sedulo,
2554 1414 2694 1475 dist.
2726 1415 2836 1479 38:
2885 1413 3358 1490 Proeponoadam
3384 1430 3508 1475 csse
3550 1431 3707 1474 vcr-

2113 1509 2205 1569 bis
2230 1508 2604 1582 sententiam,
2629 1512 2718 1567 ut.
2734 1506 3114 1584 praeponitur
3144 1505 3384 1571 animus
3409 1506 3699 1582 corpori,

2111 1605 2175 1661 et
2196 1598 2362 1679 quod
2383 1599 2460 1659 de
2479 1598 2814 1676 Evangelio
2836 1597 2993 1659 dixit
3011 1597 3263 1661 Hieron.
3285 1596 3366 1656 ad
3383 1596 3592 1658 Galat.
3617 1599 3648 1657 1
3676 1618 3695 1656 ε

2111 1693 2190 1760 N
2186 1712 2260 1755 on
2282 1694 2348 1754 in
2368 1692 2565 1754 verbis
2593 1690 3065 1769 Scripturarum
3093 1707 3215 1752 esse
3240 1690 3696 1767 Evanyelium,

2116 1787 2311 1848 sedin
2339 1803 2537 1860 sensu,
2577 1802 2711 1863 cap.
2744 1784 3049 1846 Marcion.
3098 1784 3158 1856 1,
3200 1786 3414 1860 quaest.
3464 1783 3526 1856 1,
3563 1781 3698 1841 hoc

2116 1879 2320 1957 ipsum
2359 1895 2501 1941 cum
2542 1875 2936 1956 proportione
2968 1874 3043 1935 de
3082 1874 3220 1952 lege
3247 1873 3526 1933 humana
3559 1872 3695 1933 dici

2113 1976 2342 2051 potest:
2364 1987 2508 2030 nam
2529 1967 2875 2029 materialia
2896 1966 3084 2027 verba
3103 1984 3218 2027 nec
3233 1965 3693 2044 obligationem

2116 2064 2408 2125 inducere
2426 2108 2448 2138 ,
2499 2079 2615 2123 nec
2673 2060 2866 2121 alium
2916 2059 3207 2120 effectum
3254 2059 3410 2137 legis
3447 2058 3690 2120 habere

2118 2163 2397 2237 posstmt,
2438 2156 2560 2221 nisi
2589 2160 2894 2233 quatenus
2931 2151 3210 2212 indicant
3247 2152 3542 2232 principis
3574 2170 3691 2212 vo-

2117 2251 2421 2311 luntatem
2469 2261 2532 2310 et
2575 2245 2910 2326 imperium
2928 2260 2950 2322 ;
2981 2250 3072 2305 aet
3112 2263 3262 2324 ergo
3307 2245 3384 2306 de
3427 2244 3688 2304 formali

2120 2342 2359 2427 ratione
2400 2342 2580 2420 16315,
2619 2346 2690 2400 ut
2718 2340 2797 2399 sit
2823 2337 3109 2398 sensibile
3155 2337 3432 2415 signum.
3475 2337 3690 2416 Expli-

2122 2434 2392 2494 candum
2425 2451 2575 2495 vero
2602 2436 2902 2511 superest,
2944 2427 3126 2508 quale
3160 2447 3289 2490 esse
3330 2429 3576 2504 debeat,
3624 2434 3688 2489 et

2121 2545 2202 2587 an
2229 2526 2686 2586 solemnitatem
2712 2523 3036 2603 specialem
3061 2522 3361 2602 requirat,
3389 2527 3459 2582 ut
3485 2522 3554 2582 in
3583 2540 3685 2582 ra-

2119 2616 2288 2678 tione
2314 2617 2469 2697 legis
2510 2618 2693 2696 plene
2727 2616 3154 2687 constituatur,
3182 2614 3442 2692 ideoque
3471 2614 3548 2675 ad
3577 2631 3687 2674 ex-

2118 2715 2366 2771 ternam
2410 2710 2565 2788 legis
2607 2710 2872 2770 formam
2919 2709 3245 2786 pertineat.
3295 2707 3685 2783 Distinguere

2120 2809 2330 2862 autem
2360 2819 2683 2881 possumus
2709 2800 3161 2861 solemnitatem
3190 2798 3476 2874 hanc,vel
3500 2803 3682 2857 ante-

2121 2894 2465 2969 cedentem,
2503 2894 2602 2954 vel
2630 2892 3171 2967 concomitantem,
3201 2910 3310 2952 566
3351 2890 3683 2951 inexisten-

2121 2992 2251 3047 tem
2274 2986 2391 3065 ipsi
2412 2986 2561 3064 legi,
2587 2984 2686 3046 vel
2708 2984 3211 3063 subsequentem,
3237 2990 3298 3045 et
3317 2983 3394 3044 de
3426 2981 3683 3061 singulis

2121 3078 2565 3158 inquirendum
2602 3081 2716 3139 est.

2204 3173 2262 3232 3.
2319 3173 2400 3235 Ut
2427 3171 2523 3233 lex
2544 3170 2868 3249 prudenter
2891 3168 3294 3231 constituatur
3318 3167 3683 3231 naturaliter

2123 3282 2244 3326 csso
2267 3281 2417 3341 opus
2437 3264 2762 3324 multorum
2791 3262 3128 3336 consilium,
3162 3267 3229 3323 at
3251 3263 3319 3323 in
3344 3262 3548 3338 riyorc
3568 3279 3682 3321 non

2124 3373 2244 3417 csse
2288 3354 2710 3418 necessarium.
2751 3385 2833 3399 —
2873 3353 3044 3413 Circa
3091 3352 3362 3431 primam
3413 3351 3678 3412 dubitari

2121 3451 2345 3525 potest,
2377 3452 2592 3506 utrum
2617 3445 2696 3506 ad
2739 3444 3058 3505 ferendam
3089 3444 3294 3523 legem
3340 3444 3679 3523 praecedere

2124 3539 2466 3600 necessario
2494 3538 2715 3599 debeat
2745 3536 3088 3597 multorum
3117 3537 3468 3613 consilium,
3500 3542 3681 3615 atque

2123 3631 2488 3710 suffragium
2507 3675 2527 3705 ,
2585 3631 2653 3689 in
2702 3648 2825 3709 quo
2866 3628 3134 3690 breviter
3180 3629 3512 3690 dicendum
3565 3635 3676 3704 est,

2121 3722 2284 3783 hanc
2308 3723 2697 3801 diligentiam
2742 3740 2874 3782 6556
2912 3721 3228 3782 moraliter
3253 3722 3675 3797 necessariam,

2124 3822 2195 3876 ut
2221 3816 2321 3876 lex
2357 3814 2714 3895 prudenter,
2754 3820 2816 3875 et
2851 3820 3015 3875 recte
3050 3813 3490 3891 constituatur,
3534 3814 3676 3893 quia

2123 3926 2222 3970 res
2260 3913 2352 3970 est
2391 3907 2570 3969 valde
2610 3907 2838 3986 gravis,
2878 3913 2940 3968 et
2976 3906 3202 3985 pendet
3237 3924 3314 3967 ex
3341 3907 3675 3969 multarum

2125 4001 2728 4062 circumstantiarum
2752 3999 3257 4075 consideratione,
3289 4018 3426 4079 quae
3447 4000 3676 4064 facilius

2126 4112 2164 4154 a
2207 4093 2443 4168 multiS,
2497 4109 2687 4171 quam
2735 4091 2814 4151 ab
2863 4109 2987 4153 uno
3033 4092 3460 4164 attenduntur,
3504 4099 3563 4154 et
3596 4092 3675 4154 ob

2125 4187 2405 4247 eamdem
2438 4202 2686 4246 causam
2716 4201 2958 4245 necesse
2988 4189 3079 4244 est
3113 4189 3183 4243 ut
3208 4183 3318 4244 fiat
3344 4184 3445 4245 lex
3467 4185 3675 4246 suffra-

2125 4280 2227 4358 gio
2255 4280 2531 4341 virorum
2559 4277 2962 4357 prudentum,
2994 4277 3103 4355 qui
3139 4282 3202 4337 et
3236 4278 3420 4355 periti
3447 4279 3585 4351 sint,
3614 4289 3674 4338 et

2125 4371 2424 4445 timorati,
2454 4377 2523 4429 ut
2553 4369 2816 4431 habetur
2840 4369 2907 4430 in
2939 4369 2985 4429 1.
3017 4370 3397 4445 Humanum,
3433 4369 3572 4431 Cod.
3600 4370 3674 4432 de

2126 4463 2245 4541 leg.
2254 4509 2276 4541 ,
2327 4463 2436 4522 ubi
2480 4463 2878 4541 imperatores
2924 4459 3290 4540 profitentur
3338 4480 3465 4522 non
3511 4462 3676 4523 aliter

483 4552 846 4634 prolixiores
885 4558 1050 4628 sunt,
1095 4554 1458 4634 plerumque
1498 4561 1644 4616 sunt
1678 4554 1877 4633 magis
1906 4571 2045 4634 per-
2067 4582 2105 4610 ·
2128 4574 2256 4617 esse
2291 4556 2496 4633 legem
2533 4556 2807 4634 aliquam
2844 4554 3364 4633 promulgaturos,
3408 4557 3673 4633 quamvis

484 4646 680 4727 plexae
707 4651 769 4707 et
795 4643 1305 4723 ambiguitatibus
1336 4646 1649 4726 expositae.

565 4742 626 4801 2.
671 4742 763 4801 Ex
780 4739 1004 4820 quibus
1026 4738 1246 4817 colligo
1276 4739 1344 4800 in
1368 4739 1569 4801 forma
1593 4738 1748 4818 legis
1769 4737 2045 4802 sensibili

482 4833 607 4896 duo
628 4851 805 4914 posse
824 4832 1156 4912 distingui:
1177 4831 1406 4896 scilicet
1428 4832 1745 4894 materiale
1767 4833 2041 4912 signum,

484 4933 558 4988 ut
591 4944 809 4990 vocem
847 4925 949 4989 vel
981 4926 1373 5010 scripturam,
1406 4931 1468 4988 et
1494 4925 2010 5005 significationem
2019 4942 2040 5003 3

487 5038 563 5080 ex
593 5018 836 5100 quibus,
859 5018 912 5079 si
944 5019 1108 5079 inter
1140 5036 1204 5080 se
1231 5024 1693 5098 comparentur,
1719 5015 2043 5098 scriptura,

2127 4649 2425 4723 indicent,
2470 4647 2588 4709 hoc
2623 4666 2751 4708 non
2788 4665 2917 4708 esse
2952 4645 3245 4707 absolutae
3282 4648 3669 4724 necessitatis,

2129 4743 2234 4803 sed
2262 4741 2627 4822 prudentias,
2651 4746 2710 4801 et
2738 4739 3139 4819 benignitatis
3163 4757 3178 4800 ε
3203 4740 3369 4801 unde
3390 4741 3459 4802 in
3482 4741 3672 4820 rigore

2127 4834 2434 4915 loquendo
2452 4834 2582 4894 haee
2595 4833 2951 4896 solemnitas
2974 4851 3101 4893 non
3122 4838 3217 4893 est
3234 4832 3310 4893 de
3331 4833 3673 4896 necessitate

2130 4929 2313 5006 legis:
2349 4944 2497 4987 nam
2544 4928 2597 4987 si
2635 4928 2918 5006 princeps
2961 4926 3091 4988 solo
3135 4926 3390 4987 arbitrio
3435 4928 3670 5005 proprio

2126 5020 2286 5081 ferat
2317 5019 2543 5099 legem,
2581 5018 2787 5080 valida
2823 5019 2963 5095 erit,
2987 5019 3322 5079 dummodo
3351 5017 3500 5078 alias
3518 5019 3671 5096 justa

487 5110 586 5171 vel
604 5103 812 5186 sonus,
831 5109 1146 5171 materiale
1160 5111 1304 5190 quid
1327 5117 1443 5187 651,
1457 5111 1822 5189 significatio
1837 5116 2047 5171 autem
2127 5114 2244 5188 sit3
2295 5111 2443 5191 quia
2474 5129 2675 5190 neque
2703 5129 2780 5171 ex
2815 5116 3039 5172 natura
3069 5112 3161 5172 rei
3193 5110 3299 5171 illa
3331 5110 3668 5171 solemnitas

485 5201 782 5280 formale3
831 5221 907 5263 ex
956 5209 1218 5283 utroque
1268 5221 1416 5286 vcro
1460 5204 1801 5286 completur
1846 5203 2049 5265 forma
2127 5211 2221 5267 est
2261 5204 2628 5278 necessaria,
2673 5221 2874 5282 neque
2907 5202 3113 5283 aliquo
3153 5202 3402 5285 speciali
3426 5203 3562 5281 jure
3587 5209 3669 5264 est

487 5293 798 5359 sensibilis
821 5294 1027 5380 legem
1047 5298 1457 5386 constituenS,
1474 5316 1584 5380 seu
1607 5317 1746 5380 quse
1770 5303 1862 5361 est
1886 5297 2048 5379 ipsa·
2126 5298 2505 5380 praescripta.
2527 5297 2909 5366 Antecedens
2926 5297 3130 5379 quoad
3153 5297 3428 5381 priorem
3448 5301 3668 5378 partem
