3976 6219
501 434 622 496 522

497 541 666 620 leges
697 536 1085 601 fundantur
1065 558 1134 601 m
1161 538 1455 620 perieulis
1479 535 1934 639 deceptionum,
1962 532 2066 595 vel

499 636 570 697 in
601 632 870 713 periculo
903 650 1012 694 seu
1030 633 1254 695 timore
1277 631 1676 712 deceptionis,
1701 627 2062 702 coactionis,

501 731 611 789 aut
633 724 886 786 alterius
911 725 1271 803 injustitia·
1257 771 1272 787 .
1305 742 1454 805 ergo
1493 723 1710 803 regula
1744 721 1854 782 illa
1880 738 2067 799 gene-

501 817 716 882 raliter
741 816 1112 897 applicanda
1138 818 1257 879 erit
1289 818 1368 879 ad
1395 834 1612 878 omnes
1636 816 1750 877 has
1777 814 1966 892 leges.
1990 812 2070 873 Et

499 912 590 974 ita
620 928 789 971 nunc
823 909 1292 972 matrimonium
1339 909 1789 971 clandestinum
1831 908 2067 969 factum

499 1004 763 1069 honesta
801 1003 1041 1064 ratione
1083 1007 1193 1064 aut
1230 1002 1616 1077 necessitate,
1657 1009 1722 1063 et
1760 1000 1895 1063 sine
1937 999 2069 1061 ulla

499 1094 828 1175 iniquitate
845 1100 1242 1176 praesumpta,
1269 1100 1430 1157 esset
1451 1094 1729 1157 validum
1739 1110 1761 1173 3
1782 1092 2067 1155 similiter

500 1188 796 1271 professio
820 1187 980 1249 facta
1011 1194 1156 1249 8818
1175 1188 1520 1267 legitimam
1549 1192 1817 1263 aetatem,
1839 1188 1891 1247 si
1917 1202 2065 1247 con-

502 1287 625 1343 stat
655 1281 733 1342 de
759 1280 1033 1361 perfecta
1057 1280 1468 1360 intelligentia
1499 1286 1562 1341 et
1587 1290 1884 1342 consensu
1925 1297 2066 1359 pro-

501 1375 738 1439 fitentis
749 1388 772 1451 3
801 1373 970 1435 idem
995 1373 1073 1435 de
1100 1373 1475 1455 professione
1496 1374 1664 1436 facta
1687 1378 1832 1435 ante
1857 1372 2065 1453 exple-

501 1474 642 1531 tum
681 1485 920 1529 annum
949 1467 1350 1547 probationis,
1393 1468 1446 1528 si
1483 1471 1719 1529 constet
1757 1466 2067 1527 novitium

499 1561 570 1624 in
598 1560 828 1623 minori
851 1565 1134 1640 tempore
1173 1561 1356 1640 plene
1395 1560 1580 1621 fuisse
1611 1568 1933 1640 expertum
1969 1576 2067 1619 as·

501 1654 830 1735 peritatem
867 1653 1123 1731 regulae,
1167 1658 1230 1714 81
1261 1671 1338 1714 ex
1367 1658 1630 1731 utraque
1655 1658 1830 1731 parte
1876 1651 2069 1713 fuisse

503 1746 717 1808 omnia
740 1746 882 1825 jure
915 1750 1154 1807 naturoe
1182 1746 1546 1821 necessaria,
1571 1746 1721 1824 quia
1749 1745 1938 1807 etiam
1961 1743 2071 1805 illa

501 1838 605 1902 lex
641 1838 771 1900 lata
810 1844 904 1899 est
937 1856 1014 1899 ex
1052 1839 1240 1899 simili
1278 1839 1779 1919 pmsumptione,
1805 1838 2018 1918 quod
2000 1856 2069 1900 m

503 1932 616 1993 tali
657 1936 840 1991 aetate
885 1930 980 1991 vel
1024 1935 1302 2011 tempore
1346 1950 1476 1993 non
1503 1930 1576 1993 fit
1601 1932 1896 2015 professio
1923 1950 2069 1993 cum

502 2023 773 2105 perfecto
785 2022 1047 2102 judicio,
1066 2023 1508 2087 deliberatione
1529 2043 1640 2087 seu
1659 2025 2064 2105 experientia.

509 2118 654 2179 Haec
685 2120 897 2177 autem
937 2122 1001 2176 81
1025 2116 1255 2179 81811118
1296 2116 1563 2179 absurda
1593 2122 1762 2193 sunt,
1805 2123 1871 2179 et
1894 2117 2071 2179 nulla

502 2208 840 2291 probabilis
863 2209 1025 2270 ratio
1059 2210 1418 2272 differentiae
1445 2210 1620 2271 reddi
1659 2216 1882 2291 potest,
1925 2228 2069 2272 cum

504 2302 724 2381 negari
748 2321 874 2363 non
903 2303 1092 2383 possit
1111 2303 1225 2366 has
1249 2306 1440 2367 etiam
1461 2303 1628 2383 leges
1654 2304 1812 2365 latas
1833 2321 1964 2365 esse
1991 2322 2067 2366 ex

503 2395 610 2456 illo
646 2412 874 2472 genere
912 2398 1428 2477 praesumptionis.
1459 2399 1612 2459 Item
1653 2397 1822 2459 idem
1861 2398 2071 2459 dicen-

505 2488 656 2548 dum
687 2493 842 2548 esset
879 2486 958 2549 de
991 2488 1235 2568 legibus
1271 2490 1658 2551 irritantibus
1683 2490 2071 2569 acceptiones

503 2579 607 2641 vel
631 2578 1015 2656 donationes,
1049 2581 1238 2643 etiam
1278 2583 1603 2660 gratuitas,
1633 2589 1884 2663 propter
1907 2584 2072 2663 peri-

506 2672 717 2734 culum
753 2673 1166 2753 corruptionis
1193 2676 1472 2753 justitioe,
1519 2681 1593 2736 ut
1627 2676 1696 2735 in
1730 2676 2069 2755 judicibus,

504 2762 965 2842 tabellionibus,
988 2770 1107 2827 818.
1121 2780 1142 2842 3
1164 2784 1312 2826 nam
1344 2767 1397 2826 si
1421 2768 1560 2845 quis
1585 2774 1742 2827 esset
1767 2773 1968 2828 certus
1992 2768 2073 2829 de

506 2876 620 2919 sua
645 2856 960 2918 voluntate
979 2864 1042 2919 et
1065 2857 1276 2919 animo
1297 2859 1582 2919 servandi
1605 2859 1934 2938 justitiam,
1957 2877 2073 2921 nec

504 2950 756 3011 timeret
792 2951 1126 3030 corrumpi,
1172 2955 1377 3030 posset
1417 2951 1620 3013 valide
1651 2958 1715 3014 et
1752 2958 1892 3014 tuta
1929 2972 2073 3015 con-

506 3043 764 3105 scientia
779 3048 997 3105 conti-a
1015 3042 1221 3124 legem
1241 3044 1588 3107 imitantem
1613 3047 1911 3127 recipere,
1931 3065 2073 3129 quae

505 3155 736 3217 magna
761 3144 921 3200 esset
947 3155 1190 3201 morum
1218 3140 1550 3219 corruptio.

587 3233 650 3292 t.
695 3231 932 3310 Reyula
957 3230 1258 3311 qeneralis
1289 3249 1455 3295 vora.
1489 3266 1570 3278 -
1608 3231 1876 3295 Asioma
1911 3251 2075 3296 com-

505 3341 702 3385 mum.
718 3354 802 3369 --
817 3323 1201 3404 Quapropter
1225 3343 1444 3386 censeo
1469 3324 1676 3404 potius
1702 3326 2073 3386 contrariam

383 3417 408 3438 “
507 3415 791 3494 regulam
819 3433 950 3476 esse
997 3417 1370 3494 generaliter
1411 3418 1929 3493 constituendam,
1961 3417 2077 3478 sci-

505 3507 650 3570 licet
664 3553 686 3584 ,
735 3513 908 3568 actus
963 3508 1153 3570 factos
1201 3515 1416 3572 contra
1463 3510 1634 3590 leges
1684 3511 2077 3572 instituentes

506 3601 974 3662 substantialem
1017 3602 1469 3665 solemnitatem
1502 3611 1801 3683 tauquam
1841 3605 2078 3684 simpli-

507 3695 662 3756 citer
681 3695 1088 3755 necessariam
1115 3694 1192 3755 ad
1221 3713 1436 3755 eorum
1457 3696 1754 3771 valorem,
1783 3713 1912 3757 esse
1936 3697 2079 3756 nul-

507 3786 604 3848 los
630 3805 709 3848 ex
737 3786 980 3846 defectu
1019 3785 1158 3846 talis
1189 3786 1616 3863 solemnitatis,
1647 3787 1888 3849 etiamsi
1914 3789 1983 3849 in
2008 3807 2079 3851 re

509 3879 668 3941 fiant
711 3895 788 3938 ex
835 3893 984 3938 vero
1031 3895 1333 3942 consensu
1377 3887 1440 3941 et
1483 3881 1616 3942 sine
1662 3881 1790 3943 ullo
1835 3881 2079 3944 defectu

509 3977 726 4034 contra
755 3970 958 4049 legem
998 3972 1366 4034 naturalem.
1413 3973 1716 4036 Probatur
1751 3975 1956 4054 primo
1981 3993 2081 4036 ra-

507 4065 680 4126 tione
722 4064 909 4140 facta,
947 4065 1094 4145 quia
1122 4066 1191 4125 in
1221 4065 1432 4128 multis
1465 4066 1710 4128 casibus
1735 4067 2081 4129 necessario

509 4158 601 4219 ita
626 4157 962 4219 dicendum
991 4161 1104 4234 est,
1137 4164 1200 4219 et
1227 4157 1438 4218 eadem
1471 4165 1564 4220 est
1587 4160 1745 4220 ratio
1774 4159 1853 4221 de
1879 4161 2080 4221 omni-

508 4249 647 4310 bus.
669 4251 776 4312 Est
801 4256 1014 4312 autem
1043 4251 1349 4329 generalis
1375 4252 1559 4325 ratio,
1579 4251 1726 4330 quia
1749 4251 1858 4313 illa
1877 4252 2080 4314 forma

511 4348 604 4406 est
630 4343 1046 4406 substantialis
1067 4360 1145 4405 ex
1171 4343 1560 4405 institutione
1587 4345 1864 4406 humana
1876 4346 2077 4424 justa:

511 4454 659 4516 ergo
703 4437 836 4498 sine
877 4437 987 4498 illa
1031 4441 1206 4498 actus
1249 4443 1344 4498 est
1385 4436 1719 4513 invalidus,
1758 4439 1905 4517 quia
1951 4457 2079 4500 non

508 4535 710 4610 potest
744 4529 976 4610 aliquid
1005 4529 1334 4592 subsistere
1371 4529 1506 4590 sine
1532 4529 1921 4592 substantiali
1955 4532 2082 4592 for-

511 4639 636 4683 ma.
671 4622 783 4684 Vel
821 4623 1067 4700 clarius,
1097 4623 1198 4684 lex
1241 4623 1518 4684 humana
1563 4641 1640 4684 ex
1680 4623 1852 4701 justa
1895 4643 2080 4688 causa

509 4720 714 4795 potest
761 4715 1160 4778 inhabilitate
1207 4733 1317 4789 seu
1364 4715 1771 4794 impotentem
1823 4716 2081 4780 reddere

509 4808 898 4870 voluntatem
939 4809 1190 4881 subditi,
1235 4815 1306 4871 ut
1341 4828 1470 4871 non
1513 4809 1708 4890 possit
1745 4811 2079 4874 transferre

510 4901 884 4976 dominium,
915 4901 1035 4962 nisi
1074 4902 1188 4963 tali
1217 4903 1402 4964 modo
1441 4908 1504 4964 et
1533 4920 1678 4964 cum
1705 4901 1935 4964 talibus
1961 4905 2081 4966 cir-

513 4993 934 5072 cumstantiis3
971 5011 1142 5075 ergo,
1181 4995 1362 5057 silex
1395 4996 1486 5057 ita
1509 4995 1628 5056 hoc
1654 4994 1933 5058 absolute
1959 4997 2081 5059 dis-

511 5088 691 5169 ponit
735 5094 800 5151 et
843 5093 936 5150 est
975 5089 1164 5170 justa,
1209 5107 1452 5171 semper
1493 5089 1557 5150 id
1601 5095 1916 5169 operatur,
1965 5110 2082 5154 nec

511 5198 840 5260 possumus
875 5199 988 5243 nos
1015 5201 1154 5244 eam
1179 5183 1450 5246 limitare
1485 5183 1564 5244 ad
1593 5199 1769 5243 casus
1811 5184 2083 5264 particu-

515 5273 698 5349 lareS,
721 5275 791 5335 in
819 5275 1043 5354 quibus
1071 5294 1284 5337 revera
1309 5276 1626 5338 invenitur
1651 5276 1889 5338 malum
1917 5278 2081 5357 quod

515 5366 796 5442 timetur,
822 5384 963 5428 cum
992 5367 1095 5429 lex
1117 5368 1252 5449 ipsa
1273 5367 1393 5430 hoc
1420 5386 1548 5428 non
1577 5368 1938 5449 distinguat,
1965 5388 2081 5431 nec

516 5476 594 5520 ex
619 5459 947 5522 rationein
975 5479 1099 5542 qua
1119 5462 1361 5540 justitia
1387 5463 1518 5542 ejus
1541 5462 1840 5524 fundatur
1863 5463 1928 5524 id
1958 5463 2083 5524 col-

513 5553 628 5636 ligi
653 5555 869 5638 possit,
897 5561 970 5618 ut
1001 5574 1150 5620 mox
1185 5557 1612 5640 explicabitur.
1641 5560 1721 5624 Et
1749 5557 2083 5622 confirma-

1403 436 1522 489 Lm.
1555 435 1617 488 V.
1653 434 1734 489 DE
1765 430 2127 487 vanmnm
2158 430 2371 484 malm
2398 430 2810 484 turmatim.

2142 537 2270 609 tur,
2300 532 2447 612 quia
2484 530 2639 593 alias
2678 530 2833 593 tales
2862 530 3031 610 leges
3062 537 3263 594 essent
3296 530 3509 593 valde
3562 523 3833 588 ineffi-

2145 643 2319 687 caces
2341 630 2408 688 et
2436 642 2659 705 pamm
2684 623 2899 701 utiles3
2922 623 3029 683 vix
3054 625 3223 685 enim
3248 630 3469 704 posset
3500 616 3833 696 aliquid

2144 724 2359 779 contra
2384 717 2523 778 illas
2544 715 2683 779 fieri
2716 716 2885 796 quod
2912 734 3043 777 non
3068 724 3273 795 posset
3300 717 3551 796 aliquo
3624 712 3837 772 eolo-

2144 815 2281 873 rato
2310 809 2492 870 titulo
2532 809 2845 883 sustineri,
2874 808 3178 889 tacileque
3220 809 3639 869 formarent
3700 802 3835 862 hn-

2146 903 2349 966 mines
2372 902 2713 964 dictamina
2736 902 3125 963 conscientian
3148 902 3228 963 de
3260 900 3517 961 talibus
3548 897 3835 959 titulis

2144 997 2225 1059 ad
2246 1012 2391 1057 suas
2411 994 2815 1057 conscientias
2842 994 3173 1073 pacandas,
3195 993 3301 1055 vel
3320 994 3647 1055 tortasse
3678 989 3833 1049 fal-

2144 1089 2381 1152 lendas.
2412 1089 2615 1168 Atque
2640 1087 2773 1149 haec
2796 1086 3017 1167 regula
3042 1088 3263 1148 eadem
3296 1087 3579 1149 ratione
3634 1103 3831 1165 pro—

2144 1183 2309 1245 cedit
2326 1184 2395 1243 in
2412 1182 2655 1261 legibus
2670 1178 2947 1241 absolute
2964 1179 3353 1241 irritantibus
3374 1184 3579 1239 aetus
3608 1194 3825 1257 quos

2144 1274 2506 1357 simpliciter
2514 1274 2867 1355 probibent,
2880 1272 3195 1335 etiamsiin
3206 1272 3608 1352 particulari
3644 1288 3821 1331 non

2144 1368 2533 1430 intercedant
2550 1385 2625 1429 ea
2640 1366 2807 1427 mala
2826 1384 2964 1446 quae
2984 1365 3087 1427 lex
3104 1366 3310 1441 timet,
3332 1366 3505 1447 quia
3522 1364 3819 1426 eodem

2146 1461 2333 1523 modo
2361 1460 2639 1541 procedit
2670 1459 2855 1533 ratio,
2896 1458 3221 1535 nimirum,
3250 1458 3435 1539 quod
3468 1458 3585 1519 lex
3634 1475 3813 1517 nun

2146 1554 2370 1616 nititur
2412 1553 2481 1615 in
2524 1550 2883 1635 particulari
2926 1557 3177 1626 eventu,
3222 1551 3329 1613 sed
3362 1550 3809 1631 genera-lem

2146 1648 2455 1710 rationem
2502 1646 2885 1721 considerat,
2934 1662 3073 1725 quas
3119 1663 3367 1725 semper
3426 1644 3799 1719 subsistit,

2146 1740 2337 1801 licet
2318 1759 2387 1801 ιιι
2414 1739 2771 1821 particulari
2796 1744 3010 1798 cesset.
3048 1740 3126 1798 Et
3158 1740 3245 1799 ita
3284 1737 3677 1799 incidimus
3712 1740 3795 1798 in

2148 1836 2780 1911 axioma‚commune,
2804 1834 2967 1912 quod
2993 1834 3149 1913 legis
3170 1833 3435 1895 effectus
3462 1852 3609 1894 non
3638 1836 3793 1894 im-

2150 1930 2420 2009 peditur,
2460 1923 2607 1990 licet
2638 1928 2797 1990 ratio
2838 1930 2974 2007 ejus
3016 1928 3087 1989 in
3111 1926 3489 2007 particulari
3520 1935 3783 2001 cesset,

2148 2023 2397 2103 quando
2429 2024 2590 2083 ratio
2616 2022 2921 2102 generalis
2946 2020 3245 2095 subsistit,
3274 2025 3339 2081 et
3380 2018 3497 2081 lex
3538 2027 3787 2101 potoet

2146 2118 2215 2178 in
2242 2116 2601 2197 particulari
2634 2117 2769 2179 sine
2804 2117 3033 2177 animm
3070 2114 3439 2175 discrimine
3468 2116 3773 2190 servari,

2148 2215 2221 2270 ut
2236 2216 2403 2271 recte
2424 2210 2663 2271 notavit
2680 2210 2895 2271 Covar.
2918 2209 2987 2269 in
3011 2207 3177 2268 dicto
3198 2223 3335 2286 cap.
3366 2206 3541 2271 (ἕνα
3560 2226 3769 2283 esus,

2146 2322 2213 2365 n.
2250 2304 2313 2365 8.

2230 2398 2292 2456 5.
2336 2394 2513 2457 Unde
2546 2394 2671 2455 duo
2698 2398 2843 2455 sunt
2878 2393 3151 2455 maxime
3176 2390 3651 2453 consideranda
3680 2395 3767 2453 in

2149 2487 2268 2550 hoc
2311 2493 2582 2567 punctos
2624 2504 2826 2547 unum
2872 2491 2988 2562 est,
3016 2486 3127 2545 has
3157 2484 3329 2563 leges
3374 2484 3454 2545 de
3500 2487 3763 2565 quibus

2148 2587 2487 2643 tractamus
2496 2598 2715 2643 revera
2725 2597 2855 2640 non
2866 2578 3116 2639 fundari
3128 2579 3755 2658 inpraesumptione,

2150 2676 2347 2739 sedin
2371 2672 2565 2735 solida
2586 2672 2870 2747 veritate,
2896 2678 2959 2732 et
2984 2672 3127 2732 ideo
3152 2688 3399 2751 semper
3424 2674 3753 2752 consequi

2150 2767 2439 2830 effectum
2478 2783 2687 2826 suum.
2726 2764 2903 2839 Quod
2942 2764 3217 2827 indicavi
3254 2763 3425 2825 dicto
3464 2765 3639 2827 libro
3672 2770 3747 2841 3,

2152 2876 2287 2939 cap.
2314 2860 2417 2934 22,
2440 2864 2505 2920 81
2525 2876 2695 2919 8888
2721 2856 2959 2938 explico
2982 2857 3051 2917 in
3076 2856 3249 2917 hunc
3270 2857 3563 2931 modum,
3586 2860 3749 2937 quia

2151 2953 2550 3033 praesumptio
2589 2957 2791 3030 potest
2814 2951 2884 3012 in
2917 2950 3267 3029 legislatore
3292 2951 3587 3027 cogitari,
3632 2950 3745 3011 vel

2152 3046 2232 3108 ad
2272 3045 2589 3107 ferendam
2616 3046 2842 3125 legem,
2883 3045 2984 3106 vel
3016 3044 3098 3106 ad
3136 3043 3513 3106 irritandum
3558 3045 3745 3105 hunc

2151 3145 2358 3201 actum
2375 3140 2445 3200 in
2465 3137 2821 3219 particulari
2836 3139 2905 3200 in
2922 3157 3047 3218 quo
3064 3147 3301 3200 cessant
3324 3139 3741 3200 incommoda

2152 3251 2291 3313 quae
2320 3232 2421 3294 lex
2459 3233 2759 3293 timebat:
2792 3231 2861 3292 in
2900 3237 3123 3293 neutro
3156 3237 3369 3292 autem
3412 3232 3608 3293 modo
3634 3233 3739 3292 1ιι-

2152 3327 2402 3389 venitur
2426 3327 2825 3406 praesumptio
2863 3345 2904 3387 a
2934 3327 3193 3388 veritate
3223 3326 3611 3387 discordans.
3644 3328 3737 3387 De

2152 3421 2346 3501 priori
2390 3423 2581 3499 patet,
2626 3419 2776 3499 quia
2818 3419 2989 3480 aliud
3034 3426 3129 3481 est
3162 3418 3508 3498 periculum
3544 3419 3731 3495 mali,

2154 3513 2323 3574 aliud
2350 3512 2586 3573 malum
2618 3512 2819 3591 ipsum
2830 3528 2851 3590 3
2884 3512 2982 3573 lex
3026 3517 3257 3587 autem,
3300 3512 3445 3572 licet
3484 3511 3737 3572 feratur

2156 3624 2239 3668 ne
2276 3605 2441 3667 mala
2466 3606 2778 3682 eveniant,
2820 3621 2948 3665 non
2983 3609 3195 3666 tamen
3232 3603 3433 3666 fertur
3460 3622 3541 3666 ex
3566 3623 3733 3684 pras-

2157 3697 2505 3778 sumptione
2536 3696 2811 3776 illorum,
2840 3697 2948 3758 sed
2974 3715 3052 3759 ex
3076 3703 3243 3759 certa
3272 3697 3531 3758 scientia
3560 3698 3735 3777 peri-

2160 3790 2286 3852 culi
2311 3789 2594 3866 illorum3
2614 3791 3016 3870 proesumptio
3032 3797 3241 3852 autem
3264 3807 3393 3852 non
3420 3790 3576 3852 dicit
3596 3809 3733 3852 cer-

2156 3889 2289 3944 tam
2332 3883 2653 3944 scientiam
2664 3927 2686 3958 ,
2728 3884 2835 3944 sed
2876 3884 3331 3962 conjecturam3
3372 3899 3527 3962 ergo
3562 3885 3733 3945 ratio

2158 3975 2327 4036 illius
2343 3975 2497 4054 legis
2518 3993 2645 4036 non
2664 3981 2758 4036 est
2776 3977 3196 4056 praesumptio,
3218 3977 3325 4037 sed
3342 3981 3509 4037 certa
3524 3977 3731 4037 88188-

2157 4069 2246 4128 118
2280 4067 2560 4148 periculi.
2588 4069 2667 4129 Et
2690 4067 3115 4145 confirmatur,
3140 4069 3285 4148 quia
3322 4070 3733 4149 praesumptio

2158 4160 2407 4240 propria
2436 4165 2718 4222 versatur
2754 4161 2921 4222 circa
2959 4161 3123 4222 facta
3162 4161 3589 4241 particularia3
3626 4161 3732 4224 lex

2159 4258 2369 4315 autem
2390 4253 2498 4314 illa
2520 4254 2892 4333 generaliter
2911 4253 3041 4316 lata
3060 4254 3137 4314 de
3160 4254 3332 4315 nullo
3350 4253 3513 4316 facto
3538 4256 3733 4334 parti-

2160 4346 2355 4407 culari
2379 4347 2721 4426 praesumit,
2748 4347 2855 4408 sed
2880 4352 3125 4408 tantum
3151 4347 3219 4406 in
3245 4346 3525 4424 generali
3568 4347 3733 4426 peri-

2158 4438 2369 4500 culum
2397 4439 2748 4500 considerat
2770 4440 2935 4519 quod
2966 4440 3033 4500 in
3058 4437 3343 4500 omnibus
3378 4439 3733 4515 invenitur,

2162 4532 2291 4594 sive
2330 4533 2397 4592 in
2440 4531 2707 4609 singulis
2750 4531 3067 4612 perveniat
3105 4531 3185 4593 ad
3228 4531 3547 4606 effectum,
3596 4533 3733 4593 sive

2160 4643 2313 4699 non,
2342 4630 2406 4686 et
2428 4625 2569 4686 ideo
2608 4624 2685 4686 de
2724 4624 2992 4706 periculo
3018 4642 3145 4685 non
3182 4631 3273 4686 est
3297 4627 3729 4706 praesumptio,

2160 4717 2267 4780 sed
2296 4717 2619 4778 certitudo.
2668 4717 2768 4779 Sic
2808 4718 3000 4796 igitur
3038 4717 3139 4778 lex
3182 4717 3311 4793 illa,
3340 4723 3652 4797 quatenus
3690 4737 3733 4779 a

2158 4811 2463 4892 principio
2516 4810 2717 4871 fertur
2730 4857 2750 4887 ,
2799 4828 2926 4872 non
2969 4811 3267 4872 fundatur
3309 4811 3377 4872 in
3426 4829 3731 4892 praesum·-

2158 4904 2393 4984 ptione.
2418 4905 2626 4983 Neque
2652 4903 2842 4965 etiam
2870 4909 3085 4983 postea
3106 4904 3175 4964 in
3196 4903 3514 4966 effectibus
3534 4905 3729 4982 parti-

2162 4996 2474 5058 cularibus
2524 4997 2775 5076 quando
2826 4997 3033 5059 irritat
3080 4996 3355 5077 singulos
3399 5001 3573 5056 actus
3586 5040 3611 5074 ,
3658 4997 3727 5057 in

2160 5089 2641 5170 praesumptione
2666 5089 2986 5166 fundatur,
3028 5089 3137 5151 sed
3172 5090 3243 5150 in
3282 5107 3357 5150 eo
3400 5088 3570 5169 quod
3596 5107 3727 5151 cer-

2160 5188 2297 5244 tum
2324 5190 2437 5260 est,
2476 5183 2799 5261 nimirum,
2832 5183 3003 5245 hunc
3028 5189 3237 5244 actum
3264 5199 3477 5245 carere
3502 5182 3725 5244 solem-

2163 5277 2357 5336 nitate
2398 5293 2435 5336 a
2472 5276 2615 5355 jure
2650 5276 2965 5356 requisita.
3006 5277 3129 5338 Nec
3168 5276 3337 5336 enim
3378 5275 3522 5336 talis
3550 5281 3723 5337 actus

2161 5368 2441 5429 irritatur
2467 5369 2667 5448 alege
2694 5370 2843 5448 quia
2869 5370 2935 5430 in
2964 5385 3038 5431 eo
3068 5370 3539 5431 intervenerunt
3556 5368 3720 5430 frau-

2162 5463 2291 5538 des,
2330 5467 2445 5524 etc.
2453 5508 2473 5539 ,
2518 5481 2632 5524 nec
2666 5463 2815 5542 quia
2840 5463 2957 5524 hoc
2984 5463 3060 5525 de
3086 5463 3185 5524 his
3220 5461 3719 5525 contrahentibus

2161 5555 2263 5620 bic
2288 5561 2353 5618 et
2377 5575 2546 5618 nunc
2570 5561 2998 5641 praesumatur,
3024 5557 3133 5620 sed
3158 5555 3361 5619 solum
3386 5556 3536 5637 quia
3556 5559 3719 5617 caret

3936 2954 3938 3035 A
