3976 6219
478 356 600 420 206

479 463 747 542 Epitom.
779 468 842 542 4,
873 484 940 546 p.
972 469 1032 542 1,
1060 482 1193 543 cap.
1231 462 1295 536 4,
1325 459 1363 540 ξ
1397 461 1456 534 1,
1483 477 1546 521 11.
1571 459 1630 519 9.
1664 458 1832 520 Idem
1858 459 2048 518 sentit

479 555 651 615 Bald.
675 557 741 616 in
767 558 1042 619 Authen.
1073 555 1401 635 Inyressi„
1427 552 1503 612 de
1523 552 1759 612 Sacros,
1786 551 2043 625 EccleS„

479 667 542 709 n.
592 651 695 724 49,
730 650 837 711 ubi
880 652 969 712 ait
1004 647 1465 728 dispositionem
1496 644 1651 724 juris
1678 643 1873 703 civilis
1906 661 2045 722 quae

479 759 608 803 non
624 742 927 805 fundatur
937 746 1006 806 in
1023 740 1500 823 praesumptione
1514 737 1845 818 procedere
1857 737 2048 797 etiam

477 835 546 896 111
578 837 973 913 conscientia,
1000 843 1062 897 61
1088 835 1278 896 refert
1319 834 1390 893 D.
1425 832 1764 893 Thomam:
1801 847 2046 909 expres·

481 928 609 988 sius
637 929 701 988 id
725 929 906 990 docet
933 930 1100 991 idem
1128 927 1299 989 Bald.
1333 926 1399 986 in
1426 923 1469 985 1.
1508 924 1658 987 Cum
1687 924 1846 1004 quis’,
1883 942 1934 984 c.
1969 921 2047 983 de

478 1022 616 1082 Jur.
650 1028 712 1083 et
737 1022 883 1083 fact.
927 1024 1089 1103 ign.,
1129 1041 1197 1083 n.
1228 1023 1304 1082 19
1324 1035 1345 1096 ;
1388 1019 1515 1079 JaS.
1554 1018 1621 1077 in
1642 1016 1813 1078 rubr.
1825 1060 1846 1092 ,
1872 1016 1939 1078 ff.
1968 1017 2047 1077 de

478 1114 699 1193 Aequi.
740 1114 970 1177 haered.
1014 1134 1082 1176 11.
1130 1116 1234 1188 25,
1281 1111 1391 1172 ubi
1431 1110 1584 1171 alios
1622 1109 1833 1172 refert.
1876 1109 2047 1171 Idem

479 1209 772 1270 Panorm.
807 1209 876 1270 in
901 1227 1038 1288 cap.
1074 1210 1105 1268 1
1138 1207 1214 1268 de
1241 1205 1526 1281 constit„
1569 1221 1634 1264 n.
1670 1204 1748 1264 10
1767 1219 1790 1281 3
1837 1207 1900 1263 et
1930 1203 2045 1265 ibi—

479 1301 622 1362 dem
663 1301 863 1363 Felin.
914 1321 981 1364 n.
1039 1304 1162 1363 3et
1201 1301 1321 1377 403
1353 1298 1547 1373 Deci„
1576 1297 1718 1358 lect.
1754 1300 1813 1372 1,
1844 1315 1908 1358 n.
1940 1297 2041 1370 18,

479 1402 543 1459 61
570 1397 837 1457 sumitur
863 1413 942 1457 ex
971 1396 1182 1457 Innoc.
1214 1394 1283 1453 in
1307 1410 1442 1471 cap.
1486 1391 1646 1465 Quia
1665 1395 1937 1469 propter,
1967 1387 2046 1449 de

479 1489 557 1551 de
576 1490 792 1565 Elect.,
822 1489 899 1551 de
915 1489 1093 1550 Joan.
1126 1487 1319 1550 Andr.
1342 1486 1410 1546 in
1438 1503 1572 1563 cap.
1604 1485 1679 1546 Is
1709 1484 1815 1564 qui
1839 1483 2041 1560 fidem,

480 1583 788 1663 Sponsal.‚
828 1600 980 1662 quos
1014 1599 1155 1642 cum
1196 1580 1335 1641 aliis
1375 1577 1569 1638 Felin.
1611 1594 1800 1655 supra
1831 1574 2041 1635 refert.

480 1676 969 1755 Alleganturque
997 1693 1111 1754 pro
1146 1674 1264 1734 hac
1300 1670 1607 1733 sententia
1646 1686 1781 1748 cap.
1831 1669 1905 1730 Is
1941 1668 2048 1747 qui

480 1769 662 1847 fidem
688 1774 752 1829 et
777 1786 914 1849 cap.
962 1769 1098 1830 ,Tua
1132 1785 1262 1841 nos,
1292 1766 1369 1826 de
1394 1762 1701 1843 sponsal„
1740 1766 2049 1840 quatenus

482 1861 551 1922 in
603 1861 795 1942 priori
849 1861 1100 1936 dicitur,
1152 1877 1264 1939 per
1316 1856 1602 1936 copulam
1654 1854 2047 1915 subsecutam

483 1959 622 2034 post
641 1953 950 2033 sponsalia
970 1953 1256 2034 praesumi
1280 1948 1751 2012 matrimonium
1770 1952 2046 2008 contrac-

482 2052 643 2123 tum,
668 2052 732 2108 et
759 2046 1161 2108 nihilominus
1183 2045 1408 2105 dicitur
1435 2044 1504 2104 in
1530 2041 1875 2122 posteriori,
1901 2039 1954 2099 si
1976 2057 2047 2100 re

482 2158 633 2203 vera
667 2159 794 2202 non
830 2139 991 2200 adsit
1018 2156 1376 2212 consensus,
1412 2136 1535 2197 tale
1577 2132 2045 2195 matrimonium

482 2232 552 2293 in
584 2251 652 2294 re
679 2233 812 2312 ipsa
841 2249 968 2293 non
1002 2249 1131 2293 esse
1160 2229 1459 2291 validum.
1486 2231 1629 2290 Haec
1656 2234 1864 2288 tamen
1902 2227 2047 2306 jura

483 2326 643 2386 nihil
674 2325 751 2386 ad
778 2343 911 2387 rem
942 2330 1311 2405 praesentem
1336 2324 1537 2384 facere
1558 2322 1871 2397 videntur,
1898 2321 2047 2399 quia

483 2418 571 2478 ibi
599 2437 726 2479 non
753 2419 1107 2498 praecipitur
1123 2425 1193 2477 ut
1210 2418 1279 2477 in
1307 2435 1381 2478 eo
1404 2434 1546 2477 casu
1574 2415 2043 2476 matrimonium

483 2511 709 2585 valeat,
740 2505 846 2571 sed
868 2510 1068 2571 solum
1092 2510 1319 2570 dicitur
1342 2509 1505 2588 quod
1524 2508 1920 2587 praesumitur
1939 2524 2047 2566 va-

484 2601 648 2677 lere3
681 2609 919 2663 certum
942 2607 1036 2663 est
1056 2608 1267 2663 autem
1290 2607 1497 2662 actum
1520 2619 1647 2661 non
1679 2601 1888 2661 statim
1912 2599 2048 2661 fieri

484 2695 782 2769 validum,
808 2697 955 2774 quia
973 2697 1041 2755 in
1060 2696 1201 2773 jure
1224 2694 1619 2773 praesumitur
1637 2691 1899 2768 validus,
1926 2692 2047 2752 nisi

482 2786 641 2847 forte
672 2787 814 2847 talis
858 2788 938 2848 sit
976 2793 1146 2848 actus
1189 2792 1263 2846 ut
1301 2786 1429 2845 sola
1474 2785 1634 2865 juris
1683 2785 2045 2847 auctoritate

482 2879 673 2959 possit
697 2880 935 2940 validus
964 2880 1125 2956 fieri,
1161 2885 1234 2940 ut
1257 2881 1465 2940 statim
1493 2879 1691 2955 magis
1711 2877 2047 2939 declarabi-

482 2977 607 3032 tur.
650 2973 1115 3035 Matrimonium
1150 2978 1358 3033 autem
1395 2990 1522 3033 non
1551 2977 1642 3033 est
1681 2972 1820 3032 talis
1846 2977 2041 3047 actuS,

484 3065 593 3146 qui
639 3066 827 3147 possit
868 3065 1002 3129 fieri
1057 3065 1186 3128 sola
1232 3064 1591 3128 efficacitate
1627 3065 1879 3127 canonis
1910 3065 2043 3127 sine

483 3178 784 3223 consensu
801 3159 1327 3236 contrahentium,
1349 3167 1411 3223 et
1426 3162 1566 3223 ideo
1589 3161 1812 3222 merito
1830 3161 1897 3220 in
1921 3160 2046 3221 illis

478 3256 719 3337 juribus
758 3256 984 3317 dicitur
1022 3255 1331 3335 sponsalia
1357 3260 1782 3316 consummata
1810 3272 1919 3333 per
1944 3272 2044 3313 co·

480 3351 691 3431 pulam
708 3351 973 3411 transire
991 3350 1059 3410 in
1077 3349 1545 3411 matrimonium
1566 3347 2045 3428 praesumptione

474 3443 658 3521 juris,
680 3449 742 3502 et
761 3441 837 3502 de
857 3443 1036 3519 jure3
1061 3441 1235 3501 illam
1261 3446 1472 3501 tamen
1501 3440 2043 3519 praesumptionem

481 3552 608 3595 non
646 3533 921 3595 sufficere
973 3534 1052 3593 ad
1100 3534 1371 3593 valorem
1412 3532 1792 3593 matrimonii
1834 3549 2042 3592 coram

482 3628 629 3699 Deo,
674 3628 726 3686 si
769 3643 837 3686 re
882 3643 1030 3685 vera
1066 3624 1265 3686 defuit
1291 3641 1641 3686 consensus.
1674 3625 1808 3684 Non
1841 3630 2044 3703 potest

481 3724 693 3779 tamen
744 3717 892 3778 inde
937 3716 1155 3778 inferri
1204 3718 1407 3796 legem
1447 3717 1515 3777 in
1564 3717 2044 3796 prfflumptione

481 3801 807 3871 fundatam
836 3827 963 3870 non
995 3809 1269 3889 obligare
1292 3811 1358 3870 in
1383 3810 1775 3886 conscientia,
1805 3810 2045 3889 quoties

480 3902 708 3965 veritas
729 3920 856 3963 non
876 3902 1207 3965 concordat
1228 3903 1719 3984 praesumptioni.

562 3998 622 4057 2.
667 3997 880 4075 Leqem
926 3996 994 4057 in
1035 3998 1503 4076 praesumptione
1545 3998 1869 4073 fundatam
1922 4016 2045 4061 esse

481 4091 811 4169 duplicem:
846 4108 971 4153 ima
997 4108 1130 4170 quoe
1165 4092 1400 4155 servari
1416 4096 1611 4170 potest
1637 4092 1766 4153 sim
1782 4097 2042 4170 peccato,

481 4184 610 4245 alia
632 4201 763 4264 quoe
802 4199 953 4246 non:
976 4186 1183 4262 prima
1214 4189 1407 4264 potest
1445 4185 1709 4264 obliquo-e
1744 4187 2045 4248 conscien-

480 4277 913 4353 tiamssemmda
930 4294 1063 4339 vero
1080 4277 1509 4340 minima—Ut
1535 4296 1682 4356 ergo
1709 4295 1857 4340 vera
1881 4297 2046 4340 reso-

478 4369 635 4430 lutio
655 4369 1060 4448 intelligatur,
1081 4369 1527 4432 advertendum
1551 4376 1643 4430 est
1664 4377 2043 4451 praeceptum

480 4464 813 4544 superioris
840 4463 939 4525 vel
962 4463 1164 4542 legem
1206 4463 1274 4524 111
1305 4466 1783 4544 praesumptione
1820 4465 2044 4527 funda-

479 4564 609 4619 tam
631 4558 936 4638 duplicem
970 4571 1097 4618 esse
1133 4575 1329 4637 posse.
1369 4557 1505 4619 Una
1528 4563 1620 4618 est
1645 4576 1784 4637 quas
1810 4561 2044 4620 servari

479 4670 607 4712 non
651 4655 852 4731 potest
882 4650 1015 4711 sine
1058 4658 1330 4729 peccato,
1356 4651 1604 4730 quando
1648 4654 2044 4732 praesumptio

478 4743 846 4824 legislatoris
883 4744 952 4802 in
981 4744 1240 4805 veritate
1275 4745 1367 4805 rei
1408 4762 1532 4804 non
1559 4744 1870 4805 subsistit:
1918 4746 2043 4807 alia

481 4843 573 4900 est
595 4837 865 4917 quando,
904 4835 1049 4896 licet
1073 4853 1172 4898 res
1196 4838 1328 4917 ipsa
1354 4855 1482 4898 non
1508 4838 1588 4897 sit
1613 4843 1683 4897 ut
1723 4840 2044 4918 praesumi-

479 4936 605 5006 tur,
645 4929 1054 4990 nihilominus
1099 4928 1201 4991 lex
1242 4936 1442 5011 potest
1483 4932 1615 4992 sine
1642 4938 1888 5010 peccato
1919 4951 2044 4993 ser-

479 5023 634 5084 vari.
686 5023 756 5083 In
814 5022 1008 5103 priori
1054 5039 1222 5100 casu,
1275 5042 1424 5085 vera
1467 5029 1530 5085 et
1570 5024 1912 5085 necessaria
1950 5030 2045 5087 est

481 5115 643 5176 dicta
669 5115 993 5191 sententia,
1031 5118 1199 5196 quod
1235 5116 1377 5178 talis
1410 5116 1511 5178 lex
1535 5117 1636 5178 vel
1665 5124 2042 5198 praeceptum

482 5225 611 5267 non
637 5209 824 5287 possit
870 5209 938 5269 in
966 5211 1339 5273 conscientia
1374 5210 1689 5289 obligare;
1728 5210 1854 5270 imo
1896 5227 2043 5271 vero

481 5317 596 5360 nec
627 5302 815 5378 possit
841 5301 907 5361 in
936 5303 1310 5366 couscientia
1332 5303 1586 5379 servari,
1620 5309 1692 5364 ut
1715 5309 1879 5365 recte
1902 5322 2047 5365 con-

481 5392 673 5454 vincit
704 5392 938 5453 dictum
977 5414 1108 5475 cap.
1157 5397 1296 5459 Tua
1339 5415 1469 5472 nos,
1512 5397 1590 5458 de
1631 5397 1940 5476 Sponsal.,
1981 5403 2044 5458 et

483 5501 618 5572 cap.
662 5485 1090 5575 Inquieitioni,
1138 5487 1216 5554 de
1255 5491 1535 5557 sentent.
1559 5492 2010 5556 excommunic.
2018 5535 2039 5569 ,

1484 361 1600 414 ΠΒ.
1636 362 1719 413 111.
1759 361 1840 413 mi:
1870 360 2032 414 LEGE
2064 358 2324 412 nuuANA
2356 358 2435 409 ΕΤ
2469 356 2656 409 clvlm

2123 463 2184 518 et
2203 455 2362 517 ratio
2390 461 2482 517 est
2514 454 2703 528 clara,
2726 453 2871 532 quia
2892 470 3078 514 nemo
3099 460 3299 534 potest
3326 456 3589 537 obligari
3603 457 3696 519 ad

2123 555 2443 629 peccatum
2473 546 3014 623 committendum,
3058 548 3164 609 sed
3192 548 3343 609 illud
3372 553 3573 631 potius
3595 552 3699 612 vi.

2125 649 2257 704 tare
2278 648 2541 716 tenetur,
2571 659 2699 702 non
2731 641 3015 701 obstante
3037 658 3425 721 quocumque
3464 663 3698 723 praece-

2124 742 2233 816 pto
2261 741 2322 797 et
2355 735 2835 815 praesumptione
2863 733 3162 808 humana,
3201 738 3348 814 quia
3380 739 3698 816 potentior

2124 835 2217 890 est
2238 828 2340 889 lex
2357 828 2635 889 veritatis
2648 826 2971 900 naturalis,
2998 832 3106 886 aut
3123 827 3356 903 divina,
3382 847 3516 908 quae
3537 835 3699 890 tunc

2124 922 2359 1001 obligat
2381 922 2460 982 ad
2481 921 2808 981 vitandum
2833 919 3023 981 talem
3051 925 3280 996 actum,
3315 927 3385 981 ut
3409 923 3475 981 in
3498 924 3697 983 simili

2125 1016 2387 1096 August.
2440 1015 2653 1090 tradit,
2696 1019 2760 1075 et
2803 1013 3067 1074 habetur
3110 1014 3176 1074 in
3212 1031 3348 1093 cap.
3401 1014 3693 1091 Veritate,

2129 1109 2269 1171 dist.
2304 1111 2365 1170 8.
2399 1107 2768 1188 Exemplum
2795 1124 3124 1168 commune
3151 1114 3241 1168 est
3270 1121 3286 1166 :
3317 1123 3463 1167 nam
3485 1108 3698 1170 Eccle-

2126 1202 2217 1264 sia
2237 1203 2404 1281 juste
2420 1200 2737 1282 praesumit
2756 1218 2884 1262 esse
2907 1217 3084 1261 veros
3105 1200 3400 1279 conjuges
3418 1199 3555 1261 illos
3579 1202 3696 1281 qui

2125 1297 2193 1357 in
2234 1295 2390 1356 facie
2435 1294 2627 1374 ipsius
2652 1292 2930 1371 legitime
2970 1298 3430 1364 contraxerunt,
3461 1300 3522 1355 et
3548 1294 3695 1354 nul-

2123 1389 2261 1451 lum
2290 1406 2512 1451 verum
2532 1386 3047 1467 impedimentum
3069 1386 3322 1446 irritans
3352 1389 3460 1448 aut
3478 1386 3694 1448 defec-

2124 1488 2262 1544 tum
2311 1499 2644 1544 consensus
2692 1480 3014 1542 ostendere
3067 1487 3325 1558 possunt
3351 1524 3374 1555 ‚
3419 1480 3481 1540 id
3490 1498 3693 1559 eoque

2124 1576 2262 1637 illos
2289 1577 2417 1637 suis
2442 1575 2684 1655 legibus
2716 1579 2779 1634 et
2810 1573 3085 1634 censuris
3121 1574 3287 1651 cogit
3326 1572 3407 1633 ad
3442 1573 3694 1634 cohabi-

2123 1669 2407 1744 tandum,
2431 1674 2493 1730 et
2511 1667 2816 1728 utendum
2834 1666 3232 1727 matrimonio
3248 1688 3266 1741 ;
3290 1671 3354 1726 et
3373 1665 3694 1727 nihilomi-

2122 1781 2244 1824 nus
2264 1762 2333 1822 in
2357 1779 2432 1823 eo
2459 1779 2627 1836 casu,
2659 1760 2712 1821 si
2733 1777 2952 1821 revera
2975 1758 3174 1819 defuit
3205 1776 3556 1834 consensu-⁴³,
3587 1760 3690 1821 vel

2123 1857 2324 1917 adfuit
2367 1855 2882 1934 immdimentum
2919 1854 3171 1914 irritans
3186 1901 3205 1928 ,
3248 1871 3379 1914 non
3431 1860 3688 1932 possunt

2124 1950 2399 2030 copulari
2424 1950 2716 2028 conjuges
2740 1949 2997 2010 scientes
3026 1953 3239 2027 postea
3275 1947 3396 2008 tale
3428 1947 3685 2026 impedi-

2125 2051 2433 2119 mentum,
2454 2044 2600 2123 quia
2619 2048 2875 2123 agerent
2898 2047 3116 2102 contra
3137 2058 3349 2103 veram
3377 2042 3686 2102 conscien-

2123 2137 2297 2197 tiam.
2343 2137 2513 2198 Idem
2559 2154 2708 2214 ergo
2741 2122 2855 2211 est,
2894 2136 3139 2214 quoties
3164 2135 3558 2214 praesumptio
3592 2139 3685 2196 est

2124 2231 2436 2292 contraria
2472 2229 2722 2291 veritati
2771 2229 3129 2290 necessarias
3174 2228 3255 2289 ad
3298 2227 3686 2289 honestatem

2124 2330 2317 2386 actus.

2205 2420 2265 2478 3.
2310 2417 2604 2478 Auctores
2654 2433 2802 2476 vero
2854 2414 3104 2493 allegati
3152 2433 3282 2476 non
3333 2414 3534 2476 solum
3586 2413 3686 2475 lo-

2122 2515 2398 2590 quuntur
2423 2511 2491 2569 in
2517 2508 2625 2568 illo
2648 2526 2817 2584 casu,
2841 2508 2948 2568 sed
2970 2508 3160 2569 etiam
3186 2508 3253 2567 in
3292 2507 3440 2581 alio,
3488 2525 3685 2585 quan-

2124 2603 2226 2678 do,
2256 2620 2384 2663 non
2412 2601 2695 2662 obstante
2722 2600 2985 2660 falsitate
3022 2601 3114 2660 rei
3139 2604 3551 2679 praesumptae,
3582 2599 3682 2659 lex

2122 2700 2323 2774 potest
2352 2694 2485 2755 sine
2512 2703 2757 2773 peccato
2795 2693 3048 2766 servari,
3096 2699 3156 2754 et
3188 2692 3542 2752 indistincte
3575 2691 3684 2751 do·

2122 2793 2262 2848 cent
2296 2785 2671 2866 (praesertim
2703 2786 2862 2846 Abb.
2904 2792 2967 2847 et
3006 2785 3442 2861 Felin.)etiam
3484 2785 3553 2844 in
3602 2802 3681 2846 eo

2122 2899 2266 2941 casu
2315 2880 2516 2959 legem
2583 2897 2710 2940 non
2761 2879 3055 2958 obligare.
3121 2878 3293 2940 Unde
3343 2878 3617 2939 inferunt
3645 2923 3671 2954 ,

2123 2973 2364 3035 etiamsi
2390 2973 2491 3035 lex
2516 2973 2793 3034 humana
2822 2974 3020 3034 irritet
3047 2972 3236 3033 talem
3262 2977 3490 3047 actum,
3513 2971 3676 3031 scili-

2122 3072 2241 3143 cet,
2268 3066 2712 3142 venditionem,
2744 3066 3129 3142 electionem,
3170 3064 3272 3128 vel
3293 3063 3579 3138 similem,
3603 3081 3682 3126 ex

2121 3161 2310 3222 simili
2348 3161 2852 3242 praesumptione,
2884 3161 3289 3222 nihilominus
3314 3166 3523 3221 actum
3550 3177 3680 3220 esse

2121 3255 2419 3331 validum,
2462 3255 2515 3316 si
2553 3273 2620 3316 re
2660 3273 2808 3316 vera
2849 3254 3074 3316 habeat
3122 3254 3258 3315 illas
3305 3253 3685 3315 conditiones

2122 3366 2260 3427 quae
2282 3366 2356 3408 ex
2382 3350 2521 3428 jure
2535 3354 2774 3409 naturae
2789 3347 3103 3408 sufficiunt
3129 3348 3208 3408 ad
3232 3347 3509 3409 valorem
3522 3348 3678 3426 ejus;

2121 3441 2228 3501 sed
2257 3442 2332 3502 de
2354 3441 2592 3520 legibus
2609 3441 2992 3501 irritantibus
3013 3441 3079 3501 in
3111 3441 3223 3502 lib.
3257 3443 3295 3502 5
3315 3459 3390 3501 ex
3415 3440 3684 3519 professo

2124 3534 2400 3595 dicemus
2411 3550 2432 3611 3
2464 3552 2631 3594 nunc
2652 3552 2798 3595 vero
2820 3534 2894 3595 dc
2919 3533 3047 3596 sola
3066 3533 3444 3613 obligatione
3471 3532 3684 3611 legum

2123 3632 2479 3687 tractamus.
2529 3628 2673 3688 Esse
2700 3632 2911 3687 autem
2960 3633 3161 3706 potest
3194 3627 3449 3706 vulgare
3475 3644 3687 3687 exem-

2123 3719 2296 3798 plum
2317 3719 2502 3798 hujus
2524 3720 2846 3781 sententiae
2865 3719 2943 3781 de
2965 3719 3105 3799 lege
3128 3721 3322 3794 civili,
3343 3737 3481 3799 quae
3500 3719 3686 3798 jubet

2122 3811 2431 3873 haeredem
2477 3812 2812 3874 adeuntem
2854 3812 3276 3875 haereditatem
3293 3857 3314 3888 ,
3361 3831 3490 3874 non
3532 3829 3683 3872 con-

2122 3906 2281 3967 fecto
2303 3907 2674 3983 inventario,
2703 3906 2939 3968 solvere
2961 3907 3171 3968 debita
3196 3907 3383 3969 etiam
3404 3907 3569 3968 ultra
3587 3906 3681 3966 vi-

2122 4016 2221 4062 res
2248 4000 2659 4077 haereditatis3
2685 4006 2748 4062 et
2773 4000 3177 4062 nihilominus
3216 3999 3561 4062 communis
3585 3998 3685 4058 in-

2122 4093 2482 4173 terpretatio
2502 4099 2595 4153 est
2619 4093 2796 4154 illum
2828 4111 2954 4154 non
2975 4094 3175 4155 teneri
3205 4094 3274 4154 in
3307 4091 3683 4154 conscientia

2124 4187 2360 4248 solvere
2388 4187 2596 4248 debita
2641 4188 2709 4246 in
2750 4206 2823 4249 ea
2863 4189 3208 4267 quantitate
3234 4206 3374 4268 quas
3416 4205 3485 4247 re
3531 4204 3683 4247 vera

2124 4287 2373 4359 superat
2391 4281 2552 4341 vires
2567 4280 2966 4342 haereditatis.
2989 4281 3147 4354 Quia
3167 4281 3269 4342 lex
3286 4280 3584 4341 fundatur
3610 4279 3681 4338 in

2120 4373 2621 4453 praesumptione,
2676 4372 2842 4452 quod
2876 4372 2980 4434 ille
3024 4374 3132 4452 qui
3168 4373 3441 4452 neglexit
3480 4372 3684 4433 facere

2121 4463 2541 4526 inventarium
2571 4485 2871 4546 usurpare
2915 4467 3112 4527 voluit
3158 4468 3458 4546 pinguem
3485 4467 3684 4527 1111116-

2122 4558 2379 4619 ditatem
2429 4565 2491 4619 et
2539 4577 2666 4621 non
2696 4560 2934 4639 integre
2980 4560 3217 4622 solvere
3273 4560 3501 4634 debita,
3538 4577 3683 4638 quae

2119 4652 2519 4732 praesumptio
2543 4653 2609 4713 in
2639 4671 2712 4713 eo
2735 4671 2878 4714 casu
2905 4659 3120 4729 cessat,
3151 4659 3216 4715 et
3240 4658 3687 4732 consequenter

2120 4751 2313 4806 cassat
2361 4747 2549 4806 etiam
2595 4745 2889 4824 obligatio
2940 4747 3009 4807 in
3053 4747 3446 4822 conscientia,
3479 4753 3550 4807 ut
3587 4751 3684 4807 est

2120 4840 2507 4900 communior
2529 4839 2835 4900 sententia
2855 4839 3109 4914 31111011,
3129 4846 3192 4901 et
3217 4840 3415 4914 Baldi,
3440 4846 3503 4900 et
3528 4839 3682 4900 alio-

2119 4949 2261 4992 rum
2287 4950 2442 5011 quos
2470 4932 2658 4993 refert
2694 4937 2758 4992 et
2786 4933 3066 5012 sequitur
3108 4933 3295 4994 Jason
3326 4933 3394 4992 111
3435 4932 3683 4993 rubrica

2120 5025 2187 5085 ff.
2214 5025 2290 5086 de
2322 5025 2696 5105 Acquirend.
2724 5025 3086 5100 hoeredit.,a
3105 5044 3173 5089 n.
3198 5028 3300 5087 23.
3332 5027 3498 5088 Idem
3528 5044 3682 5105 ergo

2121 5119 2315 5180 eritin
2334 5118 2624 5179 omnibus
2649 5119 2977 5180 similibus.
2996 5119 3498 5186 Fundamentum
3511 5121 3687 5181 enim

2121 5212 2408 5291 generale
2441 5218 2556 5288 est,
2581 5213 2749 5292 quod
2771 5214 2999 5275 veritas
3025 5213 3353 5292 proefertur
3388 5231 3687 5293 praesum-

2121 5305 2337 5385 ptioni,
2363 5311 2426 5367 61
2447 5306 2585 5367 ideo
2607 5307 2870 5367 intentio
2892 5307 3279 5384 legislatoriS,
3307 5307 3417 5386 qui
3443 5308 3511 5367 in
3531 5325 3687 5386 prae-

2119 5399 2467 5479 sumptione
2503 5399 2824 5475 fundatur,
2865 5418 2993 5460 non
3020 5400 3290 5460 creditur
3317 5400 3569 5464 extendi
3600 5399 3684 5460 ad

2121 5509 2332 5555 casum
2352 5493 2421 5554 in
2448 5510 2572 5574 quo
2591 5492 2819 5556 veritas
2846 5511 2975 5556 non
3002 5492 3298 5557 subsistit.
