3976 6219
929 456 1064 508 CAP.
1094 457 1290 509 XXXV.
1322 457 1536 511 UTRUH
1568 456 1954 512 LEGISLATOR
1985 456 2120 510 SUIS
2150 457 2411 511 LEGIBUS
2444 457 2807 511 OBLIGETUR.

3355 454 3474 517 315

271 577 419 638 ergo
446 558 525 620 ad
543 576 656 619 nos
678 563 934 638 spectat,
951 559 1150 620 videri
1172 564 1370 638 potest
1392 560 1560 621 utilis
1583 560 1835 621 distinc-
1912 560 2204 639 quentius
2231 561 2479 639 expedit
2517 560 2681 621 bono
2718 559 3031 620 communi
3064 565 3251 640 atque
3282 562 3468 624 etiam

268 653 360 713 tio
402 651 612 730 legum
664 669 851 730 supra
908 651 1051 711 data
1070 667 1090 728 ;
1138 670 1284 712 nam
1330 654 1614 732 quaedam
1647 654 1834 732 respi-
1914 653 2302 732 singulorum
2324 699 2344 728 ,
2397 653 2475 714 ad
2518 652 2835 714 evitandas
2879 651 3125 713 fraudes
3170 658 3231 714 81
3279 652 3465 728 lites3

272 745 445 805 ciunt
480 743 713 804 bonum
746 743 1064 823 publicum
1101 743 1459 806 immediate
1504 751 1567 807 et
1623 764 1835 807 secun·

273 836 425 897 dum
469 855 533 897 se
556 882 577 912 ,
635 835 773 897 aliae
819 836 1054 896 bonum
1110 836 1495 914 singulorum
1519 884 1539 914 ,
1593 856 1671 900 ex
1715 857 1837 917 quo

274 929 521 990 tandem
563 928 819 991 resultat
850 946 1183 991 commune
1219 928 1476 991 bonum.
1507 932 1591 991 De
1618 931 1839 1011 priori-

273 1022 386 1083 bus
412 1040 561 1100 ergo
596 1021 837 1100 legibus
876 1022 1246 1101 generaliter
1288 1023 1586 1085 affirmari
1641 1030 1842 1104 potest

273 1113 546 1192 obligare
575 1113 846 1190 clericos,
873 1115 1123 1195 quando
1149 1116 1409 1177 materia
1441 1133 1656 1177 earum
1675 1134 1841 1178 com-

274 1207 481 1268 munis
520 1212 611 1268 est
659 1206 950 1268 omnibus
987 1207 1246 1284 civibus,
1278 1214 1349 1270 ut
1371 1210 1525 1271 tales
1562 1216 1729 1285 sunt,
1777 1215 1838 1271 et

272 1304 363 1360 est
397 1299 568 1377 justa
607 1304 669 1360 et
706 1299 965 1361 honesta
990 1315 1010 1377 ;
1043 1306 1104 1361 et
1127 1301 1285 1362 nihil
1311 1302 1586 1363 continet
1624 1308 1838 1364 contra

273 1392 621 1452 decentiam
658 1392 756 1452 vel
796 1394 1254 1472 exemptionem
1295 1394 1682 1455 ecclesiastici
1714 1400 1837 1456 818-

272 1489 393 1554 188,
427 1485 533 1544 sed
567 1485 770 1563 potius
802 1485 972 1546 illam
1018 1485 1209 1561 fovet,
1258 1486 1499 1547 etiamsi
1523 1487 1838 1548 interdum

274 1594 403 1637 non
437 1577 615 1655 juvet
641 1577 720 1638 ad
766 1578 1097 1639 utilitatem
1123 1579 1550 1658 temporalem,
1585 1597 1723 1658 quae
1768 1580 1836 1641 in

273 1669 384 1731 tali
425 1688 569 1730 casu
623 1670 1081 1731 considerabilis
1148 1689 1276 1731 non
1323 1676 1434 1732 est.
1494 1672 1622 1731 Hoc
1672 1678 1837 1751 patet

274 1761 591 1841 exemplis,
641 1763 707 1823 in
733 1763 870 1842 lege
913 1769 1165 1825 taxante
1211 1764 1479 1843 pretium
1515 1764 1726 1840 tritici,
1774 1772 1837 1828 et

273 1855 571 1915 similium
611 1874 843 1931 rerum,
877 1856 944 1916 in
973 1856 1109 1937 lege
1131 1857 1495 1936 prohibente
1528 1858 1770 1919 extrahi
1799 1877 1837 1920 a

273 1963 469 2022 regno
522 1966 620 2008 res
666 1950 1038 2010 necessarias
1076 1950 1452 2030 reipublicae,
1504 1953 1603 2013 vel
1630 1953 1840 2032 prohi-

273 2038 458 2099 bente
505 2039 740 2101 deferre
793 2059 970 2103 arma
1012 2050 1223 2120 noctu,
1282 2050 1344 2104 et
1391 2044 1737 2106 similibus:
1776 2051 1840 2107 et

271 2132 429 2192 ratio
457 2137 547 2192 est
570 2131 757 2202 clara,
783 2135 930 2212 quia
952 2153 1282 2197 commune
1300 2126 1544 2197 honuni
1550 2138 1834 2213 civitatiS,

274 2229 344 2282 111
364 2223 487 2284 1818
516 2230 627 2299 881,
659 2227 930 2287 maxime
959 2228 1122 2288 cadit
1140 2227 1255 2288 sub
1281 2228 1747 2308 obligationem,
1777 2235 1840 2291 et

275 2316 561 2377 omnibus
614 2316 751 2377 aliis
799 2318 1252 2397 praeferendum
1295 2326 1387 2381 est
1401 2337 1422 2398 ;
1475 2322 1664 2397 unde,
1693 2324 1839 2402 quia

276 2427 385 2488 per
405 2409 516 2469 has
542 2409 709 2488 leges
737 2428 847 2488 per
873 2429 937 2471 se
956 2412 1157 2490 primo
1184 2418 1574 2491 procuratur,
1599 2420 1661 2475 et
1686 2415 1839 2476 alio-

283 2502 390 2581 qui
422 2520 547 2564 non
575 2508 719 2564 sunt
758 2509 973 2565 contra
1008 2505 1296 2585 specialia
1321 2507 1490 2585 jura,
1528 2509 1626 2569 vel
1653 2508 1843 2587 privi-

278 2593 443 2672 legia
494 2594 882 2672 clericorum,
927 2602 997 2658 ut
1023 2598 1420 2677 supponitur;
1453 2598 1593 2661 ideo
1638 2600 1706 2661 in
1755 2601 1843 2661 eis

278 2686 448 2747 nulla
479 2692 572 2748 est
607 2688 766 2750 ratio
805 2690 1231 2769 exemptionis,
1289 2692 1395 2752 sed
1442 2693 1654 2753 omnia
1705 2712 1842 2772 quae

275 2780 544 2841 diximus
570 2781 639 2842 in
666 2782 790 2843 illis
812 2785 1080 2845 maxime
1105 2784 1310 2845 locum
1337 2784 1593 2847 habent.

353 2888 455 2947 21.
505 2886 588 2950 Si
615 2888 711 2950 lea
742 2889 1018 2966 sitjusta
1045 2894 1099 2950 cl
1127 2891 1451 2968 qmcralis,
1483 2909 1601 2952 uon
1625 2896 1711 2952 est
1739 2909 1836 2952 cu-

274 2983 535 3044 randum
581 2983 649 3044 dc
696 2983 1079 3044 incommodis
1115 2983 1616 3061 particularibus.
1643 3017 1726 3030 —
1751 2985 1836 3045 De

276 3074 511 3135 caeteris
546 3090 694 3135 vero
736 3074 977 3154 legibus
1017 3092 1144 3136 non
1185 3080 1278 3137 est
1309 3081 1439 3136 tam
1468 3081 1636 3137 certa
1667 3076 1834 3137 simi-

274 3167 353 3227 lis
388 3166 695 3247 generalis
733 3167 989 3245 regula3
1021 3186 1169 3229 nam
1207 3174 1485 3230 auctores
1521 3169 1690 3230 citati
1733 3189 1839 3230 va-

272 3260 381 3321 riis
429 3259 927 3320 distinctionibus
976 3265 1260 3336 utuntur,
1305 3266 1368 3321 et
1417 3264 1719 3340 praecipue
1747 3263 1837 3321 vi-

274 3353 499 3414 dentur
543 3353 856 3432 requirere
898 3358 968 3412 ut
1007 3354 1160 3414 tales
1192 3354 1359 3433 leges
1393 3355 1744 3416 redundent
1770 3357 1836 3417 in

276 3445 671 3506 commodum
707 3445 1295 3525 ecclesiasticorum3
1341 3466 1490 3509 nam
1528 3449 1579 3507 si
1616 3448 1837 3527 proeju·

275 3538 507 3598 dicium
547 3537 830 3613 afferant,
867 3556 993 3598 non
1030 3538 1350 3600 valebunt.
1398 3540 1607 3620 Aliqui
1647 3542 1837 3602 etiam

275 3631 588 3711 postulant
627 3637 697 3691 ut
738 3631 905 3710 leges
942 3638 1264 3693 versentur
1291 3634 1452 3695 circa
1490 3640 1835 3695 contractus

276 3722 576 3783 laicorum
622 3724 839 3785 saltem
888 3743 964 3785 ex
1005 3730 1201 3804 parte,
1246 3726 1309 3786 id
1356 3732 1470 3803 est,
1521 3726 1662 3788 laici
1692 3745 1834 3788 cum

274 3814 517 3890 clerico,
543 3821 703 3877 aute
728 3834 1041 3892 convers03
1074 3835 1201 3878 non
1228 3836 1374 3880 vero
1404 3820 1455 3880 si
1489 3819 1644 3881 fiant
1669 3822 1835 3881 inter

274 3908 437 3987 ipsos
486 3908 735 3969 clericos
775 3910 938 3971 inter
978 3929 1064 3971 se.
1112 3911 1265 3972 Mihi
1311 3918 1521 3973 tamen
1566 3912 1831 3990 videtur,

272 4001 474 4081 quoad
502 4003 770 4082 priorem
796 4008 1059 4082 partem,
1091 4005 1433 4066 cavendum
1467 4024 1597 4066 esse
1626 4024 1704 4066 ne
1731 4006 1833 4067 lex

272 4095 498 4156 directe
540 4096 640 4157 vel
677 4083 975 4157 indirecte
1014 4098 1230 4159 tendat
1271 4099 1350 4159 ad
1386 4100 1832 4179 imponendum

271 4205 427 4249 onus
450 4188 706 4265 clericis,
737 4188 837 4249 vel
859 4189 1231 4269 privandum
1258 4190 1396 4251 illos
1414 4191 1622 4270 aliqua
1648 4190 1834 4251 liber-

268 4285 419 4356 tate,
444 4287 553 4343 aut
577 4282 713 4360 jure
736 4282 854 4342 sibi
880 4296 1209 4358 concesso;
1237 4299 1383 4342 nam
1412 4288 1560 4343 tunc
1581 4283 1715 4362 jam
1740 4301 1833 4344 es-

271 4378 364 4433 set
394 4373 496 4434 lex
522 4375 783 4452 injusta,
828 4380 890 4435 et
916 4381 1131 4435 contra
1156 4375 1621 4437 immunitatem
1649 4376 1835 4437 eccle-

272 4466 577 4527 siasticam
613 4490 628 4527 :
669 4468 721 4528 si
744 4474 954 4530 autem
972 4468 1071 4528 lex
1094 4486 1313 4530 revera
1343 4470 1422 4530 sit
1446 4470 1614 4547 justa
1641 4476 1702 4532 et
1724 4489 1831 4549 ge-

272 4559 523 4635 neralia,
572 4579 696 4621 non
735 4568 827 4622 est
853 4562 1198 4622 curandum
1240 4562 1318 4622 de
1356 4563 1831 4642 particularibus

271 4653 679 4714 incommodis
710 4653 1174 4734 temporalibus,
1203 4672 1341 4733 quae
1368 4661 1513 4715 sunt
1543 4675 1653 4735 per
1679 4657 1831 4717 acci-

273 4746 459 4822 dens3
490 4764 638 4807 nam
663 4746 813 4807 tales
843 4747 1011 4825 leges
1031 4747 1348 4807 interdum
1366 4748 1611 4826 juvant,
1640 4749 1832 4809 inter-

269 4838 420 4897 dum
434 4838 782 4917 impediunt
800 4839 1163 4918 temporalia
1181 4840 1525 4915 commoda,
1542 4846 1634 4915 ut,
1667 4842 1831 4919 quod

268 4935 707 4992 testamentum
731 4932 938 4993 minus
960 4933 1232 4994 solemne
1254 4951 1381 4994 non
1410 4933 1492 4993 sit
1513 4932 1824 5010 validum,

266 5041 429 5102 saepe
457 5024 575 5083 erit
597 5030 809 5085 contra
833 5025 1219 5087 voluntatem
1245 5027 1577 5101 1881810118,
1608 5027 1828 5105 saepius

264 5130 413 5174 vero
436 5120 527 5175 est
543 5114 637 5175 illi
657 5115 809 5178 utile
830 5124 1079 5198 propter
1096 5118 1341 5180 fraudes
1364 5137 1502 5198 quae
1520 5119 1824 5179 committi

262 5205 480 5268 solent.
536 5208 710 5270 Unde
756 5211 977 5272 merito
1021 5229 1062 5272 a
1100 5212 1538 5274 Panormitano
1580 5218 1643 5272 et
1688 5212 1823 5273 aliis

260 5297 626 5362 adnotatum
662 5308 776 5377 est,
810 5321 937 5364 non
975 5321 1149 5383 posse
1190 5304 1314 5365 dici
1355 5304 1559 5383 legem
1597 5322 1821 5364 onero-

262 5408 418 5481 sam,
451 5411 590 5471 quae
617 5396 957 5456 secundum
980 5397 1180 5457 varias
1205 5396 1551 5457 occasiones
1585 5402 1647 5457 et
1672 5396 1821 5457 facti

258 5485 601 5546 accidentia
623 5493 820 5566 potest
840 5507 970 5550 esse
998 5490 1190 5563 utilia,
1209 5488 1305 5548 vel
1329 5489 1649 5563 damnosa,
1669 5495 1731 5551 et
1753 5490 1820 5550 in

260 5594 336 5640 ea
360 5577 763 5660 generalitate
784 5580 910 5644 lata
930 5588 1045 5662 est,
1066 5586 1251 5665 prout
1272 5580 1588 5647 moraliter
1610 5587 1673 5645 et
1697 5582 1820 5646 fre-

1917 764 2064 824 ergo
2080 791 2100 820 ,
2139 746 2378 826 quoties
2398 746 2499 806 lex
2525 746 2666 807 talis
2687 745 2895 819 fuerit,
2928 749 2988 805 et
3014 743 3302 806 habuerit
3319 746 3473 807 alias

1917 839 2297 900 conditiones
2317 829 2675 914 honestatiS,
2699 844 2761 899 et
2774 838 3051 917 justitiae,
3071 856 3142 898 ac
3160 839 3477 900 universa-

1916 930 2140 1007 litatis„
2180 931 2478 1010 obligabit
2500 932 2781 1007 clericos,
2824 948 2952 991 non
2976 931 3258 992 obstante
3285 931 3474 1011 parti-

1919 1024 2116 1085 culari
2136 1025 2460 1104 temporali
2480 1023 2871 1085 incommodo
2893 1023 3354 1085 accidentaliter
3374 1043 3475 1086 oc-

1920 1123 2225 1178 currente.
2279 1117 2492 1192 Quoad
2540 1118 2800 1178 alteram
2859 1135 3007 1179 vero
3057 1123 3298 1197 partem
3347 1136 3475 1179 non

1917 1211 2203 1272 existimo
2230 1229 2359 1273 esse
2395 1211 2804 1272 necessariam
2830 1209 3288 1286 limitationem,
3330 1211 3381 1271 si
3408 1212 3475 1272 in

1917 1304 2149 1365 caeteris
2168 1303 2412 1383 justitia
2436 1303 2590 1382 legis
2613 1308 2927 1380 servetur3
2969 1302 3115 1381 quia
3139 1302 3326 1363 etiam
3356 1302 3478 1365 cle·

1916 1396 2029 1457 rici
2054 1442 2075 1472 ,
2122 1397 2368 1476 quando
2394 1396 2502 1457 illo
2536 1395 2718 1456 modo
2750 1396 2915 1456 inter
2949 1413 3014 1456 se
3051 1396 3428 1457 contrahunt
3449 1442 3470 1472 ,

1918 1508 2047 1551 non
2072 1508 2135 1551 se
2163 1496 2389 1569 gerunt
2414 1495 2486 1550 ut
2511 1488 2739 1565 clerici,
2769 1489 2875 1549 sed
2898 1492 2970 1548 ut
2996 1488 3181 1564 civeS,
3221 1494 3284 1550 et
3311 1507 3477 1550 com·

1916 1583 2094 1643 muni
2104 1575 2246 1661 jure
2269 1582 2435 1643 civili
2465 1582 2556 1642 uti
2584 1581 2833 1658 debent,
2859 1586 2930 1642 81
2951 1586 3116 1642 recte
3141 1580 3478 1660 explicatur

1915 1675 1982 1735 in
2011 1675 2148 1754 lege
2170 1680 2421 1737 taxante
2459 1675 2733 1736 triticum
2763 1696 2778 1734 :
2812 1693 2957 1736 nam
2979 1719 3000 1749 ,
3048 1673 3195 1735 licet
3222 1673 3478 1735 clericus

1914 1769 2140 1830 vendet
2166 1769 2386 1831 clerico
2403 1787 2646 1830 servare
2664 1768 2846 1829 debet
2861 1767 3064 1846 legem
3083 1773 3146 1828 et
3164 1767 3330 1827 idem
3350 1785 3479 1828 cre-

1916 1861 1996 1921 do
2024 1880 2154 1923 esse
2187 1862 2254 1922 in
2285 1867 2678 1937 testamento,
2726 1861 2868 1921 licet
2901 1860 3153 1920 clericus
3193 1860 3477 1920 instituat

1918 1953 2227 2015 haeredem
2247 1955 2571 2015 clericum:
2614 1952 2798 2014 debet
2834 1953 3004 2014 enim
3036 1957 3476 2014 testamentum

1918 2064 2047 2107 esse
2080 2047 2352 2108 solemne
2379 2052 2450 2108 ut
2466 2047 2692 2121 valeat,
2710 2045 2943 2107 seclusa
2961 2045 3209 2124 speciali
3236 2046 3476 2108 ratione

1917 2138 2036 2218 piae
2063 2157 2284 2214 causae,
2316 2144 2378 2201 et
2405 2139 2490 2200 sic
2518 2139 2595 2200 de
2617 2138 2777 2199 aliis.

1997 2234 2098 2292 22.
2120 2231 2177 2294 A
2199 2233 2553 2295 resolutione
2561 2232 2858 2312 praedicta
2876 2230 3070 2310 excipi
3087 2231 3478 2310 Papam,Ec-

1917 2325 2132 2389 ctesias
2150 2344 2252 2388 seu
2275 2327 2722 2389 communitates
2745 2324 3175 2387 ecclesiasticas
3187 2330 3242 2386 ct
3259 2325 3371 2404 pia
3386 2324 3478 2385 lo-

1920 2436 2013 2494 ca,
2034 2425 2325 2498 quatenus
2345 2420 2549 2500 aliquo
2569 2417 2817 2497 speciali
2838 2419 3099 2496 §audent
3109 2418 3434 2497 privileyio
3454 2444 3478 2478 .-

1922 2512 2188 2592 idemque
2214 2514 2281 2573 dc
2301 2529 2560 2591 pcraoua
2589 2510 2826 2572 illustri
2852 2510 3095 2571 habente
3121 2510 3321 2572 similo
3340 2511 3481 2589 pri-

1920 2606 2228 2683 vileyium.
2261 2636 2345 2651 —
2374 2604 2651 2666 Tandem
2674 2650 2695 2680 ,
2743 2604 3112 2681 interrogari
3153 2609 3355 2683 potest
3404 2604 3481 2666 de

1922 2697 2149 2776 quibus
2192 2697 2469 2776 personis
2510 2696 2930 2757 ecclesiasticis
2967 2694 3371 2773 intelligenda
3402 2697 3480 2758 sit
3583 2731 3588 2736 ·

1914 2791 2209 2851 resolutio
2238 2789 2546 2870 praedicta.
2598 2792 2668 2851 In
2696 2808 2819 2869 quo
2855 2788 3123 2849 breviter
3153 2789 3289 2849 dico
3313 2791 3477 2851 exci-

1914 2884 2204 2962 piendam
2227 2883 2533 2963 imprimis
2560 2901 2690 2944 esse
2714 2899 3042 2962 personam
3063 2883 3293 2942 summi
3326 2884 3481 2944 Pon-

1914 2977 2119 3052 tificis,
2144 2995 2282 3056 quae
2305 2978 2442 3055 jure
2465 2976 2678 3036 divino
2695 2977 2764 3036 in
2787 2974 3100 3050 omnibus,
3130 2980 3192 3035 et
3214 2993 3326 3054 per
3344 2994 3479 3036 om-

1916 3069 2024 3129 nia
2073 3074 2356 3148 exempta
2404 3073 2497 3130 est
2536 3086 2574 3129 a
2615 3072 2915 3148 potestate
2966 3066 3159 3143 civili,
3204 3073 3274 3128 ut
3312 3086 3480 3130 nunc

1917 3179 2194 3240 suppono
2235 3177 2255 3238 3
2301 3161 2464 3223 unde
2509 3161 2712 3222 nullas
2757 3161 2925 3239 leges
2969 3159 3181 3221 civiles
3224 3159 3478 3221 alterius

1918 3255 2214 3334 principis
2229 3272 2472 3316 servare
2494 3260 2762 3329 tenetur,
2776 3271 2902 3313 non
2924 3252 3124 3313 solum
3142 3252 3289 3332 quia
3307 3270 3476 3313 nunc

1917 3347 2047 3425 ipse
2075 3352 2166 3408 est
2196 3365 2519 3426 supremus
2546 3347 2613 3407 in
2641 3346 3084 3426 temporalibus
3113 3346 3181 3406 in
3210 3345 3336 3405 suis
3358 3350 3479 3406 ter-

1915 3440 2025 3515 riS,
2055 3441 2161 3501 sed
2192 3441 2378 3502 etiam
2407 3459 2484 3501 ex
2511 3441 2575 3499 vi
2600 3458 2725 3500 suae
2754 3439 3077 3518 dignitatis
3108 3439 3440 3518 spiritualis
3455 3485 3476 3515 ,

1916 3534 2076 3594 utin
2105 3534 2269 3594 dicto
2295 3538 2563 3594 tractatu
2589 3538 2906 3594 ostensum
2935 3538 3045 3593 est.
3095 3531 3303 3607 Unde,
3334 3530 3480 3592 licet

1915 3625 2198 3687 Pontifex
2220 3631 2569 3687 versaretur
2591 3625 2656 3685 in
2681 3626 2885 3687 alieno
2907 3642 3125 3703 regno,
3157 3642 3284 3684 non
3307 3628 3480 3684 tene-

1914 3724 2088 3779 retur
2123 3719 2288 3798 leges
2325 3719 2536 3779 civiles
2575 3718 2742 3779 illius
2780 3718 2959 3797 regni
2998 3735 3266 3793 servare,
3311 3716 3475 3796 quod

1914 3812 2197 3873 existimo
2223 3829 2467 3887 verum,
2507 3830 2633 3872 non
2661 3811 2860 3872 solum
2892 3811 2960 3871 in
2990 3811 3053 3870 vi
3081 3810 3372 3889 praecepti
3414 3814 3476 3870 et

1914 3905 2302 3981 obedientiae,
2328 3911 2398 3966 ut
2421 3905 2640 3985 probat
2662 3906 2821 3966 ratio
2848 3905 3031 3979 facta,
3058 3904 3164 3965 sed
3188 3905 3377 3965 etiam
3397 3922 3474 3965 ex

1913 3998 2097 4059 titulo
2125 3998 2413 4059 servandi
2459 3997 2947 4058 uniformitatem
2976 4014 3117 4057 cum
3157 3997 3268 4057 tali
3308 4015 3476 4057 com-

1912 4092 2242 4166 munitate,
2274 4092 2424 4170 quia
2449 4095 2539 4151 est
2567 4107 2830 4169 persona
2858 4088 3012 4149 adeo
3044 4088 3368 4162 excellens,
3402 4095 3475 4150 ut

1911 4200 1990 4243 ex
2025 4183 2088 4242 vi
2121 4183 2378 4243 rationis
2407 4200 2534 4242 non
2569 4188 2824 4260 cogatur
2850 4198 2979 4241 sese
3007 4182 3474 4242 accommodare

1910 4276 2153 4337 statutis
2175 4281 2236 4337 81
2257 4275 2496 4356 legibus
2519 4293 2774 4337 suorum
2794 4273 3179 4350 inferiorum,
3202 4274 3357 4335 utin
3377 4294 3474 4336 ca-

1904 4371 2038 4450 pite
2085 4372 2363 4451 sequenti
2411 4372 2640 4433 iterum
2685 4370 2980 4431 dicemus.
3036 4369 3267 4431 Deinde
3300 4370 3472 4430 exci-

1912 4464 2152 4545 piendae
2174 4471 2316 4527 sunt
2332 4465 2637 4541 Ecclesiae,
2659 4483 2768 4526 8811
2792 4463 3260 4525 communitates
3279 4463 3472 4525 eccle-

1911 4558 2193 4635 siasticae,
2226 4578 2298 4621 ac
2319 4560 2423 4640 pia
2461 4560 2615 4635 loca,
2649 4564 2954 4639 quatenus
2984 4558 3192 4638 aliquo
3222 4558 3472 4637 speciali

1912 4652 2239 4732 privilegio
2254 4652 2789 4732 gaudent,ratione
2799 4652 2975 4730 cujus
2990 4650 3304 4730 dispositio
3316 4648 3472 4729 legis

1911 4762 2039 4805 non
2065 4751 2264 4824 potest
2285 4746 2361 4805 ad
2388 4745 2498 4806 illa
2518 4744 3010 4819 accommodari,
3046 4748 3116 4804 ut
3148 4747 3238 4804 est
3271 4743 3347 4803 de
3376 4744 3471 4804 in-

1890 4838 2228 4899 ·stitutione
2248 4838 2456 4899 minus
2482 4838 2766 4913 solemni,
2787 4842 2850 4899 et
2868 4836 3117 4896 similia.
3147 4836 3303 4897 Nam
3322 4840 3470 4895 tunc

1911 4936 2006 4992 est
2050 4931 2374 5010 peculiaris
2422 4931 2581 4992 ratio
2615 4928 3053 5008 exemptionis,
3106 4934 3169 4990 et
3210 4929 3298 4988 ita
3341 4946 3470 4988 non

1905 5023 2246 5102 procedunt
2285 5025 2497 5085 omnia
2524 5041 2662 5103 quae
2688 5023 2979 5082 diximus.
3026 5021 3316 5101 Idemque
3352 5021 3469 5082 erit

1905 5116 1981 5176 de
2011 5134 2399 5196 quacumque
2431 5134 2693 5196 persona
2718 5117 2785 5176 in
2824 5114 3128 5194 spirituali
3164 5114 3468 5192 dignitate

1903 5210 2238 5270 constituta
2260 5255 2281 5285 ,
2331 5212 2431 5269 cui
2479 5227 2792 5270 annexum
2839 5207 2920 5268 sit
2972 5205 3172 5267 simile
3216 5208 3464 5287 privile-

1903 5301 2078 5380 gium
2102 5318 2118 5363 :
2149 5302 2313 5381 quod
2337 5302 2503 5362 idem
2526 5309 2682 5363 esset
2705 5302 2772 5361 in
2796 5318 3056 5381 persona
3079 5305 3142 5360 et
3162 5300 3465 5381 dignitate

1901 5394 2092 5470 laica,
2134 5394 2186 5454 si
2213 5393 2401 5454 talem
2429 5394 2563 5453 dari
2609 5394 2952 5472 contingat.
3007 5394 3179 5454 Tunc
3207 5399 3417 5455 autem
3438 5440 3459 5470 ,

1902 5487 2063 5547 sicut
2079 5486 2220 5547 talis
2242 5486 2652 5546 communitas
2673 5486 2772 5547 vel
2794 5504 3058 5566 persona
3074 5504 3202 5546 non
3227 5486 3462 5565 obliga-

1901 5587 2005 5645 tur
2030 5579 2168 5662 lege
2196 5580 2364 5645 civili
2405 5598 2482 5644 ex
2529 5580 2594 5642 vi
2631 5580 2921 5666 praecepti
2956 5585 3020 5644 et
3045 5579 3415 5644 obedientiae
3435 5626 3457 5662 ,
