3976 6219
915 383 1051 437 cu.
1085 384 1214 438 xvl.
1249 386 1331 439 m:
1361 385 1572 440 romu
1602 387 1683 442 m·
1714 384 1994 440 nrm
2024 384 2089 439 m
2119 381 2381 439 LEGIBUS
2411 382 2831 449 rammonuu,
2863 371 3000 436 E'r'c.

348 490 528 548 ratur
561 483 851 568 amplius,
881 487 1052 569 quia,
1080 488 1233 549 dum
1257 490 1428 569 justa
1472 508 1661 553 causa
1696 489 1915 552 tributi

349 581 556 657 durat,
580 583 956 644 consuetudo
975 583 1261 662 exigendi
1288 602 1415 645 non
1443 585 1632 647 servit
1657 585 1736 647 ad
1758 603 1915 665 pras·

349 673 748 734 scribendum
787 675 891 755 jus
929 675 1218 754 exigendi
1267 677 1454 739 etiam
1487 683 1760 740 cessante
1803 678 1913 739 illa

350 784 567 842 causa3
610 767 764 828 alias
801 785 987 830 omne
1031 769 1338 831 tributum
1364 772 1634 851 positum
1661 777 1914 853 propter

349 877 602 920 causam
637 861 1064 941 temporalem,
1095 862 1461 925 duraturam
1489 869 1699 926 tamen
1724 864 1914 945 longo

347 956 655 1032 tempore,
697 952 1110 1034 quadraginta
1144 962 1254 1017 aut
1287 962 1537 1018 centnm
1577 975 1911 1034 annorum,

349 1045 847 1125 praescriberem
885 1065 1000 1127 per
1027 1047 1184 1109 illud
1224 1055 1494 1131 tempus,
1524 1056 1594 1113 ut
1619 1056 1915 1131 perpetuo

351 1139 479 1219 peti
507 1139 720 1219 possit,
765 1140 1013 1202 etiamsi
1047 1147 1283 1203 constet
1320 1160 1568 1205 musam
1611 1160 1909 1216 cessasse,

350 1232 515 1312 quod
543 1238 638 1296 est
658 1240 872 1314 aperte
889 1234 1147 1312 falsum,
1169 1236 1319 1316 quia
1344 1243 1502 1299 esset
1527 1236 1912 1318 inaequalitas

347 1343 578 1405 magna
606 1327 771 1389 inter
795 1326 1103 1390 tributum
1145 1335 1211 1390 et
1257 1347 1508 1392 causam
1549 1331 1721 1410 ejus3
1752 1330 1911 1410 quin

345 1420 572 1500 potius,
603 1438 678 1483 eo
704 1420 837 1501 ipso
860 1423 1023 1502 quod
1047 1422 1426 1485 consuetudo
1453 1423 1745 1503 exigendi
1762 1442 1908 1486 con-

346 1511 628 1574 tinuatur
666 1519 910 1576 tantum
951 1521 1201 1595 propter
1243 1517 1633 1579 durationem
1677 1534 1905 1594 causas,

345 1605 766 1685 praescribitur
785 1610 886 1685 (ut
921 1609 1010 1669 sic
1040 1607 1257 1689 dicam)
1288 1615 1504 1671 contra
1538 1609 1909 1672 solutionem

345 1697 487 1758 talis
513 1698 754 1775 tributi,
784 1700 836 1760 si
864 1707 1054 1763 cesset
1097 1701 1239 1762 talis
1277 1720 1482 1765 causa.
1526 1703 1604 1764 Et
1630 1702 1719 1763 ita
1757 1701 1909 1764 dum

345 1808 529 1852 causa
550 1791 756 1868 durat,
777 1798 840 1855 et
863 1800 1113 1875 propter
1129 1794 1300 1857 illam
1321 1795 1507 1857 durat
1524 1795 1715 1858 etiam
1732 1814 1908 1858 exac-

344 1884 431 1943 tio
460 1882 702 1959 tributi,
731 1903 863 1947 non
888 1893 1089 1966 potest
1115 1888 1395 1950 inchoari
1421 1888 1798 1968 proeseriptio
1822 1888 1906 1951 ad

344 1976 721 2055 exigendum
750 1978 908 2040 illud
933 1981 1067 2043 sine
1093 1981 1207 2042 tali
1230 2000 1417 2043 causa
1430 2004 1450 2058 3
1478 1999 1628 2062 ergo
1654 1982 1905 2044 deberet

341 2069 621 2132 inchoari
668 2078 996 2153 postquam
1038 2074 1297 2136 cessavit
1326 2092 1533 2152 eausa,
1564 2081 1628 2138 et
1675 2075 1902 2137 nihilo-

340 2162 551 2223 minus
596 2166 958 2227 continuata
987 2166 1109 2228 fuit
1154 2169 1395 2231 exactio
1407 2184 1430 2247 3
1484 2175 1551 2230 at
1584 2174 1736 2232 tunc
1773 2187 1905 2231 non

340 2258 543 2336 potuit
562 2273 694 2319 esse
719 2259 884 2322 bona
904 2260 1080 2338 fides,
1109 2261 1259 2341 quia
1293 2280 1409 2324 nec
1437 2263 1642 2343 potuit
1655 2262 1905 2325 fimdari

341 2349 408 2409 in
441 2366 625 2410 causa
656 2368 794 2430 quae
826 2355 1107 2430 cessavit,
1139 2359 1203 2416 et
1233 2372 1363 2417 non
1384 2355 1812 2435 ignorabatur,
1833 2361 1907 2418 ut

340 2444 731 2522 supponitur,
779 2463 895 2506 nec
932 2446 1002 2507 in
1042 2449 1520 2529 praescriptione,
1565 2468 1706 2531 quse
1750 2468 1907 2513 non·

339 2533 491 2595 dum
516 2543 647 2598 erat
660 2553 682 2614 3
705 2555 855 2618 ergo
877 2539 1019 2600 talis
1044 2542 1426 2605 consuetudo
1450 2560 1772 2624 nunquam
1794 2560 1905 2625 po-

336 2632 454 2689 test
480 2628 628 2691 dare
655 2632 906 2694 titulum
930 2633 1429 2713 praeseriptionis.

417 2723 516 2783 10.
558 2725 736 2789 Mene
757 2726 1270 2790 auctoris—Alio
1295 2745 1446 2808 ergo
1478 2727 1663 2790 modo
1682 2747 1902 2792 censeo

333 2833 463 2877 esse
502 2817 854 2895 possibilem
907 2817 1139 2880 bonam
1190 2819 1380 2881 fidem
1432 2821 1501 2881 in
1544 2821 1902 2902 hujusmodi

334 2908 799 2986 consuetudine,
834 2915 898 2972 et
932 2910 1021 2972 ita
1047 2929 1177 2974 esse
1207 2911 1638 2992 explicandam
1664 2921 1729 2975 et
1747 2935 1904 2996 prae-

331 3002 722 3080 sumendam,
752 3010 826 3066 ut
845 3004 1221 3085 praescriptio
1238 3005 1508 3085 judicari
1535 3008 1724 3086 possit
1746 3008 1903 3089 legi-

332 3115 458 3158 ma.
489 3098 669 3174 Nam,
701 3096 844 3160 licet
861 3116 1044 3160 causa
1066 3098 1268 3179 prima
1294 3104 1545 3181 propter
1569 3118 1761 3180 quam
1780 3099 1902 3163 fuit

330 3189 688 3270 impositum
726 3190 1035 3253 tributum
1060 3191 1407 3269 cessaverit,
1435 3193 1637 3273 potuit
1661 3193 1796 3255 loco
1824 3194 1900 3255 il-

329 3281 452 3344 lius
471 3281 598 3343 alia
621 3289 686 3346 et
715 3283 841 3345 alia
875 3284 1223 3361 succedere,
1245 3289 1310 3345 et
1333 3285 1423 3346 ita
1449 3286 1614 3348 bona
1633 3283 1759 3348 fide
1786 3286 1898 3348 tri-

329 3375 552 3438 butum
589 3376 980 3439 continuari:
1024 3395 1173 3439 nam
1218 3376 1337 3441 boe
1365 3383 1461 3440 est
1490 3378 1560 3439 in
1602 3384 1900 3460 potestate

328 3470 648 3552 principis,
672 3478 744 3533 ut
760 3470 1053 3534 diximus.
1075 3471 1141 3533 Si
1166 3476 1639 3552 ergo‘constaret
1653 3491 1781 3536 non
1802 3492 1901 3536 so-

328 3564 462 3625 lum
487 3564 756 3644 primam
786 3582 1039 3628 causam
1081 3583 1372 3643 cesmsse,
1407 3566 1517 3629 sed
1542 3567 1734 3630 etiam
1759 3567 1899 3630 nul·

329 3657 457 3718 lam
497 3656 710 3735 aliam,
752 3663 931 3720 extra
956 3659 1502 3739 prescriptionem,
1530 3659 1719 3723 fuisse
1760 3659 1900 3724 loco

331 3750 496 3813 illius
525 3750 947 3832 subrogatam,
989 3769 1118 3813 non
1156 3751 1338 3815 video
1377 3753 1689 3834 quomodo
1709 3753 1902 3834 possit

331 3845 496 3906 bona
522 3844 646 3907 fide
671 3846 1024 3909 continuari
1041 3846 1418 3910 consuetudo
1459 3847 1749 3926 exigendi
1774 3847 1898 3910 tale

328 3938 653 4016 tributum,
679 3945 751 4000 ut
775 3939 998 4021 probat
1013 3940 1174 4003 ratio
1204 3940 1388 4001 facta.
1415 3939 1480 4002 Si
1503 3957 1652 4001 vero
1678 3958 1898 4019 quam-

325 4031 418 4093 vis
454 4037 693 4095 constet
729 4032 998 4112 primam
1038 4048 1287 4093 causam
1320 4048 1606 4107 cessasse,
1652 4049 1782 4093 non
1808 4038 1900 4094 ta-

327 4144 474 4188 men
500 4132 744 4189 constet
762 4145 844 4188 an
872 4126 996 4188 alia
1020 4126 1209 4188 merit
1237 4125 1374 4188 loco
1400 4125 1568 4188 illius
1599 4125 1897 4207 subroga-

325 4226 412 4297 ta,
443 4226 594 4281 tunc
616 4226 818 4300 potest
841 4219 1019 4282 facile
1041 4217 1249 4281 locum
1271 4217 1503 4281 habere
1525 4218 1691 4280 bona
1717 4217 1893 4282 fides.

327 4313 403 4374 Et
433 4312 575 4373 ideo
602 4311 1039 4393 distinguenda
1059 4316 1205 4374 sunt
1244 4316 1544 4392 tempora.
1578 4313 1703 4374 Aut
1724 4313 1894 4375 enim

326 4423 540 4467 sumus
590 4406 762 4468 intra
817 4412 1064 4487 tempus
1120 4404 1400 4468 nondum
1451 4412 1894 4470 consummatis

326 4499 825 4582 praescriptionis,
878 4505 942 4562 et
985 4505 1137 4562 tunc
1186 4498 1521 4562 dicendum
1565 4505 1660 4561 est
1701 4517 1894 4581 quam

325 4594 601 4674 primum
632 4593 976 4657 constiterit
1014 4610 1267 4656 causam
1309 4593 1567 4656 omnino
1608 4611 1890 4672 cessasse,

326 4687 415 4748 ita
436 4693 509 4750 ut
546 4705 751 4769 neque
772 4687 975 4768 prima
999 4685 1317 4763 subsistat,
1353 4704 1557 4767 neque
1582 4686 1706 4749 alia
1726 4687 1896 4768 justa

325 4780 707 4858 subvenerit,
762 4780 1130 4842 cessandum
1161 4797 1292 4842 esse
1317 4779 1399 4842 ab
1423 4779 1744 4844 exactione
1783 4782 1893 4843 tri-

325 4872 485 4948 buti,
532 4874 682 4955 quia
723 4879 1024 4936 tuncnec
1056 4891 1171 4955 per
1208 4875 1685 4955 seestjustum,
1713 4881 1893 4938 utex

325 4966 504 5028 dictis
526 4973 716 5048 patet,
748 4985 865 5030 nec
906 4967 1150 5030 ratione
1196 4966 1692 5048 prescriptionis,
1743 4968 1895 5049 quia

323 5078 452 5121 non
477 5059 599 5122 fuit
623 5066 1074 5123 consummata.
1111 5061 1237 5122 Aut
1268 5060 1584 5142 loquimur
1615 5061 1695 5125 de
1734 5068 1890 5124 tem·

322 5171 473 5235 pore
516 5160 655 5234 post
698 5163 1192 5217 consummatam
1228 5154 1782 5235 prescriptionem,
1828 5161 1894 5218 et

322 5252 471 5308 tune
496 5246 725 5327 poterit
750 5246 1055 5309 tributum
1096 5246 1409 5324 sustineri,
1441 5246 1742 5328 quidquid
1785 5249 1889 5326 sit,

321 5339 422 5401 vel
453 5339 647 5402 fuerit
686 5339 764 5403 de
795 5340 1075 5402 causain
1112 5358 1182 5402 re
1226 5339 1361 5422 ipsa
1403 5346 1710 5421 spectata.
1740 5359 1889 5404 nam

320 5434 715 5512 praesumitur
747 5432 934 5497 fiiisoe
967 5434 1152 5516 justa.
1200 5433 1407 5515 Neque
1436 5439 1533 5496 est
1572 5433 1890 5499 moraliter

320 5526 606 5608 possibile
625 5530 702 5591 ut
722 5532 860 5610 post
876 5526 1602 5611 talempraescriptionem
1626 5527 1888 5612 incipiet

1993 487 2255 569 positive
2306 492 2588 549 constare
2634 488 2730 566 (ut
2776 484 2865 547 sic
2905 481 3127 565 dicam)
3180 484 3346 565 quod
3388 490 3563 553 nulla

1992 580 2190 643 subsit
2210 598 2420 658 causa,
2466 579 2573 642 sed
2592 578 2672 641 ad
2708 595 3024 641 summum
3051 579 3336 659 negative
3363 587 3566 661 potest

1991 694 2122 738 non
2160 680 2441 737 constare
2483 671 2723 748 deilla,
2771 672 2951 734 etita
2986 688 3233 753 semper
3270 672 3561 741 estlocus

1991 767 2408 850 pnesmnendi
2433 785 2563 829 noa
2583 766 2811 828 deesse.

2075 864 2175 923 11.
2229 861 2574 923 Praesertim
2616 859 2763 940 quia
2804 864 2904 921 est
2945 862 3128 920 tenta
3170 858 3441 923 varietas
3491 863 3562 927 in

1992 959 2161 1016 statu
2202 961 2266 1018 et
2313 953 2661 1035 sumptibus
2704 950 3079 1034 principum,
3128 958 3195 1015 et
3239 953 3308 1015 in
3348 955 3562 1022 valore

1994 1064 2232 1126 rerum,
2259 1053 2333 1110 ut
2357 1047 2537 1109 facile
2578 1045 2745 1108 credi
2790 1045 2986 1127 possit
3026 1045 3286 1126 antiqua
3322 1047 3560 1112 tributa

1987 1159 2134 1222 qun
2172 1146 2424 1222 propter
2462 1138 2618 1201 alias
2646 1155 2866 1201 causas
2892 1138 3183 1219 inposita
3205 1138 3404 1217 fuere,
3433 1142 3558 1206 illis

1990 1234 2369 1298 cessantibus
2405 1233 2680 1311 durasse,
2704 1233 2859 1313 quie
2875 1231 3155 1313 judicata
3172 1239 3322 1295 sunt
3351 1253 3561 1299 neces·

1988 1328 2153 1391 saria
2200 1328 2286 1390 ad
2324 1326 2649 1390 honestam
2694 1326 2990 1407 principis
3014 1326 3556 1391 sustentationem.

1985 1423 2167 1497 Quod
2194 1423 2390 1484 etiam
2415 1420 2625 1501 attigit
2659 1419 2888 1482 mdia.
2931 1436 3163 1501 supra:
3202 1426 3268 1482 et
3307 1428 3561 1504 propter

1986 1515 2360 1591 hocCastro,
2388 1531 2598 1594 supra,
2620 1514 2688 1574 in
2710 1512 2808 1574 his
2840 1512 3090 1575 tributis
3125 1515 3397 1595 antiquis
3430 1534 3559 1577 non

1985 1608 2247 1689 requirit
2296 1608 2412 1669 has
2464 1607 2868 1682 condition-s,
2921 1606 3029 1669 sed
3082 1624 3196 1688 pro
3242 1607 3367 1669 illis
3409 1609 3562 1672 dicit

1986 1701 2270 1763 sufficere
2317 1700 2834 1762 immemorialem
2892 1700 3427 1762 consuetudinem.
3481 1703 3559 1764 Et

1986 1795 2077 1857 ita
2094 1794 2250 1857 mihi
2276 1794 2592 1875 probabile
2611 1798 2726 1870 est,
2754 1793 2836 1857 ad
2862 1793 3028 1855 hanc
3046 1794 3556 1856 consuetudinem

1984 1907 2126 1971 quae
2174 1888 2457 1971 suppleat
2486 1905 2738 1950 causam
2778 1889 3053 1967 justam,
3104 1904 3233 1948 non
3278 1887 3556 1950 sufficere

1981 1990 2223 2047 eertum
2245 1989 2488 2064 tempus
2503 1982 2697 2044 etiam
2722 1982 3116 2057 diuturnum,
3142 1979 3254 2042 sed
3271 1986 3556 2061 oportere

1983 2084 2057 2140 ut
2096 2077 2351 2140 excedat
2384 2076 2714 2139 hominum
2747 2074 3147 2150 memoriam,
3184 2080 3553 2154 argumento

1982 2172 2134 2234 dicti
2173 2189 2307 2252 cap.
2360 2169 2567 2251 Super
2588 2169 2965 2252 quibudam,
2992 2184 3035 2228 a
3064 2166 3334 2248 paritate
3362 2167 3553 2229 ratio-

1982 2266 2107 2343 nis,
2134 2274 2203 2328 et
2250 2264 2398 2346 quia
2433 2263 2743 2325 tributum
2786 2277 3110 2342 nunquam
3156 2265 3358 2341 potest
3386 2261 3552 2341 juste

1983 2358 2307 2439 exiginisi
2353 2360 2850 2438 pet-respectum
2890 2353 2970 2416 ad
3013 2355 3549 2433 caummjustam,

1983 2470 2102 2514 nec
2137 2451 2319 2514 aliter
2357 2454 2557 2532 potest
2576 2448 2915 2530 praescribi,
2938 2447 3091 2528 quia
3116 2444 3219 2508 hic
3239 2453 3553 2527 respectus

1982 2544 2315 2607 intr-insece
2347 2543 2691 2604 includitur
2724 2541 2796 2602 in
2820 2541 2957 2622 ipsa
2981 2540 3447 2617 cousuetudine,
3480 2546 3556 2602 ut

1978 2638 2146 2717 justa
2170 2644 2235 2700 et
2263 2637 2444 2699 bonae
2466 2635 2612 2698 fidei
2640 2633 3011 2716 essepossit3
3033 2650 3187 2714 ergo
3209 2638 3451 2713 oportet
3480 2638 3552 2695 ut

1982 2749 2167 2793 causa
2198 2732 2307 2793 illa
2332 2732 2414 2792 sit
2437 2736 2587 2792 nota
2612 2729 2712 2791 vel
2747 2733 3162 2810 praemmpta3
3188 2727 3301 2789 ubi
3336 2733 3552 2789 autem

1980 2823 2328 2903 ignoratur,
2368 2841 2500 2885 non
2525 2827 2731 2904 potest
2754 2822 2844 2882 ita
2880 2820 3201 2901 praesumi,
3246 2820 3370 2882 nisi
3401 2838 3550 2882 con-

1981 2917 2243 2979 suetudo
2268 2916 2528 2979 excedat
2582 2915 2913 2978 hominum
2948 2913 3353 2977 memoriam.
3400 2930 3550 2994 ergo

1980 3008 2124 3070 talis
2168 3008 2550 3072 consuetudo
2588 3008 2931 3071 necessaria
2953 3013 3049 3070 ast
3072 3008 3155 3068 ad
3182 3006 3350 3068 hunc
3371 3006 3553 3069 effec-

1979 3106 2142 3180 tum,
2175 3099 3294 3183 etitaetiamsentitMedinasupra.

2532 3282 2788 3347 CAPUT
2825 3281 2986 3346 xvi.

2017 3485 2825 3537 ummnnumm
2858 3483 3100 3536 mmm
3134 3485 3511 3537 mmmm

2594 3579 2946 3628 anmm.

2064 3756 2124 3815 l.
2182 3751 2289 3816 Ad
2323 3750 2649 3833 justitian
2704 3749 2930 3815 vitai
2974 3749 3380 3817 mem
3428 3773 3553 3823 ms

1978 3851 2271 3927 sormam
2301 3863 2406 3911 sss
2424 3845 2891 3926 pepon-nosses.
2920 3877 2995 3891 -—
3022 3844 3232 3907 Tertia
3278 3846 3552 3913 conditio

1979 3940 2061 4003 ad
2093 3938 2400 4021 jiistitiam
2437 3936 2660 3999 tributi
2691 3936 3034 3999 necessaria
3077 3944 3172 3999 est
3198 3937 3403 4003 forma
3423 3986 3446 4019 ,
3473 3946 3549 4005 ut

1978 4033 2169 4113 Cajet.
2194 4031 2491 4112 loquitur,
2517 4047 2630 4092 seu
2656 4029 2991 4110 proportio,
3012 4034 3087 4091 ut
3110 4029 3387 4111 loquitur
3405 4035 3547 4097 Gas-

1976 4131 2118 4187 tro:
2156 4124 2289 4186 boc
2318 4121 2640 4186 enimduo
2672 4121 3327 4201 inidemcoincidunt,
3358 4131 3433 4186 ut
3460 4127 3543 4189 si-

1975 4217 2299 4298 gnificavit
2342 4215 2603 4293 Media„
2628 4215 2781 4297 quia
2809 4214 2921 4276 illa
2948 4215 3152 4278 &mna
3178 4217 3340 4280 nihil
3370 4219 3543 4283 eliud

1974 4317 2068 4374 est
2107 4327 2301 4391 quam
2334 4308 2652 4392 proportio
2684 4307 2990 4372 servanda
3014 4309 3180 4373 inter
3205 4311 3539 4392 tributum,

1973 4409 2038 4466 et
2083 4403 2362 4466 subditos
2404 4402 2631 4484 quibus
2661 4401 3029 4485 imponitur.
3081 4403 3278 4480 Nam,
3317 4411 3546 4485 praeter

1972 4496 2434 4578 proportionem
2465 4496 2633 4558 inter
2661 4495 3074 4577 quantitatem
3108 4495 3296 4558 totius
3321 4497 3543 4561 tributi

1972 4597 2037 4653 et
2060 4609 2312 4655 eausam
2336 4593 2493 4672 eius,
2536 4606 2678 4672 quoe
2711 4589 2980 4671 pertinet
3018 4590 3099 4652 ad
3121 4591 3542 4672 aeqnalitatem

1971 4685 2066 4748 rei
2106 4685 2186 4748 ad
2228 4703 2400 4764 rem,
2448 4702 2561 4748 seu
2602 4683 2864 4765 justitiis
2907 4684 3366 4747 commutativae
3379 4728 3402 4764 ,
3463 4685 3542 4750 de

1972 4779 2266 4860 quajam
2311 4779 2546 4842 dictum
2593 4783 2708 4857 est,
2752 4778 3543 4861 servandaestproportio

1970 4873 2190 4936 tn'bufi
2221 4871 2302 4935 ad
2331 4890 2625 4955 personas
2657 4871 2885 4954 quibus
2910 4871 3274 4954 imponitur,
3315 4878 3381 4935 et
3404 4872 3540 4936 haec

1969 4965 2285 5049 propertio
2321 4972 2577 5028 vocam
2606 4965 2813 5029 torma
2854 4964 3100 5043 tributi,
3149 4965 3538 5047 pertinetque

1968 5060 2050 5123 ad
2072 5059 2380 5141 justitiam
2402 5058 2864 5122 distributivam
2887 5063 3169 5140 oespestu
3192 5058 3540 5121 communi-

1968 5154 2137 5232 tatis,
2159 5153 2270 5217 sed
2298 5152 2644 5216 mdundet
2626 5171 2696 5214 ιιι
2717 5150 3227 5215 comunt-tivum
3254 5157 3541 5233 respectu

1969 5247 2382 5328 sinodorum.
2426 5246 2567 5309 Non
2605 5253 2703 5307 est
2741 5244 2912 5307 enin
2944 5245 3183 5325 justum
3217 5249 3538 5306 utomnes

1967 5341 2293 5423 :equaliter
2316 5337 2583 5416 solvant,
2616 5337 2724 5400 sed
2740 5335 3294 5418 juxt-heultatem
3310 5343 3373 5401 et
3392 5355 3540 5400 con-

1965 5434 2271 5499 ditionem
2316 5432 2844 5514 uniuseujusque·
2822 5476 2844 5512 ,
2869 5430 3013 5514 plus
3048 5431 3222 5496 enim
3268 5449 3308 5494 a
3342 5430 3540 5493 divite

1963 5546 2223 5614 quamn
2261 5526 3077 5612 mmmmdumoet,
3112 5524 3538 5607 ceteri-rui-
