3976 6219
539 354 661 415 490

539 480 616 523 ex
632 457 752 520 illis
775 464 1012 519 emunt.
1036 457 1112 520 Et
1131 456 1417 520 similiter
1433 476 1735 539 pauperes
1757 478 1885 521 non
1907 459 2107 520 solent

538 573 636 616 res
684 558 926 633 portare
978 569 1055 613 ex
1105 552 1478 614 distantibus
1527 551 1697 629 loeis,
1748 552 1858 613 ubi
1908 552 2112 614 solent

538 645 865 724 vectigalia
904 645 1093 724 exigi,
1139 645 1247 706 sed
1289 645 1509 706 divites
1549 646 1934 726 frequentius
1975 646 2110 706 haec

540 741 774 820 portari
803 737 920 798 sibi
955 736 1188 798 faciunt
1225 738 1303 798 ad
1329 740 1649 818 proprium
1676 757 1860 800 usum
1873 754 1894 816 3
1941 738 2109 800 unde

542 850 620 893 ex
668 832 731 892 vi
781 831 1156 910 paupertatis
1203 849 1330 892 non
1379 832 1561 894 video
1605 833 1914 912 quomodo
1962 832 2111 893 hinc

541 928 835 1003 sequatur
879 922 986 983 illa
1024 923 1449 1004 improportiO.
1484 926 1659 999 Quod
1703 926 1755 986 si
1790 925 2112 1004 contingat

541 1031 878 1096 pauperem
917 1015 1146 1076 habere
1186 1015 1394 1095 plures
1436 1017 1619 1095 filios,
1651 1023 1715 1080 et
1753 1018 1894 1079 ideo
1928 1018 2111 1099 plura

542 1128 769 1178 emere,
819 1108 975 1170 illud
1021 1116 1115 1171 est
1156 1110 1670 1188 accidentarium,
1715 1111 1882 1192 quod
1927 1113 1998 1173 in
2041 1131 2110 1174 re

541 1201 764 1263 morali
792 1202 1163 1264 considerari
1185 1222 1311 1265 non
1335 1211 1556 1285 potest.
1583 1207 1931 1267 Proesertim
1960 1206 2112 1286 quia

541 1297 729 1358 etiam
776 1296 997 1357 divites
1039 1304 1296 1377 possunt
1340 1298 1484 1360 filiis
1528 1299 1869 1376 abundare,
1918 1305 1982 1361 et
2022 1300 2110 1360 ita

540 1389 744 1469 quoad
783 1388 902 1448 hoc
941 1394 1034 1449 est
1074 1390 1417 1470 aequalitas,
1446 1397 1510 1454 et
1544 1392 1795 1455 aliunde
1828 1393 2111 1475 pluribus

541 1488 605 1542 et
649 1481 1111 1561 pretiosioribus
1156 1482 1339 1544 rebus
1387 1485 1482 1545 uti
1526 1486 1726 1547 solent
1771 1487 1851 1547 ad
1893 1504 2112 1548 eorum

541 1575 1074 1651 sustentationem,
1097 1582 1158 1636 et
1180 1582 1476 1656 praeterea
1495 1578 1864 1658 regulariter
1889 1580 2112 1641 divites

540 1667 774 1729 habent
801 1669 1102 1747 majorem
1142 1669 1446 1731 familiam
1474 1689 1791 1733 servorum
1821 1677 1883 1733 et
1908 1672 2109 1734 famu-

538 1761 769 1837 larum,
817 1779 1004 1840 quam
1056 1762 1266 1838 alunt,
1309 1769 1536 1843 praeter
1581 1782 1879 1843 expensas
1923 1784 2112 1845 equo-

539 1871 707 1928 rum,
741 1860 886 1931 etc.,
920 1861 981 1915 et
1007 1855 1096 1915 ita
1126 1855 1307 1935 plura
1332 1863 1550 1917 emunt
1596 1857 1676 1919 ad
1703 1876 1888 1919 suum
1924 1877 2109 1920 usum

540 1952 604 2008 et
630 1953 1078 2027 consequenter
1103 1948 1243 2028 plus
1278 1950 1526 2011 solvunt
1556 1970 1634 2012 ex
1665 1951 1778 2013 tali
1809 1952 2065 2013 tributo.

624 2045 683 2102 7.
729 2043 805 2103 Et
835 2042 937 2103 hic
959 2043 1291 2120 discursus,
1313 2044 1456 2106 licet
1481 2047 1548 2106 in
1574 2045 1982 2127 vectigalibus
2001 2066 2112 2109 seu

541 2135 831 2218 portoriis
857 2135 937 2196 sit
963 2135 1330 2213 evidentior,
1357 2145 1610 2219 propter
1632 2139 1802 2200 illam
1831 2140 2109 2202 conside·

538 2231 844 2291 rationem
873 2229 1038 2309 quod
1066 2248 1367 2311 pauperes
1398 2251 1541 2294 raro
1587 2234 1876 2296 deferunt
1910 2254 1988 2297 ex
2020 2235 2111 2297 lo-

544 2324 630 2385 cis
674 2322 927 2384 remotis
970 2316 1070 2384 res
1111 2331 1361 2406 propter
1405 2345 1589 2387 suum
1628 2345 1844 2405 usum,
1880 2328 2111 2408 absque

539 2419 614 2479 ad
623 2416 919 2479 miniculo
963 2418 1422 2496 negotiationis,
1471 2420 1879 2483 nihilominus
1921 2423 2110 2483 etiam

541 2511 822 2591 procedit
873 2511 951 2572 de
997 2510 1231 2571 tributo
1279 2512 1567 2592 imposito
1615 2519 1865 2594 propter
1914 2515 2110 2576 solam

542 2604 923 2684 emptionem
963 2609 1073 2665 aut
1102 2604 1526 2668 venditionem
1568 2607 1636 2667 in
1675 2607 1862 2668 rebus
1906 2626 2111 2668 neces-

541 2696 719 2757 sariis
764 2697 844 2757 ad
872 2698 1107 2758 vietum
1149 2703 1211 2759 et
1255 2700 1572 2775 vestitum,
1612 2701 1758 2779 quia
1803 2700 1991 2761 etiam
2033 2718 2109 2761 ex

540 2788 639 2849 his
664 2788 849 2849 rebus
876 2789 1081 2868 plures
1106 2796 1323 2850 emunt
1351 2791 1589 2866 divites,
1633 2809 1743 2870 per
1775 2809 1840 2852 se
1872 2810 1944 2853 ac
1976 2809 2109 2854 mo-

540 2880 753 2942 raliter
788 2881 1116 2942 materiam
1157 2882 1583 2963 expendenda
1616 2885 1772 2945 Nam
1804 2885 2113 2964 contingit

542 2973 797 3053 quidem
840 2973 1056 3050 diviti,
1112 2973 1260 3037 licet
1306 2976 1490 3056 plura
1547 2984 1870 3039 consumat
1885 3024 1905 3054 ,
1961 2998 2112 3059 pau·

542 3067 712 3129 ciora
753 3085 997 3144 emere,
1049 3068 1197 3149 quia
1241 3069 1340 3131 vel
1391 3088 1465 3132 ex
1512 3071 1815 3133 fructibus
1858 3090 2113 3134 suarum

540 3162 994 3242 possessionum
1026 3163 1223 3224 multa
1248 3163 1502 3244 colligit,
1535 3171 1596 3227 et
1623 3164 1747 3226 alia
1772 3165 1944 3227 domi
1973 3166 2109 3242 alit,

539 3253 641 3316 vel
684 3274 798 3317 sua
832 3256 1136 3318 industria
1181 3265 1499 3338 comparat
1513 3275 1533 3337 3
1561 3259 1706 3321 licet
1736 3259 1855 3321 hoc
1899 3266 2112 3322 autem

541 3347 630 3409 ita
657 3349 758 3423 sit,
791 3349 909 3410 boc
948 3355 1150 3411 totum
1177 3356 1271 3412 est
1309 3353 1816 3427 accidentarium,
1844 3358 1907 3414 et
1947 3353 2015 3414 in
2042 3371 2111 3415 re

541 3444 761 3505 morali
814 3443 1190 3523 impossibile
1242 3450 1335 3506 est
1384 3446 1777 3508 infallibilem
1824 3446 2109 3524 regulam

540 3536 914 3597 constituere
963 3554 1101 3616 quae
1143 3555 1270 3598 non
1317 3556 1476 3618 soepe
1522 3539 1783 3602 deficiat.
1836 3539 2009 3613 Quod
2059 3540 2114 3600 si

542 3631 802 3691 fortasse
842 3630 1170 3708 Cajetanus
1211 3635 1273 3690 et
1322 3632 1429 3692 alii
1468 3632 1664 3694 velint
1699 3650 1772 3694 eo
1816 3633 1949 3711 ipso
1983 3650 2111 3694 esse

539 3724 811 3786 formam
854 3722 1076 3783 tributi
1107 3722 1194 3801 inj
1203 3727 1427 3800 ustam,
1475 3725 1641 3805 quod
1682 3744 1794 3806 pro
1830 3731 2114 3806 asporta-

541 3816 713 3876 tione
741 3820 850 3875 aut
877 3815 1192 3894 emptione
1219 3817 1497 3896 ejusdem
1525 3818 1617 3880 rei
1656 3818 1736 3880 ad
1777 3837 1961 3880 usum
2001 3837 2112 3880 ne-

542 3907 841 3985 cessariae,
882 3908 1119 3989 aequale
1165 3911 1469 3973 tributum
1515 3912 1774 3993 pauperi
1825 3918 1889 3974 et
1932 3913 2112 3974 diviti

541 4000 906 4081 imponitur,
924 4002 1238 4065 immerito
1256 4004 1321 4065 id
1339 4012 1623 4067 asserunt
1632 4022 1652 4083 3
1667 4004 1902 4085 alioqui
1919 4006 2110 4066 etiam

541 4100 698 4156 esset
731 4094 962 4175 injusta
988 4096 1192 4159 forma
1222 4097 1439 4158 tributi
1471 4098 1748 4178 impositi
1775 4116 1889 4179 pro
1927 4098 2113 4159 rebus

543 4206 726 4249 causa
753 4189 1189 4268 negotiationis
1215 4190 1439 4268 allatis,
1468 4192 1617 4272 quia
1643 4191 1879 4273 aequale
1913 4190 2111 4252 tribu-

540 4289 681 4344 tum
707 4284 962 4363 ponitur
990 4285 1248 4365 pauperi
1286 4285 1631 4364 negotianti
1671 4302 1785 4365 pro
1823 4284 1955 4345 vita
1981 4302 2113 4345 sus-

540 4374 865 4452 tentanda,
894 4383 957 4439 et
988 4378 1319 4439 mercatori
1352 4378 1553 4455 diviti,
1583 4378 1651 4439 in
1676 4377 1893 4439 eadem
1915 4383 2115 4440 mate-

541 4471 637 4532 ria
666 4478 730 4533 et
757 4473 994 4534 caeteris
1029 4474 1304 4553 paribus.
1332 4476 1463 4535 Imo
1486 4480 1550 4536 et
1576 4474 1959 4536 decimarum
1986 4476 2111 4536 dis-

541 4564 799 4626 tributio
825 4572 982 4629 esset
1011 4567 1268 4647 injusta,
1309 4568 1462 4647 quia
1505 4566 1725 4630 eadem
1769 4574 1959 4648 quota
1998 4586 2110 4648 pro

540 4658 914 4738 pauperibus
958 4666 1020 4722 et
1062 4660 1358 4721 divitibus
1399 4661 1673 4741 ponitur.
1706 4662 1776 4721 In
1821 4660 1919 4721 his
1962 4677 2112 4740 ergo

541 4751 728 4814 rebus
745 4771 874 4813 non
897 4759 1098 4834 potest
1115 4759 1356 4835 semper
1373 4760 1504 4816 tam
1523 4760 1737 4817 exacta
1759 4754 2111 4816 distributio

542 4843 702 4923 fieri,
733 4848 1074 4927 praesertim
1118 4849 1264 4928 quia
1303 4848 1436 4911 haec
1471 4849 1876 4929 improportio
1914 4853 2115 4928 potest

503 5013 520 5028 .
542 4942 930 5021 compensari
950 4941 1226 5018 aliunde,
1249 4943 1500 5019 scilicet,
1522 4944 1671 5022 quia
1687 4942 1909 5024 divites
1930 4942 2112 5023 plura

542 5041 606 5097 et
630 5035 993 5115 pretiosiora
1021 5043 1399 5098 consumunt
1431 5041 1494 5098 et
1515 5036 1944 5098 transvehunt.

624 5130 684 5189 8.
733 5128 1010 5194 Condicio
1039 5131 1280 5207 tributi,
1310 5136 1380 5193 ut
1408 5149 1541 5194 cmm
1567 5132 1955 5210 proportione
1981 5131 2107 5194 dis·

542 5222 853 5285 tribuatm·
866 5225 1178 5303 quantitas
1192 5226 1390 5288 oneris
1402 5225 1594 5304 Juxta
1616 5225 1776 5286 vires
1799 5225 2103 5306 offasque,

539 5314 930 5394 intelliqenda
955 5316 1756 5398 moralium—Quapropter
1772 5317 2107 5380 dicendum

540 5414 633 5472 cst
657 5407 966 5487 imprimis
996 5411 1417 5475 conditionem
1461 5412 1634 5474 illam
1662 5431 1740 5474 ex
1781 5418 1956 5493 parte
1980 5411 2108 5474 for-

540 5520 660 5567 mae
685 5502 925 5582 tributi,
961 5495 1230 5584 scilicet,·'
1255 5499 1332 5572 ut
1365 5524 1510 5568 cum
1546 5506 1948 5590 proportione
1982 5505 2107 5567 dis-

1271 5684 1298 5745 Ξ

1274 5757 1294 5773 μ
1315 5753 1318 5758 .

1275 5873 1317 5920 ⁹¹¹5

1444 356 1559 410 us.
1596 357 1655 409 V.
1691 356 1772 408 DE
1806 356 2163 410 VAMETATE
2193 355 2404 409 moun
2435 354 2846 409 nummarium.

2187 456 2499 518 tribuatur
2521 455 2834 537 quantitas
2860 453 3088 531 oneris,
3115 455 3293 535 juxta
3308 454 3483 517 vires
3510 454 3784 519 faculta-

2188 551 2268 611 tis
2294 551 2801 629 uniuscujusque,
2818 547 3136 610 moraliter
3148 548 3600 629 accipiendam
3626 567 3785 626 ease,

2187 651 2493 723 quantum
2522 641 2810 703 videlicet
2847 641 3116 702 suaviter
3162 642 3352 722 possit
3385 643 3689 711 servari,
3730 652 3790 704 et

2186 736 2404 798 haberi
2429 737 2589 798 ratio
2625 735 2790 796 illius
2814 734 3231 816 proportionis
3262 737 3395 798 sine
3423 738 3787 799 vexatione

2187 831 2582 911 populorum,
2614 835 2676 890 et
2701 830 2836 891 sine
2865 834 3094 909 magna
3123 829 3490 891 difficultate
3524 830 3788 910 prinei·

2187 943 2364 1006 pum.
2391 924 2591 1000 Unde,
2615 923 2669 984 si
2684 923 2815 984 haee
2832 922 3157 1002 diligentia
3172 923 3584 999 adhibeatur,
3614 924 3789 987 nihil

2190 1016 2461 1079 obstabit
2503 1016 2669 1097 quod
2713 1015 2925 1095 aliqua
2968 1015 3375 1096 improportio
3418 1022 3749 1097 sequatur
3765 1067 3784 1094 ‚

2189 1111 2342 1190 quia
2369 1110 2478 1171 ills
2503 1115 2596 1171 est
2620 1108 2938 1171 moraliter
2972 1109 3373 1187 inevitabilis,
3414 1115 3486 1172 et
3520 1129 3669 1172 non
3692 1121 3787 1173 est

2187 1203 2454 1279 intenta,
2485 1220 2602 1264 nec
2628 1207 2908 1263 censetur
2933 1201 3146 1279 volita,
3182 1201 3289 1263 sed
3314 1204 3667 1283 permissa,
3705 1204 3785 1264 si·

2190 1300 2295 1355 cut
2338 1295 2624 1357 videmus
2667 1295 2731 1355 in
2775 1294 3033 1355 decimis
3080 1292 3507 1355 ecclesiasticis
3528 1339 3553 1371 ,
3598 1295 3779 1375 quod

2188 1386 2582 1450 uniformiter
2610 1388 3024 1468 imperantur,
3064 1388 3307 1449 etiamsi
3336 1406 3453 1469 per
3474 1389 3781 1449 accidens

2190 1482 2512 1561 contingat
2545 1481 2783 1561 aliquos
2822 1498 3124 1561 pauperes
3169 1481 3439 1542 nimium
3482 1484 3774 1543 onerari.

2188 1573 2421 1635 Deinde
2467 1574 2729 1637 dicimus
2768 1573 3185 1635 conditionem
3227 1574 3417 1635 aliam
3458 1593 3553 1636 ex
3592 1582 3775 1655 parte

2189 1666 2463 1729 materiae
2484 1672 2819 1747 sumptam,
2844 1666 3099 1743 scilicet,
3125 1672 3196 1728 ut
3215 1667 3451 1728 tributa
3473 1667 3623 1729 haee
3645 1687 3774 1728 non

2188 1761 2592 1841 imponantur
2630 1761 2698 1821 in
2732 1760 2920 1821 rebus
2947 1778 3084 1839 quoe
3107 1760 3187 1821 ad
3215 1777 3403 1821 usum
3428 1761 3774 1841 proprium

2186 1860 2536 1935 portantur,
2573 1859 2890 1930 emuntur,
2921 1860 3034 1915 aut
3062 1852 3447 1929 venduntur,
3478 1871 3624 1914 non
3643 1872 3772 1915 eme

2190 1947 2551 2027 simpliciter
2578 1966 2652 2009 ac
2675 1966 2787 2028 per
2807 1965 2871 2009 se
2899 1948 3306 2008 necessariam
3335 1947 3420 2007 ad
3448 1948 3770 2027 justitiam

2187 2040 2430 2116 tributi,
2468 2041 2617 2121 quia
2641 2059 2756 2101 nec
2781 2040 3046 2101 involvit
3071 2041 3409 2103 intrinsece
3435 2041 3767 2121 inaequali-

2190 2138 2384 2195 tatem
2420 2136 2487 2196 in
2523 2135 2725 2196 forma
2762 2135 3003 2210 tributi,
3041 2140 3115 2196 ut
3147 2140 3469 2196 ostensum
3502 2140 3623 2209 est,
3655 2152 3766 2194 nee

2190 2245 2301 2308 per
2311 2226 2718 2289 accidentales
2730 2235 2988 2289 eventus
3007 2227 3081 2289 fit
3103 2228 3360 2307 injusta,
3376 2234 3451 2288 ut
3465 2228 3666 2289 etiam
3678 2234 3766 2289 est

2188 2320 2597 2397 declaratum,
2618 2339 2732 2383 nec
2743 2321 2933 2382 etiam
2950 2326 3199 2401 propter
3211 2321 3380 2400 leges
3400 2328 3497 2383 est
3515 2322 3762 2402 iniqua,

2190 2414 2311 2475 nisi
2338 2413 2447 2474 ubi
2475 2414 2577 2475 lex
2600 2413 2709 2475 illa
2726 2413 3092 2492 obligaverit
3121 2415 3190 2474 in
3211 2414 3402 2474 terris
3426 2433 3604 2475 nunc
3624 2413 3766 2474 sub-

2190 2507 2336 2568 ditis
2358 2508 2741 2587 imperatori.
2765 2507 2978 2568 Solum
3003 2524 3151 2586 ergo
3169 2525 3418 2570 necesse
3443 2517 3543 2569 est
3560 2506 3766 2569 obser-

2190 2617 2337 2661 vare
2362 2605 2434 2659 ut
2458 2600 2539 2660 sit
2551 2601 2719 2680 justa
2736 2619 2920 2661 causa
2935 2601 3293 2681 imponendi
3312 2600 3463 2661 talia
3498 2600 3764 2675 tributa,

2190 2693 2339 2772 quia
2372 2692 2675 2754 nimirum
2710 2693 2834 2754 alia
2872 2711 3003 2755 non
3032 2693 3360 2768 sufficiunt,
3401 2699 3470 2754 et
3502 2694 3767 2772 publica

2189 2787 2517 2848 necessitas
2544 2793 2726 2865 urget
2747 2833 2768 2864 ,
2818 2792 2882 2849 et
2908 2787 3032 2848 alia
3059 2788 3216 2849 ratio
3243 2786 3639 2848 commodior
3671 2785 3763 2846 illi

2189 2880 2583 2941 succurrendi
2617 2898 2744 2941 non
2781 2881 3074 2960 suppetit.
3119 2882 3192 2942 ln
3226 2898 3354 2960 quo
3373 2880 3564 2941 etiam
3588 2886 3764 2941 tene·

2189 2971 2360 3034 bitur
2388 2973 2675 3054 princeps
2698 2973 2998 3035 moralem
3020 2973 3411 3054 diligentiam
3426 2971 3753 3049 adbibere,

2189 3071 2262 3127 ut
2304 3067 2563 3129 modum
2610 3068 2809 3148 magis
2847 3084 3097 3148 aequum
3143 3074 3209 3129 et
3252 3065 3508 3128 subditis
3543 3066 3756 3146 magis

2188 3162 2725 3241 proportionatum
2747 3180 2820 3223 ac
2841 3162 3191 3223 suaviorem
3218 3160 3435 3241 eligat,
3465 3178 3592 3240 qua
3612 3159 3755 3220 dili-

2190 3256 2402 3332 gentia
2434 3255 2748 3336 praemissa
2768 3274 2985 3319 secure
3010 3261 3211 3336 potest
3236 3255 3468 3335 eligere
3498 3254 3752 3316 modum

2188 3348 2360 3411 hunc
2390 3396 2410 3427 ,
2465 3349 2517 3411 si
2564 3350 2963 3430 probabiliter
3007 3349 3207 3411 credit
3248 3367 3381 3411 esse
3424 3348 3748 3429 aptiorem.

2189 3441 2441 3504 Accedit
2466 3443 2634 3523 quod
2662 3461 2848 3505 nemo
2869 3444 3112 3506 dubitet
3138 3461 3268 3505 esse
3288 3443 3462 3522 justa
3483 3443 3749 3521 vectiga-

2188 3535 2274 3596 lia
2312 3553 2450 3616 quae
2494 3537 2902 3616 imponuntur
2941 3555 3055 3616 pro
3088 3536 3383 3599 oneribus
3418 3553 3532 3597 seu
3571 3535 3750 3597 rebus

2189 3647 2329 3710 quse
2363 3630 2565 3710 gratia
2600 3631 3036 3711 negotiationis
3066 3636 3464 3712 asportantur
3482 3645 3505 3708 3
3525 3636 3593 3690 at
3626 3630 3752 3691 haec

2189 3722 2443 3785 tandem
2467 3724 2823 3787 redundant
2853 3726 2921 3786 in
2961 3742 3120 3787 onus
3161 3724 3552 3786 ementium:
3606 3741 3746 3784 nam

2190 3824 2561 3880 mercatores
2571 3818 2653 3880 ob
2665 3836 2805 3880 eam
2819 3836 3068 3880 causam
3079 3819 3283 3880 carius
3295 3817 3433 3879 illas
3445 3815 3745 3893 vendunt,

2191 3917 2254 3972 et
2273 3911 2362 3974 ita
2389 3912 2457 3972 in
2487 3932 2556 3974 re
2574 3931 2703 3975 non
2729 3913 2978 3975 videtur
2997 3931 3124 3975 esse
3150 3928 3384 3991 magna
3400 3909 3746 3972 differentia

2190 4005 2354 4066 inter
2369 4005 2502 4066 haec
2517 4006 2776 4082 tributa,
2795 4015 3100 4087 quantum
3119 4010 3211 4068 est
3238 4023 3320 4067 ex
3354 4010 3530 4084 parte
3545 4001 3745 4064 oneris

2189 4097 2354 4177 quod
2389 4098 2457 4158 in
2490 4117 2788 4179 pauperes
2820 4099 3150 4176 redundat,
3188 4099 3339 4179 quia
3365 4116 3493 4159 non
3525 4095 3744 4158 redun-

2188 4191 2390 4252 datin
2416 4189 2554 4253 illos
2579 4198 2652 4253 ut
2678 4210 2981 4275 pauperes
3006 4197 3191 4269 sunt,
3232 4189 3341 4253 sed
3376 4197 3449 4251 ut
3474 4195 3741 4252 ementes

2187 4292 2355 4363 sunt,
2386 4286 2629 4349 etiamsi
2654 4287 2791 4349 illas
2810 4288 2893 4349 ad
2913 4305 3056 4350 suos
3076 4305 3224 4349 usus
3244 4305 3286 4348 a
3306 4283 3741 4349 mercatoribus

2188 4385 2424 4442 emant.

2267 4473 2327 4533 9.
2378 4469 2684 4552 Optimum
2710 4473 3049 4537 consilium.
3088 4504 3173 4520 -—
3212 4472 3597 4553 Quapropter
3621 4488 3741 4531 non

2188 4565 2474 4627 existimo
2499 4566 2745 4629 civilem
2771 4566 2976 4647 legem
3002 4567 3386 4648 prohibuisse
3417 4565 3590 4627 illam
3609 4583 3741 4626 vec·

2186 4658 2473 4738 tigalium
2499 4660 2828 4722 materiam
2852 4706 2872 4738 ,
2910 4661 3060 4741 quia
3079 4661 3160 4723 sit
3181 4677 3442 4722 onerosa
3463 4657 3742 4740 pauperi-

2185 4753 2324 4829 bus,
2355 4753 2462 4815 sed
2491 4752 2637 4833 quia
2669 4755 2918 4816 videtur
2943 4772 3232 4836 asperum
3257 4759 3321 4815 et
3344 4753 3576 4814 durum
3608 4768 3740 4831 gra—

2185 4863 2332 4907 vare
2354 4846 2641 4909 homines
2658 4847 2727 4908 in
2753 4847 2853 4908 his
2875 4847 3058 4910 rebus
3084 4847 3310 4928 quibus
3328 4845 3606 4927 quotidie
3631 4864 3738 4906 nu·

2186 4940 2462 5002 triuntur
2479 4948 2541 5003 et
2557 4941 2863 5021 indigent,
2884 4947 2948 5004 et
2961 4941 3247 5003 similiter
3270 4940 3477 5002 visum
3497 4945 3591 5001 est
3610 4957 3740 5019 gra-

2186 5038 2286 5111 ve,
2317 5033 2628 5096 difficilem
2654 5052 2727 5095 ac
2755 5051 3081 5097 onerosam
3106 5034 3362 5096 reddere
3388 5033 3741 5113 asportatio-

2186 5144 2334 5188 nem
2360 5144 2571 5188 rerum
2598 5127 2676 5188 ad
2707 5128 3031 5208 proprium
3059 5145 3243 5189 usum
3275 5125 3738 5207 pertinentium.

2188 5219 2306 5281 Sed
2346 5220 2478 5280 haec
2515 5219 2841 5283 difficultas
2875 5239 3004 5283 non
3040 5221 3191 5283 facit
3219 5239 3356 5282 rem
3382 5237 3515 5281 esse
3543 5235 3652 5299 per
3685 5235 3743 5280 se

2183 5312 2438 5390 malam,
2456 5319 2519 5375 et
2535 5315 2812 5395 superari
2830 5321 3031 5397 potest
3051 5334 3130 5378 ex
3143 5314 3281 5377 aliis
3300 5312 3742 5375 commoditati·

2182 5407 2319 5485 bus,
2344 5409 2447 5471 vel
2471 5411 2958 5488 necessitatibus,
2988 5408 3473 5485 occurrentibus,
3502 5414 3741 5489 propter

2181 5520 2335 5584 quas
2362 5503 2965 5584 potestaliudstatui
2990 5504 3737 5585 abhabentepotestatem
