3976 6219
511 346 592 406 26

505 451 1388 529 proprietatibus.—Declarari
1409 458 1706 531 proeterea
1730 451 1846 511 1105
1865 456 2067 529 potest

511 560 589 603 ex
630 543 765 602 aliis
805 545 1280 622 proprietatibus
1321 544 1474 622 legis
1506 561 1524 620 ;
1570 562 1696 602 una
1738 549 1849 616 est,
1898 540 2065 619 quod

511 634 692 695 (151151
710 653 837 694 5555
866 641 1182 714 perpetua,
1206 643 1274 695 ut
1301 636 1460 696 inira
1488 636 1880 696 ostendemus
1905 656 1918 693 :
1947 634 2065 693 hoc

510 732 718 787 autem
764 727 990 787 habere
1042 746 1166 787 non
1214 733 1413 805 potest
1455 732 1831 806 praeceptum
1878 726 2065 785 unius

507 836 805 897 personas,
829 819 974 896 quia
1001 826 1296 898 perpetua
1327 839 1455 880 non
1487 825 1578 879 est
1603 836 1618 879 :
1656 818 2066 878 communitas

508 916 719 969 autem
749 916 839 968 est
868 917 1186 988 perpetua,
1210 912 1426 972 saltem
1451 930 1560 990 per
1593 911 2060 983 successionem,

507 1006 569 1061 et
587 1001 726 1060 ideo
746 1010 1027 1080 respectu
1050 1003 1216 1062 illius
1239 1004 1425 1064 habet
1447 1004 1650 1062 locum
1676 1003 1918 1081 propria
1936 1001 2057 1061 lex.

505 1094 628 1153 Nec
653 1092 864 1168 refert,
895 1094 1059 1172 quod
1089 1096 1275 1155 etiam
1302 1101 1679 1173 praeceptum
1720 1094 2062 1154 communi-

503 1185 619 1244 tati
663 1186 1022 1264 impositum
1069 1188 1258 1265 possit
1306 1206 1433 1247 esse
1483 1186 1820 1266 temporale
1846 1203 1862 1246 :
1913 1202 2061 1244 nam

503 1276 649 1336 inde
673 1278 750 1336 ad
773 1297 1086 1338 summum
1110 1281 1407 1357 sequitur,
1434 1298 1557 1339 non
1587 1297 1769 1339 omne
1796 1295 2061 1357 praecep-

504 1374 638 1428 tum
664 1372 1091 1430 communitati
1118 1373 1472 1449 impositum
1498 1390 1625 1431 esse
1656 1371 1881 1447 legem,
1894 1368 2062 1447 quod

501 1467 714 1540 postea
743 1463 1118 1524 videbimus:
1150 1464 1211 1523 id
1240 1483 1386 1525 vero
1411 1483 1536 1524 0011
1563 1464 1784 1537 obstat,
1818 1463 2061 1541 quomi-

501 1571 620 1613 nus
649 1555 849 1614 omnis
872 1555 969 1614 lex
1000 1556 1218 1616 debeat
1245 1575 1376 1617 esse
1405 1556 1835 1616 communitati
1863 1556 2061 1633 impo-

501 1645 641 1720 sita,
665 1654 735 1705 ut
761 1654 1061 1726 perpetua
1089 1666 1215 1709 esse
1245 1650 1456 1727 possit.
1486 1649 1653 1709 Idem
1682 1647 1924 1708 ostendi
1952 1666 2058 1725 po-

499 1742 640 1813 test,
691 1741 990 1800 sumendo
1039 1741 1199 1801 hanc
1245 1742 1716 1820 perpetuitatem
1764 1759 1837 1801 ex
1885 1746 2058 1819 parte

497 1828 752 1890 ferentis
792 1832 1017 1909 legem,
1067 1833 1212 1911 quia
1253 1834 1329 1893 de
1370 1835 1606 1893 ratione
1655 1834 1807 1909 legis
1840 1838 1951 1905 est,
1987 1837 2059 1890 ut

497 1940 623 1982 non
654 1924 919 2001 pendeat
948 1943 1024 1984 ex
1051 1926 1179 1984 vita
1205 1925 1590 2003 legislatoriS,
1620 1931 1692 1984 ut
1724 1926 1887 1984 infra
1916 1942 2060 2002 pro-

495 2013 811 2074 babimus:
837 2023 900 2075 at
927 2018 1042 2076 1105
1064 2018 1261 2076 solum
1288 2017 1473 2077 habet
1492 2018 1698 2077 locum
1720 2018 1787 2075 10
1814 2016 2054 2091 legibus

496 2108 961 2167 communibus:
1007 2115 1381 2187 praeceptum
1423 2110 1592 2168 enim
1633 2108 1943 2185 singulare
1992 2116 2054 2166 et

494 2198 605 2256 uni
635 2203 875 2257 tantum
902 2218 1175 2277 personae
1196 2201 1554 2277 impositum
1584 2205 1779 2259 cessat
1807 2205 2052 2259 mortuo

494 2290 911 2367 proecipicnte,
958 2292 1056 2351 vel
1103 2298 1341 2351 remoto
1387 2311 1423 2351 a
1479 2310 1590 2351 suo
1645 2310 1924 2367 munere,
1981 2298 2054 2351 ut

493 2382 837 2440 communis
866 2400 1099 2457 5505115,
1142 2390 1203 2444 51
1231 2385 1606 2443 consuetudo
1635 2390 1915 2456 testatur,
1950 2403 2054 2443 cu-

489 2472 590 2550 jus
617 2474 706 2532 rei
735 2474 1040 2534 rationem
1066 2475 1231 2534 infra
1257 2475 1593 2535 trademus,
1624 2476 1832 2552 Neque
1863 2476 2050 2534 etiam

491 2564 595 2624 hic
628 2564 817 2626 refert
856 2566 1017 2643 quod
1050 2574 1424 2645 proeceptum
1461 2586 1574 2645 pro
1606 2568 2049 2627 communitate

490 2655 691 2715 latum
730 2658 1130 2733 extinguatur
1162 2677 1272 2736 per
1312 2665 1574 2718 mortem
1616 2658 2047 2737 praecipientis,

493 2748 546 2806 si
580 2766 691 2826 per
730 2750 983 2808 modum
1023 2750 1177 2827 legis
1215 2769 1343 2810 1100
1387 2752 1466 2810 511
1514 2750 1732 2824 latum,
1778 2757 1848 2809 ut
1887 2751 2050 2810 infra

495 2840 683 2900 etiam
711 2841 942 2901 dicam:
978 2861 1123 2901 nam
1145 2842 1289 2903 hinc
1315 2844 1503 2902 etiam
1525 2842 1724 2901 solum
1744 2842 2042 2920 sequitur,

491 2950 620 2991 non
640 2950 822 2992 omne
843 2941 1218 3012 praeceptum
1239 2935 1670 2994 communitati
1688 2935 2047 3012 impositum

492 3041 621 3083 esse
648 3024 871 3101 legem,
904 3044 1045 3085 cum
1076 3046 1198 3104 quo
1244 3033 1385 3100 stat,
1417 3033 1486 3085 ut
1530 3027 1629 3086 lex
1674 3026 1893 3085 debeat
1938 3025 2048 3085 ha-

489 3116 634 3177 11515
656 3117 827 3176 illam
849 3120 1341 3197 perpetuitatem,
1370 3138 1477 3179 seu
1502 3118 2046 3196 independentiam

492 3228 531 3269 a
555 3227 814 3287 persona
832 3211 1084 3272 ferentis
1103 3213 1297 3289 illam,
1330 3232 1517 3291 quam
1544 3232 1671 3272 non
1696 3213 1904 3286 habet,
1927 3213 2048 3271 nisi

491 3301 570 3360 sit
590 3308 960 3380 praeceptum
985 3307 1412 3368 communitati
1432 3306 1809 3383 impositum.
1837 3305 2038 3362 Dices:

489 3393 621 3453 haec
648 3396 1000 3471 conjectura
1038 3396 1235 3455 solum
1262 3395 1449 3455 habet
1476 3397 1683 3455 locum
1711 3395 1776 3453 in
1805 3394 2046 3470 legibus

489 3485 816 3545 humanis:
870 3504 1018 3546 nam
1064 3488 1131 3546 in
1177 3488 1422 3562 diviniS,
1465 3488 1590 3547 sive
1638 3485 2042 3559 naturalibus,

494 3576 622 3636 sive
664 3577 960 3654 positivis,
1004 3578 1316 3656 legislator
1355 3597 1481 3637 non
1524 3584 1722 3656 potest
1764 3577 2043 3651 deficere,

489 3667 588 3727 vel
612 3670 861 3743 mutari,
889 3675 949 3728 et
976 3671 1056 3729 ab
1094 3670 1199 3729 illo
1237 3689 1477 3748 semper
1506 3671 1775 3748 pendent
1815 3671 1879 3729 in
1909 3670 2047 3729 fieri

491 3765 554 3820 51
595 3762 961 3821 conservari.
1016 3763 1375 3839 Respondeo
1428 3762 1545 3821 hoc
1596 3779 1722 3821 non
1777 3761 2041 3834 obstare,

489 3870 639 3911 nam
670 3853 818 3929 quia
851 3853 927 3912 (15
967 3854 1207 3931 legibus
1238 3854 1463 3914 divinis
1504 3854 1738 3913 clarum
1767 3859 1858 3913 est
1888 3854 2042 3913 latas

492 3963 620 4005 5555
644 3963 754 4022 pro
778 3947 1243 4021 communitate,
1271 3947 1409 4006 ideo
1432 3947 1713 4006 addimus
1740 3946 1909 4006 illam
1938 3946 2042 4004 011-

486 4039 901 4098 servationem
917 4038 981 4097 in
1001 4038 1242 4114 legibus
1260 4039 1574 4112 humanis,
1588 4044 1658 4097 ut
1677 4038 2038 4109 declaretur,

488 4137 863 4208 praeceptum
905 4148 1143 4208 semper
1187 4131 1561 4190 considerari
1602 4130 1669 4188 in
1717 4130 1930 4189 ordine
1964 4130 2043 4189 ad

489 4222 761 4299 aliquam
790 4224 1319 4298 communitatem,
1347 4229 1416 4282 ut
1444 4223 1629 4300 possit
1668 4222 1895 4282 habere
1923 4228 2043 4281 sta-

490 4312 793 4373 bilitatem
821 4331 1009 4391 quam
1056 4314 1154 4373 lex
1198 4333 1306 4392 per
1341 4333 1404 4373 se
1454 4314 1734 4392 requirit.
1791 4315 1867 4373 Et
1897 4314 2044 4373 hinc

490 4411 862 4482 praeceptum
903 4406 1092 4484 patris
1132 4405 1397 4464 familias
1435 4406 1623 4464 servis
1657 4405 2036 4483 Impositum,

486 4496 587 4555 vel
607 4497 792 4556 etiam
813 4496 977 4571 filiis,
1005 4497 1130 4555 imo
1154 4505 1216 4556 et
1242 4497 1354 4555 toti
1372 4496 1645 4571 familiae,
1663 4516 1787 4555 non
1808 4502 1898 4556 est
1919 4497 2041 4570 lex,

490 4594 561 4647 ut
589 4589 764 4648 docet
800 4591 865 4649 D.
907 4589 1195 4662 Thomas,
1237 4588 1381 4646 dict.
1423 4593 1639 4664 quaest.
1685 4590 1787 4663 90,
1828 4595 1943 4649 art.
1980 4590 2040 4662 3,

489 4680 568 4739 ad
594 4683 653 4753 3,
680 4681 829 4758 quia
856 4699 983 4742 non
1007 4686 1095 4739 est
1118 4680 1311 4739 latum
1340 4679 1665 4740 sufficienti
1694 4681 2041 4740 communi-

488 4773 625 4847 tati,
652 4781 721 4834 ut
750 4773 982 4833 ibidem
1012 4773 1257 4847 dicitur,
1285 4772 1383 4833 vel
1410 4774 1556 4850 quia
1581 4791 1708 4832 non
1737 4779 1827 4833 est
1847 4773 2045 4832 latum

490 4883 600 4943 per
627 4865 941 4944 propriam
976 4865 1469 4943 jurisdictionem
1496 4866 1852 4939 coactivam,
1877 4865 2045 4943 quod

491 4957 571 5017 ad
603 4957 804 5036 legem
832 4959 1244 5018 necessarium
1269 4964 1382 5034 est,
1405 4964 1474 5018 ut
1497 4958 1642 5017 dicit
1663 4958 2042 5032 Aristoteles,

491 5048 601 5111 lib.
629 5053 707 5109 10
733 5052 960 5126 Ethic.,
987 5069 1119 5129 cap.
1147 5051 1260 5110 ult.

575 5144 672 5202 12.
719 5145 993 5203 Tandem
1042 5149 1239 5222 potest
1286 5144 1404 5203 hoc
1449 5142 1748 5203 declarari
1799 5160 1875 5202 ex
1925 5141 2047 5201 alia

391 5302 402 5312 ,
490 5237 866 5315 proprietate
889 5236 1062 5313 legiS,
1077 5256 1211 5315 quas
1230 5243 1321 5297 est
1344 5255 1471 5297 esse
1495 5237 1774 5313 regulam
1795 5241 1857 5295 et
1875 5253 2047 5295 men-

493 5348 701 5389 suram
729 5329 1124 5405 operationiS,
1150 5330 1324 5406 quasi
1352 5348 1428 5389 ex
1470 5336 1642 5407 parte
1685 5329 1956 5387 materiae
1984 5334 2047 5387 et

490 5422 683 5499 medii
711 5420 957 5483 virtutis
986 5437 1002 5480 z
1034 5439 1183 5480 nam
1204 5421 1320 5481 hoc
1354 5422 1537 5482 modo
1571 5422 1792 5484 dicitur
1829 5420 2047 5499 regula

1495 352 1613 403 LlB.
1649 353 1687 404 1.
1720 351 1800 402 DE
1832 350 2086 401 NATURA
2117 349 2294 402 LEGIS
2326 351 2388 403 IN
2421 350 2715 402 commum.

2141 451 2451 528 justorum
2479 457 2540 510 51
2576 451 2972 527 injustorum,
3004 456 3072 510 ut
3101 469 3178 511 ex
3213 451 3440 511 Basilio
3469 457 3530 513 et
3564 452 3703 513 aliis
3747 469 3752 474 ·

2146 561 2333 620 supra
2368 543 2574 602 retuli.
2622 545 2696 602 Et
2724 543 2939 602 eodem
2983 544 3163 604 modo
3192 545 3255 604 id
3286 544 3447 620 quod
3480 563 3590 621 per
3616 544 3701 604 15-

2146 653 2287 711 gem
2310 634 2624 708 definitur,
2656 640 2911 694 vocatur
2929 634 3007 693 ab
3027 635 3351 695 Aristotele
3382 637 3442 708 5,
3474 635 3698 709 Ethic.,

2146 745 2279 804 cap.
2315 730 2372 802 1,
2393 729 2650 804 justum,
2681 726 3032 803 legitimum
3056 744 3163 785 5511
3182 726 3399 802 legale,
3428 731 3497 785 ut
3527 732 3701 785 nota-

2144 819 2235 877 vit
2262 819 2329 879 D.
2364 819 2630 878 Thomas
2637 863 2655 892 ,
2678 818 2822 877 dict.
2854 824 2973 877 art.
3007 820 3066 877 2.
3092 819 3195 876 Est
3224 835 3373 895 ergo
3401 818 3501 877 lex
3525 817 3702 896 quasi

2144 910 2361 987 regula
2388 911 2784 983 constituenS,
2834 909 2933 969 vel
2960 910 3288 969 ostendens
3333 910 3400 968 in
3430 927 3541 967 sua
3572 927 3702 968 ma-

2143 1003 2300 1061 teria
2318 1047 2339 1075 ,
2389 1020 2496 1061 5511
2544 1002 2900 1080 operatione
2950 1002 3113 1061 circa
3165 1019 3353 1079 quam
3401 1006 3699 1075 versatur,

2141 1094 2417 1154 medium
2448 1093 2820 1153 servandum
2850 1094 2929 1152 ad
2952 1098 3116 1152 recte
3144 1093 3700 1170 convenienterque

2142 1187 2543 1264 operandum.
2576 1186 2720 1244 Haec
2762 1192 2969 1244 autem
2997 1185 3214 1262 regula
3243 1185 3319 1244 de
3356 1203 3418 1244 se
3447 1187 3701 1245 univer-

2141 1279 2282 1339 salis
2304 1290 2418 1351 est,
2432 1277 2510 1337 ad
2529 1295 2743 1337 omnes
2762 1295 2903 1336 cum
2925 1278 3319 1355 proportione
3340 1278 3655 1355 pertinens
3678 1292 3695 1336 ι

2142 1387 2288 1446 ergo
2316 1369 2415 1429 lex
2435 1370 2510 1428 de
2539 1387 2602 1429 se
2634 1375 2725 1428 est
2749 1369 3090 1446 generalis:
3115 1375 3184 1427 ut
3215 1386 3364 1445 ergo
3386 1368 3594 1446 aliqua
3621 1369 3699 1429 sit

2141 1462 2388 1541 propria
2415 1467 2475 1522 et
2501 1460 2774 1540 perfecta
2799 1461 2921 1532 lex,
2958 1461 3118 1520 hanc
3145 1460 3562 1520 conditionem
3588 1459 3699 1519 ha-

2139 1554 2282 1614 bere
2308 1553 2508 1614 debet.
2542 1555 2604 1614 Si
2634 1571 2781 1613 vero
2815 1558 2957 1612 sunt
2985 1552 3194 1630 aliqua
3224 1558 3526 1631 praecepta
3554 1552 3697 1629 qui-

2139 1645 2254 1705 bus
2278 1646 2409 1705 haec
2435 1646 2703 1705 conditio
2722 1663 2850 1704 non
2869 1645 3051 1718 inest,
3072 1644 3172 1703 vel
3193 1643 3554 1722 simpliciter
3573 1660 3699 1701 non

2138 1745 2282 1798 sunt
2308 1738 2496 1815 legeS,
2518 1738 2615 1797 vel
2635 1738 2686 1797 si
2708 1738 2871 1797 inter
2893 1736 3059 1812 leges
3086 1742 3520 1808 numerantur,
3542 1733 3697 1793 illud

2139 1832 2312 1891 estin
2330 1836 2632 1908 quantum
2652 1830 2824 1889 illam
2843 1828 3259 1888 conditionem
3281 1827 3487 1905 aliquo
3512 1826 3695 1885 modo

2136 1924 2528 2002 participant.
2573 1924 2732 1982 Addi
2770 1922 2959 1983 etiam
3000 1927 3221 2000 potest,
3268 1922 3575 1999 pertinere
3617 1919 3695 1978 ad

2134 2014 2296 2075 11505
2324 2015 2814 2093 generalitatem,
2841 2033 2949 2074 seu
2978 2013 3484 2074 communitatem
3515 2011 3689 2088 legis,

2135 2113 2204 2166 ut
2244 2109 2528 2168 universe
2568 2108 2826 2180 feratur,
2865 2108 2998 2167 sine
3040 2123 3440 2185 personarum
3478 2122 3692 2181 accep-

2135 2200 2325 2273 tione,
2358 2205 2465 2258 aut
2492 2200 2709 2276 iniqua
2736 2199 3116 2275 exceptione,
3141 2199 3321 2274 juxta
3353 2214 3486 2274 cap.
3523 2194 3692 2256 Com-

2136 2310 2361 2365 munes,
2392 2291 2470 2350 de
2507 2292 2791 2365 constit„
2824 2297 2885 2350 et
2912 2290 3029 2349 hoc
3056 2291 3344 2350 videntur
3371 2287 3691 2347 intendere

2135 2385 2332 2443 multa
2356 2403 2432 2443 ex
2452 2384 2630 2443 dictis
2643 2384 2911 2461 juribuS,
2931 2401 3066 2462 quae
3087 2387 3440 2461 supponunt
3460 2380 3691 2458 priores

2133 2478 2535 2551 conditioneS,
2580 2495 2688 2536 5511
2717 2477 3241 2536 universalitatem
3279 2475 3453 2551 legis,
3496 2479 3557 2532 et
3584 2471 3690 2530 ad-

2131 2569 2288 2627 dunt
2323 2568 2483 2627 hanc
2510 2575 2809 2645 tanquam
2836 2568 3242 2627 necessariam
3271 2567 3349 2626 ad
3383 2565 3688 2644 justitiam

2129 2661 2304 2737 legiS,
2332 2660 2408 2719 de
2437 2679 2558 2737 qua
2578 2658 2763 2736 paulo
2790 2667 2926 2737 post
2949 2660 3247 2719 dicemuS.

2211 2754 2309 2811 13.
2358 2751 2613 2827 Sacisfit
2649 2752 3024 2828 armamentis
3051 2752 3332 2827 oppositae
3359 2749 3681 2810 sententiae.

2127 2844 2401 2921 —Magis
2428 2849 2634 2901 autem
2656 2842 3068 2902 declarabitur¹
3092 2843 3224 2901 liaec
3248 2840 3539 2901 resolutio
3562 2858 3688 2899 155-

2127 2935 2456 3014 pondendo
2486 2935 2563 2994 ad
2595 2941 2960 3010 argumenta
2987 2934 3315 3012 proposita.
3342 2934 3433 2991 Ex
3465 2932 3686 3009 quibus

2127 3027 2318 3105 priori
2347 3027 2481 3085 loco
2512 3027 2706 3104 posita
2728 3024 2905 3085 facile
2930 3026 3202 3103 expediri
3231 3030 3503 3103 possunt.
3529 3026 3684 3083 Nam

2128 3121 2203 3178 ad
2236 3119 2505 3197 primum
2538 3118 2830 3192 fatemur,
2865 3118 3164 3177 Isidorum
3192 3124 3254 3178 ct
3274 3120 3343 3176 D.
3380 3118 3683 3177 Thomam

2129 3212 2196 3270 in
2214 3211 2336 3271 illis
2356 3210 2503 3269 locis
2514 3229 2639 3269 non
2662 3211 2992 3271 intendisse
3013 3212 3239 3271 directe
3259 3229 3441 3288 agere
3470 3211 3544 3269 (15
3565 3210 3684 3268 1155

2127 3302 2673 3376 conditione,illam
2686 3309 2892 3362 tamen
2907 3304 3310 3382 supposuisse:
3332 3303 3494 3362 unde
3514 3302 3682 3361 idem

2125 3396 2196 3454 D.
2225 3395 2490 3453 Thomas
2518 3396 2555 3454 5
2585 3394 2811 3468 Ethic.,
2842 3413 2976 3472 cap.
3022 3398 3080 3469 1,
3116 3394 3254 3454 lect.
3285 3396 3348 3468 2,
3371 3411 3683 3472 exponens

2127 3487 2330 3546 locum
2361 3487 2700 3547 Aristotelis
2736 3505 2920 3564 quem
2947 3487 3015 3546 in
3053 3487 3114 3547 (1.
3151 3493 3267 3547 511.
3314 3489 3351 3546 2
3402 3487 3678 3559 adducit,

2130 3579 2354 3638 clarius
2374 3579 2523 3637 dicit
2547 3579 2714 3656 justa
2739 3578 2963 3655 legalia
2985 3578 3104 3638 dici
3133 3598 3207 3639 ea
3230 3597 3368 3656 quae
3397 3585 3539 3637 sunt
3556 3579 3682 3637 fac-

2126 3671 2253 3730 tiva
2287 3670 2593 3729 felicitatis
2628 3689 2738 3748 per
2774 3673 3270 3748 comparationem
3303 3672 3384 3730 ad
3425 3687 3680 3731 comma-

2125 3764 2373 3824 nitatem
2393 3764 2725 3840 politicam,
2760 3765 2842 3824 ad
2864 3781 3042 3842 quam
3076 3764 3321 3840 respicit
3345 3763 3498 3840 leyis
3517 3763 3679 3840 posi-

2126 3857 2232 3929 tio,
2268 3854 2372 3913 ubi
2428 3853 2703 3932 loquitur
2757 3854 2832 3915 de
2881 3854 3016 3933 lege
3061 3855 3335 3915 humana
3361 3873 3376 3916 :
3434 3855 3538 3914 sed
3586 3861 3680 3914 est

2126 3947 2339 4007 eadem
2368 3947 2526 4005 ratio
2563 3946 2639 4005 de
2667 3946 2918 4024 reliquis
2957 3965 3100 4006 cum
3135 3947 3547 4026 proportione.
3582 3946 3678 4006 Ad

2125 4038 2247 4099 alia
2273 4056 2419 4098 vero
2441 4038 2606 4115 jura,
2641 4042 2703 4097 et
2727 4056 2864 4115 quae
2892 4043 3104 4098 contra
3133 4039 3243 4098 illa
3277 4038 3674 4116 objiciuntur,

2123 4129 2585 4207 respondemuS,
2614 4128 2757 4188 licet
2785 4128 2954 4189 nuda
2985 4129 3091 4189 illa
3117 4130 3304 4189 verba
3330 4147 3438 4207 per
3461 4147 3524 4188 se
3551 4147 3679 4187 non

2123 4222 2210 4281 ita
2236 4222 2627 4291 convincant,
2669 4222 2820 4298 quin
2866 4222 3100 4300 possint
3142 4240 3252 4298 per
3283 4221 3555 4299 aliquam
3585 4221 3683 4280 in-

2124 4315 2626 4392 terpretationem
2647 4314 2746 4373 vel
2765 4315 3118 4393 evasionem
3138 4315 3449 4387 enervari;
3469 4319 3681 4373 tamen

2124 4407 2430 4483 adjunctis
2475 4405 2611 4463 aliis
2655 4406 2919 4482 juribuS,
2966 4412 3028 4466 et
3074 4404 3682 4483 interpretationibus

2125 4498 2493 4575 sapientum,
2520 4515 2648 4556 non
2676 4515 2929 4574 parvam
2948 4499 3077 4558 vim
3105 4498 3331 4558 11511515
3360 4498 3438 4557 ad
3457 4498 3682 4557 verita-

2124 4594 2250 4648 tem
2278 4588 2539 4666 positam
2567 4589 3074 4650 confirmandam.

2207 4683 2305 4740 14.
2343 4681 2504 4753 Quid
2524 4682 2607 4741 sit
2635 4683 2729 4743 lea
2756 4685 3028 4759 privata.
3064 4685 3155 4745 Et
3185 4701 3292 4745 cur
3317 4685 3409 4744 ita
3430 4683 3683 4760 appelle·

2127 4778 2248 4834 tar.
2279 4807 2356 4816 —-
2385 4772 2479 4831 Ad
2507 4775 2844 4851 posteriora
2866 4792 3014 4852 ergo
3042 4780 3410 4852 argumenta
3435 4793 3685 4852 respon-
3775 4781 3791 4792 “

2126 4864 2395 4925 (150(11110
2422 4869 2550 4925 est:
2579 4872 2640 4924 et
2667 4866 2870 4943 primo
2893 4867 2971 4927 ad
2985 4868 3366 4927 D.Thomam
3397 4867 3683 4943 dicimus,

2125 4957 2193 5016 in
2230 4956 2378 5016 locis
2417 4956 2506 5017 ihi
2552 4959 2750 5017 citatis
2793 4977 3115 5038 nunquam
3157 4960 3478 5020 excludere
3521 4960 3686 5019 hanc

2127 5049 2566 5124 conditionem,
2584 5068 2698 5109 nec
2720 5051 2887 5129 loqui
2906 5052 2982 5112 de
3007 5058 3308 5131 praecepto
3325 5050 3688 5130 particulari

2128 5159 2204 5201 ex
2227 5147 2402 5220 parte
2438 5160 2713 5220 personae
2741 5146 2840 5202 cui
2871 5143 3234 5222 imponitur,
3275 5143 3377 5203 sed
3406 5161 3483 5202 ex
3510 5147 3686 5220 parte

2126 5236 2329 5314 operis
2356 5235 2431 5295 de
2468 5253 2590 5313 quo
2628 5236 2693 5295 in
2738 5237 3091 5314 particulari
3119 5237 3341 5310 datur;
3375 5242 3438 5296 et
3462 5236 3537 5296 de
3565 5236 3687 5296 hoc

2127 5328 2273 5387 dicit
2300 5327 2521 5388 (1511515
2540 5347 2668 5388 5555
2691 5329 2834 5403 tale,
2857 5335 2929 5388 ut
2955 5330 3231 5389 conferat
3254 5329 3333 5388 ad
3356 5346 3685 5390 commune

2126 5419 2382 5495 bonum,
2427 5426 2488 5480 et
2529 5421 2580 5479 si
2623 5421 2738 5480 hoc
2774 5421 3001 5481 habeat
3044 5428 3417 5501 praeceptum
3460 5421 3535 5481 (15
3577 5420 3686 5479 1110
