3976 6219
853 431 990 483 cAP.
1027 431 1203 484 xxm.
1240 431 1455 486 mmm
1487 432 1551 484 m
1582 432 1743 485 LEGE
1774 430 2109 484 mmmm
2141 430 2353 484 Acwu
2383 427 2519 482 Ipso
2548 429 2766 492 FACTo,
2801 428 2935 480 E'l'C.

283 526 530 606 legibus
552 526 936 589 irritantibus
956 547 1084 590 non
1111 532 1319 593 minus
1341 550 1528 612 quam
1548 533 1615 592 in
1644 532 1851 611 prohi-

286 620 575 680 bentibus
590 622 961 696 tantum,vel
972 624 1494 703 praecipientibus:
1522 643 1667 703 ergo
1686 630 1852 704 pote-

285 714 373 774 rit
391 731 623 774 cessare
650 714 915 775 irritatio
937 733 1048 794 per
1066 718 1550 795 conjecturatam
1577 723 1851 778 mentem

287 805 671 883 legislatotis,
726 807 884 867 sicut
930 813 1123 869 cessat
1175 809 1492 889 obligatio.
1548 808 1850 871 Probatur

285 898 716 977 aequiparatio,
746 899 916 977 quia,
947 902 1104 961 sicut
1128 902 1227 963 lex
1257 902 1629 980 generaliter
1645 902 1851 981 prohi-

285 989 440 1051 bens
472 996 669 1070 potest
694 991 762 1052 in
790 993 1147 1070 particulari
1169 1013 1311 1056 casu
1338 1013 1467 1056 non
1492 996 1692 1056 solum
1720 1014 1850 1058 non

286 1101 420 1144 esse
446 1083 639 1158 utilis,
656 1083 763 1144 sed
781 1085 968 1145 etiam
997 1104 1241 1164 nocere,
1266 1088 1356 1149 ita
1381 1088 1572 1149 etiam
1592 1089 1694 1150 lex
1712 1089 1852 1149 irri-

284 1183 429 1236 tans
454 1182 754 1255 quatenus
772 1176 914 1238 talis
927 1185 1039 1255 est;
1051 1198 1158 1240 seu
1173 1181 1360 1259 (quod
1384 1181 1550 1243 idem
1565 1183 1678 1259 est)
1693 1183 1853 1244 sicut

285 1265 358 1329 in
382 1269 573 1349 priori
594 1268 729 1348 lege
752 1275 952 1349 potest
978 1290 1212 1333 cessare
1234 1274 1393 1334 ratio
1420 1273 1574 1354 legis
1604 1275 1672 1335 in
1710 1294 1851 1354 par-

282 1361 556 1437 ticulari,
585 1379 713 1422 non
740 1362 942 1423 solum
990 1365 1300 1444 negative,
1335 1366 1442 1427 sed
1478 1367 1666 1428 etiam
1704 1352 1850 1429 con-

285 1455 499 1530 trarie,
522 1455 610 1516 ita
631 1455 819 1516 etiam
841 1456 910 1516 in
938 1456 1075 1534 lege
1104 1458 1408 1535 irritante,
1436 1465 1507 1519 ut
1533 1460 1586 1519 si
1606 1477 1685 1520 ex
1709 1461 1850 1521 irri-

285 1548 522 1608 tatione
565 1553 912 1609 contractus
935 1549 1037 1609 hic
1072 1555 1134 1610 et
1167 1568 1337 1611 nunc
1363 1557 1702 1631 sequantur
1742 1553 1851 1613 ab·

285 1641 476 1701 surda
500 1640 831 1701 intentioni
848 1639 1211 1721 legislatoris
1237 1647 1563 1706 contraria.
1585 1645 1851 1722 {Accedit

287 1733 452 1811 quod
481 1731 597 1793 hac
631 1732 873 1793 ratione
900 1733 1081 1794 multi
1123 1737 1463 1816 jurisperiti
1491 1738 1734 1813 docent,
1765 1738 1851 1798 le-

286 1843 432 1904 gem
469 1824 897 1887 annullantem
937 1834 1143 1888 actum
1183 1829 1251 1889 in
1285 1829 1563 1891 favorem
1591 1830 1853 1910 alicujus

288 1936 416 1977 non
444 1918 649 1978 sortiri
675 1918 986 1996 effectum,
1018 1921 1070 1981 si
1097 1921 1363 1983 irritatio
1398 1923 1466 1984 in
1502 1925 1635 2002 ejus
1662 1943 1853 1985 nocu-

285 2017 571 2072 mentum
614 2011 812 2088 cedat,
856 2015 1003 2093 quia
1055 2020 1207 2075 tunc
1245 2022 1440 2077 cessat
1484 2019 1645 2079 ratio
1697 2018 1853 2096 legis

285 2105 630 2177 contrariae,
649 2107 797 2185 quia
815 2107 1076 2168 vertitur
1102 2109 1169 2168 in
1183 2108 1479 2169 damnum
1495 2112 1657 2189 quod
1672 2129 1854 2191 prop-

284 2201 383 2256 ter
430 2198 823 2281 commodum
868 2200 1071 2261 fuerat
1110 2219 1487 2277 concessum,-
1529 2209 1593 2263 et
1631 2203 1720 2263 ita
1761 2209 1855 2264 est

287 2294 502 2349 contra
542 2290 952 2353 intentionem
997 2292 1362 2371 legislatoris
1393 2300 1456 2355 et
1490 2301 1704 2355 contra
1754 2314 1853 2356 re·

288 2381 500 2460 gulam
517 2382 678 2461 juris
693 2400 882 2461 supra
899 2386 1169 2446 citatam.
1188 2386 1363 2459 Quod
1372 2387 1563 2447 tradit
1575 2387 1852 2449 absolute

287 2474 483 2535 Felin.
514 2475 584 2535 in
608 2493 740 2553 cap.
773 2476 949 2551 Tuis,
971 2478 1047 2538 de
1069 2474 1374 2555 Testibus,
1391 2499 1457 2541 n.
1487 2484 1545 2552 1,
1570 2499 1714 2541 cum
1734 2482 1852 2542 Ro-

289 2585 486 2642 man.,
517 2585 684 2628 cons.
722 2570 824 2644 32,
853 2568 1118 2645 dicente,
1150 2571 1587 2633 alienationem
1628 2574 1853 2634 factam

287 2681 326 2723 a
353 2662 898 2741 minori,quamvis
914 2664 1271 2724 annulletur
1290 2682 1400 2744 per
1424 2666 1544 2743 jus,
1562 2665 1853 2727 sustineri

286 2756 719 2826 nihilominus,
733 2757 786 2816 si
813 2758 881 2816 in
903 2757 1237 2818 utilitatem
1255 2760 1514 2820 minoris
1533 2759 1725 2821 cedat.
1753 2759 1853 2820 Sic

288 2850 478 2909 etiam
517 2849 675 2909 dixit
719 2849 969 2924 Navar.,
999 2850 1338 2911 Comment.
1371 2851 1449 2913 de
1487 2852 1736 2930 Regul.,
1780 2870 1846 2914 n.

290 2943 391 3016 32,
421 2947 807 3003 contractum
856 2942 1089 3003 factum
1120 2960 1158 3002 a
1186 2943 1475 3022 religioso
1502 2945 1635 3005 sine
1661 2945 1852 3006 licen-

285 3035 377 3095 tia
406 3034 667 3111 Praelati,
694 3034 841 3096 licet
866 3052 977 3116 per
1016 3052 1079 3095 se
1106 3053 1235 3095 non
1279 3035 1503 3112 valeat,
1543 3037 1597 3097 si
1638 3042 1850 3098 tamen

288 3128 464 3189 cedat
499 3128 566 3187 in
610 3129 943 3189 utilitatem
984 3127 1319 3207 religionis,
1362 3129 1672 3203 sustineri,
1704 3132 1851 3210 quia

287 3220 353 3280 in
369 3220 502 3298 ejus
514 3220 791 3280 favorem
804 3221 1067 3282 irritatio
1088 3220 1249 3281 facta
1267 3226 1380 3282 est.
1407 3221 1608 3301 Atque
1630 3223 1848 3284 eodem

286 3313 414 3373 fere
442 3314 626 3373 modo
653 3313 819 3374 idem
848 3315 1099 3389 Navar.,
1119 3313 1187 3372 in
1215 3313 1558 3374 Comment.
1585 3313 1662 3374 de
1685 3313 1848 3374 Alie-

288 3413 419 3468 nat.
450 3425 569 3468 rer.
602 3406 1030 3482 Ecclesiastic.,
1057 3425 1096 3467 a
1120 3426 1185 3467 n.
1217 3409 1315 3481 15,
1341 3407 1492 3468 dicit
1522 3407 1849 3468 alienatio-

287 3518 433 3561 nem
447 3517 656 3560 rerum
671 3499 1234 3576 ecclesiasticarum,
1254 3517 1382 3559 non
1396 3505 1638 3562 servata
1651 3499 1852 3559 forma

290 3592 569 3652 Ecclesiae
608 3596 673 3653 et
709 3597 924 3653 contra
965 3591 1168 3672 legem
1206 3592 1556 3653 irritantem
1596 3590 1848 3665 factam,

291 3702 420 3744 esse
457 3683 727 3744 validam
757 3684 810 3744 si
840 3689 933 3745 est
961 3684 1129 3744 utilis
1149 3684 1432 3745 Ecclesiae
1459 3689 1522 3744 et
1541 3684 1609 3743 in
1632 3701 1706 3743 ea
1727 3699 1851 3742 ser-

170 3816 187 3826 ·
289 3782 472 3837 vatur
493 3777 691 3837 forma
715 3778 855 3855 jure
877 3777 1148 3838 naturali
1175 3776 1405 3838 debita.
1431 3776 1723 3854 Idemque
1759 3774 1852 3836 di-

292 3869 375 3929 cit
405 3870 482 3930 de
510 3870 803 3931 electione
824 3869 986 3931 facta
1006 3875 1220 3930 contra
1241 3869 1508 3930 formam
1524 3868 1707 3946 juris·
1738 3867 1852 3927 De-

291 3963 479 4042 nique
503 3980 576 4022 ex
607 3961 725 4022 hoc
756 3962 1062 4042 principio
1094 3962 1289 4039 aliqui
1314 3960 1448 4020 ausi
1481 3972 1627 4019 sunt
1652 3959 1853 4019 dicere

291 4074 403 4134 per
424 4054 722 4135 epiikiam
751 4071 923 4132 posse
946 4071 1114 4112 nunc
1136 4051 1469 4130 aliquando
1497 4050 1701 4111 valere
1721 4066 1853 4108 ma-

291 4148 654 4209 trimonium
691 4148 856 4207 inter
880 4144 1211 4204 catholicos
1238 4142 1469 4204 factum
1505 4144 1638 4204 sine
1673 4159 1852 4220 paro-

294 4241 411 4301 cho
442 4244 504 4300 et
531 4239 812 4312 testibus,
850 4237 1041 4298 etiam
1066 4237 1136 4296 in
1170 4236 1318 4296 locis
1352 4235 1464 4296 ubi
1502 4241 1595 4296 est
1638 4235 1854 4296 Conci-

293 4331 446 4392 lium
476 4331 961 4410 promulgatum,
994 4328 1241 4398 scilicet,
1282 4328 1348 4388 in
1394 4345 1538 4388 casu
1565 4332 1854 4388 extremae

295 4423 701 4499 necessitatis,
725 4423 834 4484 ubi
860 4440 985 4483 non
1003 4420 1173 4482 adest
1191 4420 1490 4500 parochus
1491 4466 1513 4497 ,
1532 4428 1593 4482 et
1612 4421 1855 4500 pericli-

294 4522 462 4577 tatur
485 4516 649 4577 salus
679 4524 909 4577 oeterna
926 4513 1199 4576 hominis
1220 4512 1635 4575 concubinarii
1659 4531 1855 4592 agen-

293 4611 375 4671 tis
399 4609 698 4685 animam,
720 4609 840 4668 nisi
857 4609 1026 4688 prius
1043 4607 1513 4668 matrimonium
1540 4624 1683 4666 cum
1712 4625 1856 4667 con-

297 4702 523 4762 cubina
565 4700 907 4775 contrahat,
943 4705 1006 4761 et
1036 4700 1363 4761 necessitas
1402 4699 1592 4760 etiam
1628 4716 1858 4778 magna

296 4799 476 4873 urget
495 4798 567 4853 ut
586 4792 702 4853 filii
722 4793 983 4872 legitimi
1011 4792 1377 4854 efficiantur.

376 4889 437 4947 2.
466 4888 641 4948 Mens
667 4887 935 4948 amoris
954 4887 1261 4965 mqativa,
1283 4884 1596 4948 moraliter
1623 4885 1859 4966 loquen-

297 4978 889 5041 do.-Nihilominus
925 4995 1143 5039 censeo
1182 4977 1253 5038 in·
1279 4977 1521 5056 legibus
1559 4979 1856 5040 irritanti-

294 5069 432 5146 bus,
463 5088 599 5149 quae
630 5070 730 5132 vel
759 5070 1027 5132 formam
1057 5071 1526 5132 substantialem
1567 5072 1857 5133 humanis

296 5163 708 5224 contractibus
727 5163 1079 5244 praefigunt,
1108 5163 1209 5226 vel
1226 5163 1506 5226 absolute
1529 5165 1859 5244 prohibent

295 5262 467 5317 actus
489 5274 642 5334 quos
665 5256 936 5331 irritant,
965 5274 1094 5317 non
1125 5275 1255 5318 esse
1275 5256 1726 5318 admittendam
1754 5276 1858 5320 ex-

297 5349 642 5427 ceptionem
675 5349 878 5427 quoad
913 5349 1321 5410 irritationem
1361 5357 1535 5410 actus
1561 5369 1672 5430 per
1709 5352 1863 5430 epii-

296 5440 491 5516 kiam,
524 5441 841 5503 moraliter
880 5441 1213 5522 loquendo,
1244 5444 1314 5502 ln
1336 5444 1434 5504 his
1470 5444 1642 5505 enim
1670 5446 1855 5508 rebus

298 5552 436 5615 quoe
463 5553 542 5597 ex
567 5534 755 5597 variis
773 5535 1255 5598 circumstantiis
1281 5537 1575 5619 pendent,
1603 5537 1710 5599 vix
1752 5558 1860 5620 po-

3381 424 3501 484 519

1930 538 2051 592 test
2072 537 2202 592 tam
2225 531 2592 592 universalis
2618 529 2835 609 regula
2862 528 3171 602 constitui,
3203 545 3341 607 quae
3368 547 3496 589 non

1930 625 2203 704 patiatur
2228 625 2502 703 aliquam
2537 624 2982 703 exceptionem,
3022 622 3075 681 si
3111 620 3389 699 fingendi
3435 628 3496 683 et

1932 716 2323 795 excogitandi
2356 735 2530 777 casus
2557 716 2739 777 detur
2782 714 3054 790 licentia3
3089 719 3151 773 et
3188 713 3329 774 ideo
3364 731 3497 775 mo-

1930 809 2144 869 raliter
2172 808 2488 888 loquimur
2529 808 2607 869 de
2637 807 2930 868 humanis
2957 806 3163 881 rebus,
3187 811 3372 883 prout
3403 825 3497 867 se-

1930 901 2208 962 cundum
2255 901 2639 962 ordinarium
2684 917 2932 960 cursum
2979 900 3385 978 contingunt,
3435 906 3497 960 et

1931 994 2018 1054 sic
2045 993 2306 1055 dicimus
2323 1000 2531 1054 actum
2558 993 2804 1053 irritum
2833 1010 2944 1072 per
2973 992 3177 1071 legem
3201 991 3497 1069 simplici-

1930 1091 2028 1147 ter
2054 1092 2117 1147 et
2143 1085 2444 1162 absolute,
2468 1102 2596 1146 non
2617 1102 2794 1164 posse
2830 1103 3106 1164 unquam
3136 1084 3336 1145 valide
3362 1083 3498 1144 fieri

1931 1187 2147 1242 contra
2175 1181 2364 1242 verba
2394 1181 2570 1260 legis,
2615 1198 2728 1260 per
2766 1179 2961 1240 solam
3001 1179 3316 1259 epiikiam.
3351 1181 3498 1240 Pro-

1929 1274 2115 1335 batur
2134 1274 2360 1353 primo,
2382 1273 2628 1353 quando
2647 1273 2747 1334 lex
2770 1272 3013 1333 inducit
3029 1271 3497 1332 substantialem

1927 1366 2220 1443 formam,
2265 1367 2409 1445 quia
2434 1366 2501 1426 in
2542 1366 2715 1427 nullo
2744 1384 2886 1427 casu
2916 1370 3115 1446 potest
3145 1383 3243 1426 res
3271 1364 3499 1425 subsis-

1930 1465 2067 1521 tere*
2088 1461 2221 1521 sine
2253 1460 2364 1520 tali
2393 1459 2597 1521 forma
2614 1476 2630 1520 ε
2649 1478 2797 1540 ergo
2830 1460 2898 1521 in
2937 1459 3109 1520 nullo
3141 1459 3328 1520 etiam
3354 1477 3497 1519 casu

1930 1559 2130 1632 potest
2154 1554 2419 1615 irritatio
2444 1572 2700 1629 cessare,
2732 1571 2869 1633 quae
2908 1552 3106 1612 oritur
3131 1570 3209 1612 ex
3253 1550 3499 1612 defectu

1929 1645 2071 1707 talis
2098 1645 2334 1706 formoe.
2362 1646 2534 1706 Dices
2553 1664 2683 1706 non
2695 1646 3023 1706 subsistere
3042 1662 3176 1706 rem
3198 1649 3348 1705 tunc
3365 1645 3497 1705 sine

1933 1738 2138 1799 forma
2164 1738 2573 1814 substantiali,
2599 1739 2704 1799 sed
2727 1739 3003 1800 desinere
3026 1738 3290 1797 formam
3324 1736 3497 1796 illam

1934 1830 2399 1892 substantialem
2430 1849 2582 1906 esse,
2610 1831 2768 1891 sicut
2794 1830 2846 1890 si
2872 1831 2941 1890 in
2967 1848 3042 1891 ea
3074 1829 3497 1908 dispensatum

1934 1930 2114 1986 esset.
2135 1924 2254 1985 Sed
2273 1928 2507 1997 contra,
2529 1924 2676 2002 quia
2697 1922 2900 1983 forma
2918 1920 3335 1982 substantialis
3353 1937 3497 1981 cum

1935 2017 2269 2077 constituat
2288 2017 2379 2077 rei
2406 2016 2738 2077 essentiam
2767 2015 2950 2077 debet
2980 2033 3109 2075 esse
3132 2031 3375 2091 semper
3396 2031 3498 2073 ea-

1933 2110 2100 2183 dem,
2132 2109 2337 2187 quoad
2377 2108 2516 2169 fieri
2547 2107 2758 2186 possit;
2794 2107 2978 2168 debet
3010 2107 3198 2167 etiam
3222 2123 3352 2166 esse
3380 2106 3499 2165 im-

1935 2201 2251 2263 mutabilis
2273 2202 2341 2262 in
2359 2219 2470 2261 suo
2487 2199 2729 2275 ordine,
2753 2201 2841 2260 ita
2853 2205 2925 2259 ut
2946 2198 3163 2259 saltem
3181 2197 3344 2258 solus
3367 2196 3496 2275 ipse

1932 2294 2107 2355 illam
2134 2300 2376 2355 mutare
2403 2293 2594 2373 possit
2629 2292 2739 2371 qui
2765 2292 2938 2352 illam
2961 2290 3251 2350 instituit.
3278 2290 3355 2349 Et
3381 2289 3499 2349 hac

1932 2388 2173 2448 ratione
2198 2387 2460 2447 dicimus
2503 2385 2748 2445 nullum
2775 2390 2995 2464 praeter
3034 2383 3342 2443 Christum
3383 2382 3498 2440 Do·

1934 2482 2179 2542 minum
2203 2499 2377 2560 posse
2400 2479 2599 2541 facere
2627 2484 2698 2539 ut
2721 2483 3176 2539 sacramentum
3196 2475 3329 2536 sine
3356 2474 3498 2534 sub-

1932 2574 2204 2635 stantiali
2240 2573 2441 2634 forma
2479 2570 2685 2632 valide
2725 2570 2854 2646 fiat,
2892 2587 3093 2648 neque
3134 2568 3202 2628 in
3237 2567 3355 2628 hoc
3392 2567 3497 2628 ad-

1933 2667 2208 2728 mittitur
2248 2666 2503 2746 epiikia,
2534 2683 2735 2744 neque
2757 2662 3134 2742 dispensatio
3154 2679 3267 2741 per
3302 2660 3495 2721 alium

1933 2777 2123 2838 quam
2176 2778 2288 2837 per
2343 2759 2679 2838 ipsummet
2720 2757 3032 2819 Christum
3064 2774 3079 2817 :
3127 2772 3275 2832 ergo
3328 2753 3496 2814 idem

1932 2870 2074 2913 cum
2096 2851 2491 2931 proportione
2527 2850 2861 2910 dicendum
2889 2854 2982 2908 est
3001 2848 3070 2907 in
3097 2848 3270 2909 omni
3295 2846 3499 2907 forma

1929 2942 2316 3003 substantiali
2342 2961 2453 3021 per
2476 2941 2682 3019 legem
2711 2940 3080 3002 introducta.

2014 3035 2073 3094 3.
2119 3036 2303 3097 Ratio
2326 3036 2394 3096 de
2421 3034 2581 3095 omui
2599 3033 3063 3095 imitationa—
3086 3031 3390 3107 Secundo,
3420 3031 3497 3092 de
3589 3027 3602 3033 ’

1930 3128 2106 3188 omni
2132 3127 2478 3187 irritatione
2520 3124 2882 3205 prohibente
2917 3132 3126 3186 actum
3161 3132 3256 3187 est
3285 3125 3499 3186 efficax

1927 3220 2112 3295 ratio,
2147 3220 2295 3299 quia
2327 3219 2429 3280 lex
2469 3219 2719 3279 irritans
2755 3218 3139 3279 voluntatem
3167 3218 3247 3278 ad
3285 3224 3496 3279 actum

1928 3312 2227 3391 aliquem,
2246 3311 2601 3372 inhabilitat
2616 3328 2965 3391 personam,
2991 3310 3092 3372 vel
3112 3310 3496 3390 simpliciter,

1928 3406 2031 3467 vel
2047 3406 2127 3467 ad
2155 3405 2644 3466 contrahendum
2676 3405 2797 3466 nisi
2818 3405 3002 3483 juxta
3030 3405 3297 3466 formam
3316 3404 3495 3483 legis,

1929 3499 2087 3560 sicut
2116 3499 2184 3559 in
2211 3498 2516 3578 principio
2551 3498 2765 3578 capitis
2798 3497 3197 3577 praecedentis
3227 3497 3499 3559 declara-

1931 3602 2071 3652 tum
2124 3596 2256 3668 est;
2309 3590 2414 3652 sed
2464 3590 2821 3651 inhabilitas
2850 3607 2959 3670 per
2994 3590 3196 3669 legem
3246 3590 3501 3654 inducta

1933 3703 2064 3745 non
2109 3691 2310 3764 potest
2355 3684 2598 3746 restitui
2626 3703 2737 3764 per
2775 3685 3030 3746 modum
3059 3684 3323 3764 epiikiae,
3352 3686 3500 3763 quia

1932 3778 2162 3856 epiikia
2189 3776 2268 3837 ad
2314 3794 2632 3838 summum
2668 3783 2868 3856 potoet
2893 3777 3235 3838 conducere
3274 3776 3354 3838 ad
3388 3795 3499 3838 ex-

1931 3870 2313 3930 cusationem
2354 3868 2786 3948 obligationis:
2842 3870 2922 3931 ad
2966 3869 3237 3930 dandam
3290 3875 3500 3930 autem

1931 3967 2298 4041 potestatem
2332 3978 2522 4040 quam
2562 3962 2752 4022 homo
2788 3979 2917 4021 non
2956 3960 3165 4036 habet,
3194 3967 3305 4022 aut
3329 3963 3505 4023 resti-

1930 4054 2232 4116 tuendam
2266 4053 2537 4114 ablatam
2557 4099 2578 4131 ,
2620 4072 2748 4115 non
2794 4054 3042 4129 sufficit,
3075 4055 3225 4133 quia
3264 4055 3342 4114 ad
3384 4055 3502 4117 hoc

1930 4145 2272 4224 requiritur
2293 4145 2591 4223 positivus
2612 4152 2786 4207 actus
2812 4145 2922 4225 qui
2952 4150 3104 4206 tunc
3123 4163 3251 4206 non
3267 4145 3361 4221 fit,
3387 4165 3503 4209 nec

1932 4257 1973 4299 a
2012 4238 2349 4316 superiore,
2396 4256 2510 4299 nec
2554 4238 2634 4299 ab
2686 4237 2897 4316 aliquo
2941 4237 3050 4316 qui
3093 4238 3223 4298 vim
3274 4239 3503 4301 habeat

1932 4328 2298 4391 restituendi
2323 4335 2687 4409 potestatem
2734 4329 3005 4391 ablatam
3046 4329 3146 4390 vel
3180 4329 3504 4391 auferendi

1932 4422 2391 4485 inhabilitatem
2439 4423 2778 4484 inductam.
2823 4423 2945 4484 Nec
2992 4423 3251 4501 cogitari
3304 4430 3506 4504 potest

1935 4515 2102 4595 quod
2129 4532 2242 4594 per
2262 4535 2326 4578 se
2355 4521 2546 4576 cesset
2572 4514 2962 4591 inhabilitas,
2985 4515 3082 4577 vel
3103 4516 3270 4595 quod
3288 4515 3405 4577 sub
3431 4535 3505 4578 ea

1936 4608 2289 4669 conditione
2334 4608 2588 4669 inducta
2628 4608 2732 4684 sit,
2762 4614 2834 4668 ut
2859 4608 2927 4668 in
2954 4619 3102 4668 casu
3127 4609 3506 4670 necessitatis

1936 4701 2257 4762 auferatur
2284 4701 2385 4762 vel
2422 4700 2597 4780 quasi
2641 4700 3088 4781 suspendatur3
3115 4701 3180 4761 id
3211 4702 3381 4762 enim
3414 4708 3507 4762 est

1935 4793 2128 4855 veluti
2152 4799 2369 4856 contra
2393 4799 2684 4855 naturam
2702 4793 3110 4855 inhabilitatis
3141 4793 3420 4855 absolute
3445 4799 3507 4855 et

1936 4886 2070 4947 sine
2111 4887 2496 4948 restrictione
2542 4886 2848 4962 inductae3
2901 4892 2997 4948 est
3049 4886 3241 4948 etiam
3289 4892 3506 4947 contra

1936 4997 2175 5041 morem
2204 4980 2425 5041 talium
2446 4980 2683 5058 legum,
2714 4979 2956 5058 quoties
2995 4979 3187 5041 talem
3217 4977 3509 5039 inhabili-

1936 5077 2131 5135 tatem
2161 5072 2520 5153 simpliciter
2544 5071 2873 5147 inducunt,
2902 5078 2976 5134 ut
3001 5077 3171 5151 patet
3199 5070 3277 5134 de
3319 5070 3507 5133 inha-

1935 5165 2175 5227 bilitate
2220 5166 2300 5227 ad
2335 5165 2828 5227 contrahendum
2871 5183 3016 5226 cum
3047 5165 3509 5244 consanguinea

1937 5256 2007 5317 in
2034 5257 2230 5335 gradu
2252 5257 2587 5337 piohibito,
2612 5274 2752 5337 quae
2778 5258 2847 5318 in
2889 5257 3063 5319 nullo
3089 5275 3235 5320 casu
3273 5274 3509 5319 cessare

1938 5357 2140 5431 potest
2177 5352 2310 5412 sine
2343 5351 2819 5431 dispensatione.

2020 5447 2083 5505 4.
2125 5447 2201 5506 Et
2227 5445 2343 5506 hac
2369 5446 2610 5507 ratione
2654 5445 2871 5507 dicunt
2917 5448 3330 5509 communiter
3365 5448 3507 5508 doc-

1939 5545 2104 5602 tores
2149 5556 2477 5620 personam
2514 5537 2854 5603 inhabilem
2905 5539 2985 5602 ad
3031 5540 3501 5603 matrimonium
