3976 6219
907 417 1043 471 GAP.
1078 414 1276 468 XXXV.
1318 413 1532 467 mlum
1562 408 1952 466 malsm'ron
1983 412 2120 468 sms
2151 413 2411 469 LEGIBUS
2442 413 2806 472 OBLIGETUR.

267 528 332 585 et
362 519 471 584 alii
491 519 559 581 in
585 536 720 600 cap,
752 518 1009 582 Iustam
1026 519 1134 590 ost,
1156 512 1300 573 dist.
1336 513 1398 586 9,
1430 517 1492 573 et
1514 510 1623 572 alii
1650 527 1835 571 cano-

267 616 445 676 818188
486 613 555 674 18
583 631 636 674 8.
691 610 842 674 Cam
870 625 1089 683 omnes,
1118 606 1195 667 de
1225 604 1549 667 Constitut.
1573 626 1592 680 ;
1622 602 1835 665 Glossa

267 708 459 771 etiam
499 711 562 768 et
596 704 872 765 doctores
907 702 975 762 in
1007 699 1172 761 dicta
1220 697 1359 778 1838
1402 697 1720 777 Princeps,
1771 699 1834 757 et

267 799 499 880 Cujaci.
526 797 668 860 libr.
708 799 786 858 15
804 794 1144 869 Observat.,
1172 809 1308 871 cap.
1337 793 1397 852 3.

349 895 410 953 5.
454 891 767 954 Probatur
813 887 1146 967 Scriptura
1182 890 1240 948 et
1284 889 1533 964 utroquo
1564 882 1733 962 jure.
1755 911 1837 926 —

268 983 494 1046 Probat
515 981 633 1044 hoc
660 981 862 1062 primo
887 982 959 1041 D.
990 978 1210 1040 Thom.
1242 995 1320 1039 ex
1347 976 1456 1038 illo
1478 973 1696 1037 Matth.
1729 974 1830 1035 23:

268 1077 556 1157 Alliyant
574 1093 777 1152 onera,
813 1079 870 1137 et
891 1074 1084 1152 diffito
1110 1090 1218 1135 suo
1245 1070 1453 1133 uolunt
1476 1084 1831 1137 eamovere,
1826 1090 1838 1102 ·

269 1170 378 1232 ubi
404 1170 682 1231 Christus
716 1165 1111 1248 reprehendit
1139 1163 1449 1239 Proelatos,
1492 1160 1604 1242 qui
1643 1158 1840 1221 multa

262 1262 485 1343 jubent
530 1268 592 1324 et
641 1280 770 1323 non
821 1259 1079 1322 faciunt.
1112 1259 1218 1319 Et
1252 1254 1536 1337 quamvis
1563 1253 1838 1316 Christus

267 1354 610 1436 specialiter
658 1356 1014 1436 loqueretur
1061 1358 1274 1413 contra
1322 1349 1674 1431 pharisaeOS,
1726 1347 1837 1426 qui

267 1467 381 1528 per
405 1449 589 1510 falsas
609 1447 1147 1528 interpretationes
1171 1462 1245 1506 88
1259 1461 1449 1506 onera
1470 1440 1734 1523 populo
1715 1457 1833 1500 un-

267 1541 604 1623 ponebant‚
633 1545 769 1602 tum
792 1557 920 1601 non
965 1537 1165 1601 solum
1198 1535 1597 1616 reprehendit
1612 1551 1717 1596 eos
1753 1550 1832 1594 ex

267 1635 648 1715 deceptione,
683 1633 789 1695 sed
819 1633 1008 1695 etiam
1037 1650 1114 1694 ex
1151 1629 1566 1710 inaequalitate
1593 1649 1608 1689 :
1665 1627 1831 1688 unde

266 1733 433 1789 recte
461 1727 608 1789 facit
631 1726 787 1787 illud
828 1724 1115 1787 Proverb.
1145 1725 1226 1786 20
1253 1744 1267 1783 :
1309 1723 1557 1785 Pondus
1596 1725 1653 1784 et
1682 1737 1831 1800 pon-

268 1822 403 1896 dus,
445 1837 726 1883 mensura
757 1824 814 1881 et
838 1835 1141 1894 mensura,
1172 1814 1566 1878 abominabile
1594 1819 1680 1877 est
1706 1814 1832 1875 Do-

266 1915 428 1975 mino
444 1939 469 1987 ;
506 1918 569 1974 et
594 1913 751 1974 illud
782 1911 967 1975 Mich.
1006 1911 1047 1971 6
1078 1928 1095 1972 :
1132 1909 1457 1990 Numquid
1474 1907 1831 1989 Justifioabo

266 2010 559 2068 stateram
589 2006 822 2085 impii?
857 2004 1165 2080 Secunde,
1223 2001 1517 2083 probatur
1542 2019 1620 2063 ex
1664 2006 1833 2060 utro·

264 2115 384 2176 que
408 2099 585 2177 jure3
640 2116 791 2159 nam
841 2097 910 2158 in
952 2097 1114 2158 dicto
1165 2115 1296 2176 cap.
1329 2094 1480 2159 Cum
1507 2112 1724 2170 omnes,
1755 2093 1832 2156 de

268 2190 502 2266 Const.,
531 2189 798 2251 refertur
818 2196 881 2251 et
909 2188 1206 2268 probatur
1244 2187 1352 2248 illa
1390 2188 1695 2249 sententia
1722 2187 1832 2249 Ca-

265 2283 464 2344 tonis:
497 2284 719 2346 Patere
736 2284 919 2362 loyem
942 2299 1122 2362 quam
1147 2281 1277 2360 ipse
1299 2280 1537 2354 tuleris,
1580 2284 1644 2340 et
1673 2278 1830 2340 illud

264 2376 544 2438 Praetoris
586 2375 881 2450 edictum,
905 2373 972 2434 fl.
1008 2374 1175 2448 Quod
1190 2372 1624 2453 qaisquejuris
1648 2373 1716 2433 in
1739 2372 1830 2434 al-

267 2474 458 2532 terum
478 2470 779 2543 statuerit,
805 2468 934 2546 ipse
959 2467 1304 2546 eodemjaecre
1326 2471 1561 2528 utatur.
1593 2465 1678 2526 De
1704 2482 1829 2544 quo

269 2560 357 2621 ait
383 2561 625 2641 Ulpian.
657 2560 745 2621 ibi
784 2560 851 2621 in
879 2560 922 2621 1.
959 2563 988 2620 1
1042 2559 1361 2623 Summam
1408 2557 1620 2619 babere
1641 2558 1826 2636 tequi-

266 2658 469 2714 tatem.
511 2654 659 2728 Quis
703 2653 860 2715 enim
902 2652 1032 2730 (ait)
1063 2650 1510 2731 aspernabitur,
1539 2648 1693 2711 idem
1710 2650 1827 2729 jas

264 2744 382 2807 sibi
420 2746 565 2822 dici,
615 2747 770 2826 quod
796 2745 925 2825 ipse
950 2746 1099 2808 aliis
1147 2743 1373 2807 dixerit
1401 2742 1431 2803 ,ἲ
1468 2746 1532 2803 et
1575 2741 1642 2802 in
1682 2759 1818 2821 cap.

262 2837 514 2900 Justum
537 2843 648 2913 oet,
671 2838 734 2898 d.
762 2840 826 2913 9,
861 2837 1090 2898 exlsid.
1115 2835 1227 2897 lib.
1259 2837 1298 2896 3
1325 2835 1522 2911 Sent.‚
1544 2852 1679 2913 cap.
1707 2836 1772 2895 51
1802 2852 1818 2896 :

260 2931 312 2992 J
311 2937 514 2994 ustam
537 2936 623 2995 osc
661 2929 923 3010 (dicitur)
964 2930 1298 3010 prinoipem
1341 2928 1570 3008 leyibus
1605 2929 1825 2991 obtem-

253 3039 470 3102 porare
495 3024 629 3086 suis
649 3050 671 3083 .·
711 3029 775 3084 et
812 3023 976 3084 infra
1005 3023 1231 3083 dicitur
1270 3021 1601 3100 prinoipem
1641 3021 1827 3083 teneri

262 3119 396 3181 sais
423 3120 674 3198 leyibus.
709 3119 808 3180 Sic
848 3119 925 3180 ad
951 3116 1367 3181 Valentinian.
1396 3116 1609 3177 scribit
1639 3115 1822 3177 Amh.

263 3210 438 3289 epist.
478 3212 556 3271 32
579 3256 601 3287 ,
648 3211 804 3272 81188
829 3210 940 3271 111).
974 3213 1035 3286 2,
1087 3210 1265 3289 epist.
1302 3211 1401 3285 13,
1432 3212 1528 3270 ve!
1562 3207 1712 3269 alias
1737 3210 1774 3269 3
1800 3253 1822 3284 ,

260 3301 517 3382 loquens
541 3304 619 3365 de
645 3304 915 3384 quadam
941 3304 1076 3383 ejus
1105 3303 1239 3383 lege
1268 3319 1284 3363 ε
1322 3303 1492 3377 Quod
1514 3320 1646 3365 oum
1667 3319 1827 3381 proe-

261 3396 567 3475 scripsisti
613 3399 783 3472 aliis,
810 3397 1249 3477 praescripsisti
1292 3396 1476 3458 etiam
1502 3395 1637 3470 tibi,
1671 3395 1826 3473 loyes

262 3489 416 3550 enim
455 3490 784 3568 imperator
826 3493 974 3567 fert,
1013 3507 1164 3570 quas
1197 3489 1439 3568 primm
1468 3488 1594 3567 ipse
1625 3494 1825 3550 masto-

263 3581 412 3643 diat.
446 3583 621 3643 Unde
647 3584 715 3643 in
739 3601 873 3664 cap.
918 3583 1065 3648 Non
1092 3582 1265 3644 liceat
1289 3581 1502 3660 Papoe.
1536 3582 1636 3656 12,
1664 3599 1726 3659 q.
1760 3584 1820 3656 1,

264 3674 545 3736 Pontifex
565 3676 695 3756 ipse
726 3676 929 3755 legem
968 3673 1088 3736 fert
1113 3692 1247 3753 quse
1272 3672 1475 3734 verbis
1501 3673 1688 3734 etiam
1716 3690 1822 3733 ex-

260 3767 484 3845 pressis
501 3768 707 3847 ipsum
739 3765 1096 3830 Pontificem
1123 3764 1640 3845 comprehendat,
1673 3768 1735 3825 et
1753 3764 1822 3824 in

262 3857 304 3919 1.
336 3860 549 3940 Diana
573 3879 709 3936 voa,
736 3861 801 3922 G.
841 3862 917 3922 de
935 3859 1146 3940 Legib.
1177 3859 1446 3919 dicitur:
1478 3858 1688 3936 Diona
1706 3874 1824 3918 voa

262 3954 572 4034 majestate
609 3956 923 4033 manantis
974 3959 1084 4030 est,
1132 3952 1358 4031 leyibus
1398 3950 1721 4029 alliyatum
1762 3968 1824 4013 se

258 4047 592 4127 principem
632 4049 935 4127 profiteri.
980 4046 1149 4108 Idem
1198 4045 1464 4105 sumitur
1506 4044 1583 4105 ex
1628 4042 1673 4104 1.
1714 4044 1824 4105 Ea

262 4141 629 4219 imperfecto,
660 4140 726 4202 C.
750 4140 827 4201 de
848 4138 1271 4213 TestamentiS,
1293 4143 1354 4198 et
1377 4155 1451 4198 ex
1474 4135 1511 4215 ἓ
1536 4135 1649 4196 ult.
1696 4137 1823 4196 Ins·

264 4233 358 4294 tit.
384 4278 405 4308 ,
444 4233 678 4307 Quibus
726 4233 925 4295 modis
969 4235 1341 4294 testamenta
1397 4228 1817 4290 infirmentur.

266 4325 553 4406 idemque
573 4327 837 4389 habetur
870 4326 940 4387 in
968 4325 1178 4405 Legib.
1218 4323 1529 4403 Hispaniae
1574 4320 1682 4384 lib.
1718 4322 1818 4397 16,

262 4419 359 4487 tit.
392 4419 454 4495 2,
483 4436 544 4498 p.
577 4423 636 4481 1.

342 4513 400 4573 6.
459 4512 621 4577 Unde
661 4513 955 4595 obliyetur
997 4512 1278 4593 princepe
1318 4529 1445 4574 αισι»
1494 4509 1635 4589 leyi.
1652 4506 1824 4569 —Ut

261 4610 467 4666 autem
489 4606 802 4687 propriam
833 4606 1138 4668 rationem
1166 4605 1354 4683 hujus
1381 4602 1658 4665 veritatis
1684 4600 1823 4663 red-

261 4697 501 4775 damus,
539 4705 603 4760 et
655 4697 841 4761 simul
892 4698 1263 4779 explicemus
1293 4714 1482 4777 quam
1504 4694 1711 4774 gravis
1740 4693 1822 4754 sit

261 4790 393 4853 haec
425 4792 744 4899 obligatio,
779 4798 1020 4873 oportet
1040 4791 1353 4871 inquirere
1388 4808 1470 4851 an
1513 4789 1645 4849 haec
1667 4785 1822 4847 obli-

262 4884 431 4963 gatio
459 4886 527 4946 in
554 4885 828 4966 principe
854 4886 1184 4947 intrinsece
1209 4884 1447 4946 oriatur
1490 4900 1528 4943 a
1571 4881 1709 4961 lege
1738 4880 1819 4941 ab

261 4979 393 5057 ipso
422 4970 571 5055 lata,
594 4985 894 5058 tanquam
921 4978 999 5039 ab
1021 4977 1379 5040 immediata
1410 4975 1649 5037 ratione
1676 4991 1820 5055 ope-

259 5076 476 5149 18818,
503 5090 584 5133 88
611 5090 758 5133 vero
786 5090 863 5134 ex
890 5071 1095 5151 aliquo
1121 5070 1424 5175 principio
1451 5069 1814 5130 extrinseco.

262 5165 414 5225 Nam
433 5166 591 5226 ratio
614 5163 979 5226 dubitandi*
961 5182 1031 5225 1n
1049 5162 1349 5242 principio
1358 5161 1557 5241 posita
1577 5152 1822 5222 videtur

260 5256 517 5336 probare
554 5275 682 5319 non
726 5275 905 5338 posse
931 5255 1227 5318 affirmari
1258 5255 1553 5334 primum,
1584 5258 1646 5315 et
1682 5253 1820 5313 ideo

259 5355 540 5411 auctores
561 5350 724 5410 hanc
750 5348 1192 5428 obligationem
1216 5347 1532 5408 deducunt
1550 5364 1627 5406 ex
1654 5344 1823 5423 prin-

259 5441 433 5520 cipiis
455 5443 837 5517 extrinsecis,
870 5448 943 5503 ut
975 5441 1182 5502 videre
1218 5438 1365 5500 licet
1407 5438 1711 5518 praecipue
1754 5437 1820 5497 in

259 5533 550 5616 eajetano
575 5540 638 5599 et
680 5535 826 5598 Soto
868 5550 1075 5615 supra.
1102 5532 1312 5596 Unum
1342 5536 1433 5596 est
1463 5552 1478 5593 ε
1520 5531 1687 5607 Quod
1707 5529 1822 5595 tibi

1912 529 2031 575 non
2064 515 2182 589 vis,
2213 515 2394 578 alteri
2426 533 2499 577 ne
2536 517 2761 593 facias,
2794 534 2919 596 quo
2940 517 3138 579 utitur
3170 519 3339 598 Soto,
3369 523 3478 586 sed

1913 622 2041 666 non
2068 606 2317 669 videtur
2362 614 2525 670 recte
2565 609 3032 671 accommodari.
3066 611 3222 673 Nam
3264 632 3477 678 sensus

1912 698 2079 760 illius
2111 701 2400 781 principii
2444 707 2559 776 est,
2591 707 2662 763 ut
2688 719 2875 764 nemo
2911 703 3089 765 alteri
3133 705 3360 769 inferat
3381 708 3478 769 in-

1911 792 2141 871 juriam
2169 812 2358 874 quam
2380 812 2509 856 non
2539 793 2675 855 vult
2714 795 2794 856 ab
2820 795 2941 857 alio
2980 797 3321 877 sustinere3
3347 819 3478 864 non

1915 890 2125 947 autem
2175 891 2270 948 est
2312 904 2546 963 sensus,
2576 892 2648 948 ut
2673 905 2859 949 nemo
2900 889 3078 950 alteri
3103 890 3288 953 faciat
3309 893 3478 973 quod

1915 976 2032 1038 sibi
2064 978 2180 1058 ipsi
2234 997 2361 1040 non
2408 978 2596 1040 facit:
2658 997 2806 1041 nam
2850 980 3046 1058 judex
3088 982 3292 1045 furem
3313 987 3479 1064 juste

1914 1070 2309 1147 condemnat,
2353 1076 2416 1133 et
2443 1069 2757 1147 interficit,
2796 1090 2860 1133 se
2885 1079 3095 1135 autem
3124 1075 3326 1156 ipsum
3349 1096 3478 1141 non

1916 1167 2165 1224 tenetur
2206 1163 2620 1226 condemnare
2644 1209 2666 1240 ,
2704 1165 2949 1226 etiamsi
2991 1166 3096 1228 fur
3138 1169 3239 1230 sit.
3291 1170 3478 1233 Aliud

1915 1255 2293 1335 principium
2328 1263 2440 1333 est,
2485 1258 2630 1337 quia
2657 1258 2860 1338 turpis
2886 1263 2973 1321 ost
3000 1276 3155 1338 pars
3187 1280 3321 1342 qua»
3352 1265 3480 1328 dis-

1915 1350 2124 1412 cordat
2158 1368 2197 1412 a
2237 1354 2378 1426 toto,
2429 1355 2747 1428 sumptum
2797 1367 2875 1412 ex
2917 1355 3180 1431 August.
3236 1354 3346 1417 lib.
3412 1358 3472 1434 3,

1914 1440 2211 1519 Confess„
2241 1461 2375 1523 cap.
2425 1443 2487 1518 8,
2528 1443 2792 1504 habetur
2821 1443 2889 1503 in
2930 1462 3064 1525 cap.
3101 1447 3246 1521 Quoe
3269 1455 3478 1512 contra

1912 1553 2127 1612 mores,
2153 1534 2297 1597 dist.
2324 1536 2398 1612 83
2422 1535 2739 1615 legislator
2765 1542 2974 1599 autem
2997 1539 3244 1618 parsjest
3272 1542 3477 1622 reipu-

1910 1628 2111 1706 blicae,
2133 1649 2277 1692 cum
2298 1630 2380 1692 sit
2405 1636 2591 1711 caput
2612 1631 2766 1711 ejus,
2791 1637 2856 1693 et
2873 1632 3011 1694 ideo
3029 1635 3294 1714 turpiter
3316 1636 3471 1715 agit,

1909 1722 1961 1782 si
1987 1721 2057 1782 in
2082 1720 2295 1802 legum
2340 1722 2727 1785 observantia
2753 1742 2791 1785 a
2816 1729 2947 1786 toto
2990 1725 3316 1790 discordat.
3357 1729 3475 1790 Ve-

1909 1820 2267 1877 rumtamen
2297 1814 2387 1897 (ut
2411 1815 2611 1895 capite
2655 1815 3026 1896 praeoedenti
3073 1825 3476 1896 argumenta-

1910 1906 2074 1984 bar),
2113 1925 2190 1970 ex
2230 1909 2346 1970 hoc
2397 1909 2700 1990 principio
2749 1928 2876 1971 non
2920 1910 3232 1990 colligitur
3274 1914 3474 1993 major

1912 1999 2209 2081 obligatio
2233 2019 2422 2082 quam
2466 2001 2582 2063 sub
2612 2002 2866 2078 veniali,
2906 2008 2978 2064 ut
3009 2002 3473 2067 declarabamus

1912 2095 2198 2174 exemplo
2241 2095 2494 2157 alterius
2534 2096 2683 2157 civis
2714 2096 2824 2176 qui
2835 2142 2855 2173 ‚
2887 2097 3120 2158 utendo
3160 2098 3474 2179 dispensa-

1910 2187 2080 2249 tione
2104 2187 2330 2264 valida,
2360 2189 2589 2268 injuste
2608 2194 2819 2250 tamen
2842 2195 2904 2251 et
2947 2190 3080 2251 sine
3117 2209 3303 2252 eausa
3328 2210 3474 2254 con-

1909 2298 2098 2356 cessa,
2131 2280 2434 2342 discordat
2459 2300 2498 2342 a
2524 2287 2677 2359 toto,
2703 2287 2766 2343 et
2795 2286 3006 2344 tamen
3032 2282 3109 2343 ad
3154 2302 3473 2346 summum

1908 2373 2234 2435 venialiter
2274 2392 2525 2455 peccare
2573 2381 2860 2437 censetur
2872 2397 2893 2451 3
2937 2392 3085 2456 ergo
3113 2377 3398 2440 similiter
3419 2377 3474 2439 si

1908 2465 2192 2546 princeps
2211 2467 2414 2528 solum
2442 2466 2754 2546 obligatur
2783 2467 2900 2528 hoc
2928 2468 3134 2544 titulo,
3168 2470 3287 2531 erit
3320 2470 3474 2532 levis

1908 2557 2223 2637 obligatio.
2256 2559 2429 2633 Quod
2457 2559 2509 2620 si
2530 2560 2788 2622 fortasse
2815 2560 2882 2620 in
2909 2578 2984 2622 eo
3004 2568 3307 2641 augeatur
3332 2583 3474 2643 pro·-

1904 2655 2045 2730 pter
2070 2651 2593 2712 circumstantiam
2615 2670 2913 2732 personae,
2954 2652 3033 2714 ad
3065 2672 3379 2716 summum
3407 2656 3472 2717 id

1904 2744 2024 2804 erit
2055 2745 2293 2805 ratione
2324 2744 2623 2821 scandali,
2653 2745 2721 2805 in
2739 2763 2863 2824 quo
2887 2745 3202 2808 interdum
3221 2748 3470 2810 fundari

1904 2835 2058 2897 solet
2096 2837 2228 2898 haec
2256 2836 2575 2916 obligatio,
2615 2842 2688 2897 ut
2717 2843 2888 2918 patet
2913 2855 2989 2900 ex
3033 2838 3078 2900 1.
3120 2841 3220 2916 16,
3274 2841 3370 2901 tit.
3403 2843 3466 2918 2,

1903 2946 1968 3007 p.
1997 2932 2056 3004 1,
2087 2934 2150 2989 et
2176 2930 2362 3007 Greg.
2396 2930 2546 3008 Lop.
2585 2928 2696 2991 ibi.
2739 2931 2883 2992 Haee
2922 2936 3134 2993 autem
3179 2932 3472 3012 obligatio

1909 3026 2001 3080 est
2022 3039 2133 3099 per
2154 3021 2456 3096 accidens,
2482 3022 2672 3099 unde,
2706 3029 2975 3085 cessante
3005 3025 3313 3102 scandale,
3344 3045 3472 3088 non

1907 3113 2221 3175 tenebitur
2252 3114 2537 3195 princeps
2583 3133 2760 3176 suam
2804 3116 3008 3196 legem
3055 3137 3316 3195 servare,
3353 3120 3473 3180 sal-

1910 3211 2038 3268 tem
2078 3205 2456 3285 obligatione
2501 3208 2701 3285 gravi.
2734 3209 3124 3288 Consequens
3150 3218 3359 3273 autem
3380 3218 3473 3274 est

1908 3305 1970 3361 et
2016 3304 2231 3360 contra
2283 3298 2479 3360 bonos
2516 3317 2721 3361 mores
2758 3301 3134 3380 respublica,
3165 3311 3228 3365 et
3259 3311 3474 3366 contra

1906 3391 2186 3454 doctores
2244 3410 2431 3472 supra
2481 3393 2695 3454 citatos
2722 3413 2736 3456 :
2798 3401 3047 3456 censent
3090 3397 3258 3458 enim
3312 3398 3474 3461 hane

1904 3484 2348 3565 obligationem
2390 3503 2518 3546 non
2553 3502 2683 3547 esse
2727 3486 3034 3548 minorem
3079 3488 3147 3548 in
3196 3489 3474 3570 principe

1904 3594 2094 3656 quam
2139 3576 2208 3637 in
2252 3576 2535 3637 subditis.
2593 3577 2768 3651 Quod
2805 3577 2884 3639 de
2905 3597 3149 3641 summo
3178 3580 3473 3644 Pontifice

1905 3668 2143 3730 notavit
2170 3670 2381 3731 Covar.
2414 3671 2482 3729 in
2512 3687 2649 3750 cap.
2674 3669 2862 3733 Alma
2882 3678 3097 3750 mator,
3123 3692 3186 3753 p.
3233 3677 3292 3750 1,
3339 3675 3377 3755 ἓ
3406 3679 3464 3752 1,

1901 3780 1965 3824 n.
2017 3763 2101 3837 93
2152 3779 2296 3822 cum
2335 3762 2541 3837 Deci0,
2574 3763 2642 3822 in
2670 3782 2806 3843 cap.
2849 3762 3019 3828 Sam
3051 3769 3112 3842 1,
3142 3766 3217 3828 de
3255 3768 3470 3830 Officio

1901 3854 2130 3934 deleg.‚
2147 3861 2209 3916 et
2218 3855 2384 3916 idem
2403 3861 2580 3917 notat
2596 3856 2828 3919 Victor.
2834 3902 2856 3935 ,
2878 3858 3089 3923 relect.
3106 3861 3183 3923 de
3199 3862 3437 3926 Simon.
3443 3908 3466 3942 ,

1901 3962 2078 4009 num.
2104 3949 2182 4008 39

1983 4042 2044 4100 7.
2088 4038 2227 4099 Alia
2236 4038 2537 4117 principia
2550 4044 2696 4100 sunt
2709 4038 2840 4115 illa,
2859 4042 3080 4107 Patere
3092 4044 3277 4124 leuem
3286 4065 3467 4127 quam

1902 4133 2032 4212 ipse
2052 4133 2308 4205 tulerim
2333 4137 2397 4192 et
2425 4132 2595 4207 Quod
2605 4133 2722 4212 jas
2747 4134 2815 4194 in
2842 4133 3033 4197 alitem
3061 4142 3309 4220 quisque
3333 4147 3468 4205 sta-

1902 4226 2044 4299 tuit,
2090 4223 2248 4286 illud
2284 4240 2522 4287 servare
2548 4225 2727 4288 debet.
2773 4224 3216 4291 Verumtamen
3243 4232 3375 4294 haec
3402 4239 3468 4296 et

1900 4317 2129 4379 similia
2156 4316 2491 4394 axiomata,
2535 4324 2643 4378 aut
2681 4324 2903 4398 petunt
2926 4321 3327 4403 principium,
3357 4332 3468 4389 aut

1902 4430 2030 4474 non
2057 4415 2223 4473 recte
2249 4411 2825 4490 accommodantur3
2861 4432 3008 4475 nam
3047 4417 3236 4479 variis
3266 4420 3465 4482 modis

1902 4509 2159 4585 possunt
2197 4503 2484 4583 intelligi.
2530 4504 2759 4582 Primo,
2803 4506 2880 4568 de
2910 4507 3055 4586 jure
3085 4528 3194 4572 seu
3225 4512 3301 4573 de
3328 4512 3467 4592 1838

1901 4599 2179 4659 humana
2208 4597 2580 4660 declarativa
2616 4597 2770 4677 legis
2797 4601 3117 4679 naturalis,
3149 4608 3213 4665 et
3256 4605 3343 4666 sic
3372 4606 3469 4666 in-

1898 4690 2158 4753 fallibile
2195 4697 2289 4754 est
2327 4689 2515 4751 talem
2546 4690 2750 4770 legem
2779 4711 2953 4773 aeque
2987 4694 3263 4774 obligare
3296 4699 3467 4777 prin-

1899 4784 2101 4864 cipem
2130 4790 2193 4845 et
2219 4782 2560 4859 subditum,
2590 4784 2738 4862 quia
2759 4789 2911 4846 tunc
2931 4786 3035 4865 jus
3063 4789 3345 4851 naturale
3373 4796 3467 4853 est

1899 4877 2067 4957 quod
2088 4876 2397 4956 praecipue
2426 4875 2682 4955 obligat,
2718 4882 2780 4939 et
2805 4877 2913 4940 1118
2939 4879 3031 4940 vis
3058 4880 3354 4944 directiva
3380 4883 3466 4944 le·
3556 4916 3560 4921 ·

1901 4971 1997 5049 gis
2025 4970 2337 5045 humanas,
2367 4974 2673 5049 quatenus
2705 4977 2797 5033 est
2822 4973 3128 5035 ostensiva
3157 4975 3315 5054 juris
3354 4993 3467 5037 na-

1900 5063 2139 5140 turalis,
2160 5081 2334 5144 aeque
2353 5069 2644 5142 operatur
2664 5063 2732 5124 in
2748 5066 3094 5146 principem
3111 5084 3183 5126 ac
3200 5068 3269 5127 in
3286 5067 3460 5147 alios3

1901 5158 1977 5219 de
2005 5174 2130 5237 quo
2159 5162 2390 5237 puncto
2417 5156 2616 5217 videri
2645 5163 2898 5236 possunt
2934 5157 3142 5237 aliqua
3178 5178 3256 5220 ex
3276 5161 3466 5240 juris-

1900 5252 2113 5332 peritis
2139 5251 2306 5330 apud
2327 5250 2634 5329 Tiraquel.
2661 5251 2737 5312 de
2765 5258 3027 5331 utroque
3039 5259 3313 5331 retract„
3338 5255 3382 5316 l.
3399 5260 3460 5332 1,

1899 5344 2094 5405 (11088.
2124 5346 2183 5414 1,
2222 5342 2260 5422 ἓ
2283 5344 2345 5418 3
2379 5361 2443 5403 ιι.
2482 5342 2583 5403 39.
2633 5343 2936 5420 Secunde,
2967 5352 3170 5426 potest
3198 5347 3464 5428 intelligi

1900 5436 2173 5515 aliquem
2195 5437 2325 5527 pati
2342 5434 2547 5513 legem
2571 5453 2609 5495 a
2631 5453 2695 5496 se
2718 5436 2932 5513 latam,
2954 5439 3281 5518 quandoin
3300 5447 3464 5501 statu
3547 5462 3552 5467 ·

1900 5511 2309 5608 subjectionis
2318 5526 2731 5605 constituitur,
2753 5534 2824 5591 ut
2840 5531 3178 5611 contingit
3160 5550 3228 5594 ιιι
3255 5551 3330 5595 eo
3353 5532 3463 5614 qui
