3976 6219
799 397 935 450 CAP.
970 397 1191 450 xxxln.
1225 396 1438 451 UTRUM
1470 396 1664 451 LEGES
1694 397 1975 451 PROPRIAE
2008 400 2296 456 Amemus
2328 402 2698 472 TERRrronn,
2733 409 2867 463 ETc.

230 502 335 563 bet
373 499 580 570 locum
625 499 876 577 quando
917 498 1021 559 lex
1069 499 1340 577 loquitur
1375 499 1454 560 ad
1498 498 1657 559 solos
1683 517 1789 578 pe-

230 594 535 672 regrinos,
558 592 667 672 qui
681 610 795 672 per
816 610 881 653 se
900 611 973 653 ac
996 592 1227 653 directe
1250 610 1374 652 non
1399 597 1545 654 sunt
1561 590 1791 652 subditi

231 687 372 749 talis
419 685 808 766 reipublicae,
855 685 956 747 vel
1007 684 1324 765 principiS.
1374 683 1792 746 Nihilominus

234 780 613 842 contrarium
666 795 888 841 censeo
944 795 1163 840 verum
1177 823 1198 855 ,
1235 778 1398 858 quod
1425 783 1596 840 tenet
1640 779 1792 840 Hos-

233 875 413 937 tiens.
446 874 560 950 ibi,
591 873 697 934 cui
739 872 939 951 magis
968 872 1241 934 adhaeret
1281 872 1701 934 Panormitan.
1730 877 1793 934 et

234 968 516 1047 sequitur
540 966 806 1046 Sylvest.
836 965 1016 1026 Ratio
1043 970 1253 1026 autem
1276 971 1368 1027 est
1410 966 1627 1026 eadem
1651 983 1792 1026 cum

234 1058 630 1141 proportione
660 1057 998 1138 applicata3
1028 1075 1177 1118 nam
1205 1057 1284 1117 ad
1307 1057 1542 1119 bonum
1577 1058 1794 1119 civita-

232 1153 313 1213 tis
339 1151 442 1213 vel
470 1151 821 1232 reipublicoe
863 1153 1099 1230 spectat
1133 1149 1443 1226 ordinare,
1486 1150 1795 1230 quomodo

233 1244 547 1325 peregrini
593 1262 657 1305 39
698 1243 783 1304 ibi
822 1260 1038 1322 gerere
1079 1241 1368 1318 debeant,
1412 1248 1475 1304 et
1527 1247 1795 1304 statuere

234 1355 374 1417 quae
397 1338 477 1398 ad
507 1336 677 1398 hunc
701 1335 894 1397 finem
917 1335 1260 1397 necessaria
1279 1334 1533 1410 fuerint,
1564 1335 1797 1414 alioqui

235 1449 366 1492 non
396 1431 613 1493 fuisset
652 1431 1030 1492 sufficienter
1066 1429 1381 1508 provisum
1416 1428 1792 1509 reipublicoe,

236 1541 353 1585 nec
385 1523 528 1584 talis
568 1528 832 1602 potestas
858 1540 987 1584 esse
1027 1526 1223 1600 potest
1261 1522 1331 1582 in
1358 1522 1482 1582 alio
1512 1539 1702 1601 quam
1727 1522 1796 1583 in

242 1617 402 1696 ipsa,
418 1617 519 1678 vel
536 1616 669 1695 ejus
691 1615 1124 1695 gubernatore,
1138 1614 1286 1693 quia
1298 1615 1390 1675 illi
1409 1614 1800 1694 providentia

240 1717 304 1771 et
331 1728 481 1771 cura
512 1709 678 1770 illius
702 1708 823 1770 loci
843 1707 1167 1769 commissa
1191 1713 1305 1768 est.
1329 1707 1500 1770 Sicut
1523 1724 1670 1786 ergo
1691 1725 1800 1787 pe-

243 1802 483 1884 regrini
507 1802 741 1863 habent
792 1800 1164 1882 peculiarem
1200 1800 1459 1861 modum
1502 1800 1797 1874 vivendi,

241 1915 350 1958 seu
377 1895 679 1958 existendi
709 1895 777 1956 in
803 1894 915 1956 tali
937 1893 1093 1970 1090,
1140 1893 1230 1953 119
1264 1893 1333 1954 111
1357 1893 1569 1955 multis
1593 1899 1803 1972 postu·

240 1988 369 2049 lare
383 1987 983 2068 possuntpeculiaria
999 1991 1226 2048 statuta
1240 2003 1257 2047 :
1271 2004 1420 2064 ergo
1429 1989 1686 2066 possunt
1694 2002 1804 2065 per

238 2081 348 2142 illa
365 2080 654 2159 obligari,
681 2082 829 2161 quia
841 2081 1044 2162 quoad
1060 2080 1180 2140 hoc
1200 2079 1554 2141 efficiuntur
1572 2077 1801 2140 subditi

238 2192 351 2254 per
383 2173 578 2235 solam
614 2173 788 2235 illam
840 2192 1109 2249 1110111111,
1149 2178 1219 2234 111
1255 2173 1634 2234 declaratum
1683 2176 1796 2234 est.

240 2267 658 2346 Supponimus
680 2273 893 2329 autem
911 2266 1139 2327 debere
1158 2265 1326 2344 leges
1349 2284 1478 2326 esse
1499 2266 1720 2343 justas,
1742 2269 1805 2326 et

242 2360 733 2421 accommodatas
758 2377 887 2419 non
915 2358 1117 2419 solum
1139 2356 1295 2433 loco,
1316 2357 1626 2418 sedetiam
1655 2358 1805 2436 ipsis

244 2453 609 2533 peregrinis,
645 2452 1108 2531 proportionem
1133 2450 1297 2510 inter
1327 2468 1431 2510 eos
1456 2450 1758 2512 servando
1785 2467 1802 2511 ε

247 2546 335 2607 319
361 2546 529 2607 9111111
557 2545 714 2606 nihil
741 2545 913 2607 deest
945 2545 1012 2605 in
1037 2544 1163 2605 illis
1179 2543 1420 2623 legibus
1443 2543 1520 2602 ad
1537 2543 1807 2622 peregri-

246 2656 359 2699 nos
380 2638 759 2718 obligandos.

329 2733 388 2793 8.
434 2734 525 2794 De
567 2735 632 2795 vi
675 2732 960 2796 coactiva.
1004 2764 1088 2778 —
1135 2731 1319 2796 Ratio
1352 2730 1686 2793 dubitandi.
1726 2761 1810 2775 —

244 2825 550 2904 chicitur
579 2824 815 2890 Glossa.
836 2856 918 2871 —
944 2823 1117 2885 Circa
1144 2823 1479 2884 secundum
1507 2828 1810 2901 punctum

244 2917 324 2978 de
363 2917 427 2978 vi
455 2918 756 2992 coactiva,
798 2935 880 2977 an
918 2917 1107 2977 etiam
1142 2915 1480 2977 secundum
1509 2914 1681 2975 illam
1709 2915 1812 2975 lex

243 3008 484 3088 obliget
508 3009 779 3071 advenas
807 3027 912 3070 seu
942 3008 1323 3088 peregrinos,
1353 3006 1628 3086 specialis
1652 3006 1812 3068 ratio

247 3103 582 3165 dubitandi
609 3102 877 3164 sumitur
905 3122 981 3165 ex
1007 3121 1143 3182 cap.
1179 3099 1235 3164 A
1268 3102 1461 3177 nobis,
1503 3104 1531 3161 1
1561 3101 1639 3162 de
1666 3100 1816 3161 Sen-

245 3204 404 3259 tent.
441 3216 861 3273 excommun„
876 3197 983 3257 ubi
1010 3195 1320 3277 proposita
1341 3195 1700 3274 quaestione,
1734 3211 1818 3254 an

245 3291 583 3371 Episcopus
604 3290 807 3353 ferens
824 3290 891 3350 in
910 3307 1022 3350 sua
1034 3287 1284 3350 dioecesi
1306 3286 1658 3367 generalem
1680 3305 1819 3349 sen-

247 3383 551 3446 tentiam:
599 3382 684 3447 Si
715 3382 855 3463 quic
889 3384 1144 3459 furatus
1168 3380 1387 3457 sumt,
1414 3381 1781 3442 excommwm‘
1800 3413 1816 3424 ·

249 3483 421 3540 catus
443 3475 551 3550 sit,
584 3474 820 3553 obliget
839 3474 1137 3548 forenses,
1185 3473 1512 3551 respondet
1533 3472 1816 3534 Pontifex

248 3574 495 3631 tantum
542 3566 819 3646 obligare
854 3566 1151 3642 subditos,
1184 3566 1360 3644 cujus
1385 3565 1478 3626 rei
1505 3565 1664 3626 ratio
1693 3564 1818 3626 alia

248 3679 383 3723 esse
416 3679 545 3722 non
581 3666 803 3741 potest,
832 3659 953 3720 nisi
986 3658 1134 3738 quia
1162 3658 1303 3718 talis
1329 3657 1658 3737 Episcopus
1685 3676 1812 3720 non

244 3755 439 3816 habet
476 3759 841 3835 potestatem
888 3753 1226 3813 coactivam
1259 3752 1328 3813 in
1365 3751 1660 3829 forenses,
1706 3753 1813 3814 sed

246 3854 499 3910 tantum
550 3847 619 3908 in
665 3845 960 3907 subditos.
1014 3844 1364 3925 Respondet
1414 3844 1626 3906 Glossa
1675 3845 1764 3906 ibi
1788 3890 1809 3922 ‚

246 3942 441 4004 etiam
486 3941 754 4001 advenas
781 3937 1218 4017 comprehendi
1249 3937 1359 3998 illa
1393 3939 1816 3999 excommuni-

246 4036 514 4109 catione,
538 4051 665 4094 non
684 4038 989 4112 quatenus
1011 4031 1168 4093 tales
1195 4035 1364 4107 sunt,
1384 4031 1489 4093 sed
1512 4037 1818 4111 quatenus

247 4133 400 4190 sunt
426 4125 654 4188 subditi
691 4125 932 4186 ratione
960 4124 1191 4198 delicti,
1235 4129 1297 4184 91
1336 4123 1423 4183 ita
1463 4128 1642 4203 putat
1686 4141 1815 4186 esse

249 4225 496 4283 textum
524 4217 1000 4297 intelligendum
1025 4216 1104 4278 de
1131 4214 1391 4277 subditis
1426 4233 1815 4296 quocumque

250 4312 459 4374 titulo.
489 4312 607 4373 Sed
629 4329 847 4373 revera
876 4310 1096 4372 evertit
1116 4308 1578 4389 responsionem
1607 4310 1816 4370 Ponti-

249 4405 410 4481 ficis,
460 4410 523 4467 et
550 4404 860 4479 frivolam,
896 4421 969 4464 ac
1004 4402 1334 4464 ridiculam
1361 4400 1535 4462 illam
1562 4402 1810 4482 reddit;

248 4517 403 4561 nam
446 4498 563 4559 1109
605 4498 811 4578 ipsum
837 4502 933 4559 est
972 4496 1136 4576 quod
1172 4494 1581 4575 quoerebatur,
1611 4513 1693 4556 an
1720 4495 1815 4557 illi

247 4593 526 4655 forenses
553 4592 710 4654 fiant
737 4590 968 4652 subditi
984 4590 1225 4651 ratione
1246 4588 1453 4650 delicti
1476 4609 1492 4648 z
1515 4607 1642 4651 non
1666 4607 1815 4669 ergo

247 4686 530 4765 loquitur
554 4686 673 4746 hoc
712 4702 897 4745 sensu
933 4682 1011 4744 de
1051 4682 1332 4756 subditis,
1380 4681 1485 4742 sed
1512 4687 1697 4761 prout
1719 4683 1817 4743 in-

160 4809 165 4812 ’
248 4779 405 4841 coloe
435 4778 796 4858 simpliciter
822 4776 1054 4838 subditi
1080 4774 1492 4855 appellantur.
1515 4775 1817 4837 Praeterea

246 4870 596 4933 involvitur
633 4870 703 4931 in
742 4869 850 4930 illa
890 4868 1286 4950 responsione
1318 4865 1603 4946 quaedam
1634 4885 1818 4948 repu-

247 4962 516 5045 gnantia
529 4983 544 5023 :
558 4978 706 5023 nam
725 4962 791 5022 in
809 4979 995 5040 poena
1016 4959 1668 5023 excommunicationis
1687 4976 1817 5021 non

250 5061 454 5138 potest
466 5055 752 5136 proxima
768 5055 928 5116 ratio
950 5053 1345 5133 subjectionis
1370 5071 1501 5115 esse
1523 5052 1817 5115 delictum

250 5149 323 5210 in
342 5148 452 5210 tali
479 5148 612 5209 loco
635 5145 1174 5224 commissum‚sed
1189 5145 1525 5207 necessario
1551 5145 1816 5226 supponi

252 5241 437 5304 debet
458 5242 755 5321 obligatio
775 5240 1034 5321 parendi
1056 5238 1307 5320 praelato
1330 5239 1491 5299 illius
1511 5238 1651 5315 1091,
1668 5240 1816 5318 quia

252 5337 338 5397 ad
367 5336 1077 5397 excommunicationem
1116 5332 1456 5394 necessaria
1483 5338 1573 5393 est
1602 5339 1816 5395 contu-

251 5429 456 5489 macia
482 5433 767 5508 respectu
794 5427 1099 5503 Ecclesiae,
1127 5433 1189 5488 et
1217 5444 1344 5487 non
1372 5425 1595 5487 sufficit
1626 5426 1816 5487 delic-

252 5527 389 5583 tum
428 5528 644 5584 contra
690 5522 894 5603 legem
942 5519 1323 5595 naturalem,
1374 5525 1446 5581 ut
1489 5519 1577 5580 sic
1626 5519 1817 5598 (quod

656 5644 726 5688 V·

1871 518 2150 582 suppono
2173 522 2251 565 ex
2278 507 2526 586 propria
2555 510 2870 589 materia);
2892 530 3039 592 ergo
3070 520 3213 576 ante
3241 517 3423 579 delic-

1869 598 2008 654 tum
2036 598 2301 677 supponi
2341 599 2522 660 debet
2562 601 2882 681 subjectio,
2917 624 2994 667 ex
3038 624 3163 686 qua
3192 608 3430 672 oriatur

1871 685 2168 765 obligatio
2197 691 2457 769 parendi
2484 701 2784 775 praecepto
2816 697 3167 777 prohibenti
3195 700 3432 782 aliquid

1872 779 1986 840 sub
2021 799 2207 860 poena
2248 789 2948 867 excommunicationis3
2996 811 3144 874 ergo
3186 813 3328 856 cum
3363 796 3434 858 111

1870 871 1978 933 1110
2006 878 2179 935 textu
2221 877 2302 937 sit
2328 895 2529 940 sermo
2564 881 2640 942 de
2667 882 2785 943 hac
2813 902 3094 962 censura,
3132 906 3258 948 non
3288 907 3434 968 pos-

1871 972 2020 1026 sunt
2043 968 2296 1031 advenae
2326 971 2564 1036 ratione
2605 974 2813 1037 delicti
2841 971 3277 1058 comprehendi
3316 981 3433 1042 sub

1871 1061 2125 1122 nomine
2144 1063 2557 1142 subditorum,
2579 1067 2685 1128 sed
2704 1069 2933 1130 subditi
2953 1078 3267 1148 vocantur,
3289 1074 3438 1154 quia

1875 1171 1986 1232 per
2029 1171 2095 1214 se
2134 1159 2279 1217 ante
2305 1156 2495 1219 talem
2521 1158 2745 1238 legem,
2778 1162 2875 1223 vel
2898 1163 3193 1225 delictum
3223 1165 3441 1244 hujus-

1874 1244 2045 1305 modi
2082 1252 2280 1309 erant.
2334 1248 2533 1330 Atque
2582 1251 2672 1313 ita
2712 1253 3151 1318 intellexerunt
3194 1262 3437 1321 textum

1874 1337 2053 1399 illum
2081 1341 2370 1402 Panorm.
2397 1349 2459 1403 et
2485 1343 2612 1419 alii,
2642 1346 2751 1424 qui
2772 1355 3216 1427 consequenter
3240 1350 3440 1412 faten-

1873 1435 1978 1493 tur
2001 1433 2270 1495 advenas
2297 1452 2423 1497 non
2442 1438 2881 1516 comprehendi
2907 1440 3024 1501 sub
3052 1441 3161 1504 illa
3182 1461 3442 1506 censura

1875 1543 1987 1605 per
2008 1528 2376 1588 sententiam
2404 1530 2758 1608 generalem
2783 1532 2929 1595 lata.

1955 1620 2017 1679 9.
2062 1621 2238 1683 Mens
2281 1622 3068 1688 unctoria—Nihilominus
3108 1628 3441 1692 dicendum

1878 1715 1973 1772 est
1998 1711 2202 1789 legem
2229 1732 2343 1792 pro
2370 1715 2681 1777 territorio
2707 1716 2898 1779 latam
2922 1721 3442 1800 comprehendere

1880 1805 2237 1884 peregrinos
2258 1804 2347 1865 ibi
2379 1814 2712 1885 moranteS,
2744 1811 2932 1872 etiam
2960 1815 3162 1893 quoad
3185 1816 3315 1875 vim
3342 1834 3444 1877 90-
3487 1827 3496 1835 ·

1882 1896 2172 1973 activam,
2193 1897 2257 1958 id
2277 1903 2392 1975 est,
2419 1901 2629 1979 puniri
2652 1901 2740 1962 ibi
2767 1921 2939 1983 posse
2968 1910 3219 1986 propter
3243 1912 3446 1968 trans-

1874 1990 2264 2068 gressionem
2314 1990 2454 2052 talis
2489 1992 2666 2071 legis,
2713 1995 2812 2056 vel
2850 2014 2962 2076 per
3003 1996 3305 2076 judicem,
3347 1998 3448 2061 vel

1886 2101 1998 2158 per
2042 2084 2237 2162 ipsam
2268 2083 2496 2163 legem,
2544 2087 2597 2146 si
2640 2105 2890 2166 poenam
2917 2089 3077 2150 ferat
3105 2092 3237 2172 ipso
3259 2092 3441 2153 fact0.

1883 2178 1973 2237 Ita
2013 2177 2289 2237 sentiunt
2334 2184 2611 2240 auctores
2650 2198 2837 2261 supra
2867 2182 3140 2262 allegati,
3171 2191 3234 2246 et
3259 2185 3451 2247 inter-

1883 2274 2087 2349 pretes
2132 2269 2201 2330 in
2247 2271 2463 2332 eodem
2498 2290 2631 2351 cap.
2685 2272 2742 2335 A
2788 2275 2975 2338 nobis.
3029 2277 3105 2336 Et
3148 2278 3309 2338 ratio
3359 2282 3452 2338 est

1886 2362 2238 2437 manifesta,
2287 2364 2435 2443 quia
2463 2364 2631 2425 idem
2658 2364 2879 2426 titulus
2906 2368 3303 2446 subjectionis
3340 2387 3448 2431 seu

1883 2455 2202 2534 potestatis
2253 2456 2587 2517 intervenit
2631 2459 2836 2538 quoad
2887 2461 3018 2521 vim
3072 2463 3408 2524 coactivam
3425 2507 3447 2539 ,

1890 2548 2001 2626 qui
2045 2547 2497 2609 demonstratus
2544 2556 2634 2610 931
2682 2551 2758 2612 de
2808 2552 2872 2612 vi
2934 2554 3269 2616 directiva:
3321 2555 3450 2616 imo

1887 2640 2183 2701 (111-9911119
2205 2658 2332 2700 11011
2361 2648 2518 2702 93391
2543 2642 2757 2704 efficax
2778 2645 2899 2705 nisi
2921 2646 3177 2709 haberet
3198 2648 3453 2726 adjunc-

1887 2739 2017 2795 tam
2077 2733 2435 2794 coactivam.
2485 2735 2741 2796 Accedit
2800 2744 3098 2816 praeterea
3117 2785 3138 2816 ,
3206 2741 3354 2819 quia
3399 2741 3452 2800 si

1888 2826 2127 2887 advena
2153 2831 2402 2888 tenetur
2420 2845 2530 2906 per
2546 2846 2610 2890 se
2631 2834 2692 2889 91
2713 2829 2782 2889 111
2806 2832 3181 2893 9011391911119
3208 2850 3454 2894 servare

1890 2918 2095 2997 legem
2121 2918 2310 2997 hujus
2333 2920 2710 2999 reipublicae,
2741 2924 3252 3002 transgrediendo
3279 2925 3454 2986 illam

1892 3010 2197 3089 delinquit
2215 3011 2283 3071 in
2304 3011 2421 3071 hoc
2442 3012 2598 3088 1090,
2623 3014 2766 3074 etin
2783 3015 2945 3076 119119
2965 3017 3450 3097 rempublicam:

1894 3121 2045 3182 ergo
2077 3102 2265 3164 etiam
2294 3103 2533 3166 ratione
2557 3105 2763 3167 delicti
2784 3115 2996 3169 manet
3024 3109 3330 3189 subJectus
3358 3129 3457 3172 co-

1897 3195 2129 3257 actioni
2173 3195 2315 3257 talis
2364 3196 2716 3276 reipublicae
2728 3245 2749 3275 ,
2795 3200 2978 3278 juxta
3031 3202 3456 3264 authenticam

1905 3288 2052 3363 Qua»
2081 3290 2151 3351 in
2170 3289 2512 3369 provincia,
2544 3292 2612 3351 C.
2661 3291 2781 3353 Ubi
2828 3293 2905 3354 de
2946 3294 3309 3357 criminibus
3352 3295 3456 3376 agi

1895 3387 2192 3461 oporteat.

1978 3476 2077 3535 10.
2122 3475 2292 3538 Unus
2309 3474 2657 3555 Episcopus
2678 3494 2796 3539 non
2811 3484 3005 3558 potest
3023 3481 3095 3542 ab
3114 3481 3237 3544 alio
3261 3499 3460 3563 oequa-

1894 3567 1944 3629 li
1963 3567 2448 3647 puniri.—Addi
2474 3586 2621 3629 vero
2648 3569 2801 3631 solet
2840 3566 3149 3650 limitatio,
3189 3573 3309 3635 nisi
3353 3594 3458 3655 pe-

1894 3659 2181 3738 regrinus
2234 3659 2315 3720 sit
2357 3662 2638 3741 superior
2682 3671 2960 3743 respectu
2985 3668 3276 3728 ‘auctoris
3317 3668 3457 3729 talis

1894 3752 2071 3832 legis,
2102 3752 2249 3831 quia
2280 3752 2490 3814 nullus
2529 3756 2807 3835 superior
2846 3764 3045 3838 potest
3080 3760 3261 3820 subdi
3289 3760 3457 3822 infe-

1892 3845 2045 3906 riori
2066 3846 2270 3926 quoad
2287 3846 2418 3907 vim
2442 3849 2806 3925 coactivam,
2832 3856 2903 3910 ut
2926 3851 2978 3912 si
3003 3853 3335 3933 Episcopus
3357 3853 3460 3915 hic

1896 3938 2220 4018 prohibeat
2238 3939 2474 4019 aliquid
2503 3940 2740 4002 clericis
2760 3943 2875 4003 sub
2897 3961 3083 4023 poena
3099 3963 3457 4007 excommu-

1895 4031 2222 4093 nicationis
2262 4032 2393 4112 ipso
2423 4032 2606 4110 factu,
2647 4036 3183 4115 metropolitauuS,
3214 4039 3458 4100 etiamsi

1895 4124 1962 4184 in
2006 4125 2125 4185 hoc
2175 4124 2526 4204 episcopatu
2567 4132 2782 4187 contra
2820 4128 3008 4188 talem
3047 4128 3250 4208 legem
3286 4137 3455 4210 agat,

1895 4235 2025 4278 non
2069 4218 2296 4298 poterit
2340 4218 2655 4280 incurrere
2698 4218 2869 4280 illam
2911 4216 3260 4299 censuram,
3292 4223 3459 4303 quod

1894 4311 2135 4373 notavit
2185 4310 2355 4391 Sylv.
2413 4308 2996 4390 Escommunicatio,
3060 4318 3119 4392 1,
3166 4334 3231 4377 11.
3282 4318 3345 4393 9,
3396 4322 3459 4378 91

1894 4406 2183 4466 Panorm.
2207 4404 2276 4464 in
2302 4422 2437 4485 cap.
2477 4407 2536 4479 1,
2569 4404 2646 4466 (19
2668 4406 3058 4485 RaptoribuS,
3101 4427 3166 4471 n.
3206 4412 3305 4485 ss,
3350 4409 3458 4489 qui

1893 4497 2061 4559 idem
2104 4496 2313 4575 attigit
2358 4497 2427 4557 in
2455 4516 2591 4578 cap.
2634 4498 2840 4575 ultim,
2885 4500 2963 4562 de
2995 4500 3150 4563 Foro
3190 4508 3453 4583 compet.

1870 4591 2066 4651 ·Idem
2103 4590 2291 4651 sentit
2328 4590 2473 4651 Soto
2500 4590 2569 4651 in
2595 4592 2659 4667 4,
2685 4591 2825 4654 dist.
2861 4594 2962 4669 22,
2998 4601 3210 4674 quaest.
3248 4598 3311 4672 2,
3348 4595 3458 4657 ubi

1896 4684 2084 4745 etiam
2105 4683 2185 4744 ad
2211 4683 2514 4763 aequalem
2540 4683 2657 4745 hoc
2684 4686 2985 4762 extendit,
3018 4685 3228 4750 dicens
3255 4708 3458 4770 neque

1895 4776 2462 4857 Archiepiscopum,
2493 4796 2694 4858 neque
2731 4779 2927 4840 alium
2960 4782 3329 4863 Episcopum
3353 4783 3458 4843 de-

1894 4869 2282 4949 linquentem
2341 4870 2507 4931 intra
2560 4870 2871 4933 dioecesim
2929 4873 3303 4953 suffraganei
3359 4875 3458 4935 vel

1895 4962 2177 5043 Episcopi
2223 4980 2398 5042 posse
2441 4962 2626 5042 ligari
2673 4980 2935 5025 censura
2970 4966 3126 5043 ejus.
3164 4968 3451 5028 Panorm.

1895 5062 2104 5117 autem
2150 5062 2315 5118 recte
2350 5054 2470 5118 hoc
2503 5054 2774 5118 declarat
2799 5056 2875 5116 de
2903 5057 3218 5135 superiore
3251 5057 3455 5136 quoad

1890 5149 2418 5228 jurisdictionem:
2448 5165 2618 5222 nam,
2652 5147 2794 5208 licet
2821 5145 3046 5226 aliquis
3071 5148 3152 5208 sit
3177 5149 3453 5229 aequaliS,

1895 5242 1993 5304 vel
2022 5241 2212 5302 etiam
2239 5240 2518 5318 superior
2545 5240 2610 5299 in
2631 5239 2956 5317 dignitate,
2977 5239 3127 5301 dum
3157 5242 3362 5303 existit
3391 5244 3458 5303 in

1894 5332 2005 5394 tali
2049 5333 2400 5412 episcopatu
2435 5329 2698 5409 obligari
2745 5336 2943 5410 potest
2991 5332 3230 5412 legibus
3274 5337 3407 5414 ejus
3438 5352 3454 5395 ε

1894 5443 2044 5505 ergo
2086 5428 2273 5486 etiam
2308 5424 2534 5505 poterit
2582 5423 2766 5503 ligari
2797 5428 3095 5502 censuris,
3130 5429 3226 5490 vel
3249 5429 3459 5508 puniri

1893 5524 2148 5600 propter
2172 5517 2468 5579 delictum
2489 5515 2578 5577 ibi
2600 5520 3025 5598 commissum;
3045 5522 3212 5601 quod
3239 5528 3368 5582 tam
3392 5521 3460 5581 in
