3976 6219
747 403 883 457 GAP.
917 404 1094 458 xx1x.
1128 403 1344 458 mum
1373 404 1457 458 EA
1487 404 1631 468 QUAE
1659 406 1846 459 mum
1876 406 2122 461 CONTRA
2152 408 2361 463 LEGEM
2392 408 2764 475 moment,
2798 410 2935 465 mc.

234 507 455 573 bibens
471 504 709 569 dicetur
722 503 952 567 habere
965 522 1213 567 causam
1225 512 1611 587 perpetuam,
1626 507 1797 586 quia,

235 600 535 682 quamdiu
554 618 738 662 causa
759 599 964 675 durat,
984 600 1145 660 ratio
1163 600 1351 661 etiam
1366 600 1801 680 prohibitionis

235 700 578 776 permanet.
595 693 770 756 Illam
787 711 935 772 ergo
953 692 1388 756 limitationem
1405 695 1608 774 quoad
1622 694 1795 755 illam

237 793 478 868 partem
505 805 634 848 non
660 786 942 863 admitto,
967 788 1129 849 sicut
1154 786 1329 847 illam
1363 788 1430 847 in
1450 787 1640 848 simili
1666 805 1795 848 non

237 880 509 942 admittit
534 881 636 943 lex
667 881 1042 961 Stipuletur,
1073 882 1175 957 35,
1198 880 1266 943 ff.
1289 882 1365 942 de
1388 881 1572 942 Verb.
1601 880 1794 958 oblig.

237 973 535 1035 Similiter
565 974 755 1036 etiam
793 991 922 1035 non
949 975 1208 1036 admitto
1235 980 1520 1053 quartam
1546 993 1585 1035 6
1610 974 1794 1052 Greg.

234 1066 384 1145 Lop.
411 1066 674 1146 positam
693 1067 769 1129 de
791 1067 1148 1148 praejudicio
1175 1067 1673 1128 contrahentium
1698 1065 1799 1128 vel

235 1159 424 1235 tertii,
455 1160 602 1239 quia
626 1178 742 1222 nec
770 1160 1248 1221 fundamentum
1273 1159 1484 1235 habet,
1515 1177 1628 1221 nec
1645 1160 1725 1220 ad
1749 1157 1794 1221 1.

234 1253 381 1318 Non
395 1254 641 1315 dubium
665 1261 727 1315 et
739 1254 927 1316 verba
945 1254 1078 1333 ejus
1093 1260 1261 1316 recte
1274 1254 1796 1316 accommodatur.

318 1348 418 1407 22.
462 1347 603 1409 Alia
627 1366 776 1409 vero
805 1349 1092 1410 limitatio
1127 1348 1272 1409 addi
1300 1354 1523 1426 posset,
1542 1348 1796 1425 scilicet,

235 1443 307 1499 ut
328 1439 436 1500 illa
463 1439 780 1519 dispositio
806 1441 1094 1521 procedat
1123 1443 1190 1502 in
1216 1441 1453 1502 actibus
1476 1442 1585 1521 qui
1607 1441 1801 1502 intro-

236 1531 471 1593 ducunt
519 1533 768 1595 vincula
795 1533 1176 1595 dissolubilia
1201 1541 1264 1596 et
1288 1534 1543 1596 effectus
1569 1534 1802 1596 habent

233 1624 644 1704 revocabiles3
686 1645 814 1687 non
845 1646 991 1689 vero
1021 1628 1089 1688 in
1124 1626 1222 1688 his
1254 1629 1362 1707 qui
1393 1626 1584 1688 semel
1610 1626 1800 1689 validi

235 1716 566 1779 irritabiles
596 1738 725 1779 non
780 1727 943 1794 sunt,
995 1726 1066 1781 ut
1109 1725 1258 1782 sunt
1301 1720 1794 1796 matrimonium,

235 1812 530 1889 professio
581 1814 894 1893 religiosa,
946 1821 1009 1876 et
1048 1815 1299 1876 similes,
1353 1817 1800 1877 Verumtamen

235 1902 365 1965 haec
394 1904 684 1967 limitatio
713 1915 871 1970 esset
900 1908 1153 1970 fortasse
1183 1908 1350 1969 utilis
1384 1909 1436 1968 si
1480 1908 1799 1988 dispositio

233 1995 401 2057 illius
442 1997 598 2077 16315
641 2000 722 2060 ad
758 2001 862 2079 jus
910 2001 1279 2062 canonicum
1330 2001 1766 2063 extenderetur
1773 2017 1796 2080 3

233 2108 380 2151 nam
417 2092 486 2153 in
517 2095 780 2155 materia
816 2095 982 2156 illius
1021 2096 1176 2175 juris
1223 2096 1627 2158 inveniuntur
1681 2095 1801 2156 1111-

226 2183 501 2261 jusmodi
532 2193 705 2248 actus
753 2188 1205 2250 indissolubiles
1246 2205 1263 2252 ε
1314 2190 1382 2250 16
1419 2190 1658 2250 66111165
1689 2207 1801 2250 au·-

232 2281 362 2337 tem
390 2295 558 2339 mere
582 2279 868 2341 civilibus
895 2286 959 2342 et
982 2281 1273 2342 humanis
1299 2300 1426 2343 non
1454 2282 1640 2343 sacris
1671 2300 1800 2343 non

233 2368 551 2431 invenitur
578 2370 688 2433 illa
732 2373 1235 2451 irrevocabilitas,
1266 2380 1329 2436 et
1368 2376 1507 2436 ideo
1552 2393 1679 2436 non
1707 2381 1800 2436 est

234 2465 698 2527 accommodata
716 2466 1033 2543 limitatio,
1057 2486 1201 2528 cum
1228 2468 1463 2529 dictum
1490 2469 1571 2529 sit
1597 2468 1799 2547 dispo·

235 2554 524 2619 sitionem
550 2558 717 2620 illius
740 2559 894 2638 16315
919 2565 1167 2621 tantum
1194 2561 1274 2621 ad
1300 2562 1626 2622 materiam
1649 2560 1798 2621 civi-

231 2645 359 2709 lem
416 2651 687 2713 extendi.
748 2652 1163 2733 Praeterquam
1220 2653 1386 2732 quod
1438 2654 1585 2715 licet
1637 2658 1797 2714 esset

231 2742 558 2819 possibilis,
606 2763 734 2805 non
778 2745 968 2806 habet
1016 2746 1492 2808 fundamentum
1537 2746 1607 2807 in
1655 2745 1795 2824 lege

233 2851 348 2894 nec
383 2834 861 2897 fundamentum
887 2838 1239 2900 sufficiens:
1275 2844 1338 2899 et
1360 2844 1576 2899 contra
1619 2837 1794 2898 illam

231 2927 508 3006 procedit
525 2929 682 2989 ratio
704 2947 893 3008 quam
913 2929 1123 2990 statim
1142 2948 1506 3009 proponam.
1525 2929 1664 2989 Alia
1692 2930 1796 2990 de-

233 3020 422 3098 nique
448 3020 738 3083 limitatio
775 3040 903 3083 esse
931 3029 1153 3102 potest,
1186 3028 1256 3083 ut
1281 3022 1382 3084 lex
1410 3021 1518 3083 illa
1544 3023 1797 3082 restrin-

235 3119 421 3191 gatur
452 3115 531 3176 ad
562 3116 852 3177 materias
880 3134 1098 3195 graves
1144 3117 1212 3177 in
1244 3116 1468 3195 quibus
1516 3115 1796 3195 prohibi-

232 3206 430 3268 tiones
451 3214 595 3269 sunt
622 3209 810 3270 etiam
841 3227 1081 3288 graves,
1104 3214 1167 3269 et
1194 3208 1332 3268 ideo
1360 3213 1532 3269 actus
1555 3213 1796 3268 contra-

227 3299 310 3360 rii
337 3307 482 3362 sunt
526 3301 702 3380 digni
728 3308 858 3363 tam
904 3303 1081 3381 gravi
1113 3318 1339 3382 poena:
1371 3319 1517 3362 nam
1563 3301 1797 3379 injusta

231 3399 387 3454 esset
408 3393 509 3454 lex
542 3400 673 3455 tam
708 3395 981 3474 graviter
1019 3395 1285 3474 puniens
1311 3394 1569 3456 leviores
1591 3399 1786 3454 actus.

232 3485 378 3558 Quae
405 3487 695 3548 limitatio
730 3487 1064 3567 probabilis
1094 3487 1346 3567 quidem
1386 3492 1509 3564 est;
1545 3503 1673 3546 non
1698 3485 1792 3545 vi·

231 3579 414 3639 detur
438 3585 649 3641 tamen
682 3579 1045 3656 necessaria,
1080 3580 1227 3659 61116
1263 3579 1315 3639 51
1362 3584 1537 3640 661115
1579 3577 1791 3657 probi-

230 3670 396 3731 bitus
455 3673 807 3734 continetur
868 3673 937 3733 in
996 3671 1400 3751 generalitate
1457 3668 1791 3731 verborum

232 3764 408 3826 dictae
451 3765 631 3844 legis,
662 3784 790 3826 non
831 3771 925 3826 est
961 3784 1070 3826 cur
1101 3765 1443 3844 excipiatur
1481 3781 1520 3823 a
1567 3778 1788 3841 poena3

230 3858 378 3937 quia
405 3859 458 3919 si
497 3858 902 3937 transgressio
944 3858 1064 3918 fuit
1105 3857 1277 3933 levis,
1313 3857 1503 3917 etiam
1530 3854 1792 3914 irritatio

229 3952 363 4028 ejus
394 3952 514 4013 erit
540 3970 723 4031 poena
753 3951 929 4027 levis,
976 3956 1041 4011 et
1084 3952 1174 4011 ita
1222 3966 1466 4029 semper
1514 3951 1794 4007 servatur

229 4044 543 4124 proportio
586 4050 649 4106 et
691 4043 1044 4123 aequalitas3
1100 4044 1152 4102 si
1194 4047 1404 4102 autem
1425 4043 1618 4100 *actus
1664 4057 1793 4099 non

229 4142 320 4197 est
347 4136 624 4198 absolute
651 4135 1019 4215 prohibituS,
1072 4134 1219 4214 quia
1245 4152 1372 4194 non
1413 4138 1505 4193 est
1532 4132 1792 4193 materia

230 4229 310 4289 ad
336 4228 584 4290 civilem
601 4227 1106 4306 prohibitionem,
1122 4232 1272 4287 tunc
1291 4225 1548 4287 omnino
1574 4229 1667 4284 est
1689 4242 1792 4284 ex-

229 4326 331 4380 tra
377 4319 705 4380 materiam
744 4319 911 4379 illius
942 4319 1122 4399 16315,
1150 4337 1267 4380 666
1295 4321 1537 4397 oportet
1563 4315 1640 4376 de
1684 4315 1792 4380 illo

232 4412 561 4493 specialem
589 4412 1015 4491 exceptionem
1040 4412 1261 4473 facere.

311 4507 413 4566 23.
459 4504 719 4582 Satisfit
763 4505 1029 4567 secundoe
1078 4505 1251 4584 parti
1299 4502 1662 4583 objectionis.
1712 4534 1793 4550 -—-

231 4598 326 4659 Ad
353 4597 687 4659 secundam
709 4606 949 4677 partem
977 4597 1359 4676 obJectionis,
1380 4595 1675 4658 Mendoza
1691 4614 1793 4655 su-

233 4710 346 4772 pra
370 4691 520 4753 dicit
562 4690 871 4772 imprimis
911 4690 980 4751 in
1029 4691 1217 4752 dubio
1248 4689 1628 4752 censendum
1664 4705 1794 4750 esse

230 4784 398 4864 leges
424 4785 634 4847 civiles
659 4804 788 4846 non
831 4785 1075 4847 irritare
1114 4790 1291 4846 actus
1332 4783 1686 4864 simpliciter
1731 4786 1795 4843 et

229 4878 298 4938 in
327 4895 412 4954 se,
444 4877 648 4958 quoad
674 4877 1024 4941 naturalem
1075 4877 1539 4957 obligationem,
1573 4893 1683 4937 seu
1725 4874 1794 4936 in

227 4970 363 5031 foro
390 4972 800 5047 conscientiae,
827 4972 932 5033 sed
956 4976 1201 5032 tantum
1237 4972 1384 5032 dare
1423 4968 1524 5031 vel
1550 4967 1795 5030 auferre

230 5065 536 5127 actionem
563 5066 633 5126 in
675 5066 894 5127 ordine
933 5065 1014 5127 ad
1039 5065 1339 5144 judicium
1369 5063 1569 5139 civile,
1600 5067 1662 5123 et
1694 5080 1795 5124 eo-

230 5158 373 5218 dem
403 5160 585 5219 modo
608 5158 852 5221 irritare
880 5159 1118 5240 aliquos
1157 5165 1330 5220 actus
1369 5158 1438 5219 in
1467 5157 1685 5219 ordine
1711 5156 1792 5217 ad

221 5250 453 5328 judicis
502 5251 894 5314 sententiam.
940 5253 1062 5313 Nec
1119 5257 1331 5313 tamen
1378 5256 1568 5330 negat
1617 5268 1792 5331 posse

225 5342 395 5421 leges
436 5345 645 5407 civiles
685 5345 841 5407 illud
866 5345 1090 5420 facere,
1128 5345 1236 5407 sed
1260 5344 1464 5426 potius
1509 5361 1793 5423 expresse

228 5436 293 5497 id
326 5438 630 5518 affirmat3
658 5440 920 5520 requirit
948 5445 1155 5502 autem
1185 5444 1255 5500 ut
1298 5438 1445 5501 satis
1485 5437 1646 5500 clare
1690 5437 1793 5499 lex

226 5531 500 5598 declaret
525 5534 700 5598 illam
740 5541 1018 5599 mentem
1060 5552 1238 5599 suam
1284 5539 1346 5597 et
1390 5533 1572 5597 illum
1616 5532 1794 5596 effec-

1881 514 2040 585 tum,
2090 509 2237 588 quia
2284 510 2336 571 si
2379 529 2478 573 res
2522 516 2774 573 maneat
2820 510 3012 574 dubia
3055 518 3119 574 et
3161 512 3441 593 obscura,

1879 619 2122 681 semper
2143 603 2688 682 interpretabimur
2708 604 2911 683 legem
2930 605 3174 670 irritare
3201 608 3445 671 meliori

1878 695 2083 756 mode.
2141 695 2336 768 Quam
2392 696 2677 775 regulam
2739 716 2855 777 636
2911 716 3125 761 veram
3178 719 3395 765 censeo
3419 747 3440 779 ,

1878 786 2374 869 sufficienterque
2426 807 2604 869 posse
2653 790 2900 870 probari
2942 809 3021 854 ex
3063 792 3241 856 dictis
3283 796 3445 857 circa
3550 837 3563 848 ·

1877 880 2453 961 interpretationem
2479 882 2634 963 legis
2661 885 2740 949 N
2734 903 2808 947 on
2852 886 3115 950 dubium.
3171 887 3444 968 Objectio

1878 980 2089 1037 autem
2135 975 2298 1037 facta
2337 975 2582 1038 videtur
2625 995 2872 1057 urgere,
2921 978 3070 1058 quia
3120 998 3445 1061 nunquam

1877 1067 1979 1130 lex
2006 1068 2206 1130 civilis
2249 1070 2554 1132 censenda
2592 1071 2711 1132 erit
2741 1071 3045 1151 explicare
3072 1073 3445 1137 sufficienter

1878 1161 2290 1224 irritationem
2321 1163 2668 1226 absolutam
2694 1171 2886 1242 actus,
2908 1166 2974 1227 id
2991 1171 3104 1243 est,
3128 1167 3331 1246 quoad
3350 1173 3445 1229 to-

1880 1260 2016 1316 tum
2036 1256 2311 1318 valorem
2328 1263 2391 1319 et
2409 1257 2854 1337 obligationem
2877 1259 3251 1335 naturalem,
3273 1261 3445 1323 silex

1878 1350 1956 1414 N
1951 1368 2026 1411 on
2053 1351 2297 1413 dubium
2321 1350 2484 1412 11666
2523 1370 2653 1413 666
2701 1353 3048 1433 explicavit.
3081 1354 3444 1433 Respondeo

1878 1448 2092 1504 tamen
2115 1442 2387 1506 breviter
2428 1445 2714 1524 negando
2749 1447 3104 1527 sequelam:
3135 1447 3204 1508 in
3230 1447 3445 1508 multis

1880 1533 2120 1613 legibus
2147 1536 2427 1598 civilibus
2448 1543 2649 1616 potest
2679 1556 2809 1600 esse
2837 1540 3032 1602 multo
3059 1540 3260 1619 major
3282 1539 3444 1602 ratio

1878 1627 2271 1707 intelligendi
2301 1630 2726 1692 omnimodam
2774 1632 3208 1703 irritationem,
3256 1633 3444 1693 etiam

1879 1721 2084 1799 quoad
2111 1722 2456 1785 naturalem
2484 1724 2946 1803 obligationem.
2971 1727 3117 1800 Quae
3142 1725 3304 1786 ratio
3320 1725 3447 1785 dis-

1879 1815 2174 1875 cernendi
2198 1814 2310 1875 has
2330 1816 2497 1895 leges
2514 1817 2745 1896 partim
2769 1836 2846 1879 ex
2867 1818 3092 1894 verbiS,
3117 1818 3347 1898 partim
3364 1830 3444 1879 ex

1879 1907 2145 1969 materia
2172 1907 2554 1970 desumenda
2569 1916 2684 1985 est,
2714 1917 2785 1972 ut
2806 1928 2993 1992 supra
3010 1910 3441 1991 explicuimus-

2410 2091 2657 2154 CAPUT
2697 2095 2905 2155 XXIX.

1877 2292 2077 2340 11111161
2113 2293 2197 2339 sa
2237 2294 2367 2347 6115.
2398 2296 2570 2342 mum·
2609 2296 2839 2342 comas
2870 2296 3071 2341 1661111
3106 2294 3446 2345 amomum

1957 2387 2372 2435 raommlm
2400 2390 2551 2435 ruas
2578 2390 2707 2436 sim·
2736 2378 2859 2436 lrso'
2881 2390 3025 2436 111116
3051 2388 3358 2436 mummii.

1955 2560 1988 2618 1
2002 2602 2017 2619 .
2061 2558 2246 2638 Leyes
2299 2560 2595 2623 canonicor
2643 2561 3026 2640 prohibentes
3076 2564 3276 2623 actvm
3326 2577 3452 2623 non

1873 2649 2132 2713 imitant
2152 2652 2283 2730 ipso
2296 2656 2483 2730 facto,
2508 2654 2635 2715 nisi
2649 2654 2890 2717 aliunde
2914 2658 3171 2717 constet:
3190 2658 3452 2717 66166111·-

1871 2745 2075 2804 munis
2086 2743 2468 2822 juri-stanam
2494 2751 2550 2808 et
2579 2746 3002 2826 theologorum.
3018 2778 3102 2794 —
3115 2746 3451 2823 Pontifices

1874 2839 1929 2896 et
1960 2833 2233 2898 Concilia
2260 2838 2541 2915 quomodo
2567 2837 2817 2901 ion-itant
2845 2840 2911 2901 in
2938 2841 3070 2901 mis
3093 2838 3451 2901 demetiae-

1875 2926 2058 2986 Ratio
2082 2927 2409 2989 dubitandi
2435 2931 2634 3008 posita
2656 2936 2748 2990 est
2774 2932 2842 2991 in
2871 2950 3004 3010 cap.
3032 2933 3134 2992 25.
3163 2932 3296 3005 Qua
3315 2947 3449 2992 11611

1878 3017 2183 3095 obstante,
2210 3020 2542 3082 dicendum
2576 3027 2668 3082 est
2695 3028 2903 3082 actum
2934 3022 3288 3101 hujusmodi
3315 3040 3445 3084 nou

1877 3129 2008 3173 esse
2050 3112 2186 3192 ipso
2222 3115 2365 3192 jure
2413 3114 2688 3190 irritum,
2731 3115 2878 3193 quia
2921 3114 3088 3193 leges
3133 3115 3449 3176 canonicae

1876 3205 2273 3283 prohibentes
2321 3213 2532 3268 actum
2581 3206 2811 3267 directe
2865 3211 2929 3268 et
2980 3207 3049 3268 in
3102 3207 3450 3268 substantia

1876 3298 2033 3376 ejus,
2062 3317 2189 3359 non
2211 3300 2460 3361 irritant
2482 3299 2661 3361 illum
2688 3301 2822 3380 ipso
2845 3300 3030 3376 facto,
3055 3301 3177 3360 nisi
3204 3318 3281 3361 ex
3306 3300 3451 3361 aliis

1873 3391 2076 3451 verbis
2109 3391 2209 3453 vel
2230 3392 2366 3453 aliis
2392 3393 2864 3472 particularibus
2885 3393 3079 3472 signis
3102 3399 3340 3454 constet
3365 3392 3444 3454 de

1871 3484 1981 3544 tali
2006 3483 2254 3546 effectu.
2281 3486 2424 3546 Haec
2445 3487 2697 3547 assertio
2720 3488 2882 3546 sumi
2904 3490 3107 3566 potest
3128 3503 3205 3547 ex
3230 3484 3443 3546 Glossa

1871 3576 1985 3637 ult.
2027 3578 2097 3637 in
2123 3596 2257 3657 cap.
2296 3578 2507 3657 penul.
2545 3578 2621 3640 de
2650 3581 2940 3659 Despons.
2966 3579 3236 3658 impub.,
3262 3582 3326 3639 et
3350 3577 3448 3638 vi-

1836 3712 1844 3721 .
1872 3670 2055 3730 detur
2098 3689 2229 3732 esse
2261 3690 2431 3732 nunc
2470 3673 2817 3732 communis
2855 3671 3158 3733 sententia
3196 3668 3439 3731 theolo-

1872 3781 2121 3841 gorum,
2142 3763 2269 3826 imo
2289 3769 2352 3826 et
2369 3764 2869 3843 jurisperitorum
2879 3779 2899 3841 3
2921 3780 3073 3826 nam
3094 3763 3211 3823 bac
3226 3761 3446 3841 regula

1873 3860 2137 3916 utuntur
2150 3857 2229 3916 ad
2244 3856 2608 3935 explicanda
2621 3857 2866 3918 decreta
2879 3855 3267 3918 Pontificum.
3285 3858 3443 3918 Item

1873 3946 1991 4007 hac
2030 3948 2247 4025 regula
2272 3948 2511 4008 utimur
2543 3949 2611 4007 in
2643 3947 3021 4027 explicandis
3060 3949 3260 4027 poenis
3300 3965 3443 4027 quse

1874 4040 2011 4120 ipso
2051 4039 2212 4101 facto
2258 4042 2700 4101 incurruntur:
2745 4042 2877 4102 hoec
2921 4046 3134 4101 autem
3176 4040 3443 4103 irritatio

1874 4150 2120 4193 annexa
2146 4132 2548 4211 prohibitioni
2588 4133 2899 4193 ordinarie
2931 4150 3116 4212 poena
3154 4132 3441 4212 quaedaln

1873 4236 1987 4300 est,
2024 4231 2088 4285 et
2113 4225 2221 4286 ubi
2256 4244 2383 4286 non
2412 4231 2504 4287 est
2530 4244 2713 4304 poena
2742 4231 2831 4287 est
2859 4241 3047 4303 grave
3074 4243 3254 4301 onus,
3293 4225 3443 4305 61116

1873 4337 2001 4379 non
2045 4319 2441 4398 praesumitur
2481 4319 2547 4378 in
2579 4319 2739 4397 lege,
2784 4318 2906 4378 nisi
2948 4317 3105 4378 illud
3146 4317 3435 4380 declaret.

1873 4413 2198 4473 Ostensum
2229 4416 2319 4472 est
2354 4416 2565 4472 autem
2596 4429 2674 4472 ex
2702 4416 2928 4471 natura
2966 4411 3060 4472 rei
3086 4429 3215 4472 non
3241 4410 3369 4472 decl
3378 4428 3442 4471 .·1-

1872 4504 2000 4565 rari
2026 4504 2399 4565 sufficienter
2419 4522 2530 4583 per
2555 4503 2818 4565 verbum
2838 4503 3236 4584 prohibendi3
3261 4502 3443 4563 nulla

1873 4603 1964 4658 est
1987 4598 2090 4659 lex
2116 4597 2412 4658 canoniea
2452 4615 2587 4677 quae
2613 4597 2802 4658 aliam
2833 4597 2962 4659 vim
2996 4595 3098 4658 vel
3133 4594 3441 4674 significa-

1870 4692 2108 4753 tionem
2138 4691 2231 4752 illi
2268 4691 2455 4752 verbo
2495 4691 2782 4752 tribuerit
2795 4713 2812 4766 3
2854 4709 3023 4769 ergo.
3068 4691 3267 4769 Atque
3305 4688 3441 4750 11616

1873 4786 2032 4848 ratio
2049 4786 2271 4866 probat
2289 4785 2365 4847 de
2386 4785 2558 4846 omni
2580 4785 2925 4847 irritatione
2944 4785 3077 4864 ipso
3098 4784 3288 4859 iacto,
3309 4781 3441 4844 sive

1874 4878 2246 4941 incurrenda
2266 4896 2379 4959 per
2404 4879 2773 4939 sententiam
2797 4877 3287 4952 declaratoriam,
3306 4874 3438 4938 sive

1875 4977 2021 5033 ante
2048 4972 2240 5033 illam.
2271 4972 2543 5051 Denique
2570 4971 2687 5032 bac
2710 4972 2948 5032 ratione
2972 4968 3441 5050 diligentissime

1873 5064 2203 5126 observant
2229 5064 2557 5127 Pontifices
2587 5070 2647 5126 et
2676 5064 2946 5125 Concilia
2975 5064 3044 5125 in
3068 5063 3196 5123 suis
3221 5060 3439 5124 decre-

1870 5158 1970 5234 tis,
1999 5164 2094 5236 ut,
2123 5159 2370 5239 quando
2398 5158 2642 5219 irritare
2667 5158 2907 5233 volunt,
2938 5155 3280 5218 clausulam
3297 5152 3441 5215 irti-

1869 5257 2109 5313 tantem
2142 5252 2460 5331 adjiciant,
2490 5269 2603 5331 per
2636 5268 2823 5330 quam
2850 5250 3040 5311 etiam
3076 5249 3335 5309 modum
3373 5252 3438 5308 et

1870 5352 2118 5425 tempus
2140 5345 2503 5405 irritationis
2525 5344 2852 5405 declarent.
2876 5345 3102 5423 Estque
3129 5341 3438 5421 optimum

1873 5438 2227 5518 exemplum
2267 5438 2333 5497 in
2362 5456 2495 5518 cap.
2530 5437 2875 5513 Statutwm,
2906 5436 2983 5498 de
3009 5436 3334 5515 Rescript.‚
3367 5434 3436 5494 in

1874 5535 1937 5612 6,
1957 5531 2070 5595 ubi
2087 5550 2230 5595 cum
2251 5531 2320 5594 in
2335 5530 2373 5612 ἓ
2390 5532 2652 5613 Impar
2671 5536 2735 5595 et
2752 5531 3148 5614 sequentibus
3164 5526 3436 5609 acceptio

3324 412 3545 473 543-
