3976 6219
516 367 638 429 430

518 471 912 534 concedimus
942 466 1246 528 veriorem
1281 481 1412 527 esse
1442 470 1682 545 partem
1716 469 2074 543 negantem,

516 583 655 645 quae
691 562 1081 625 communior
1124 564 1238 630 est,
1273 565 1348 619 ut
1394 559 1693 619 videmus
1735 559 1840 619 Est
1889 557 2079 618 etiam

516 656 953 730 controversia,
984 673 1066 716 an
1096 671 1240 714 reus
1261 653 1394 733 ipso
1419 652 1582 714 facto
1608 651 1853 712 amittat
1880 650 2080 711 domi-

514 752 692 812 nium
725 767 978 811 suorum
1004 748 1335 822 bonorum,
1368 752 1500 808 esto
1523 763 1651 806 non
1678 744 1922 805 amittat
1943 744 2076 822 jus-

518 851 646 906 tam
692 843 1134 924 possessionem
1149 885 1170 916 ,
1213 839 1672 900 usumfructum
1686 883 1706 913 ,
1751 842 1814 898 et
1856 851 2071 897 usum·
2051 880 2073 913 ,

515 944 728 999 tamen
749 936 1004 997 fortasse
1035 939 1126 995 est
1156 933 1413 1012 quaestio
1435 931 1512 992 de
1544 930 1727 993 modo
1755 928 2074 1009 loquendi,

517 1032 666 1112 quia
696 1030 969 1091 dubitari
996 1045 1124 1091 non
1164 1032 1365 1108 potest
1390 1027 1544 1105 quin
1571 1042 1712 1085 reus
1749 1025 1882 1103 ipso
1913 1024 2077 1085 facto

516 1125 762 1185 amittat
786 1121 1035 1201 aliquod
1063 1122 1190 1199 juS,
1232 1119 1397 1199 quod
1425 1124 1610 1180 antea
1635 1118 1702 1178 in
1741 1117 1868 1179 suis
1896 1116 2078 1177 bonis

517 1216 808 1293 habebat,
838 1225 900 1277 et
927 1214 1106 1276 fiscus
1141 1213 1294 1274 illud
1320 1212 1617 1292 acquirat.
1645 1214 1802 1274 Nam
1836 1210 2078 1271 ratione

510 1312 694 1390 juris,
727 1310 973 1389 quando
1012 1313 1224 1388 postea
1247 1308 1443 1369 fertur
1468 1307 1776 1368 sententia
1806 1305 2077 1367 declara-

516 1404 676 1465 toria
714 1402 1017 1479 criminiS,
1052 1400 1489 1463 retrotrahitur
1531 1400 1810 1461 executio
1852 1416 2074 1478 pcenae,

517 1502 581 1558 et
598 1495 780 1557 fiscus
806 1500 1127 1576 recuperat
1152 1493 1364 1554 omnia
1381 1492 1546 1554 bona
1563 1493 1677 1569 rei,
1702 1491 2080 1571 ubicumque

518 1594 582 1649 et
621 1587 1194 1667 quomodocumque
1239 1586 1346 1648 illa
1385 1586 1690 1648 invenerit
1697 1601 1719 1662 3
1749 1602 1898 1663 ergo
1938 1584 2080 1645 talis

519 1681 622 1742 lex
643 1681 833 1743 infert
849 1681 1122 1760 aliquam
1142 1698 1391 1760 poenam
1409 1680 1616 1740 statim
1634 1697 1704 1740 ac
1720 1678 1792 1739 fit
1814 1678 2076 1754 crimen,

520 1781 666 1835 ante
692 1792 943 1836 omnem
987 1774 1378 1835 sententiam.
1423 1772 1600 1834 Unde
1635 1772 1824 1833 etiam
1858 1789 1936 1832 ex
1971 1768 2082 1831 illa

521 1867 796 1928 nascitur
821 1867 1116 1945 obligatio
1150 1867 1217 1926 in
1256 1866 1629 1927 conscientia
1665 1865 1746 1926 ad
1772 1882 1899 1925 non
1931 1863 2084 1924 dila-

520 1960 791 2039 pidanda
830 1978 904 2022 ea
928 1961 1092 2021 bona
1129 1960 1198 2020 in
1235 1959 1681 2021 detrimentum
1720 1958 1877 2033 fisci,
1908 1963 1971 2018 et
2003 1956 2084 2018 ad

522 2071 648 2113 non
677 2052 988 2114 faciendos
1015 2059 1362 2114 contractus
1396 2053 1505 2132 qui
1542 2052 1779 2132 possint
1809 2052 1877 2112 in
1908 2049 2083 2111 dam·

520 2164 673 2207 num
717 2146 887 2208 tertii
929 2146 1300 2208 redundare.
1351 2147 1469 2207 Sed
1508 2146 1585 2207 de
1622 2145 1740 2206 hac
1787 2161 1972 2224 poena
2014 2143 2082 2204 in

522 2239 784 2300 materia
825 2241 902 2301 de
952 2240 1206 2315 Haeresi,
1238 2241 1363 2301 Deo
1402 2239 1609 2314 dante,
1640 2238 1826 2299 latius
1854 2237 2083 2299 dicturi

522 2350 753 2394 sumus,
804 2334 1029 2394 Praeter
1056 2332 1168 2393 has
1209 2333 1477 2412 denique
1515 2336 1661 2392 sunt
1695 2332 1906 2393 multae
1944 2330 2083 2391 alioe

522 2443 720 2504 poenae
778 2425 1196 2503 privationum
1249 2425 1563 2486 fructuum
1579 2469 1600 2499 ,
1663 2425 2085 2485 irritationum

522 2523 948 2579 contractuum
989 2524 1050 2580 et
1088 2519 1574 2594 inhabilitatum,
1618 2518 1698 2578 ad
1741 2536 1892 2598 quas
1925 2534 2085 2596 saepe

521 2611 622 2672 lex
653 2611 914 2690 poenalis
945 2611 1180 2689 obligat
1216 2613 1283 2672 in
1314 2611 1707 2686 conscientia,
1739 2618 1811 2672 ut
1850 2614 2086 2672 constat

523 2703 601 2763 de
618 2703 928 2781 aliquibus
943 2705 1396 2782 impedimentis
1419 2723 1496 2767 ex
1521 2704 1769 2779 delict0,
1797 2704 1886 2763 ita
1909 2702 2089 2763 inha-

523 2794 910 2855 bilitantibus
961 2814 1286 2875 personam
1333 2796 1415 2857 ad
1460 2796 1928 2856 matrimonium
1943 2841 1963 2870 ,
2017 2800 2087 2856 ut

525 2892 671 2948 ante
711 2904 962 2949 omnem
1007 2889 1377 2950 sententiam
1420 2889 1666 2950 irritent
1710 2888 2087 2967 subsequens

525 2981 1017 3060 matrimonium,
1062 3001 1140 3043 ex
1174 2988 1421 3062 recepta
1458 2987 1523 3044 et
1560 2982 1908 3043 indubitata
1948 3000 2079 3043 sen-

527 3074 742 3151 tentia,
782 3094 971 3156 quam
1007 3077 1136 3156 ipse
1168 3077 1312 3139 Soto
1350 3077 1419 3138 in
1460 3079 1500 3138 4
1534 3075 1945 3157 amplectitur.
1988 3076 2089 3137 In-

525 3169 815 3231 habilitas
853 3172 1040 3233 etiam
1077 3172 1156 3231 ad
1195 3172 1578 3247 donandum,
1620 3170 2084 3251 acquirendum,

523 3263 938 3341 vendendum,
988 3270 1050 3326 et
1098 3265 1360 3341 similia,
1408 3283 1565 3344 saepe
1616 3265 1932 3326 inducitur
1978 3283 2091 3345 per

523 3354 725 3434 legem
761 3357 1103 3418 humanam
1143 3358 1277 3436 ipso
1315 3358 1498 3433 facto,
1544 3363 1617 3418 ut
1650 3358 1812 3419 infra
1852 3358 2088 3420 videbi-

524 3466 684 3510 mus,
732 3449 853 3510 Cur
890 3468 1063 3527 ergo,
1106 3449 1262 3510 sicut
1299 3450 1417 3510 hoc
1456 3450 1602 3511 facit
1626 3450 1729 3511 lex
1766 3452 1900 3530 ipso
1925 3450 2087 3511 facto

524 3546 775 3620 propter
800 3541 951 3603 alias
977 3542 1271 3617 rationeS,
1293 3560 1420 3602 non
1444 3542 1670 3621 poterit
1696 3543 1881 3604 etiam
1909 3543 1974 3602 id
2000 3542 2086 3605 es-

522 3631 703 3693 ficcre
722 3639 971 3714 propter
992 3633 1328 3695 delictum‘?
1348 3635 1484 3694 Non
1498 3640 1590 3695 est
1610 3653 1759 3714 ergo
1780 3635 2085 3697 sufficiens

524 3724 631 3785 illa
657 3726 933 3803 exceptio
960 3743 1150 3805 quam
1182 3726 1332 3787 facit
1359 3727 1526 3788 Soto.

606 3818 706 3877 10.
751 3816 1000 3880 Accedit
1027 3825 1321 3898 praeterea
1347 3819 1511 3899 quod
1540 3822 1845 3899 generalis
1870 3822 2086 3902 regula

523 3930 561 3971 a
589 3912 733 3973 Soto
758 3912 1090 3974 constituta
1123 3913 1295 3974 nulla
1324 3914 1652 3976 sufficienti
1678 3916 1918 3977 ratione
1944 3935 2085 3996 pro-

522 4005 738 4082 batur3
770 4024 919 4067 nam
970 4007 1302 4087 potissimae
1352 4014 1495 4069 sunt
1546 4027 1698 4089 quas
1748 4010 1977 4071 adduxi
2019 4010 2088 4070 in

520 4100 723 4178 prima
749 4101 1072 4178 sententia,
1108 4107 1170 4163 et
1196 4102 1440 4163 ostendi
1465 4102 1624 4163 nihil
1660 4102 1941 4182 probare.
1971 4104 2086 4164 De·

523 4193 712 4271 nique
743 4192 1115 4270 differentia,
1148 4214 1336 4275 quam
1375 4194 1624 4257 adducit
1665 4197 1810 4258 Soto
1840 4214 1968 4257 non
1997 4201 2087 4257 est

523 4292 808 4348 constans
820 4302 840 4365 3
865 4293 1000 4349 tum
1021 4288 1170 4367 quia
1191 4306 1464 4351 censurae
1478 4289 1664 4350 etiam
1683 4289 1929 4369 privant
1945 4307 2084 4368 pro-

521 4379 674 4458 priis
705 4380 903 4457 bonis,
943 4386 1013 4442 ut
1038 4381 1339 4443 i'ructibus
1365 4380 1672 4458 beneficii,
1710 4401 1826 4443 usu
1854 4380 2089 4463 proprii

521 4474 819 4551 muneris,
860 4492 967 4535 seu
1009 4474 1218 4552 officii,
1253 4482 1316 4537 et
1355 4475 1705 4555 aliquarum
1745 4475 2085 4552 actionum,

520 4584 784 4645 quarum
819 4568 1008 4629 homo
1052 4575 1144 4630 est
1176 4569 1504 4647 dominus3
1542 4575 1677 4630 tum
1714 4569 1903 4631 etiam
1939 4568 2087 4648 quia

520 4677 633 4737 per
659 4659 811 4721 alias
849 4661 1014 4739 leges
1052 4661 1516 4723 inhabilitantes
1541 4662 1856 4723 interdum
1884 4663 2087 4741 priva-

520 4759 623 4813 tur
648 4753 836 4815 homo
863 4754 1062 4829 boniS,
1096 4772 1206 4815 seu
1224 4755 1364 4833 jure
1391 4756 1662 4835 proprio,
1693 4761 1764 4816 ιιι
1791 4760 1884 4816 est
1908 4753 2085 4815 habi-

518 4847 660 4908 litas
681 4847 760 4908 ad
788 4846 1276 4908 contrahendum
1301 4849 1790 4923 matrimonium,
1810 4848 1910 4909 vel
1935 4846 2084 4927 quid

520 4942 743 5017 simile,
773 4939 938 5019 quod
982 4945 1195 5001 tamen
1236 4958 1348 5019 per
1390 4939 1593 5018 legem
1636 4940 1774 5001 fieri
1821 4940 1973 5001 solet
2013 4940 2083 5000 in

520 5052 792 5113 poenam,
823 5039 896 5094 ut
922 5033 1050 5094 dixi
1059 5049 1078 5109 3
1112 5038 1246 5094 tum
1277 5039 1575 5112 praeterea
1609 5032 1757 5112 quia
1796 5031 1947 5092 dum
1974 5033 2083 5092 Ec-

521 5126 705 5187 clesia
732 5127 937 5206 privat
973 5126 1152 5187 bonis
1188 5126 1644 5204 communibus,
1673 5143 1801 5186 non
1832 5143 1896 5186 se
1922 5125 2083 5204 gerit

520 5225 592 5278 ut
618 5219 892 5295 domina,
917 5221 1022 5282 sed
1043 5226 1114 5280 ut
1129 5220 1327 5282 fidelis
1345 5222 1749 5300 dispensator,
1776 5226 1838 5280 et
1855 5219 2076 5299 judex:

519 5331 669 5393 ergo
715 5314 870 5373 sicut
909 5320 1107 5393 potest
1143 5333 1253 5393 per
1287 5316 1490 5394 legem
1520 5316 1681 5376 serre
1710 5314 2082 5375 sententiam

520 5428 644 5488 qua
695 5408 895 5488 privet
938 5406 1257 5470 hominem
1299 5410 1481 5471 bonis
1524 5408 1955 5470 communibus
2004 5408 2083 5467 ad

521 5520 661 5583 quae
691 5500 962 5564 habebat
1003 5500 1107 5581 jus
1146 5503 1225 5565 ab
1269 5502 1404 5584 ipso
1441 5503 1718 5578 domino,
1762 5503 1851 5564 ita
1891 5501 2083 5564 etiam

1422 364 1537 416 un.
1574 364 1634 415 V.
1669 364 1750 415 DE
1780 361 2138 415 numum
2168 361 2379 416 mauu
2408 357 2816 415 nmmum.

2155 469 2355 543 potest
2402 462 2631 543 privari
2675 460 2852 522 bonis
2892 454 3177 538 propriis,
3221 452 3375 534 quia
3416 466 3570 512 non
3619 446 3754 528 plns

2156 556 2491 635 aliquando
2523 555 2933 628 aestimantur,
2963 568 3078 611 nec
3121 548 3325 626 magis
3362 543 3571 606 utilia
3613 548 3756 601 sunt

2156 651 2323 713 bona
2347 650 2617 731 propria,
2657 665 2845 727 quam
2891 642 3267 716 communia,
3302 645 3379 701 ut
3421 635 3753 698 cathedra

2157 745 2473 824 suffragia,
2495 749 2558 804 et
2583 741 2842 803 similia.
2865 755 3013 816 ergo
3039 737 3117 797 de
3142 734 3242 795 his
3269 731 3591 796 omnibus
3614 747 3752 808 pos-

2156 845 2301 901 sunt
2324 838 2472 899 ferri
2504 837 2672 915 leges
2698 833 2971 916 poenales
2996 834 3320 912 operantoe
3362 828 3513 907 ipso
3553 824 3748 898 facto,

2154 933 2320 1012 quod
2349 932 2494 992 Soto
2522 934 2732 1008 negat.
2758 929 2835 988 Et
2860 924 3155 1006 probatur
3176 918 3648 999 consequentia
3674 917 3747 976 ad

2155 1025 2496 1099 hominem,
2519 1022 2665 1103 quia
2690 1022 2757 1081 in
2787 1020 2905 1081 hoc
2934 1017 3399 1098 aequiparentur
3429 1011 3740 1072 censuris

2157 1123 2219 1179 et
2244 1117 2419 1178 nulla
2444 1115 2568 1177 alia
2605 1114 2764 1175 ratio
2790 1110 3154 1174 differentiae
3182 1107 3261 1169 ab
3297 1125 3377 1167 eo
3419 1103 3742 1166 redditur.

2157 1211 2252 1272 Ad
2281 1209 2613 1272 secundam
2637 1224 2810 1283 vero,
2836 1222 3027 1285 quam
3053 1220 3165 1264 nos
3189 1198 3615 1271 adduximus,
3645 1215 3741 1256 re·
3866 1215 3867 1224 ¹

2156 1303 2516 1386 spondetur,
2540 1301 2728 1362 etiam
2756 1297 2906 1360 alias
2932 1313 3145 1377 poenas
3164 1311 3293 1356 esse
3321 1308 3520 1372 posse
3550 1289 3743 1350 medi-
3866 1283 3867 1294 ’

2157 1397 2407 1472 cinales,
2476 1400 2538 1456 et
2582 1412 2617 1455 e
2666 1408 2961 1454 converso
3004 1389 3195 1450 etiam
3244 1401 3565 1448 censuras
3621 1399 3742 1442 esae

2158 1510 2372 1574 poenas
2400 1489 2788 1552 vindicantes
2815 1485 3061 1560 delicta,
3101 1487 3540 1563 praeterquam
3582 1477 3741 1557 quod

2158 1586 2494 1649 vindicatio
2511 1587 2792 1663 respectu
2805 1581 3012 1656 unius,
3031 1584 3123 1641 est
3144 1576 3470 1639 medicina
3490 1591 3743 1654 ΡΜ

2160 1679 2368 1740 vativa
2393 1680 2677 1756 respectu
2702 1673 2990 1749 aliorum,
3022 1677 3085 1733 et
3111 1671 3252 1731 ideo
3276 1667 3620 1749 postulare
3647 1685 3742 1747 po-

2160 1778 2280 1833 test
2324 1770 2605 1833 eamdem
2647 1768 2775 1829 vim
2819 1771 2883 1829 et
2926 1765 3285 1828 efficaciam.
3333 1761 3570 1823 Tertia
3600 1761 3741 1821 itan

2162 1864 2510 1927 differentia
2535 1862 2708 1924 nulla
2733 1865 2846 1937 est,
2873 1860 3021 1939 quia
3041 1859 3228 1920 etiam
3254 1855 3647 1918 inhabilitas
3672 1855 3738 1915 ad

2162 1958 2635 2020 matrimonium
2687 1974 2799 2036 per
2857 1955 3062 2032 legem
3113 1951 3413 2032 imposita
3478 1949 3739 2010 includit

2164 2058 2537 2133 praeceptum
2577 2068 2707 2111 non
2750 2045 3156 2108 contrahendi
3182 2062 3326 2105 cum
3354 2043 3739 2116 irritatione,

2163 2153 2226 2210 et
2257 2166 2292 2209 e
2319 2163 2614 2208 converso
2650 2142 2911 2223 privatio
2942 2140 3196 2202 inducta
3225 2157 3340 2217 per
3376 2154 3736 2209 censuram,

2162 2260 2320 2321 saepe
2346 2258 2474 2301 non
2514 2238 2712 2300 solum
2743 2238 3141 2316 praeceptum,
3172 2231 3279 2293 sed
3305 2232 3514 2293 etiam
3541 2231 3739 2292 irrita·

2162 2335 2397 2396 tionem
2424 2330 2717 2407 includit3
2744 2334 2835 2390 est
2860 2345 3011 2407 ergo
3037 2326 3254 2388 eadem
3282 2325 3475 2385 ratio.

2248 2430 2344 2489 11.
2378 2425 2613 2500 Quarta
2635 2423 2929 2487 sententia
2951 2422 3021 2485 de
3045 2438 3221 2499 penna
3241 2419 3309 2480 in.
3332 2419 3583 2482 actione
3607 2435 3738 2480 002-

2165 2521 2409 2583 sistente
2448 2520 2531 2581 ad
2560 2535 2739 2599 quam
2784 2532 2949 2578 nemo
2988 2514 3294 2593 obliqatur
3319 2516 3470 2575 ante
3515 2516 3738 2573 senta-
3864 2505 3876 2522 ⁴

2165 2614 2357 2684 πωπω
2370 2630 2534 2676 secus
2554 2613 2625 2675 de
2647 2628 2715 2674 ea
2733 2627 2866 2691 quoe
2887 2608 2956 2670 in
2981 2607 3110 2669 sola
3122 2605 3414 2686 passione
3430 2604 3736 2666 consistit.

2165 2738 2247 2749 —-
2266 2705 2496 2778 Quarta
2539 2702 2845 2766 sententia
2884 2699 3212 2778 distinguit
3247 2697 3576 2804 duplicem
3618 2713 3739 2775 poe-

2166 2816 2339 2875 nam,
2378 2816 2506 2858 una
2528 2803 2643 2872 cst,
2672 2813 2809 2876 quae
2848 2794 2916 2856 in
2960 2792 3091 2854 sola
3116 2792 3404 2873 passione
3430 2789 3735 2863 consistit,

2165 2909 2279 2952 nec
2316 2890 2577 2970 requirit
2612 2889 2940 2963 actionem,
2985 2904 3094 2948 seu
3136 2884 3584 2946 executionem
3627 2883 3737 2943 ho·

2166 2985 2376 3046 minis.
2412 2985 2574 3059 Alia,
2603 3002 2740 3063 quae
2763 2982 2895 3043 sine
2921 2979 3195 3042 hominis
3221 2978 3500 3052 actione,
3524 2983 3592 3038 et
3605 2995 3741 3038 exe-

2167 3079 2413 3140 cutione
2433 3076 2571 3140 fieri
2592 3095 2719 3138 non
2738 3079 2958 3156 potest.
2986 3075 3072 3136 De
3090 3073 3283 3154 priori
3305 3072 3596 3136 affirmat
3613 3071 3738 3132 haee

2168 3173 2400 3253 opinio,
2442 3190 2618 3253 posse
2656 3189 2768 3251 per
2793 3171 2998 3249 legem
3031 3169 3119 3229 ita
3163 3168 3431 3247 imponi,
3484 3173 3564 3226 ut
3605 3171 3741 3227 ante

2169 3283 2422 3328 omnem
2449 3265 2821 3327 sententiam
2864 3263 3175 3341 obligetur
3212 3261 3408 3322 homo
3435 3261 3514 3320 in
3564 3278 3741 3320 cons·

2169 3359 2397 3421 cientia
2451 3359 2530 3420 ad
2575 3358 2946 3420 servandam
2986 3355 3160 3416 illam
3211 3374 3224 3416 :
3272 3354 3351 3415 de
3407 3352 3741 3434 posteriori

2166 3460 2376 3516 autem
2395 3458 2603 3532 negat.
2623 3454 2766 3514 Haec
2789 3451 2908 3513 fuit
2922 3450 3131 3530 opinio
3145 3449 3332 3528 Cajet.
3368 3450 3435 3508 2.
3457 3450 3530 3522 2,
3554 3467 3621 3527 q.
3644 3450 3737 3522 62,

2165 3552 2284 3608 art.
2320 3548 2380 3623 3,
2415 3552 2478 3608 et
2502 3546 2571 3608 in
2600 3546 2856 3607 Summa
2877 3544 3050 3605 verb.
3075 3544 3291 3616 Poma,
3314 3540 3429 3601 ubi
3446 3541 3742 3601 videntur

2164 3641 2252 3699 ita
2272 3639 2496 3702 sentire
2512 3639 2757 3718 Angel.,
2774 3636 2993 3699 Armil.
3013 3641 3075 3698 et
3092 3635 3195 3697 alii
3212 3634 3607 3696 Summistae.
3628 3636 3742 3713 Ap-

2165 3732 2384 3812 probat
2422 3733 2609 3793 etiam
2647 3730 3105 3793 distinctionem
3146 3728 3427 3808 Cajetani
3459 3728 3737 3788 Simanc.

2166 3824 2242 3887 de
2261 3824 2553 3886 Catholic.
2580 3824 2773 3887 instit.
2780 3870 2802 3901 ,
2829 3823 2925 3884 tit.
2949 3824 3013 3899 9,
3036 3842 3103 3883 n.
3131 3823 3202 3883 31
3225 3826 3290 3882 ct
3304 3820 3734 3900 sequentibus.

2166 3926 2229 3982 et
2246 3920 2504 3982 inclinat
2524 3920 2816 4000 Sylvest„
2836 3918 3009 3981 verb.
3046 3916 3441 3989 Ascanium,
3465 3934 3541 3976 n.
3590 3919 3652 3992 4,
3676 3916 3735 3975 in

2166 4013 2325 4091 fine3
2364 4021 2578 4076 tamen
2608 4033 2675 4074 n.
2720 4016 2760 4074 4
2788 4012 2857 4073 in
2891 4030 2966 4073 ea
2995 4029 3123 4072 non
3162 4010 3453 4091 persistit.
3503 4010 3736 4071 Citatur

2166 4106 2356 4168 etiam
2403 4107 2632 4168 Victor.
2680 4107 2749 4166 in
2776 4105 2908 4167 Rel.
2941 4104 3135 4185 priori
3169 4104 3246 4165 de
3287 4102 3480 4179 Indis,
3526 4120 3594 4162 n.
3632 4104 3731 4177 {45

2167 4199 2451 4274 Adrian.‚
2486 4197 2762 4279 quodlib.
2796 4200 2858 4274 6,
2911 4216 2975 4277 q.
3029 4201 3096 4275 43
3132 4195 3395 4258 conrad.
3405 4241 3427 4272 ,
3464 4195 3546 4256 de
3578 4195 3732 4255 Con-

2166 4297 2372 4369 tract.,
2404 4312 2464 4373 q.
2484 4295 2554 4369 73
2582 4291 2786 4368 Cord.,
2806 4291 2849 4353 l.
2885 4294 2917 4351 1
2946 4291 3200 4366 Quaest.,
3227 4308 3289 4369 q.
3316 4289 3423 4363 36,
3445 4294 3513 4349 et
3531 4286 3732 4368 plures

2166 4403 2242 4447 ex
2261 4385 2659 4468 jurisperitis,
2691 4386 3035 4466 praesertim
3053 4382 3281 4446 Bartol.
3313 4383 3382 4441 in
3407 4381 3451 4442 1.
3476 4382 3575 4443 In.
3595 4382 3738 4462 qnod

2159 4480 2551 4559 pauperibus,
2599 4497 2655 4539 c.
2705 4479 2782 4541 de
2832 4478 3113 4559 Episcop.
3142 4488 3205 4538 et
3247 4474 3508 4549 Cleric.;
3559 4475 3732 4535 Joan.

2164 4571 2328 4633 And.
2336 4617 2357 4649 ,
2392 4590 2524 4652 cap.
2559 4575 2591 4632 1
2625 4572 2701 4634 de
2728 4571 2969 4632 Homic.
2997 4570 3065 4631 in
3093 4572 3155 4646 6,
3189 4574 3251 4631 et
3271 4566 3553 4629 Anchar.
3596 4567 3733 4627 inc.

2164 4665 2420 4741 Felicis,
2451 4665 2527 4727 de
2556 4664 2781 4742 Poenis,
2801 4665 2870 4726 in
2893 4666 2954 4726 6.
2980 4662 3098 4725 Sed
3122 4662 3191 4723 hi
3209 4667 3490 4723 auctores
3522 4678 3739 4721 revera

2168 4777 2295 4819 ιιοιι
2320 4758 2659 4838 loquuntur
2678 4757 3068 4837 generaliter,
3094 4754 3199 4817 sed
3223 4754 3300 4816 de
3328 4772 3459 4815 una
3482 4753 3598 4815 vel
3625 4753 3741 4814 alia

2162 4852 2341 4930 gravi
2370 4869 2575 4932 poena.
2621 4851 2796 4913 Prior
2822 4869 2971 4930 ergo
3014 4867 3156 4930 pars
3185 4847 3371 4928 hujus
3411 4848 3740 4908 sententiae

2161 4943 2238 5005 de
2261 4945 2460 5024 poenis
2477 4943 2948 5007 consistentibus
2969 4944 3037 5004 in
3057 4940 3337 5023 passione
3357 4939 3742 5000 sufficienter

2163 5037 2461 5116 probatur
2469 5037 2850 5116 argumentis
2873 5036 3050 5097 factis
3073 5038 3288 5097 contra
3311 5032 3663 5094 secundam
3680 5050 3743 5091 o-

2162 5129 2502 5209 pinionem.
2518 5130 2742 5210 Aliqua
2759 5148 2905 5192 vero
2920 5147 2997 5192 ex
3009 5126 3432 5190 fundamentis
3452 5124 3635 5186 illius
3653 5143 3743 5185 se·

2163 5222 2382 5283 cundae
2436 5223 2743 5302 opinionis
2785 5222 3173 5303 applicantur
3214 5220 3293 5281 ad
3325 5218 3742 5299 posteriorem

2161 5323 2397 5394 partem
2416 5316 2942 5378 suadendam.Sed
2968 5315 3075 5376 illa
3082 5317 3211 5394 Jam
3224 5313 3425 5374 soluta
3439 5319 3744 5387 sunt,un·

2163 5408 2237 5469 de
2257 5410 2514 5470 unicum
2528 5427 2840 5489 superesse
2859 5414 3057 5490 potest
3086 5407 3271 5488 hujus
3294 5405 3492 5486 partis
3510 5405 3747 5465 funda·

2162 5509 2466 5581 mentum,
2505 5502 2761 5581 scilicet,
2793 5504 2942 5583 quia
2974 5502 3142 5581 leges
3180 5501 3476 5562 humanae
3503 5498 3749 5560 debent
