3976 6219
853 427 990 481 CAP.
1024 428 1105 482 IV.
1141 428 1436 482 Possm
1469 430 1677 494 Qums
1708 428 2039 483 nmscorus
2070 429 2134 482 IN
2165 430 2287 484 SUA
2318 431 2588 485 moecnsl
2621 433 2835 497 LEGES,
2873 432 3013 486 ETC.

318 553 466 596 nem
481 578 504 608 ,
549 547 678 591 non
724 528 1005 592 dicentur
1049 535 1261 610 postea
1308 531 1748 609 gubernatores
1790 531 1884 592 illi

323 626 606 689 babuisse
632 642 862 685 munus
892 641 931 683 a
956 640 1103 702 rege
1142 623 1520 700 immediate,
1549 625 1657 686 sed
1683 643 1719 685 a
1745 642 1886 704 pro-

322 736 488 798 rege,
527 716 669 778 licet
713 733 790 777 ex
833 717 997 795 regis
1038 723 1365 796 praecepto,
1410 718 1557 797 quia
1604 718 1886 797 proxima

324 828 614 874 mensura
655 808 969 889 potestatis
1007 815 1098 870 est
1132 809 1441 887 voluntas,
1479 829 1553 872 ac
1579 811 1884 890 Judicium

323 904 618 983 proregis‚
651 907 713 963 et
735 903 868 981 ipse
903 908 990 962 est
1017 902 1204 962 etiam
1232 903 1513 982 proxima
1539 922 1722 964 causa
1745 922 1886 983 quae

323 1016 397 1059 ex
442 997 507 1057 vi
551 1013 676 1057 suae
715 994 1029 1074 potestatis
1056 995 1178 1056 alia
1221 995 1419 1057 officia
1447 997 1765 1076 providet:
1796 998 1884 1058 ita

324 1107 471 1168 ergo
505 1089 623 1150 erit
653 1088 722 1149 in
754 1087 1065 1168 praesenti,
1094 1087 1293 1168 posita
1318 1089 1614 1168 praedicta
1638 1089 1884 1150 institu-

321 1183 513 1244 tione.

403 1278 503 1337 15.
549 1273 723 1348 Quod
748 1291 897 1352 ergo
926 1272 1067 1334 talis
1091 1272 1281 1335 fuerit
1307 1223 1806 1355 episcopatuum
1788 1296 1885 1338 ιιι-

321 1367 583 1443 stitutio,
641 1365 937 1446 probatur
984 1368 1187 1445 primo
1240 1385 1313 1428 ex
1365 1367 1549 1429 modo
1589 1368 1885 1448 loquendi

324 1473 678 1521 canonum:
708 1458 797 1519 ait
831 1459 1000 1519 enim
1045 1458 1349 1536 Gregor.
1332 1479 1399 1521 ιιι
1429 1479 1561 1539 cap.
1611 1462 1880 1538 Decreto,

327 1557 387 1628 1,
420 1556 633 1631 quaest.
683 1552 723 1611 6
754 1567 771 1611 :
804 1552 1077 1615 Romana
1101 1552 1382 1615 Ecclesia
1424 1554 1581 1616 vices
1614 1572 1759 1616 suas
1791 1556 1885 1617 ita

325 1646 474 1707 aliis
496 1643 827 1723 impertivit
850 1644 1171 1718 Ecclesiis,
1193 1650 1263 1706 ut
1287 1646 1354 1706 in
1377 1651 1613 1724 partem
1635 1648 1761 1709 sint
1785 1666 1883 1709 vo-

325 1743 463 1801 cata
485 1735 937 1811 sollicitudinis,
952 1753 1070 1797 nou
1086 1739 1154 1797 in
1171 1737 1602 1815 plenitudinem
1620 1745 1882 1817 potesta-

324 1831 430 1905 tis,
442 1829 549 1889 ubi
568 1828 841 1907 pondero
853 1828 1046 1888 verba
1062 1828 1172 1889 illa
1189 1829 1343 1892 vices
1359 1848 1504 1893 suas
1521 1832 1883 1910 impertivit,-

324 1938 470 1980 nam
518 1920 698 2000 plane
748 1919 1101 1999 significant
1152 1920 1417 1982 aliarum
1469 1923 1882 1985 Ecclesiarum

322 2013 602 2072 Pastores
629 2029 667 2072 a
696 2013 975 2073 Romano
995 2011 1222 2074 habere
1249 2019 1637 2092 potestatem,
1665 2020 1725 2075 et
1742 2015 1881 2076 ideo

322 2122 434 2165 suo
474 2103 657 2163 modo
689 2104 851 2164 vices
881 2104 1050 2164 illius
1082 2122 1318 2184 gerere,
1361 2106 1520 2167 sicut
1550 2106 1699 2167 olim
1725 2125 1879 2186 prae-

321 2203 486 2258 tores
509 2197 673 2257 vices
697 2196 1087 2275 imperatoris
1110 2196 1426 2275 gerebant.
1455 2200 1589 2260 Non
1612 2200 1882 2261 intendit

323 2295 531 2350 autem
553 2307 663 2368 per
684 2288 802 2348 hoc
819 2289 1036 2351 docere
1058 2289 1389 2368 Gregorius
1407 2291 1730 2398 Episcopos
1750 2311 1880 2354 esse

322 2386 567 2442 tantum
598 2381 856 2442 vicarios
887 2383 1088 2462 Papae,
1120 2388 1184 2442 et
1223 2401 1349 2443 non
1377 2386 1655 2464 propr-ios
1682 2392 1881 2465 pasto-

324 2491 422 2533 res
467 2479 529 2533 et
574 2474 902 2553 principeS‚
948 2474 1053 2535 sed
1095 2475 1294 2535 solum
1341 2475 1539 2535 voluit
1578 2478 1883 2566 explicare

324 2567 777 2626 emanationem
804 2568 991 2627 unius
1017 2568 1397 2647 principatus
1416 2568 1495 2628 ab
1522 2568 1668 2644 alio,
1694 2588 1732 2630 a
1759 2588 1883 2649 quo

325 2664 610 2720 creantur
653 2660 958 2764 Episcopi,
993 2666 1063 2720 ut
1106 2661 1239 2740 ejus
1289 2660 1694 2739 coadjutores,
1730 2663 1883 2723 Item

325 2751 443 2812 Leo
471 2752 635 2830 Papa
672 2752 740 2812 in
765 2771 902 2831 cap.
933 2753 1044 2814 Ita
1089 2754 1406 2828 Dominus,
1455 2756 1534 2815 19
1578 2754 1879 2830 distinct„

323 2845 582 2922 loquens
612 2844 686 2904 de
709 2849 1008 2923 potestate
1030 2845 1215 2918 Petri,
1236 2846 1440 2923 inquit
1458 2846 1526 2905 in
1544 2846 1675 2925 ipso
1698 2847 1885 2909 fuisse

327 2957 366 2998 a
409 2937 647 2997 Christo
677 2936 1097 3016 principaliter
1134 2937 1513 3012 collocatam,
1544 2944 1611 3000 ut
1640 2940 1712 2999 ab
1753 2942 1885 3018 ipso

329 3030 506 3107 quasi
538 3029 789 3108 quodam
841 3030 1035 3107 capite
1078 3030 1230 3090 dona
1279 3047 1394 3090 saa
1425 3029 1585 3091 velut
1622 3031 1688 3092 in
1723 3048 1887 3093 omne

330 3140 545 3201 corpus
569 3123 975 3202 diffunderet;
1001 3122 1164 3201 quod
1190 3121 1614 3182 testimonium
1639 3122 1729 3182 ita
1755 3123 1887 3183 elu-

328 3215 419 3275 dit
443 3217 652 3276 Castro
656 3259 676 3290 ,
708 3224 778 3275 ut
803 3214 1171 3295 particulam
1198 3214 1371 3274 illam
1403 3216 1477 3276 ab
1522 3213 1654 3293 ipso
1698 3215 1888 3276 inter-

328 3312 624 3387 pretetur,
649 3309 849 3368 dicere
882 3307 1163 3368 ordinem
1189 3309 1504 3386 temporiS‚
1522 3326 1648 3367 non
1677 3326 1887 3368 causa-

327 3399 516 3460 litatis
544 3416 565 3460 ι
596 3401 765 3464 Nam
811 3398 1098 3462 Christus
1124 3405 1209 3461 cst
1240 3399 1485 3478 (inquit)
1533 3400 1639 3478 qai
1685 3404 1890 3463 imme-

328 3493 489 3554 diate
511 3492 671 3554 dedit
689 3490 1001 3571 Apostolis
1020 3496 1389 3570 potestatem,
1404 3492 1511 3552 sed
1526 3493 1697 3571 prius
1712 3495 1890 3554 Petro

327 3583 545 3645 Matth.
581 3586 680 3657 16,
712 3590 775 3645 et
801 3588 1009 3664 postea
1034 3583 1288 3662 reliquis
1333 3585 1638 3664 Apostolis
1665 3586 1881 3648 Matth.

332 3676 430 3736 18.
460 3676 578 3737 Sed
610 3676 916 3756 imprimis
938 3694 1180 3756 semper
1202 3676 1291 3736 ibi
1326 3677 1616 3756 supponit
1636 3678 1883 3756 falsum,

330 3767 583 3844 scilicet,
614 3769 919 3830 Christum
947 3769 1185 3830 dedisse
1224 3770 1401 3830 Petro
1449 3770 1548 3830 vel
1584 3772 1890 3850 Apostolis

330 3866 695 3940 potestatem
740 3862 961 3925 Matth.
1015 3864 1095 3923 16
1144 3868 1206 3923 et
1253 3862 1351 3938 18,
1390 3864 1536 3942 quia
1575 3870 1725 3925 tunc
1761 3883 1889 3927 non

327 3953 519 4030 dedit,
555 3954 663 4015 sed
712 3955 1016 4035 promisit,
1047 3960 1120 4014 ut
1160 3959 1401 4016 constat
1435 3974 1515 4016 ex
1547 3957 1776 4032 verbis,
1825 3962 1889 4019 et

328 4047 643 4108 communi
671 4048 1092 4128 expositione;
1124 4046 1290 4108 unde
1329 4046 1555 4108 falsum
1578 4049 1766 4109 etiam
1798 4055 1889 4112 est

327 4138 638 4201 Christum
664 4141 837 4220 prius
871 4146 1154 4220 tempore
1177 4140 1413 4202 dedisse
1443 4142 1622 4202 Petro
1649 4148 1889 4221 aposto-

326 4231 546 4309 latum,
571 4234 672 4296 vel
692 4240 1076 4315 potestatem,
1094 4252 1284 4314 quam
1301 4235 1532 4296 caeteris
1545 4236 1885 4315 Apostolis:

328 4344 480 4387 nam
506 4326 693 4389 simul
729 4328 1020 4389 omnibus
1045 4328 1239 4389 dixit:
1268 4328 1452 4392 Sicut
1482 4328 1657 4390 misit
1679 4347 1771 4391 me
1794 4330 1892 4390 vi-

328 4438 471 4482 vens
506 4420 720 4496 Pater,
745 4427 801 4484 et
842 4439 943 4502 epo
975 4423 1146 4485 mitto
1188 4440 1312 4495 vos,
1346 4421 1522 4484 Joan.
1554 4422 1636 4483 20
1662 4427 1725 4483 et
1751 4440 1884 4501 cap.

329 4513 632 4592 sequenti,
662 4514 820 4574 dixit
845 4516 1027 4576 Petro
1055 4536 1069 4575 z
1109 4515 1301 4577 Pasce
1333 4533 1464 4577 oves
1497 4531 1680 4590 meas,
1727 4514 1892 4594 quod

327 4607 625 4686 pertinuit
642 4607 720 4668 ad
738 4607 1115 4686 singularem
1133 4607 1504 4686 dignitatem
1527 4608 1661 4686 ejus
1677 4624 1699 4686 3
1730 4615 1892 4688 post-

327 4717 403 4761 ea
431 4718 578 4761 vero
604 4701 831 4762 iterum
855 4702 1059 4781 quoad
1078 4718 1309 4763 munus
1337 4701 1712 4781 apostolatus
1735 4702 1893 4763 dixit

329 4793 656 4855 omnibus:
693 4796 933 4859 Eimtes
963 4795 1031 4858 in
1059 4796 1341 4857 mandam
1367 4795 1710 4858 miversum
1733 4813 1893 4874 proe-

331 4885 525 4947 dicate
558 4886 989 4966 Ecanpeliwm,
1018 4893 1132 4949 etc.
1141 4932 1162 4963 ,
1197 4887 1416 4949 Matth.
1452 4887 1568 4947 ult.
1621 4889 1891 4950 Potestas

330 4994 479 5054 ergo
504 4977 936 5056 Apostolorum
963 4985 1024 5041 et
1042 4979 1388 5059 jurisdictio
1413 4979 1682 5056 illorum,
1705 4986 1776 5040 ut
1796 4985 1890 5041 ta-

326 5067 417 5129 les
444 5074 642 5145 erant,
669 5086 797 5131 non
817 5070 938 5132 fuit
961 5072 1035 5133 ab
1054 5073 1210 5151 ipso,
1233 5072 1436 5147 Petro,
1457 5072 1645 5134 etiam
1672 5073 1889 5135 ordine

327 5161 665 5241 temporis:
693 5180 818 5223 non
844 5180 992 5241 ergo
1016 5164 1135 5225 hoc
1158 5182 1340 5225 sensu
1368 5164 1607 5225 locutus
1631 5171 1723 5228 est
1740 5167 1883 5228 Leo,

325 5254 538 5333 Neque
573 5272 685 5334 per
710 5254 882 5317 illam
909 5256 1278 5336 particulam
1320 5259 1391 5319 ab
1415 5259 1546 5337 ipso
1571 5258 1762 5319 refert
1792 5277 1887 5320 so-

323 5345 452 5407 lam
478 5365 807 5427 personam
839 5349 1026 5421 Petri,
1071 5350 1179 5412 sed
1216 5350 1404 5411 etiam
1455 5369 1594 5412 cum
1633 5368 1887 5432 propor-

325 5439 494 5502 tione
530 5441 609 5501 ad
657 5459 799 5502 suos
835 5460 1231 5521 successores,
1262 5450 1335 5505 ut
1360 5450 1600 5506 constat
1625 5463 1701 5506 ex
1741 5464 1886 5507 con-

324 5537 520 5595 textu.
564 5534 741 5597 Prius
794 5535 964 5598 enim
1006 5536 1160 5600 dicit
1206 5535 1519 5602 Christum
1558 5536 1886 5602 Domimrm

3405 428 3524 491 345

1961 531 2054 595 ita
2082 533 2389 596 ordinasse
2418 532 2837 613 Apostolorum
2866 534 3165 612 officiwm,
3190 537 3260 595 ut
3288 533 3356 595 in
3391 535 3523 597 bea·

1962 625 2198 686 tissime
2243 626 2427 687 Petro
2484 625 2906 706 Apostolorum
2967 626 3230 687 omnium
3292 644 3521 688 summo

1959 718 2391 797 principaliter
2435 720 2765 782 collocaret.
2818 720 2936 781 Ubi
2981 738 3108 780 non
3153 719 3312 778 dixit
3352 719 3524 798 prius

1964 816 2263 890 tempore,
2313 811 2418 871 sed
2470 812 2916 892 principaliter,
2949 813 3096 891 quia
3128 811 3429 873 nimirum
3456 812 3525 872 in

1963 902 2074 962 illo
2100 899 2398 982 tanquam
2428 904 2497 964 in
2539 905 2761 984 capite,
2800 912 2863 966 et
2902 905 3215 966 ordinario
3257 910 3521 983 pastore,

1963 995 2065 1056 cui
2087 996 2538 1056 succedendum
2567 1003 2745 1072 esset,
2774 998 2841 1057 in
2870 996 3006 1058 aliis
3040 1014 3186 1058 vero
3223 1002 3521 1075 tanquam

1961 1088 2030 1148 in
2054 1087 2273 1167 legatis
2300 1088 2604 1164 vitalitiis,
2624 1095 2696 1150 ut
2717 1090 2803 1151 sic
2826 1090 3053 1166 dicam,
3076 1090 3348 1150 officium
3367 1088 3525 1150 illud

1963 1179 2282 1240 coUocavit
2294 1196 2314 1257 ;
2372 1186 2434 1240 et
2468 1181 2639 1241 addit
2681 1183 3010 1259 rationem,
3047 1187 3111 1243 et
3153 1199 3426 1257 causam,
3456 1188 3527 1244 ut

1965 1272 2038 1333 ab
2067 1272 2220 1350 ipso,
2251 1271 2315 1332 id
2351 1277 2466 1348 est,
2495 1291 2607 1353 per
2633 1274 2860 1354 ipsum,
2887 1277 3041 1336 dona
3077 1292 3192 1336 sua
3221 1275 3525 1354 diffunde-

1965 1370 2079 1440 ret,
2109 1382 2236 1425 non
2262 1364 2331 1425 in
2359 1367 2679 1446 Apostolos
2715 1383 2731 1428 :
2757 1368 2892 1446 jam
2918 1368 3087 1428 enim
3126 1367 3204 1427 de
3239 1366 3360 1427 illis
3398 1386 3525 1429 non

1965 1458 2291 1534 tractabat,
2321 1462 2511 1522 sedin
2537 1479 2751 1540 corpus
2778 1480 2959 1535 omne,
2990 1479 3116 1521 non
3140 1478 3267 1520 uno
3286 1465 3526 1540 tempo-

1963 1568 2053 1625 re,
2079 1550 2185 1611 sed
2209 1558 2537 1632 perpetuo;
2565 1553 2703 1613 ideo
2732 1555 2901 1615 enim
2929 1553 3126 1615 voluit
3154 1552 3524 1631 dignitatem

1959 1641 2136 1703 illam
2168 1645 2333 1704 Petri
2360 1663 2488 1707 esse
2517 1652 2903 1726 perpetuam,
2939 1650 3011 1706 ιιι
3049 1663 3161 1724 per
3185 1646 3441 1706 Petrum
3465 1649 3527 1705 et

1961 1754 2333 1799 successores
2368 1740 2503 1818 ejus
2539 1739 2742 1800 omnis
2779 1740 2901 1801 alia
2946 1744 3211 1819 potestas
3246 1737 3326 1799 ad
3375 1738 3526 1798 alios

1959 1829 2425 1893 diffunderetur.

2044 1924 2142 1983 16.
2188 1924 2533 1986 Proedictus
2559 1925 2768 1987 modus
2788 1924 3196 1988 institutionis
3218 1929 3305 1987 est
3324 1925 3528 2004 mayis

1961 2021 2379 2078 consentaneus
2411 2019 2692 2094 perfecta·
2732 2018 3093 2079 monarchiae
3120 2023 3175 2080 et
3206 2034 3528 2097 conprimi-

1961 2105 2086 2167 tior
2110 2109 2335 2186 majori
2360 2109 2572 2169 notioni
2601 2110 2994 2171 membrorum
3021 2127 3152 2171 cum
3180 2128 3285 2171 suo
3309 2110 3521 2189 capite.

1957 2230 2040 2243 —
2064 2198 2368 2274 Secundo,
2394 2205 2593 2279 potest
2616 2201 2876 2280 adjungi
2903 2202 3063 2262 ratio
3092 2207 3156 2262 et
3183 2219 3528 2281 congruen-

1963 2290 2080 2366 tia,
2126 2292 2273 2370 quia
2323 2292 2425 2352 hic
2470 2292 2692 2353 modus
2737 2292 3141 2354 institutionis
3192 2299 3283 2353 est
3329 2294 3525 2372 magis

1962 2390 2408 2444 consentaneus
2420 2385 2703 2464 perfectas
2722 2386 3117 2460 monarchiae,
3134 2384 3379 2464 qualem
3399 2402 3527 2446 esse

1963 2473 2187 2534 Christi
2233 2476 2564 2537 Ecclesiam
2608 2477 2904 2538 Catholici
2946 2477 3327 2556 intelligunt.
3374 2479 3527 2539 Item
3637 2510 3649 2526 ·

1962 2573 2055 2628 est
2092 2569 2533 2646 congruentior
2566 2570 2642 2630 ad
2675 2570 2976 2648 majorem
3009 2570 3305 2630 unionem
3335 2588 3528 2631 mem-

1962 2658 2219 2721 brorum
2248 2663 2551 2738 omnium,
2578 2663 2768 2723 etiam
2794 2662 3228 2741 principalium
3250 2681 3393 2722 cum
3417 2681 3528 2723 suo

1962 2752 2183 2831 capite,
2231 2758 2293 2814 et
2338 2755 2766 2834 perfectiorem
2812 2755 3415 2831 subordinationem,
3466 2762 3529 2817 et

1964 2853 2409 2926 consequenter
2444 2849 2744 2927 majorem
2785 2848 3065 2909 Eccloeiae
3091 2867 3307 2928 pacem
3333 2871 3348 2908 ε
3381 2867 3527 2928 ergo

1965 2940 2187 3001 merito
2213 2941 2519 3002 credimus
2541 2943 2629 3002 ita
2655 2942 2841 3004 fuisse
2869 2942 3199 3004 Ecclesiam
3225 2961 3264 3002 a
3292 2942 3529 3003 Christo

1965 3030 2336 3094 institutam.
2369 3034 2714 3095 Praesertim
2742 3035 2889 3113 quia
2914 3035 2990 3095 de
3014 3036 3282 3116 supremi
3313 3036 3530 3117 capitis

1963 3124 2352 3187 institutione
2379 3143 2522 3186 cum
2547 3126 2930 3205 plenitudine
2956 3129 3293 3206 potestatis,
3329 3134 3392 3189 et
3421 3129 3529 3190 ab·

1967 3217 2166 3277 soluta
2184 3219 2474 3297 pastorali
2496 3237 2644 3279 cura
2667 3220 2799 3280 sine
2824 3220 2952 3280 ulla
2966 3220 3360 3295 limitatione,
3384 3239 3530 3281 con-

1966 3315 2088 3369 stat
2106 3328 2388 3389 expresse
2416 3330 2491 3372 ex
2509 3313 2846 3390 Evangelio
2870 3330 2886 3373 ε
2909 3312 2985 3374 de
3005 3319 3299 3393 potestate
3321 3320 3531 3376 autem

1967 3403 2326 3464 immediate
2346 3405 2489 3465 data
2510 3404 2648 3465 aliis
2670 3404 2963 3480 Praelatis,
2989 3405 3212 3484 quibus
3234 3412 3530 3485 perpetuo

1968 3497 2394 3559 succederetur
2434 3517 2510 3559 ex
2554 3500 2618 3559 vi
2654 3500 2929 3578 ejusdem
2975 3500 3352 3577 donationis,
3403 3520 3532 3562 non

1968 3594 2208 3649 constat
2235 3608 2312 3650 ex
2339 3592 2696 3669 Evangelio,
2722 3592 2850 3652 imo
2886 3611 3089 3672 neque
3118 3593 3367 3672 aliquod
3395 3595 3531 3672 ejus

1966 3683 2270 3744 indicium
2296 3686 2635 3764 reperitur3
2667 3691 2729 3747 et
2769 3686 3022 3748 aliunde
3049 3705 3125 3747 ex
3166 3706 3282 3748 usu
3326 3688 3531 3767 colligi

1967 3782 2191 3855 potest,
2217 3779 2589 3840 mutationes
2622 3785 2683 3841 et
2705 3781 3041 3841 erectiones
3067 3781 3530 3861 episcopatuum

1967 3868 2045 3928 ad
2068 3887 2396 3930 romanum
2438 3871 2800 3933 Pontificem
2841 3890 3084 3952 semper
3108 3880 3434 3953 spectasse,
3461 3880 3533 3936 ut

1968 3961 2235 4022 sumitur
2273 3980 2351 4023 ex
2391 3981 2525 4042 cap.
2562 3963 2815 4039 Quanto,
2846 3970 2909 4025 et
2941 3982 3077 4044 cap.
3123 3966 3530 4043 Salonitanoe‚

1969 4053 2048 4113 63
2076 4053 2220 4114 dist.
2227 4100 2248 4130 ,
2281 4060 2343 4116 et
2369 4072 2506 4134 cap.
2536 4056 2908 4132 Pastoralis‚
2936 4062 2997 4118 et
3023 4075 3154 4137 cap.
3196 4059 3527 4138 Temporis,

1970 4148 2032 4220 7,
2048 4152 2264 4225 quaest.
2298 4151 2368 4223 13
2393 4153 2456 4208 et
2481 4147 2659 4226 plura
2684 4147 2809 4208 alia
2838 4148 3029 4209 refert
3053 4150 3289 4229 Vargas
3318 4170 3525 4231 supra.

2053 4242 2152 4299 17.
2197 4239 2459 4318 Papalis
2479 4239 2750 4319 dipnitas
2772 4241 2944 4304 habet
2976 4247 3194 4305 certam
3228 4249 3284 4306 et
3311 4245 3529 4309 immu-

1972 4332 2216 4394 tabilem
2252 4332 2605 4412 qualitatem
2646 4351 2719 4395 ea·
2753 4334 2816 4395 vi
2856 4352 2984 4397 suoe
3016 4336 3424 4401 institutionis
3463 4340 3532 4402 in

1972 4425 2072 4487 leis
2098 4442 2231 4504 qma
2256 4426 2339 4487 ad
2356 4426 2755 4487 substantiam
2784 4426 2916 4506 ejus
2932 4429 3254 4505 pertinent.
3281 4463 3363 4476 —
3383 4433 3531 4494 Ter-

1974 4516 2082 4592 tio,
2133 4516 2477 4578 declaratur
2524 4518 2741 4579 eadem
2784 4519 3013 4580 veritas
3059 4539 3132 4583 ex
3180 4523 3531 4587 differentia

1971 4610 2136 4671 inter
2159 4609 2546 4690 pontificiam
2572 4611 2937 4689 dignitatem
2966 4619 3030 4674 et
3056 4614 3329 4676 officium
3357 4617 3530 4696 Epis-

1971 4703 2140 4783 copi;
2182 4713 2330 4763 nam
2359 4702 2673 4783 pontificia
2695 4703 2963 4783 dignitas
2997 4706 3187 4768 habet
3211 4712 3441 4769 certam
3469 4714 3533 4771 et

1969 4795 2425 4857 immutabilem
2452 4796 2838 4902 qualitatem,
2870 4804 2933 4859 et
2971 4789 3336 4879 potestatem
3363 4817 3442 4862 ex
3466 4802 3531 4862 vi

1970 4907 2097 4949 suae
2129 4888 2558 4972 institutionis,
2593 4889 2661 4952 in
2698 4890 2796 4951 his
2832 4909 2970 4971 quae
3000 4891 3081 4952 ad
3121 4892 3528 4955 substantiam

1969 4980 2102 5059 ejus
2128 4966 2464 5060 pertinent,
2506 4988 2568 5043 et
2614 4982 2754 5044 ideo
2793 4989 2958 5045 recte
2998 4985 3367 5064 intelligitur
3402 5004 3529 5048 esse

1968 5075 2238 5154 potuisse
2260 5080 2332 5135 a'c
2362 5074 2642 5137 debuisse
2669 5095 2745 5138 ex
2763 5076 3126 5139 immediata
3140 5078 3528 5141 institutione

1967 5167 2216 5228 divina·
2198 5213 2219 5246 ,
2248 5185 2396 5228 nam
2417 5186 2493 5229 ex
2518 5174 2692 5248 parte
2713 5168 3124 5245 subditorum,
3145 5176 3208 5230 et
3234 5171 3529 5232 territorii

1966 5257 2155 5320 habet
2184 5259 2763 5321 determinationem
2785 5279 2897 5341 per
2927 5261 3181 5323 modum
3209 5264 3528 5325 universa-

1966 5351 2181 5428 litatis,
2220 5358 2313 5428 ut,
2357 5347 2609 5429 scilicet,
2641 5346 3009 5415 extendatur
3052 5354 3132 5415 ad
3160 5356 3523 5418 universum

1967 5444 2299 5520 mundum,
2343 5452 2406 5507 et
2436 5463 2652 5507 omnes
2679 5446 3040 5509 christianos
3065 5448 3422 5530 baptizatos,
3464 5455 3529 5511 et

1965 5537 2173 5621 aliquo
2200 5538 2386 5607 modo
2410 5538 2492 5602 ad
2511 5557 2731 5605 omnes
2756 5540 3064 5621 homines,
3090 5548 3393 5624 quantum
3418 5560 3526 5607 ne-
