3976 6219
456 360 495 420 8
1456 363 1570 416 LIB.
1608 364 1646 415 1.
1683 364 1763 414 DE
1794 363 2048 414 NATURA
2081 364 2257 416 LEGIS
2290 364 2353 416 IN
2386 365 2680 418 comum.

456 464 665 544 possit.
713 464 828 524 Vel
856 465 1040 524 etiam
1076 484 1112 525 a
1140 465 1447 525 contrario
1478 484 1800 544 possumus
1835 483 2018 543 argu-

459 558 724 617 mentari
754 575 770 616 t
804 575 949 616 nam
985 558 1088 635 qui
1127 564 1290 617 caret
1322 557 1457 635 1636
1486 576 1735 636 peccare
1762 576 1886 617 11011
1911 576 2018 636 110-

458 655 576 708 test
608 666 624 710 ε
655 649 970 708 rationalis
992 655 1198 709 autem
1223 657 1501 709 creatura
1524 657 1885 728 potestatem
1909 651 2018 709 ha-

459 741 563 801 bet
595 742 920 820 peccandi:
970 760 1115 819 ergo
1144 748 1205 802 et
1240 743 1364 820 legi
1405 744 1744 803 necessario
1774 744 2020 802 subdita

462 840 572 894 est.
614 836 733 894 Nec
766 833 952 893 refert
994 836 1155 913 quod
1185 853 1296 913 per
1328 836 1590 911 gratiam
1630 836 1727 895 vel
1756 836 2019 912 gloriam

459 928 649 1006 possit
700 927 831 987 haec
878 934 1159 987 creatura
1205 927 1339 986 fieri
1387 914 1838 1006 impeccabilis:
1886 936 2019 988 tum

462 1021 609 1097 quia
649 1020 750 1079 hic
784 1020 861 1079 66
890 1020 1159 1080 naturali
1178 1022 1537 1080 necessitate
1575 1021 1922 1099 loquimur:
1960 1028 2022 1081 et

463 1111 579 1171 1106
631 1113 814 1172 1110ᾶο
869 1114 1131 1172 dicimus
1172 1114 1575 1173 necessariam
1614 1132 1743 1174 esse
1792 1114 2019 1192 legem,

466 1206 780 1282 supposita
815 1205 1165 1264 conditione
1206 1211 1444 1265 naturae
1487 1207 1836 1267 rationalis:
1886 1213 2022 1266 tum

468 1296 654 1356 etiam
682 1298 826 1375 quia
849 1316 957 1376 per
979 1299 1208 1357 donum
1245 1316 1366 1376 (1110
1394 1298 1534 1359 talis
1561 1305 1783 1359 natura
1815 1300 1884 1359 fit
1907 1301 2027 1358 im-

469 1389 812 1467 peccabiliS,
857 1409 981 1449 non
1022 1390 1281 1466 tollitur,
1322 1392 1473 1470 quin
1503 1392 1581 1450 sit
1623 1392 1864 1451 subdita
1898 1392 2025 1469 legi

471 1481 671 1559 quoad
704 1481 840 1541 illos
868 1489 1037 1542 actus
1083 1501 1235 1560 quos
1263 1483 1456 1543 libere
1487 1502 1768 1544 exercere
1794 1490 1988 1563 potest
2003 1507 2020 1558 ;

470 1573 576 1632 sed
621 1573 692 1632 fit
734 1580 806 1633 ut
840 1575 1335 1637 indefectibiliter
1376 1583 1581 1655 pateat
1628 1577 1770 1654 legi.
1818 1577 2027 1637 Altera

470 1683 617 1724 vero
647 1684 787 1742 pars
831 1668 906 1725 de
930 1668 1193 1728 utilitate
1220 1687 1296 1728 ex
1325 1670 1517 1748 priori
1544 1670 1706 1728 clara
1736 1674 1845 1742 est,
1882 1669 2027 1747 quia

472 1759 798 1818 necessitas
834 1760 899 1817 in
947 1760 1162 1819 ordine
1194 1761 1273 1819 ad
1323 1761 1534 1836 finem,
1565 1762 1894 1821 utilitatem
1918 1780 2028 1822 ne-

472 1852 729 1910 cessario
758 1851 1040 1910 includit.
1075 1855 1248 1927 Item,
1300 1854 1444 1930 quia
1492 1854 1567 1914 de
1602 1853 1841 1930 legibus
1883 1855 2028 1914 scri-

472 1948 650 2020 ptum
681 1950 772 2003 est
800 1944 974 2019 illud,
1007 1944 1157 2023 psal.
1193 1946 1301 2006 ⁴8:
1340 1947 1462 2006 Lea:
1510 1948 1759 2006 Domini
1809 1948 2030 2007 imma-

476 2035 700 2109 calata,
725 2043 1057 2097 convertens
1085 2039 1343 2111 animoa,
1370 2045 1484 2097 etc.
1509 2054 1529 2113 3
1556 2044 1619 2097 et
1639 2038 1813 2111 illud,
1845 2041 2023 2098 Prov.

477 2127 552 2186 6:
575 2129 931 2189 Mandatum
956 2130 1193 2189 lucerna
1213 2135 1320 2203 est,
1345 2136 1397 2190 et
1421 2131 1520 2191 lex
1546 2132 1675 2205 lum,
1697 2137 1758 2190 et
1779 2131 2027 2206 similia,

477 2238 615 2298 quse
639 2226 845 2298 postea
863 2221 1332 2297 insinuabimuS,
1353 2228 1414 2281 et
1428 2241 1683 2301 magnas
1703 2224 2034 2284 ostendunt

476 2311 630 2389 legis
658 2313 973 2373 utilitates,

557 2405 616 2464 4.
664 2406 1104 2465 Verumtamen
1155 2407 1301 2484 quia
1344 2406 1577 2466 utilitas
1620 2406 1772 2481 haec,
1801 2407 2037 2467 1161116-

479 2498 724 2557 cessitas
750 2516 876 2557 non
901 2504 993 2557 est
1020 2499 1235 2557 eadem
1268 2499 1333 2557 in
1362 2499 1929 2576 011111111115163111115,
1959 2499 2037 2559 ad

482 2591 657 2651 illam
684 2597 892 2652 exacte
933 2592 1363 2652 declarandam
1391 2611 1591 2671 operae
1610 2594 1876 2672 pretium
1899 2595 2035 2664 erit,

482 2684 656 2744 varia
684 2702 910 2763 genera
936 2683 1146 2761 legum
1175 2685 1572 2762 distinguere,
1599 2691 1661 2745 et
1687 2686 1752 2744 in
1783 2685 2040 2763 singulis

484 2777 799 2854 propriam
854 2781 1299 2851 necessitatem,
1349 2778 1449 2837 vel
1479 2777 1809 2837 utilitatem
1847 2778 2041 2856 expli-

488 2887 667 2931 care:
719 2870 805 2928 ita
839 2870 1006 2930 enim
1054 2870 1352 2929 constabit
1380 2889 1505 2930 non
1552 2872 1747 2930 solum
1790 2890 1920 2931 esse
1947 2872 2041 2931 le-

488 2982 630 3040 gem
659 2963 724 3021 in
760 2980 1006 3037 genere,
1053 2962 1157 3021 sed
1187 2963 1372 3022 etiam
1421 2965 1483 3022 in
1509 2964 1863 3042 particulari
1892 2984 2044 3042 quo-

486 3055 696 3134 tuplex
747 3055 848 3130 sit,
887 3055 1044 3133 quod
1078 3055 1263 3116 etiam
1297 3057 1703 3117 necessarium
1738 3070 1849 3131 est,
1877 3064 1945 3118 ut
1967 3059 2043 3118 de

488 3154 617 3210 toto
652 3148 889 3226 objecto
940 3147 1125 3225 hujus
1173 3153 1469 3208 tractatus
1510 3150 1933 3227 quaestionem,
1961 3169 2043 3210 an

488 3244 587 3314 sit,
614 3242 792 3319 plene
833 3240 1228 3300 definiamus:
1264 3242 1642 3301 ostendimus
1672 3243 1838 3302 enim
1861 3261 2046 3321 supra

488 3334 796 3410 objectum
832 3333 950 3392 1106
975 3351 1189 3392 01111165
1210 3334 1420 3410 16311111
1450 3335 1676 3412 51166165
1698 3335 2039 3412 complecti.

488 3428 622 3487 Erit
650 3427 833 3486 etiam
874 3424 992 3485 1106
1043 3433 1480 3504 opportunum,
1522 3433 1592 3484 ut
1620 3426 2047 3502 intelligantur

488 3537 664 3578 voces
691 3517 915 3596 quibus
947 3518 1014 3576 in
1038 3517 1313 3576 discursu
1340 3518 1528 3578 totius
1556 3523 1848 3577 tractatus
1871 3518 2047 3577 nobis

491 3609 793 3669 utendum
818 3614 928 3667 est.

572 3703 629 3761 5.
682 3702 905 3777 Laqum
955 3701 1171 3761 divisio
1215 3701 1282 3760 iu
1324 3701 1502 3761 varia
1538 3703 2049 3765 membra.-Pri-

491 3812 594 3854 mo
624 3811 770 3870 ergo
820 3809 1161 3871 supponere
1205 3810 1527 3870 possumus
1563 3794 1930 3856 divisionem
1961 3797 2049 3856 le-

491 3887 584 3965 gis
627 3887 691 3945 in
731 3891 996 3963 quatuor
1032 3885 1352 3960 membra,
1408 3905 1592 3964 quam
1642 3890 1844 3965 posuit
1877 3890 2048 3950 Plato

491 3979 559 4037 in
606 3978 834 4037 Timaeo
872 3984 933 4036 et
978 3978 1251 4050 Phaedro,
1317 3978 1585 4054 scilicet,
1632 3980 1699 4038 in
1745 3981 2044 4055 divinam,

490 4070 821 4145 coelestem,
854 4070 1199 4130 naturalem
1228 4076 1288 4131 et
1315 4072 1676 4147 humanam,
1717 4091 1793 4131 ex
1826 4072 2049 4149 quibus

487 4164 741 4224 vocibus
791 4164 1057 4224 secunda
1092 4182 1217 4223 non
1264 4164 1613 4225 admittitur
1658 4184 1695 4225 a
1722 4165 2046 4242 1116010315,

489 4257 635 4334 quia
670 4255 769 4328 vel
812 4256 1117 4334 superflua
1171 4262 1279 4328 est,
1332 4256 1432 4317 vel
1469 4276 1789 4318 erroneam
1828 4258 2050 4318 doctri-

490 4367 637 4408 nam
687 4350 980 4409 continet.
1027 4351 1140 4410 Per
1187 4349 1493 4409 coelestem
1532 4352 1700 4409 enim
1733 4351 1934 4427 legem
1961 4352 2052 4409 fa-

492 4446 652 4514 tum,
683 4446 744 4499 et
774 4442 1198 4501 necessitatem
1221 4441 1554 4517 quamdam
1573 4442 1891 4519 operandi,
1915 4461 2051 4519 quae

493 4552 567 4593 ex
598 4533 881 4593 ordinato
897 4539 1068 4592 motu
1085 4539 1146 4592 et
1178 4532 1417 4592 influxu
1440 4533 1730 4593 coelorum
1744 4534 2050 4612 provenit,

495 4627 663 4687 Plato
693 4625 993 4685 intellexit
1018 4643 1033 4685 :
1061 4625 1225 4684 unde
1259 4626 1310 4684 si
1334 4626 1640 4703 intelligat
1661 4626 1864 4704 legem
1881 4626 2052 4686 illam

491 4721 678 4779 talem
718 4737 869 4792 esse,
897 4723 965 4776 ut
991 4717 1091 4777 vel
1124 4718 1350 4777 divinae
1382 4718 1781 4796 providentias
1810 4737 1938 4778 non
1974 4721 2054 4778 sit

493 4812 790 4890 subJecta,
814 4810 912 4871 vel
930 4811 1111 4871 rebus
1136 4811 1446 4885 011111111115,
1460 4812 1647 4871 etiam
1670 4812 2049 4887 110111111111115,

494 4904 695 4981 quoad
729 4904 1004 4982 proprias
1051 4904 1274 4962 animae
1319 4904 1703 4981 operationes
1733 4904 2055 4963 necessita-

493 5001 620 5054 tem
644 4996 943 5073 imponat,
972 4995 1192 5055 falsam
1222 5001 1283 5055 et
1299 4994 1648 5055 haereticam
1685 4996 2055 5055 sententiam

495 5088 788 5160 continet,
821 5088 1045 5147 divinae
1086 5089 1519 5164 gubernationi
1550 5095 1612 5147 et
1652 5088 1922 5146 libertati
1960 5105 2057 5146 ar-

492 5179 664 5237 bitrii
693 5181 1094 5239 contrariam:
1131 5181 1182 5239 si
1205 5199 1350 5240 vero
1379 5199 1488 5258 per
1515 5180 1821 5240 coelestem
1852 5180 2054 5256 legem

495 5270 695 5330 solum
743 5270 1045 5347 intelligat
1077 5273 1239 5349 quod
1282 5273 1631 5332 Aristoteles
1662 5272 1839 5345 dixit,
1873 5290 2057 5330 mun-

494 5363 645 5424 dum
674 5362 841 5421 hunc
867 5362 1217 5422 inferiorem
1247 5365 1638 5442 conjunctum
1656 5383 1784 5423 esse
1803 5364 2058 5442 sphaeris

495 5456 862 5530 coelestibuS,
889 5461 960 5514 ut
984 5456 1127 5515 inde
1149 5456 1547 5533 gubernetur,
1577 5475 1688 5535 per
1714 5456 2055 5532 naturales,

2096 467 2348 541 scilicet,
2365 467 2720 527 influentias
2746 472 2806 526 et
2819 466 3282 541 vicissitudineS,
3308 484 3445 544 quae
3469 484 3506 525 a
3529 467 3657 527 Deo'

2099 578 2340 637 semper
2363 561 2692 639 pendeant,
2735 577 2988 636 corpora
3032 559 3381 633 immutent,
3427 566 3487 618 et
3527 578 3654 619 non

2099 653 2357 728 auimaS,
2406 654 2489 712 sic
2515 671 2638 711 non
2674 652 2942 730 oportuit
2975 650 3323 709 membrum
3352 651 3504 710 illud
3534 651 3657 710 dis-

2099 746 2405 822 tinguere,
2437 745 2583 822 quia
2616 762 2687 803 eo
2725 744 2906 802 modo
2949 761 3071 820 quo
3114 748 3314 820 potest
3360 744 3659 820 appellari

2099 838 2218 909 lex,
2245 838 2358 896 sub
2389 836 2655 896 naturali
2681 834 3240 911 comprehenditur,
3265 842 3334 893 ut
3354 842 3658 894 monstra-

2099 932 2326 991 bimus.
2358 930 2590 990 Omissa
2618 947 2764 1006 ergo
2792 928 2896 986 illa
2915 926 3178 985 secunda
3206 945 3375 1000 voce,
3404 928 3659 987 aliatria

2102 1027 2246 1083 sunt
2286 1023 2473 1081 etiam
2502 1022 2568 1079 in
2614 1039 2729 1079 usu
2758 1019 3206 1095 theologorum,
3253 1018 3357 1078 sed
3386 1020 3454 1078 in
3478 1037 3660 1079 sensu

2103 1113 2554 1193 aliquantulum
2570 1113 2829 1172 diverso,

2184 1209 2243 1268 6.
2292 1208 2452 1280 Quid
2480 1208 2564 1268 sit
2584 1206 2677 1266 lex
2697 1205 2906 1267 diviua
2930 1206 3091 1281 apud
3115 1205 3426 1265 Platonem
3447 1210 3501 1265 et
3519 1206 3661 1284 qui-

2108 1300 2214 1361 bus
2262 1301 2453 1360 modis
2495 1303 2840 1375 usurpetur.
2867 1330 2946 1343 —
2974 1297 3194 1357 Prima
3237 1297 3456 1357 divisio
3485 1298 3658 1374 leyiS,

2106 1394 2171 1453 iu
2200 1391 2574 1468 temporalem
2599 1396 2652 1451 et
2683 1396 2984 1452 oelernam.
3025 1421 3107 1433 —
3128 1391 3252 1448 Lex
3279 1406 3426 1465 ergo
3453 1390 3664 1451 divina

2104 1485 2265 1563 apud
2304 1483 2621 1543 Platonem
2649 1488 2741 1542 est
2777 1482 2933 1542 ratio
2961 1481 3361 1560 gubernatrix
3392 1482 3664 1542 universi

2105 1578 2171 1637 in
2221 1577 2327 1636 Dei
2368 1581 2577 1635 mente
2634 1576 2899 1635 existens
2932 1622 2948 1645 ‚
2989 1592 3182 1652 quam
3226 1574 3427 1651 legem
3474 1575 3664 1634 etiam

2106 1668 2376 1745 theologi
2401 1673 2761 1745 agnoscunt,
2792 1667 2893 1726 sed
2923 1666 3122 1743 legem
3143 1671 3435 1725 aeternam
3458 1666 3664 1744 appel-

2107 1761 2258 1821 lant.
2285 1761 2530 1820 Duobus
2547 1761 2713 1820 enim
2740 1760 2935 1818 modis
2954 1760 3073 1818 dici
3091 1764 3289 1837 potest
3311 1758 3411 1817 lex
3429 1757 3656 1818 divina:

2107 1873 2233 1914 uno
2264 1854 2470 1926 modo,
2511 1854 2656 1931 quia
2690 1854 2756 1911 iu
2799 1853 2929 1930 ipso
2967 1853 3090 1911 Deo
3140 1857 3270 1911 est:
3306 1851 3427 1910 alio
3457 1851 3662 1924 modo,

2110 1947 2256 2025 quia
2283 1946 2361 2005 ab
2393 1947 2525 2024 ipso
2546 1947 2668 2005 Deo
2695 1945 3050 2004 immediate
3078 1944 3293 2017 fertur,
3323 1944 3468 2003 licet
3494 1949 3667 2003 extra

2110 2041 2304 2098 Deum
2334 2039 2534 2117 ipsum
2576 2038 2676 2097 sit.
2723 2038 2920 2096 Priori
2949 2038 3132 2096 modo
3164 2036 3362 2113 legem
3391 2036 3666 2095 divinam

2110 2132 2443 2211 appellavit
2468 2132 2660 2204 Plato,
2694 2130 2964 2206 theologi
2994 2147 3139 2189 vero
3159 2147 3300 2188 cum
3326 2130 3669 2205 Augustino

2115 2230 2184 2283 ut
2203 2224 2587 2301 distinguant
2604 2222 2775 2282 illam
2803 2222 3001 2299 legem
3027 2222 3105 2281 ab
3125 2222 3269 2294 alia,
3299 2240 3486 2298 quam
3513 2224 3671 2282 Deus

2116 2322 2290 2376 extra
2336 2334 2398 2375 se
2453 2315 2591 2391 fert,
2646 2321 2868 2374 vocant
2898 2315 3068 2375 illam
3106 2319 3440 2373 aeternam:
3495 2322 3554 2374 et
3587 2316 3673 2374 ita

2117 2409 2300 2468 etiam
2349 2426 2460 2467 nos
2506 2407 2970 2486 appellabimus.
3019 2409 3101 2467 De
3154 2407 3285 2483 ipsa
3343 2407 3537 2482 igitur
3577 2426 3668 2481 re,

2120 2519 2256 2578 quae
2298 2501 2397 2561 lex
2433 2507 2662 2560 aeterna
2690 2506 2962 2573 vocatur,
2993 2506 3121 2559 tam
3163 2507 3398 2560 certum
3429 2506 3519 2559 est
3546 2519 3675 2560 esse

2121 2594 2188 2652 in
2219 2595 2364 2667 Dec,
2414 2612 2601 2671 quam
2648 2599 2738 2651 est
2782 2599 3018 2652 certum
3063 2593 3287 2653 habere
3316 2595 3509 2652 Deum
3537 2595 3677 2652 uni-

2120 2686 2279 2744 versi
2307 2686 2780 2763 providentiam,
2798 2687 2945 2763 quia
2965 2704 3073 2763 per
3096 2685 3256 2745 hanc
3284 2702 3495 2744 vocem
3520 2686 3678 2745 nihil

2122 2778 2288 2837 aliud
2307 2778 2708 2854 significatur,
2741 2796 2926 2857 quam
2957 2779 3113 2837 ratio
3135 2778 3320 2856 hujus
3345 2778 3674 2855 providen-

2126 2869 2225 2929 tiae
2248 2871 2313 2928 in
2334 2872 2454 2930 Deo
2482 2872 2767 2944 existenS,
2798 2870 2892 2929 vel
2911 2870 3144 2948 aliquid
3161 2872 3292 2948 ejus
3317 2888 3331 2929 ε
3357 2889 3479 2948 (1110
3496 2871 3678 2930 1110ἀο

2123 2969 2332 3022 autem
2359 2963 2613 3041 recipiat
2641 2981 2867 3022 nomen
2899 2969 2960 3022 et
2984 2963 3419 3041 proprietatem
3435 2969 3681 3023 oeternae

2122 3055 2300 3132 legis,
2322 3056 2386 3114 in
2408 3056 2712 3134 principio
2730 3055 2871 3114 libri
2898 3055 3206 3133 sequentis
3216 3055 3675 3133 explicabimus

2124 3151 2200 3208 Et
2225 3149 2370 3207 hinc
2396 3149 2574 3208 facile
2602 3148 2972 3224 intelligitur
2998 3167 3134 3226 quae
3161 3150 3239 3207 sit
3268 3150 3592 3208 necessitas
3619 3155 3681 3209 et

2125 3241 2356 3301 utilitas
2377 3242 2565 3319 hujus
2589 3242 2763 3318 legis,
2804 3249 2896 3299 est
2931 3242 3095 3299 enim
3125 3242 3339 3301 eadem
3368 3261 3504 3319 quae
3528 3242 3684 3300 divi-

2127 3354 2222 3394 nae
2243 3335 2668 3412 providentiae:
2695 3350 2865 3408 nam,
2891 3334 3048 3392 sicut
3073 3334 3301 3412 absque
3321 3335 3531 3393 divina
3541 3353 3683 3412 pro-

2125 3428 2400 3486 videntia
2450 3427 2719 3485 mundus
2762 3443 2888 3483 non
2940 3431 3143 3503 posset
3191 3427 3541 3501 consistere,
3595 3427 3684 3486 ita

2128 3537 2327 3596 neque
2346 3520 2477 3580 sine
2493 3519 2610 3578 1166
2633 3519 2843 3578 divina
2872 3524 2932 3579 et
2950 3527 3179 3577 aeterna
3207 3519 3366 3594 lege,
3395 3525 3454 3578 et
3483 3520 3685 3579 omnis

2126 3611 2362 3670 utilitas
2389 3618 2447 3670 et
2476 3612 2896 3683 commoditas,
2939 3629 3075 3688 quae
3107 3610 3250 3670 huic
3282 3612 3516 3670 mundo
3543 3630 3685 3689 pro-

2127 3705 2298 3764 venit
2321 3722 2396 3763 ex
2423 3704 2631 3764 divina
2649 3702 3033 3781 providentia
3056 3702 3120 3761 in
3142 3702 3303 3762 hanc
3323 3704 3508 3762 etiam
3529 3703 3688 3762 divi-

2129 3814 2275 3855 nam
2305 3796 2503 3872 legem
2549 3795 2869 3855 reserenda
2915 3799 3025 3855 est.
3062 3794 3343 3854 Advertit
3376 3801 3584 3854 autem
3614 3796 3682 3854 D.

2130 3889 2416 3962 Thomas,
2464 3893 2521 3947 1.
2554 3891 2616 3961 2,
2648 3908 2708 3966 q.
2757 3890 2861 3961 91,
2894 3892 3010 3946 art.
3058 3890 3115 3961 4,
3148 3887 3221 3946 6(1
3260 3889 3318 3961 3,
3355 3888 3687 3947 utilitatem

2128 3981 2315 4059 hujus
2346 3981 2499 4059 legis
2532 3999 2655 4040 non
2697 3999 2848 4055 esse,
2900 3980 3045 4057 quia
3085 3979 3218 4058 ipsa
3259 3980 3581 4039 ordinatur
3608 3980 3687 4039 ad

2128 4072 2341 4148 finem,
2395 4073 2500 4133 sed
2546 4073 2692 4151 quia
2737 4074 2868 4151 ipsa
2919 4071 3164 4131 ordinat
3213 4073 3420 4131 omnia
3446 4072 3567 4131 alia
3607 4072 3689 4131 ad

2130 4184 2271 4225 suos
2311 4165 2464 4226 fines
2491 4185 2599 4244 per
2626 4164 3055 4225 convenientia
3086 4165 3284 4225 media
3312 4185 3325 4223 τ
3359 4165 3490 4243 11156
3519 4165 3689 4224 6111111

2129 4277 2255 4317 11011
2301 4264 2500 4336 potest
2548 4258 2624 4317 ad
2665 4257 2853 4317 finem
2898 4258 3195 4329 ordinari,
3252 4274 3394 4315 cum
3437 4258 3515 4315 sit
3560 4259 3689 4334 ipse

2130 4352 2309 4424 Deus,
2355 4351 2459 4428 qui
2506 4356 2597 4410 est
2624 4350 2878 4409 ultimus
2901 4349 3041 4410 finis
3065 4350 3367 4409 omnium.
3414 4349 3689 4408 Tandem

2133 4461 2209 4502 ex
2237 4443 2350 4501 hac
2396 4443 2596 4520 prima
2622 4441 2756 4519 lege
2798 4442 3030 4517 divina,
3072 4461 3179 4501 seu
3226 4447 3455 4501 aeterna
3487 4441 3690 4518 colligi

2134 4540 2328 4613 potest
2353 4535 2553 4612 prima
2575 4534 2791 4592 divisio
2812 4533 2990 4611 16315,
3019 4535 3086 4593 111
3115 4539 3406 4593 aeternam
3438 4539 3501 4592 et
3530 4539 3693 4592 tem-

2131 4626 2429 4704 poralem,
2453 4626 2852 4704 supponimus
2868 4627 3035 4686 enim
3062 4626 3217 4685 nihil
3237 4644 3366 4686 esse
3390 4632 3691 4685 aeternum

2133 4724 2307 4777 extra
2351 4719 2576 4777 Deum:
2609 4723 2846 4777 constat
2881 4724 3088 4778 autem
3123 4719 3332 4796 plures
3372 4736 3503 4778 esse
3527 4718 3694 4795 leges

2135 4815 2308 4869 extra
2358 4811 2549 4869 Deum
2607 4810 2973 4869 existentes:
3027 4828 3172 4888 ergo
3218 4816 3440 4888 praeter
3492 4810 3692 4887 legem

2135 4909 2431 4963 aeternam
2451 4921 2695 4963 necesse
2714 4908 2805 4962 est
2819 4902 2953 4962 dari
2972 4902 3123 4962 alias
3144 4903 3532 4982 161011016165,
3557 4921 3696 4980 quae

2136 5001 2578 5072 consequenter
2631 4995 2926 5054 differunt
2975 5003 3272 5075 tanquam
3317 5000 3592 5055 creatum
3634 5000 3698 5054 et

2136 5088 2504 5160 increatum,
2550 5086 2693 5164 quia
2747 5087 3042 5164 quidquid
3095 5093 3188 5146 est
3232 5093 3554 5160 aeternum,
3600 5087 3699 5145 in-

2138 5184 2409 5238 creatum
2449 5183 2560 5252 est,
2594 5184 2654 5236 et
2682 5177 2843 5255 quod
2874 5187 2965 5238 est
2998 5180 3355 5257 temporale,
3407 5185 3496 5238 est
3528 5196 3699 5238 crea-

2137 5276 2293 5330 tum.
2327 5272 2482 5330 Hinc
2529 5289 2674 5347 ergo
2719 5277 2954 5329 constat
2987 5272 3119 5331 dari
3153 5273 3355 5349 legem
3394 5272 3695 5346 divinam,

2136 5364 2199 5422 id
2235 5368 2346 5436 est,
2391 5363 2458 5420 in
2487 5364 2611 5422 Deo
2647 5363 2778 5442 ipso
2814 5364 3220 5424 existentem:
3253 5364 3557 5442 quomodo
3587 5382 3700 5422 611-

2136 5461 2263 5516 tem
2291 5455 2468 5515 detur
2487 5454 2587 5515 lex
2607 5455 2816 5517 divina
2843 5475 2881 5516 a
2902 5458 3025 5517 Deo
3051 5456 3330 5536 proxime
3357 5456 3504 5531 lata,
3526 5461 3702 5533 pate-
