3976 6219
444 392 566 457 394

1442 394 1562 449 Lm.
1595 394 1680 449 iv.
1715 394 1798 448 DE
1826 392 1991 449 LEGE
2020 393 2309 451 rosmVA
2340 392 2665 451 canonica.

445 506 510 565 et
533 518 587 562 c.
627 496 711 565 Si
737 498 805 562 in
837 496 1236 578 aeh‘utorium
1265 494 1541 557 distinct.
1578 496 1678 556 10.
1703 495 1780 555 Et
1801 494 2015 556 favent
2086 498 2197 576 qui
2234 498 2303 559 in
2348 510 2724 575 unaquaque
2772 490 3092 575 provincia
3132 494 3571 571 computentur
3610 508 3654 553 a

445 593 636 657 verba
663 592 756 652 Pii
780 592 860 653 IV
885 591 954 651 in
981 589 1157 651 Bulla
1183 608 1294 668 pro
1327 587 1722 667 evulgatione
1754 585 2012 649 Concilii

447 685 795 750 Tridentini
817 730 838 761 ,
875 689 947 745 ut
976 684 1045 745 in
1085 682 1502 763 superioribus
1530 683 1864 761 allegatum
1892 686 2007 741 est.

447 782 525 842 Et
563 780 652 839 ita
678 777 955 839 sentiunt
987 777 1360 853 Panormit.,
1394 776 1590 837 Felin.
1638 780 1702 836 et
1729 774 1858 851 alii,
1885 792 1939 835 c.
1972 776 2013 835 2

446 874 524 936 de
561 872 890 933 Constitut.
897 886 918 949 3
955 870 1245 951 Sylvest„
1293 870 1514 950 Angel.
1561 876 1624 931 et
1663 870 1794 945 alii,
1835 868 2007 931 verb.

447 966 600 1035 ἰείη·
642 965 924 1039 Ν3ν311.,
961 980 1128 1024 3333.
1162 967 1194 1023 1
1231 963 1308 1025 de
1347 964 1635 1038 Constit.‚
1665 968 1882 1043 quoest.
1929 963 2008 1040 43

449 1060 616 1135 Soto,
637 1056 866 1120 Medin.
889 1062 952 1117 et
967 1055 1077 1117 3111
1094 1055 1288 1133 citati,
1310 1056 1419 1135 qui
1435 1057 1504 1117 in
1518 1056 1637 1117 hoc
1658 1056 2013 1117 indistincte

447 1151 789 1233 loquuntur
815 1151 893 1211 de
913 1148 1154 1229 legibus
1181 1149 1492 1210 canonicis
1514 1154 1578 1209 et
1601 1148 1904 1209 civilibus.
1935 1148 2015 1209 Et

447 1246 615 1307 idem
642 1244 854 1305 docuit
880 1242 1092 1304 Glossa
1131 1243 1199 1304 in
1227 1260 1360 1323 cap.
1404 1244 1437 1302 1
1469 1241 1547 1303 de
1583 1242 1830 1303 Conces.
1857 1258 2015 1320 prae-

449 1337 664 1415 bend„
701 1337 873 1400 verb.
909 1336 1063 1399 Post
1085 1340 1317 1415 tempus
1329 1380 1351 1411 ,
1377 1340 1441 1397 et
1465 1334 1678 1397 Glossa
1699 1333 1920 1396 ultima
1945 1334 2015 1395 in

451 1430 596 1493 data
627 1431 821 1503 Sexti,
849 1446 986 1511 quae
1015 1427 1264 1489 adducit
1290 1428 1431 1509 jura
1463 1428 1759 1490 canonica
1787 1444 2013 1507 parum

452 1525 762 1604 urgentia.
781 1525 988 1586 Unum
1011 1527 1103 1584 est
1126 1540 1179 1583 c.
1205 1520 1447 1582 ultim.:
1477 1522 1578 1587 Ne
1605 1521 1743 1585 cler.
1774 1521 1866 1585 vel
1889 1538 2015 1582 mo-

453 1620 657 1695 nach„
686 1618 797 1679 ubi
819 1616 1094 1695 religiosi
1123 1616 1352 1695 egressi
1377 1633 1456 1677 ex
1479 1615 1605 1676 suis
1637 1612 1914 1675 claustris
1933 1613 2013 1673 ad

455 1710 827 1773 audiendam
849 1709 1193 1789 physicam,
1222 1708 1324 1770 vel
1351 1710 1456 1789 jus
1488 1708 1690 1783 civile,
1727 1707 1850 1767 nisi
1874 1709 2016 1785 post

455 1805 610 1865 duos
637 1821 880 1865 menses
911 1802 988 1863 ad
1020 1802 1285 1863 claustra
1321 1801 1615 1877 redeant,
1656 1817 2010 1862 excommu-

455 1898 770 1960 nicantur.
817 1895 939 1957 Sed
976 1912 1106 1956 non
1135 1900 1226 1956 est
1252 1895 1332 1955 ad
1360 1913 1492 1957 rem
1514 1940 1536 1972 ,
1572 1894 1722 1974 quia
1759 1893 1854 1955 illi
1889 1894 2016 1955 duo

455 2008 698 2053 menses
731 2006 862 2051 non
901 1988 1305 2068 requiruntur
1339 1987 1428 2048 ibi
1467 1988 1547 2047 ad
1583 1986 2018 2066 complendam

455 2084 613 2163 legis
649 2082 1213 2163 promulgationem
1233 2130 1250 2157 ,
1284 2081 1389 2142 sed
1425 2081 1654 2143 dantur
1688 2082 1865 2161 quasi
1902 2099 2017 2161 pro

457 2177 789 2240 sufficienti
833 2177 1175 2239 monitione
1209 2175 1291 2237 ad
1325 2174 1766 2237 incurrendam
1801 2192 2017 2236 censu-

456 2288 630 2349 ram;
661 2270 827 2332 unde
861 2270 1048 2331 etiam
1081 2275 1219 2349 post
1254 2268 1686 2349 longissimum
1709 2273 1952 2349 tempus
1978 2285 2019 2327 a

458 2364 952 2447 promulgatione
987 2362 1155 2423 illius
1191 2361 1348 2441 legis
1386 2360 1710 2423 necessarii
1747 2365 1891 2422 sunt
1926 2358 2022 2420 illi

460 2460 584 2522 duo
611 2477 851 2521 menses
875 2458 956 2519 ad
987 2456 1690 2519 excommunicationem
1714 2454 1890 2517 illam
1920 2456 2019 2515 in-

459 2552 849 2627 currendam,
897 2555 962 2612 et
1005 2549 1146 2611 ideo
1188 2554 1626 2630 computantur
1653 2567 1783 2611 non
1827 2567 1866 2610 a
1917 2547 2021 2611 die

459 2644 972 2727 promulgationis
996 2642 1152 2722 legis
1167 2690 1188 2720 ,
1233 2644 1338 2705 sed
1367 2662 1406 2705 a
1437 2644 1540 2705 die
1566 2642 1878 2704 commissi
1903 2643 2024 2704 cri-

459 2738 648 2800 minis
667 2782 689 2813 ,
723 2744 794 2799 ut
818 2738 948 2797 dixi
976 2738 1044 2798 in
1073 2738 1111 2797 5
1137 2743 1291 2797 tom.
1337 2736 1414 2797 de
1441 2736 1692 2799 Censur.
1725 2735 2033 2815 disputat.

460 2833 562 2907 23,
585 2830 836 2893 section.
871 2831 929 2889 3.
957 2829 1143 2890 Aliud
1165 2834 1372 2907 caput,
1394 2829 1558 2908 quod
1575 2829 1744 2903 citat,
1769 2834 1865 2889 est
1881 2846 2017 2909 cap.

459 2925 720 2991 Noverit
731 2968 753 2999 ,
785 2923 863 2985 de
902 2923 1181 2985 Sentent.
1225 2922 1740 2983 excommunicat.
1746 2967 1768 2998 ,
1799 2922 1908 2983 sed
1929 2928 2024 2984 est

457 3016 660 3078 simile
686 3014 1092 3097 praecedenti3
1121 3032 1270 3076 nam
1291 3014 1360 3075 in
1383 3033 1456 3076 eo
1483 3015 2022 3077 excommunican-

457 3117 563 3172 tur
584 3111 692 3191 qui
718 3109 884 3172 infra
909 3112 1062 3172 duos
1088 3126 1332 3171 menses
1361 3127 1488 3171 non
1521 3107 1730 3171 delent
1753 3108 1830 3170 de
1853 3109 2021 3189 capi-

456 3204 760 3266 tularibus
781 3209 1010 3266 statuta
1029 3203 1413 3264 immunitati
1435 3203 1856 3266 ecclesiasticae
1875 3220 2021 3264 con-

455 3299 676 3360 traria.
720 3298 898 3373 Quod
929 3303 1176 3378 tempus
1209 3315 1337 3359 non
1367 3296 1728 3376 designatur
1766 3302 2019 3376 propter

454 3394 608 3473 legis
649 3393 1214 3473 promulgationem
1231 3437 1254 3468 ,
1297 3391 1404 3454 sed
1441 3409 1556 3471 pro
1595 3391 2021 3452 admonitione

455 3487 798 3548 sufficiente
817 3486 897 3547 ad
914 3485 1356 3548 incurrendam
1375 3484 1851 3546 contumaciam.
1875 3485 2021 3546 Ter-

454 3579 618 3642 tium
652 3585 744 3641 est
780 3583 966 3659 caput
1007 3579 1282 3658 primum
1325 3578 1403 3640 de
1436 3578 1822 3640 Concession.
1863 3595 2023 3657 prae-

455 3672 684 3748 bend.,
723 3672 792 3732 in
824 3672 888 3732 6.
934 3671 1017 3732 At
1039 3670 1130 3731 ibi
1157 3670 1228 3732 in
1261 3675 1436 3731 textu
1479 3669 1640 3731 nihil
1683 3669 1906 3730 dicitur
1943 3669 2023 3732 de

457 3766 698 3828 duobus
720 3761 1060 3838 mensibus,
1085 3762 1194 3824 sed
1220 3764 1289 3825 in
1317 3780 1545 3842 genere
1567 3763 1832 3826 dicitur:
1861 3764 1938 3830 N
1935 3765 2020 3827 isi

451 3866 590 3941 post
634 3864 864 3938 tempus
906 3858 1084 3935 infra
1122 3857 1280 3938 quod
1315 3856 1600 3937 iquorem-e
1637 3856 1886 3918 minime
1923 3857 2020 3918 de-

458 3955 742 4018 buissent.
776 3951 952 4026 Quod
983 3969 1110 4012 non
1145 3955 1453 4032 oporteret
1481 3949 1718 4012 referre
1754 3950 1833 4011 ad
1861 3948 2017 4011 duos

455 4063 724 4122 menses,
760 4045 870 4107 sed
891 4044 970 4106 ad
998 4045 1256 4108 modum
1277 4042 1592 4123 obligandi
1609 4042 1768 4122 legis
1793 4042 2019 4106 huma-

456 4158 554 4203 nae
575 4159 654 4202 ex
679 4139 814 4220 ipsa
837 4139 930 4202 rei
955 4144 1217 4216 natura,
1261 4143 1333 4200 ut
1357 4137 1426 4199 in
1451 4135 1826 4218 praecedenti
1855 4135 2017 4199 libro

457 4235 782 4316 explicavi.

538 4331 636 4389 11.
681 4329 1064 4408 Quapropter
1101 4324 1478 4388 contrariam
1517 4325 1891 4388 sententiam
1925 4330 2019 4387 te-

455 4426 610 4483 nent
637 4439 764 4484 non
802 4420 985 4501 pauci
1023 4419 1298 4498 theologi
1324 4419 1631 4494 moderni,
1665 4416 1916 4492 scilicet,
1949 4417 2019 4478 in

457 4514 698 4592 legibus
725 4513 1046 4576 Canonicis
1073 4511 1410 4593 pontificiis
1427 4529 1554 4573 non
1577 4527 1708 4572 esse
1735 4527 2021 4571 necessa-

455 4609 626 4672 rium
641 4615 884 4689 tempus
908 4610 1177 4671 duorum
1194 4608 1527 4670 mensium.
1544 4607 1690 4681 Quae
1709 4606 2021 4668 sententia

456 4701 618 4764 mihi
642 4701 822 4764 valde
843 4701 1178 4782 probabilis
1197 4698 1469 4776 videtur,
1497 4705 1560 4761 et
1579 4699 1849 4762 multum
1873 4716 2021 4760 con-

457 4811 722 4874 sequens
749 4795 828 4855 ad
854 4812 928 4856 ea
955 4810 1095 4874 quae
1115 4795 1186 4854 in
1213 4793 1404 4873 priori
1437 4798 1666 4873 puncto
1697 4792 1886 4873 hujus
1919 4811 2020 4854 ca-

459 4887 604 4968 pitis
635 4886 929 4948 diximus.
971 4887 1127 4948 Nam
1162 4885 1215 4947 si
1257 4885 1414 4947 illud
1441 4893 1686 4966 tempus
1721 4893 1880 4950 esset
1905 4905 2021 4948 ne-

458 4980 793 5043 3333311331
793 5025 814 5057 ,
829 4979 1099 5041 maxime
1107 4984 1359 5060 propter
1373 4978 1547 5041 illam
1556 4980 2019 5056 Anthenticam,

457 5073 606 5156 quia
635 5093 750 5136 nec
774 5072 1016 5154 dejure
1044 5079 1306 5151 naturae,
1343 5091 1460 5136 nec
1485 5074 1563 5135 de
1591 5075 1884 5136 canonico
1911 5093 2021 5137 ne-

460 5168 794 5238 cessarium
819 5172 946 5244 est,
978 5173 1050 5228 ut
1080 5185 1158 5229 ex
1185 5166 1368 5230 dictis
1393 5172 1634 5229 constat
1675 5185 1692 5229 ε
1733 5167 1842 5230 1113
1873 5186 2022 5231 vero

458 5259 832 5323 Anthentica
848 5279 980 5323 non
1003 5265 1170 5323 recte
1191 5260 1534 5342 applicatur
1551 5260 1632 5322 ad
1649 5260 1817 5340 leges
1837 5279 2023 5324 cano-

461 5355 654 5416 nicas.
696 5355 830 5416 Duo
861 5355 1034 5417 enim
1075 5355 1145 5416 in
1175 5353 1284 5416 illa
1321 5353 1738 5436 disponuntur
1764 5402 1778 5429 ‚
1821 5374 2023 5417 unum

462 5453 554 5510 est
578 5448 657 5510 de
680 5447 1177 5528 promulgatione
1197 5449 1479 5511 iteranda
1499 5449 1570 5510 in
1589 5448 1852 5528 singulis
1877 5467 2022 5529 pro-

459 5539 703 5619 vinciis,
745 5539 916 5604 aliud
939 5541 1018 5604 de
1057 5541 1354 5606 dilatione
1386 5542 1655 5607 duorum
1680 5541 2016 5620 mensium,

2089 590 2591 669 promulgatione
2617 588 2683 648 in
2708 605 2784 649 ea
2809 587 2996 649 facta.
3046 584 3168 647 Sed
3186 584 3295 645 illa
3320 584 3421 645 lex
3444 584 3654 664 quoad

2090 683 2361 763 priorem
2393 688 2633 764 partem
2660 700 2790 743 non
2816 686 2909 742 est
2932 684 3253 759 acceptata
3280 696 3319 739 a
3339 677 3657 740 Pontifici-

2091 775 2207 838 bus
2234 794 2347 857 pro
2371 777 2499 837 suis
2530 774 2772 856 legibus
2784 791 2804 853 ;
2829 791 2977 853 ergo
2999 791 3115 834 nec
3132 772 3331 851 quoad
3352 771 3655 851 posterio-

2090 888 2244 933 rem.
2290 871 2596 933 Probatur
2642 868 3079 949 consequentia
3096 912 3117 942 ,
3158 870 3294 926 tum
3332 866 3477 944 quia
3514 882 3657 925 non

2092 964 2293 1044 magis
2310 970 2551 1027 constat
2566 963 2644 1026 de
2662 960 3075 1042 acceptatione
3088 958 3441 1043 posterioris
3456 956 3659 1037 partis

2092 1075 2281 1137 quam
2323 1057 2546 1137 prioris
2585 1073 2603 1117 2
2650 1056 2720 1117 in
2758 1058 3023 1133 utraque
3059 1051 3233 1114 enim
3272 1067 3495 1112 verim
3530 1054 3655 1125 aet,

2096 1149 2417 1212 Pontifices
2452 1167 2581 1212 non
2606 1146 2949 1210 declarasse
2969 1191 2990 1222 ‚
3032 1144 3193 1207 velle
3224 1161 3293 1205 se
3324 1142 3659 1203 admittam

2092 1243 2261 1322 leges
2294 1243 2505 1305 civiles
2544 1260 2657 1323 pro
2690 1240 2877 1302 modo
2892 1237 3169 1318 ferendi,
3198 1235 3300 1297 vel
3334 1234 3659 1314 obligandi

2093 1334 2429 1397 Ecclesiam
2452 1354 2561 1416 per
2582 1352 2723 1395 suas
2746 1332 2936 1411 leges,
2965 1331 3072 1392 sed
3096 1330 3300 1391 solum
3318 1329 3387 1389 in
3402 1328 3661 1408 iudiciis

2092 1429 2461 1504 forensibus,
2487 1427 2597 1489 ubi
2616 1427 2785 1505 leges
2812 1423 3127 1487 canonicas
3152 1423 3435 1485 deessent
3456 1438 3477 1499 ;
3514 1427 3660 1481 tum

2095 1523 2285 1585 etiam
2310 1522 2459 1600 quia
2478 1518 2921 1583 consuetudine
2936 1522 3255 1597 receptum
3276 1533 3404 1577 non
3422 1519 3515 1576 est
3531 1557 3556 1590 ,
3584 1518 3665 1575 ut

2096 1620 2403 1677 testantur
2432 1630 2649 1694 graves
2672 1617 2989 1687 auctores3
3022 1616 3089 1672 et
3122 1608 3469 1690 specialiter
3503 1609 3661 1669 Vas-

2096 1726 2272 1789 quez,
2308 1708 2466 1789 disp.
2496 1709 2660 1783 556,
2702 1705 2889 1786 capit.
2920 1706 2986 1782 4,
3026 1722 3169 1765 cum
3196 1701 3479 1782 emphasi
3504 1701 3663 1763 dicit

2096 1821 2161 1865 se
2198 1801 2427 1864 audere
2465 1802 2531 1864 id
2570 1801 2900 1862 affirmare.
2947 1799 3100 1861 Nav,
3142 1803 3352 1859 autem
3384 1795 3535 1858 dicit
3578 1797 3663 1859 de

2097 1894 2543 1959 consuetudine
2598 1900 2661 1957 et
2706 1893 2870 1974 stylo
2926 1892 2997 1953 in
3050 1892 3207 1953 urbe
3257 1890 3488 1953 servari
3514 1935 3537 1965 ,
3584 1894 3659 1950 ut

2095 1989 2617 2068 transgredientes
2637 1987 2841 2068 legem
2867 1987 3047 2067 Papae
3074 1989 3221 2047 ante
3240 1984 3394 2046 duos
3411 2000 3661 2044 menses

2098 2103 2139 2146 a
2180 2082 2679 2162 promulgatione
2715 2080 3061 2161 puniantur
3076 2126 3095 2153 ,
3138 2095 3267 2139 non
3302 2076 3505 2139 solum
3546 2074 3661 2155 qui

2098 2176 2441 2258 probantur
2460 2175 2707 2237 scivisse
2728 2172 3313 2254 promulgationem,
3338 2169 3447 2232 sed
3466 2168 3663 2233 etiam

2100 2272 2210 2353 qui
2234 2288 2361 2331 non
2388 2270 2673 2350 probavit
2703 2268 2877 2329 illam
2902 2268 3237 2345 ignorasse.

2182 2366 2279 2427 12.
2324 2363 2515 2425 Addit
2530 2381 2679 2425 vero
2699 2363 2853 2425 NaV.
2874 2362 3009 2423 haec
3027 2360 3239 2437 verba,
3266 2359 3411 2434 Quoe
3428 2374 3671 2422 conme-

2100 2459 2240 2521 tudo
2256 2458 2553 2536 restringit·
2574 2459 2734 2535 forte
2750 2460 2949 2534 posset
2974 2455 3059 2517 ad
3074 2457 3283 2532 forum
3304 2456 3543 2515 tantum
3566 2469 3671 2513 ez-

2102 2554 2316 2627 terius‚
2368 2556 2424 2615 et
2466 2549 2787 2612 urbicolas.
2828 2548 2950 2611 Sed
2988 2547 3157 2627 prior
3190 2544 3494 2607 restrictio
3534 2562 3669 2606 non

2098 2646 2345 2707 videtur
2386 2643 2545 2705 mihi
2580 2642 2808 2705 rationi
2842 2646 3277 2703 consentanea.
3337 2638 3663 2714 Quomodo

2100 2739 2269 2799 enim
2284 2739 2450 2818 juste
2467 2736 2839 2842 punirentur
2856 2735 2950 2797 illi
2965 2741 3270 2814 tanquam
3285 2733 3445 2811 legis
3462 2738 3667 2793 trans-

2100 2846 2456 2909 gressores,
2504 2828 2627 2890 nisi
2660 2833 3107 2909 supponeretur
3133 2827 3280 2888 lex
3258 2844 3391 2906 Jam
3414 2843 3527 2905 pro
3554 2825 3689 2909 illo·

2099 2927 2376 3002 tempore
2402 2922 2679 3002 311113313
2700 2924 2726 2981 ἲ
2768 2922 2858 2983 Ibi
2890 2922 3061 2983 enim
3087 2939 3215 2983 non
3240 2919 3429 2981 habet
3453 2918 3663 2981 locum

2099 3016 2541 3096 praesumptio·
2526 3060 2541 3075 .
2578 3012 2727 3077 nain
2754 3022 2923 3077 certo
2952 3019 3191 3077 constat
3216 3012 3496 3075 nondum
3528 3030 3663 3073 esse

2102 3109 2379 3189 elapsum
2420 3115 2667 3189 tempus
2716 3108 2985 3172 duorum
3024 3111 3355 3171 mensium.
3400 3108 3563 3186 Ergo
3610 3108 3665 3169 si

2100 3203 2297 3265 sciens
2353 3204 2557 3283 legem
2596 3203 2912 3284 judicatur
2970 3210 3041 3265 ut
3092 3208 3478 3281 trangressor
3507 3249 3525 3276 ,
3582 3221 3661 3263 ex

2100 3297 2273 3358 nulla
2316 3299 2796 3378 praesumptione
2833 3299 3179 3378 judicatur,
3232 3296 3341 3358 sed
3377 3313 3455 3357 ex
3494 3303 3664 3358 certa

2100 3391 2461 3471 probatione
2488 3391 2717 3468 delicti,
2756 3397 2820 3452 et
2858 3392 2911 3452 si
2937 3391 3231 3471 ignorans
3255 3391 3661 3470 praesumitur

2100 3489 2518 3563 transgressor
2552 3484 2706 3546 dum
2748 3502 2877 3546 non
2917 3484 3137 3564 probat
3185 3483 3610 3563 ignorantiam
3637 3532 3660 3562 ‚

2100 3576 2235 3639 haec
2276 3579 2674 3658 praesumptio
2722 3578 3013 3658 supponit
3060 3582 3291 3639 certam
3334 3576 3665 3656 obligatio-

2100 3689 2270 3748 nem,
2299 3677 2435 3732 tum
2462 3671 2639 3752 legis,
2673 3677 2811 3734 tum
2834 3673 3026 3734 etiam
3052 3671 3285 3734 sciendi
3312 3669 3489 3732 illam
3514 3677 3665 3735 ante

2100 3764 2257 3826 duos
2298 3782 2540 3826 menses
2556 3810 2579 3842 ,
2626 3765 2781 3827 alias
2828 3766 3143 3828 immerito
3182 3771 3667 3845 praesumeretur

2102 3855 2426 3937 culpabilis
2445 3905 2467 3930 ,
2509 3858 2609 3920 vel
2628 3902 2649 3935 ,
2693 3858 2859 3939 quod
2892 3857 3151 3939 perinde
3184 3863 3277 3920 est
3297 3903 3318 3934 ,
3364 3857 3665 3938 punibilis

2099 3949 2497 4031 ignorantia3
2530 3951 2640 4013 illa
2674 3969 2823 4032 3133
2858 3952 3235 4014 consuetudo
3262 3956 3473 4032 aperte
3506 3970 3664 4033 sup-

2100 4044 2275 4124 ponit
2317 4044 2521 4125 legem
2548 4045 2719 4108 illam
2764 4045 3039 4126 obligare
3075 4046 3287 4108 Romae
3322 4050 3468 4108 ante
3502 4045 3663 4107 duos

2098 4155 2361 4202 menses.
2394 4142 2519 4204 Nec
2544 4146 2745 4222 potest
2780 4142 3121 4222 suppositio
3146 4157 3277 4203 esse
3302 4139 3476 4217 falsa,
3510 4142 3661 4220 quia

2100 4250 2228 4294 non
2254 4231 2553 4297 fimdatur
2578 4234 2645 4295 in
2669 4234 3149 4316 praesumptione
3167 4279 3190 4311 ,
3222 4234 3333 4296 sed
3354 4234 3421 4295 in
3444 4233 3660 4296 volun-

2098 4333 2227 4390 tate
2254 4327 2567 4390 Pontificis
2586 4373 2607 4406 ,
2655 4329 2802 4409 quia
2838 4347 3040 4409 neque
3065 4328 3200 4391 baec
3235 4333 3439 4408 potest
3466 4327 3665 4390 latere

2100 4438 2392 4482 romanos
2415 4421 2655 4500 judices
2673 4467 2693 4499 ,
2742 4439 2943 4502 neque
2981 4422 3113 4502 ipse
3146 4421 3433 4483 Pontifex
3462 4426 3671 4501 potest

2101 4511 2389 4590 ignorare
2416 4513 2685 4593 qualiter
2710 4533 2837 4576 suoe
2862 4514 3030 4594 leges
3057 4515 3270 4577 Romae
3302 4514 3539 4576 servari
3564 4533 3671 4576 co-

2102 4610 2352 4685 gantur,
2398 4611 2461 4668 et
2500 4607 2745 4670 sciendo
2789 4626 2860 4669 ac
2890 4607 3153 4670 tacendo
3190 4607 3520 4685 consentit,
3570 4626 3669 4670 sa-

2102 4697 2301 4777 tisque
2340 4699 2611 4761 ostendit
2646 4717 2711 4762 se
2744 4699 2909 4762 nolle
2944 4702 3039 4762 uti
3072 4701 3471 4782 dispositione
3507 4701 3670 4781 legis

2100 4791 2461 4872 imperialis,
2506 4792 2613 4856 sed
2640 4813 2776 4871 sua,
2822 4794 3040 4857 saltem
3067 4813 3179 4875 pro
3213 4797 3409 4856 curia.
3459 4796 3671 4858 Posita

2102 4891 2314 4949 autem
2334 4905 2485 4950 vera
2504 4887 2884 4967 obligatione
2909 4888 2979 4948 in
2992 4887 3117 4948 illis
3140 4888 3407 4967 legibus,
3437 4889 3671 4968 imper-

2104 4981 2309 5042 tinens
2332 4985 2427 5041 est
2452 4981 2763 5043 distinctio
2782 4980 2860 5043 de
2877 4981 3015 5043 foro
3034 4982 3281 5043 interno
3302 4986 3365 5044 et
3384 4987 3669 5059 externo,

2105 5073 2252 5154 quia
2274 5072 2376 5136 lex
2408 5074 2704 5136 canonica
2729 5075 3003 5137 maxim0
3042 5073 3277 5154 obligat
3302 5074 3372 5136 in
3404 5075 3539 5136 foro
3570 5075 3675 5136 in-

2104 5172 2304 5243 terne,
2324 5173 2397 5228 ut
2416 5167 2626 5229 statim
2642 5167 2942 5245 dicemus,
2964 5173 3029 5230 et
3046 5165 3315 5229 Ecclesia
3332 5185 3464 5228 non
3484 5166 3678 5248 punit

2103 5261 2225 5322 nisi
2250 5265 2499 5343 propter
2526 5261 2797 5341 culpam,
2826 5267 2937 5323 aut
2962 5278 3201 5340 veram,
3232 5267 3342 5324 aut
3362 5279 3673 5342 proesum-

2105 5358 2317 5434 ptam3
2354 5359 2615 5434 utraque
2651 5359 2860 5416 autem
2881 5355 3177 5436 supponit
3217 5353 3671 5436 obligationem

2102 5448 2260 5528 legis
2285 5449 2353 5510 in
2378 5448 2777 5510 conscientia.

2186 5543 2287 5605 13.
2328 5539 2540 5606 Altera
2576 5559 2723 5606 vero
2760 5539 3065 5606 restrictio
3094 5538 3375 5619 Navem,
3406 5539 3667 5617 scilicet,
