3976 6219
523 379 606 438 62

525 484 673 563 quia
719 498 903 543 nemo
930 480 1009 542 ad
1054 481 1189 542 illas
1217 480 1548 559 obligatur,
1595 488 1655 541 et
1695 483 1780 541 ita
1809 486 1970 541 recte
1999 480 2087 539 ibi

526 581 900 655 praeceptum
929 592 1040 653 pro
1087 575 1488 652 permissione
1535 574 1684 633 boni
1724 575 2087 651 interpreta-

525 687 687 728 mur.
723 668 953 745 Soepius
999 685 1145 727 vero
1187 667 1476 726 dicuntur
1523 667 1687 743 leges
1734 667 2087 744 permittere

526 761 733 838 aliqua
752 758 937 832 mala,
959 759 1119 817 sicut
1146 758 1310 835 leges
1330 759 1538 818 civiles
1562 759 1933 837 permittunt
1958 775 2087 817 me·

525 852 800 924 retrices,
830 844 898 909 ‘et
949 850 1241 909 maritum
1272 850 1549 910 occidere
1585 868 1844 909 uxorem
1871 849 2090 908 inven-

526 950 655 1004 tam
697 944 763 1001 in
792 943 1016 1001 actuali
1062 941 1390 1016 adulteriO,
1441 948 1501 1003 et
1546 942 1977 1002 contrahentes
2027 958 2091 1000 se

524 1036 805 1115 decipere
829 1033 993 1093 infra
1020 1033 1364 1105 dimidiam,
1404 1041 1518 1094 etc.
1553 1035 1651 1094 Sic
1678 1036 1867 1094 etiam
1909 1032 2092 1093 multi

526 1128 885 1205 intelligunt
915 1127 1176 1186 verbum
1204 1127 1427 1187 Christi
1467 1126 1684 1188 Matth.
1721 1128 1825 1187 19:
1860 1124 1963 1186 Ad
1988 1127 2093 1186 du-

525 1222 743 1281 ritiam
786 1219 981 1280 cordis
1007 1219 1193 1279 vestri
1220 1219 1502 1296 permisit
1528 1219 1694 1278 vobis
1721 1218 1962 1294 Moyses
2003 1217 2095 1277 di-

528 1313 763 1373 mittere
786 1328 1003 1371 uxores
1022 1314 1275 1384 vestras,
1308 1319 1377 1367 ut
1401 1327 1587 1388 supra
1617 1307 1960 1385 Imperfect.
1990 1324 2094 1366 ex-

528 1404 728 1483 ponit,
760 1407 822 1463 et
840 1401 1224 1475 Ambrosius,
1253 1402 1361 1461 lib.
1397 1404 1457 1475 8,
1490 1403 1555 1460 in
1584 1402 1732 1473 Luc,
1764 1419 1875 1478 cap
1900 1402 2000 1474 16,
2032 1404 2094 1459 et

530 1495 967 1572 Hieronymus,
1017 1493 1234 1553 Matth.
1263 1495 1302 1553 5
1326 1498 1389 1551 et
1430 1494 1525 1565 19,
1578 1499 1641 1551 et
1667 1510 1857 1570 quam
1887 1492 2094 1569 plures

531 1586 910 1647 Scholastici.
939 1585 1062 1645 Alii
1085 1603 1231 1644 vero
1272 1584 1633 1661 intelligunt
1667 1584 1743 1643 de
1773 1584 2091 1663 dispensa-

529 1680 657 1739 tiva
685 1678 1086 1757 permissione
1115 1695 1226 1754 per
1250 1693 1437 1754 quam
1461 1681 1636 1735 actus
1656 1675 1933 1735 redditur
1965 1693 2093 1735 non

531 1770 753 1845 malus,
778 1770 921 1830 licet
946 1788 1073 1829 non
1103 1776 1459 1847 praeceptus,
1491 1768 1655 1848 quod
1684 1774 1775 1828 est
1807 1767 2093 1846 probabi-

529 1863 620 1938 le3
647 1881 774 1921 non
804 1862 1070 1941 pertinet
1093 1866 1321 1921 tamem
1342 1861 1419 1919 ad
1457 1860 1623 1919 hunc
1651 1860 1855 1920 locum
1880 1860 1942 1918 id
1970 1859 2093 1918 dis-

529 1959 735 2013 cutere
765 1975 777 2012 :
807 1955 951 2013 satis
978 1953 1145 2013 enim
1173 1959 1263 2011 est
1290 1952 1455 2030 quod
1481 1953 1546 2011 in
1571 1952 1677 2011 illo
1698 1953 1884 2011 etiam
1911 1970 2094 2012 sensu

528 2047 848 2125 permissio
886 2045 1009 2105 dici
1036 2050 1236 2124 potest
1273 2045 1524 2105 effectus
1551 2046 1727 2123 18313.

612 2141 707 2198 11.
754 2138 1050 2198 Omnibus
1086 2142 1292 2197 autem
1343 2137 1439 2195 his
1472 2138 1667 2197 modis
1706 2137 1807 2196 hic
1844 2136 2093 2196 effeetus

526 2247 654 2289 non
680 2235 769 2289 est
795 2247 947 2307 pure
982 2229 1327 2306 negatiVuS,
1359 2228 1462 2287 sed
1496 2229 1729 2307 aliquid
1758 2228 2093 2306 positivum

527 2322 688 2382 circa
711 2322 1104 2398 negationem
1128 2327 1440 2398 operatur,
1469 2321 1711 2381 diverso
1731 2326 1941 2380 tamen
1961 2338 2093 2379 mo-

526 2415 628 2474 do.
688 2415 842 2474 Nam
894 2413 1142 2492 quando
1180 2413 1499 2491 permissio
1555 2413 1784 2472 dicitur
1831 2413 1908 2472 de
1951 2418 2092 2472 actu

527 2506 679 2566 alias
706 2506 893 2580 11080,
920 2523 1047 2564 808
1080 2505 1277 2563 solum
1294 2523 1421 2564 non
1445 2505 1728 2583 prohibet
1755 2505 1954 2564 illum:
1987 2505 2091 2565 sed

529 2600 715 2659 etiam
760 2616 902 2657 cum
948 2598 1027 2657 sit
1070 2597 1294 2670 110883,
1345 2597 1452 2657 dat
1479 2597 1805 2675 positivam
1837 2597 2092 2657 faculta-

527 2698 678 2762 tem,
730 2709 838 2752 388
884 2690 1218 2763 1188811818,
1250 2688 1348 2748 vel
1364 2690 1468 2766 jus
1496 2689 1743 2767 aliquod
1785 2690 1862 2749 ad
1887 2690 2089 2750 illum.

530 2786 698 2845 Idem
728 2783 1034 2859 8081111311
1067 2783 1132 2841 18
1162 2781 1442 2859 exemplo
1471 2782 1666 2860 posito
1703 2782 1781 2841 ab
1809 2783 2041 2842 Isidoro
2074 2804 2089 2841 :

530 2896 673 2938 cum
693 2877 861 2938 enim
880 2876 981 2935 lex
1002 2876 1150 2935 dicit
1173 2891 1189 2934 ε
1234 2875 1344 2939 Vir
1360 2876 1549 2951 fortis
1564 2881 1729 2953 petat
1747 2877 2091 2954 prce-mium,

529 2988 655 3030 non
679 2968 880 3029 solum
908 2967 1193 3044 negative
1212 2967 1536 3044 permittit,
1575 2967 1679 3026 sed
1708 2967 1815 3026 dat
1842 2966 1931 3025 illi
1961 2984 2097 3045 spe-

529 3060 685 3122 ciale
705 3061 807 3139 jus
839 3059 917 3121 ad
943 3058 1382 3140 postulandum
1401 3058 1523 3120 tale
1549 3059 1898 3138 praemium,
1926 3064 1987 3119 et
2015 3059 2093 3120 ad

526 3153 937 3215 laborandum
977 3153 1044 3211 in
1075 3169 1180 3231 spe
1211 3150 1398 3226 illius,
1441 3151 1506 3210 in
1543 3152 1770 3211 virtute
1813 3152 2094 3212 virtualis

525 3246 946 3325 promissionis
986 3244 1262 3323 ejusdem
1299 3244 1474 3320 18313.
1521 3243 1720 3322 Atque
1763 3243 1881 3304 1108
1908 3244 2094 3304 modo

526 3338 624 3400 lex
666 3338 1006 3399 concedens
1032 3336 1329 3409 favorem,
1377 3336 1625 3413 quando
1666 3354 1793 3395 non
1816 3336 2094 3415 praecipit

525 3430 705 3491 illum
733 3435 1071 3508 acceptare,
1104 3427 1209 3488 sed
1247 3426 1514 3486 liberum
1546 3427 1843 3506 relinquit
1877 3427 1969 3486 illi
1997 3446 2093 3488 re-

527 3522 848 3596 nunciare,
873 3519 1236 3600 permissiva
1263 3517 1491 3578 dicitur
1512 3519 1692 3597 juxta
1723 3520 1979 3580 modum
2002 3520 2092 3579 lo-

526 3614 759 3694 quendi
782 3612 1033 3674 Isidori:
1063 3610 1349 3690 quamvis
1375 3629 1500 3670 non
1533 3617 1779 3672 tantum
1806 3613 2094 3690 negative

528 3707 836 3785 disponat,
858 3704 963 3764 sed
977 3702 1210 3781 aliquid
1226 3702 1484 3781 positive
1500 3705 1810 3764 concedat.
1835 3705 2093 3778 Quando

526 3817 673 3859 vero
699 3797 800 3857 lex
848 3795 1151 3874 permittit
1183 3793 1441 3869 malum,
1473 3796 1541 3856 in
1569 3813 1691 3874 quo
1719 3797 1821 3858 vel
1847 3797 2093 3876 dispen-

527 3908 664 3951 sare
705 3907 832 3948 non
868 3891 1086 3967 potest,
1131 3886 1231 3947 vel
1269 3905 1395 3946 non
1423 3887 1758 3967 dispensat,
1791 3888 1936 3948 licet
1962 3907 2091 3948 non

526 3984 759 4045 tribuat
777 3984 877 4061 jus
906 3983 993 4061 (ut
1019 3980 1106 4041 sic
1120 3979 1366 4060 dicam),
1398 3981 1620 4042 tribuit
1642 3983 1860 4044 saltem
1884 3984 2092 4062 impu-

526 4077 785 4137 nitatem
797 4075 962 4154 apud
973 4074 1256 4135 homines
1261 4092 1424 4152 ‚quae
1442 4075 1715 4136 continet
1732 4075 1963 4137 morale
1988 4076 2092 4154 jus

524 4188 651 4231 non
680 4169 855 4248 parvi
888 4168 1211 4229 momenti.
1243 4168 1560 4228 Interdum
1589 4169 1777 4230 etiam
1802 4167 1874 4249 (si
1895 4169 1974 4228 sit
1991 4169 2093 4229 lex

523 4261 738 4340 civilis)
769 4260 1047 4322 concedit
1072 4260 1172 4321 vel
1199 4265 1385 4338 negat
1404 4262 1711 4322 actionem
1730 4262 1797 4321 in
1809 4261 2093 4340 judiciali

523 4354 680 4429 foro,
705 4354 814 4433 qui
841 4354 1031 4412 etiam
1061 4358 1154 4413 est
1195 4352 1446 4412 moralis
1475 4353 1728 4413 eftectus
1775 4354 1921 4413 satis
1973 4353 2095 4413 dis-

524 4444 753 4506 tinctus
789 4462 826 4504 a
870 4443 999 4504 sola
1042 4443 1371 4521 negatione
1415 4444 1873 4523 prohibitionis·
1910 4446 2094 4506 Deni-

524 4554 645 4615 que
688 4527 763 4596 si‘
783 4535 1102 4616 permissio
1150 4534 1232 4593 sit
1263 4534 1449 4594 simul
1485 4536 1918 4614 dispensativa,
1963 4543 2092 4597 esto

522 4648 653 4691 non
680 4631 757 4689 sit
797 4628 1180 4708 praeceptiva‚
1208 4628 1483 4688 concedit
1505 4646 1630 4688 non
1659 4628 1858 4690 solum
1887 4629 2093 4709 impu-

526 4724 787 4783 nitatem
807 4721 974 4801 apud
998 4719 1305 4796 homines,
1335 4720 1440 4781 sed
1459 4721 1648 4782 etiam
1676 4708 1842 4800 apud
1869 4723 2088 4797 Deum,

522 4815 669 4894 quia
688 4813 972 4875 concedit
984 4812 1444 4873 immunitatem
1462 4831 1501 4873 a
1515 4812 1713 4892 culpa,
1727 4814 1893 4892 quod
1905 4814 2092 4894 10838

524 4907 725 4984 majus
748 4912 862 4968 est.

604 5000 702 5057 12.
749 4998 950 5077 Atque
1003 4997 1152 5057 hinc
1199 4995 1455 5057 tandem
1505 4995 1879 5075 intelligitur
1921 4998 2088 5078 quod

524 5090 826 5167 superiori
852 5090 1049 5168 capite
1079 5086 1455 5163 dicebamus,
1487 5088 1689 5167 legem
1726 5091 2088 5168 permitten-

520 5185 651 5239 tem
681 5198 921 5259 semper
943 5181 1257 5242 includere
1279 5187 1650 5260 praeceptum
1671 5182 1953 5259 obligans
1975 5184 2088 5244 ali-

522 5289 733 5351 quem,
764 5279 825 5332 et
866 5271 1071 5350 aliquo
1099 5272 1305 5332 mode.
1338 5275 1493 5332 Nam
1528 5272 1672 5333 licet
1702 5291 1829 5333 non
1858 5274 2088 5353 obliget

522 5363 699 5437 81103,
740 5363 817 5422 ad
845 5380 997 5440 quos
1034 5365 1345 5439 potissime
1374 5365 1662 5442 dirigitur
1697 5384 1807 5444 per
1830 5367 2087 5427 modum

521 5454 770 5534 imperii
792 5470 808 5515 :
831 5460 903 5514 ut
918 5454 986 5515 in
1004 5453 1112 5515 illo
1131 5455 1437 5534 exemp10,
1459 5457 1658 5536 capite
1688 5458 1806 5532 Qui
1821 5465 2081 5538 partem,

1526 379 1641 431 Lm.
1678 380 1716 431 1.
1751 379 1832 430 ns
1863 375 2118 428 NATURA
2151 376 2330 432 18813
2362 380 2428 433 m
2459 362 2753 433 8011111118.

2169 483 2427 542 verbum
2475 482 2631 542 illud
2662 480 3053 559 praecipimus
3098 477 3377 541 clericum·
3413 477 3574 554 fieri,
3607 486 3738 536 non

2169 574 2404 653 obligat
2444 576 2822 647 mutilatum,
2868 579 2938 631 ut
2983 572 3240 633 clericus
3283 570 3413 644 fiat,
3457 570 3562 629 sed
3612 587 3739 629 res-

2169 676 2351 745 pectu
2399 668 2564 727 illius
2610 671 2703 726 est
2745 664 3066 743 permissio
3114 663 3464 723 concessiva
3500 665 3603 735 (ut
3649 662 3740 721 sie

2171 759 2446 835 dicam):
2480 759 2712 836 obligat
2747 764 2958 817 tamen
2995 756 3348 827 Praelatum,
3380 771 3458 813 ne
3489 753 3570 813 ob
3598 771 3740 813 eam

2171 869 2417 911 causam
2442 851 2621 910 illum
2648 849 2926 928 repellat.
2949 850 3103 908 Item
3122 847 3188 906 in
3211 846 3494 925 exemplo
3521 845 3739 905 Isidori

2171 944 2406 1020 obligat
2429 943 2537 1003 illa
2558 943 2656 1003 lex
2683 943 2759 1001 ad
2783 940 3060 1000 dandum
3088 939 3412 1018 praemium
3436 938 3568 996 viro
3592 936 3740 996 forti

2173 1037 2431 1114 petenti,
2454 1035 2703 1114 quando
2723 1032 3063 1093 secundum
3081 1031 3284 1108 legem
3303 1030 3480 1107 petit,
3499 1035 3561 1089 et
3580 1028 3740 1087 811111

2175 1135 2266 1189 831
2293 1128 2455 1207 quod
2485 1125 2936 1187 rationabiliter
2965 1123 3281 1201 impediat.
3309 1121 3564 1194 Quando
3591 1138 3737 1179 vero

2172 1220 2492 1299 permissio
2526 1226 2619 1279 est
2668 1217 2931 1294 alicujus
2978 1215 3149 1289 mali,
3190 1214 3423 1290 obligat
3464 1213 3736 1291 judicem

2174 1332 2252 1373 ne
2276 1318 2525 1392 propter
2552 1310 2705 1370 illud
2731 1309 2971 1389 puniat,
2995 1309 3141 1386 quia
3160 1308 3276 1366 1108
3295 1305 3577 1385 prohibet
3599 1304 3736 1364 talis

2172 1406 2296 1479 181,
2329 1412 2390 1465 81
2421 1405 2508 1463 318
2551 1404 2626 1462 de
2667 1402 2826 1462 aliis.
2864 1403 3064 1479 Atque
3104 1401 3194 1459 ita
3232 1398 3604 1458 sufficienter
3644 1402 3738 1457 est

2172 1498 2513 1558 declaratus
2567 1495 2667 1555 hic
2719 1493 2970 1555 effectus
3026 1491 3365 1552 secundum
3415 1508 3479 1549 se
3517 1506 3533 1548 ε
3586 1489 3734 1566 quid

2173 1597 2380 1652 autem
2414 1587 2754 1648 secundum
2800 1587 2870 1645 D.
2912 1584 3214 1644 Thomam
3256 1581 3587 1641 dicendum
3631 1581 3731 1654 sit,

2174 1684 2237 1743 in
2273 1695 2501 1761 puncto
2529 1679 2797 1740 secundo
2827 1677 3050 1736 dicam.

2254 1777 2351 1835 13.
2403 1774 2695 1847 Quomodo
2733 1770 2973 1849 punitio
3018 1770 3102 1830 sit
3150 1769 3397 1846 effeetus
3437 1765 3608 1843 leyis.
3652 1796 3734 1810 —

2175 1868 2548 1946 Differentiae
2578 1865 2731 1942 Zeqis
2768 1862 3076 1923 naturalis
3121 1865 3175 1920 et
3229 1858 3508 1936 positivae
3542 1855 3738 1935 quoad

2175 1977 2202 2020 e
2262 1964 2448 2020 eccum
2471 1955 2782 2034 puniendi.
2813 1989 2880 1998 —
2918 1953 3146 2025 Quarta
3185 1950 3448 2028 objectio
3485 1954 3618 2008 erat
3656 1948 3732 2006 de

2173 2050 2517 2128 punitione,
2536 2048 2684 2126 quia
2712 2065 2838 2106 non
2865 2045 3112 2104 videtur
3135 2061 3264 2103 esse
3286 2041 3535 2101 effectus
3554 2040 3726 2117 18313.

2174 2143 2265 2203 Ad
2294 2141 2456 2220 quod
2485 2140 2754 2199 breviter
2789 2138 2927 2197 dico
2964 2136 3130 2196 aliud
3172 2153 3303 2194 esse
3339 2133 3507 2212 loqui
3537 2133 3612 2192 de
3642 2131 3735 2190 di-

2174 2234 2410 2310 gnitate
2437 2250 2545 2292 388
2576 2237 2751 2291 reatu
2779 2247 2978 2308 poenae
2995 2244 3014 2304 3
3060 2228 3227 2287 aliud
3259 2226 3335 2286 de
3373 2224 3598 2285 actuali
3638 2224 3734 2282 in-

2175 2325 2443 2385 flictione
2484 2342 2703 2403 poenae,
2749 2328 2809 2383 et
2845 2328 3106 2399 utroque
3147 2319 3333 2379 modo
3378 2324 3573 2396 potest
3612 2316 3735 2375 dici

2173 2436 2357 2496 poena
2384 2417 2634 2477 effectus
2660 2416 2839 2492 legis,
2855 2415 2996 2475 licet
3019 2413 3274 2472 diversis
3301 2409 3735 2471 consideratio-

2173 2510 2356 2569 nibus
2385 2515 2445 2568 et
2481 2507 2855 2568 rationibus:
2889 2525 3034 2566 8818
3069 2505 3192 2578 lex,
3223 2501 3599 2582 imponendo
3625 2518 3734 2560 ne-

2174 2604 2519 2661 cessitatem
2545 2600 2788 2660 virtutis
2821 2618 2929 2659 388
2955 2598 3315 2671 honestatis,
3360 2611 3735 2671 consequen-

2174 2700 2268 2755 ter
2294 2696 2442 2755 facit
2469 2700 2540 2753 ut
2565 2699 2983 2770 transgressor
3009 2692 3163 2769 legis
3190 2690 3269 2750 sit
3300 2689 3522 2767 dignus
3549 2704 3735 2766 poena

2173 2786 2391 2846 saltem
2433 2787 2594 2866 apud
2641 2786 2859 2860 Deum,
2901 2784 3047 2863 quia
3075 2800 3250 2843 suam
3294 2780 3735 2858 obligationem

2175 2878 2311 2957 lege
2342 2879 2689 2957 impositam
2716 2896 2842 2937 non
2864 2877 3167 2937 observat.
3198 2874 3373 2947 Quod
3396 2874 3598 2933 108818
3626 2872 3735 2932 118-

2174 2971 2279 3032 1181
2305 2977 2434 3031 1818
2459 2972 2525 3030 18
2552 2971 2687 3048 1838
2710 2969 2980 3029 88181811
3009 2985 3197 3046 quam
3228 2967 3295 3025 in
3324 2966 3607 3044 positiva,
3643 2964 3735 3023 di·-

2176 3064 2346 3139 vina,
2387 3064 2484 3125 vel
2512 3062 2810 3136 humana,
2854 3062 3002 3141 quia
3043 3059 3356 3140 supposita
3391 3058 3525 3135 lege
3566 3061 3735 3116 88183

2175 3163 2266 3217 831
2295 3156 2703 3230 inordinatus„
2748 3159 2810 3215 et
2837 3154 2945 3214 illa
2980 3153 3247 3230 dignitas
3283 3168 3481 3230 poenae
3507 3148 3735 3208 intrin-

2175 3267 2309 3310 sece
2333 3249 2610 3327 sequitur
2638 3266 2712 3308 ex
2738 3246 2976 3307 malitia
3003 3250 3192 3317 88183,
3223 3243 3463 3304 81181831
3498 3241 3736 3300 malitia

2174 3342 2430 3402 fortasse
2462 3340 2649 3400 fuerit
2678 3358 2754 3399 81
2776 3338 3093 3398 occasione
3125 3336 3279 3413 legis
3309 3335 3603 3414 positivae.
3630 3334 3735 3392 Est

2174 3438 2384 3494 tamen
2424 3432 2772 3493 differentia
2809 3431 2878 3490 in
2904 3431 3021 3490 hoc
3047 3431 3211 3489 inter
3250 3429 3453 3505 legem
3482 3434 3736 3486 natura-

2172 3526 2297 3586 lem
2346 3531 2408 3586 et
2456 3524 2825 3604 positivam3
2874 3522 3037 3601 quod
3080 3521 3180 3581 lex
3222 3519 3544 3593 naturalis,
3587 3519 3736 3578 lieet

2173 3619 2359 3679 faciat
2391 3618 2489 3679 vel
2521 3618 2804 3679 ostendat
2828 3622 3036 3676 actum
3063 3633 3192 3676 esse
3228 3614 3485 3687 malum,
3525 3619 3734 3672 tamen

2172 3718 2245 3771 ut
2284 3717 2377 3772 est
2422 3728 2589 3770 mere
2625 3708 2924 3769 naturalis
2965 3726 3092 3767 non
3128 3712 3296 3767 taxat
3340 3704 3594 3765 modum
3635 3701 3735 3762 vel

2172 3804 2583 3883 quantitatem
2607 3819 2805 3879 poenae
2834 3817 2849 3860 ε
2881 3799 3054 3859 1111118
3083 3798 3252 3859 8111111
3280 3798 3518 3857 1811088
3550 3794 3734 3855 18181-

2171 3896 2282 3974 ligi
2310 3901 2507 3974 potest
2534 3895 2650 3953 1108
2668 3893 2804 3953 fieri
2831 3892 2962 3952 sine
2986 3891 3228 3951 decreto
3247 3890 3504 3967 alicujus
3523 3887 3735 3948 liberas

2171 3987 2527 4049 voluntatis,
2562 3987 2716 4059 Quia
2742 3986 2889 4045 licet
2911 3989 3227 4062 peceatum
3261 4000 3336 4042 ex
3369 3987 3591 4040 natura
3622 3995 3735 4040 sua

2173 4084 2484 4140 mereatur
2516 4078 2770 4138 fortasse
2798 4093 3046 4155 poenam
3073 4081 3263 4135 tantae
3286 4073 3608 4152 gravitatis
3632 4070 3734 4131 vel

2172 4171 2536 4247 durationis,
2568 4176 2779 4230 tamen
2816 4168 2982 4248 quod
3011 4167 3091 4228 sit
3121 4169 3187 4227 in
3216 4168 3332 4227 hac
3359 4166 3558 4244 specie
3584 4163 3734 4224 mali

2173 4264 2271 4325 vel
2310 4264 2615 4344 supplicii,
2646 4263 2746 4323 vel
2772 4262 2938 4341 quod
2963 4262 3042 4321 sit
3068 4263 3136 4321 in
3162 4261 3274 4320 tali
3307 4259 3506 4337 gradu
3531 4258 3735 4317 inten-

2173 4357 2383 4432 110813,
2414 4358 2480 4416 18
2509 4357 2619 4416 1811
2643 4356 2779 4416 1080
2806 4360 2868 4414 81
2891 4361 3189 4432 tempore,
3203 4371 3279 4413 81
3303 4352 3500 4412 1111818
3526 4349 3734 4428 aliqua

2172 4448 2733 4521 administratione,
2775 4453 2837 4507 et
2862 4445 3251 4525 providentia
3278 4444 3530 4522 pendet:
3567 4441 3733 4501 unde

2171 4541 2403 4601 taxatio
2449 4557 2647 4619 poenae
2697 4543 2813 4598 isto
2858 4537 3069 4612 modo,
3118 4543 3227 4597 aut
3265 4536 3336 4595 fit
3377 4553 3488 4614 per
3530 4534 3733 4612 legem
3843 4608 3853 4617 ς

2170 4638 2467 4693 aeternam
2491 4632 2621 4707 Dei,
2649 4632 2918 4691 maxime
2941 4630 3144 4709 quoad
3179 4646 3423 4707 poenam
3453 4627 3596 4686 vitae
3635 4626 3734 4685 fu·-

2177 4728 2350 4799 turae,
2381 4729 2492 4784 aut
2520 4722 2592 4783 fit
2625 4741 2734 4802 per
2768 4722 2971 4800 legem
2999 4721 3348 4800 positivam,
3380 4718 3581 4797 quoad
3605 4733 3734 4796 poe-
3831 4714 3841 4722 ⁴

2173 4834 2284 4876 nas
2311 4835 2449 4895 quae
2480 4817 2550 4876 in
2577 4815 2694 4876 hae
2717 4816 2846 4876 vita
2873 4821 2935 4876 et
2961 4815 3029 4874 in
3057 4814 3333 4874 humano
3360 4813 3495 4871 foro
3535 4811 3734 4888 impo-

2166 4914 2426 4968 nuntur.
2475 4910 2551 4968 Et
2590 4908 2740 4968 olim
2767 4907 3018 4986 quidem
3050 4923 3162 4985 per
3202 4905 3407 4981 legem
3450 4902 3734 4962 divinam

2167 5002 2495 5079 positivam
2523 5001 2816 5080 scriptam
2832 5000 3083 5060 fuerunt
3100 4998 3312 5058 multae
3327 5014 3525 5075 poenae
3543 4994 3731 5071 hujus

2166 5093 2309 5154 vitae
2339 5112 2449 5172 pro
2477 5094 2663 5154 variis
2687 5094 2922 5154 delictis
2943 5093 3337 5172 praescriptae:
3368 5090 3436 5148 in
3462 5088 3599 5165 lege
3622 5104 3733 5146 au-

2166 5190 2293 5245 tem
2319 5186 2535 5262 gratiae
2578 5186 2762 5245 nullae
2791 5190 2935 5243 sunt
2963 5202 3160 5263 poenae
3199 5181 3448 5242 inflictas
3473 5197 3587 5259 pro
3614 5178 3734 5238 hac

2169 5278 2294 5337 vita
2316 5279 2458 5354 jure
2499 5278 2735 5351 divino,
2766 5282 2837 5336 ut
2863 5277 2930 5335 in
2967 5276 3229 5336 materia
3256 5274 3332 5333 de
3365 5272 3637 5333 censuris
3666 5275 3731 5332 et

2167 5370 2620 5447 irregularitate
2680 5368 3081 5428 ostendimus.
3152 5365 3522 5442 Hujusmodi
3579 5380 3732 5440 ergo

2167 5477 2365 5541 poenoe
2393 5463 2536 5522 vitae
2562 5460 2879 5540 praesentis
2905 5477 3018 5538 per
3044 5458 3349 5518 humanas
3379 5457 3546 5534 leges
3578 5455 3735 5515 civi·
