3976 6219
464 338 545 398 56

549 444 607 503 9.
654 443 934 509 Possitne
977 449 1073 510 lex
1107 452 1338 512 servari
1378 470 1488 529 per
1530 459 1727 514 actum
1776 453 2025 513 malum.

469 568 551 580 —
591 535 761 596 Circa
800 540 1054 600 tertium
1107 543 1463 602 occurrebat
1506 543 1840 621 disputatio
1888 560 2031 601 cum

471 627 743 688 Adriano
765 637 825 689 et
849 631 1019 691 aliis:
1047 652 1128 693 an
1151 636 1458 712 peccando
1478 636 1819 696 mortaliter
1845 637 2032 715 possit

471 737 614 779 vere
648 722 746 781 lex
785 724 993 801 aliqua
1021 729 1269 788 servari.
1307 729 1423 788 Sed
1457 730 1533 789 de
1561 729 1675 789 hoc
1700 729 1895 790 videri
1923 748 2032 807 po-

472 816 591 870 test
630 815 697 875 D.
736 815 1022 891 ThomaS,
1058 823 1114 878 1.
1149 822 1210 893 2,
1243 822 1579 898 quaestione
1624 824 1762 896 100,
1801 830 1918 883 art.
1966 825 2028 897 9,

474 909 534 962 et
563 907 621 964 9.
655 908 716 981 2,
746 915 958 986 quaest.
987 913 1090 985 44,
1124 913 1296 971 artic.
1329 914 1400 987 4;
1432 919 1492 973 et
1524 914 1687 974 infra
1710 916 2032 975 tractando

473 997 549 1057 de
589 999 723 1077 lege
767 1001 1033 1078 positiva
1078 1003 1489 1081 disputabitur
1501 1022 1521 1081 3
1564 1025 1732 1066 nunc
1771 1008 2033 1068 admitto

473 1107 647 1167 posse
682 1090 884 1168 legem
932 1095 1162 1153 servari
1209 1114 1317 1174 per
1360 1104 1566 1157 actum
1613 1098 1873 1172 malum,
1907 1118 2033 1159 non

473 1200 620 1241 vero
640 1190 942 1262 quatenus
970 1186 1170 1246 malus
1203 1193 1315 1261 est,
1339 1189 1444 1249 sed
1475 1197 1779 1268 quatenus
1802 1192 2036 1270 aliquid

473 1274 623 1334 boni
665 1295 739 1335 ex
785 1295 896 1336 suo
934 1297 1158 1356 genere
1205 1281 1412 1356 habet,
1457 1300 1533 1341 ex
1565 1302 1687 1361 quo
1716 1284 1915 1344 solum
1943 1303 2034 1345 58-

475 1368 688 1443 quitur
740 1369 941 1446 legem
999 1390 1123 1431 non
1176 1375 1507 1451 praecipere
1562 1394 1804 1455 semper
1853 1395 2036 1438 omne

475 1458 731 1534 bonum,
770 1461 1077 1539 loquendo
1110 1464 1185 1524 de
1214 1485 1341 1526 una
1369 1466 1505 1544 lege
1546 1469 1613 1527 in
1654 1470 2034 1547 particulari,

476 1569 675 1629 neque
699 1553 785 1612 ita
813 1555 1138 1615 efficaciter
1154 1558 1411 1618 reddere
1433 1559 1749 1620 hominem
1775 1561 2033 1636 bonum,

475 1648 547 1701 ut
573 1662 697 1703 non
719 1647 907 1723 possit
933 1647 1063 1724 ipse
1088 1649 1388 1708 malitiam
1410 1651 1677 1729 aliquam
1703 1652 2039 1713 admiscere

475 1734 737 1795 bonitati
775 1739 1029 1798 intentae
1059 1759 1095 1799 a
1123 1740 1280 1818 lege.
1316 1741 1489 1801 Unde
1517 1744 1663 1821 quia
1699 1744 1931 1803 bonum
1961 1763 2040 1804 ex

477 1830 718 1908 integra
761 1851 963 1905 causa,
1010 1834 1242 1893 malum
1290 1842 1498 1896 autem
1541 1855 1618 1897 ex
1654 1856 2038 1919 quocumque

475 1922 739 1997 defectu,
796 1923 867 1983 fit
919 1931 991 1984 ut
1030 1932 1201 1985 actus
1242 1927 1493 2005 quidem
1544 1931 1624 1988 sit
1679 1931 2040 2008 simpliciter

472 2015 674 2074 malus
701 2022 948 2094 propter
985 2018 1502 2079 circumstantiam
1534 2021 1611 2080 ab
1644 2022 1896 2083 homine
1932 2024 2039 2083 ad-

467 2108 771 2186 junctam,
803 2115 862 2168 et
897 2110 1304 2171 nihilominus
1340 2118 1591 2191 propter
1626 2114 1853 2176 bonam
1894 2117 2037 2177 sub·

473 2199 764 2259 stantiam
790 2220 977 2278 quam
1005 2202 1214 2277 habet,
1242 2205 1506 2264 sufficiat
1543 2206 1621 2265 ad
1654 2207 2036 2285 implendam

473 2290 695 2369 legem.
731 2293 961 2354 Deinde
985 2295 1231 2368 dicitur,
1258 2296 1357 2355 hic
1391 2298 1662 2358 maxime
1692 2299 1920 2360 habere
1948 2300 2037 2359 lo·

472 2400 614 2442 cum
675 2384 998 2461 vulgatum
1055 2387 1466 2465 principium,
1512 2391 1693 2464 finem
1732 2392 1885 2469 ἰαθεὶς
1923 2411 2040 2453 non

471 2476 676 2535 cadere
702 2477 810 2536 sub
840 2478 1045 2555 leyem.
1077 2479 1230 2538 Nam
1255 2483 1538 2558 quamvis
1559 2481 1659 2542 lex
1683 2484 2040 2562 praecipien-

471 2568 551 2627 do
579 2575 788 2629 actum
810 2570 1046 2631 bonum
1071 2591 1148 2632 ex
1178 2591 1427 2650 genere,
1456 2576 1736 2637 intendat
1757 2579 1944 2638 etiam
1971 2586 2042 2639 ut

472 2661 630 2722 bene
649 2663 781 2738 fiat,
808 2670 879 2723 ut
906 2665 1024 2725 hoc
1052 2668 1236 2727 modo
1260 2670 1446 2747 possit
1466 2669 1780 2730 hominem
1803 2672 2036 2733 bonum

470 2753 699 2829 facere,
726 2762 1081 2817 nontamen
1105 2759 1223 2818 hoc
1246 2766 1446 2820 totum
1469 2763 1746 2840 praecipit
1768 2782 2030 2842 semper,

473 2844 579 2904 sed
607 2846 807 2906 solum
849 2855 1022 2909 actus
1060 2850 1492 2928 substantiam,
1527 2854 1786 2933 ideoque
1828 2875 1939 2935 per
1965 2858 2038 2917 il-

469 2934 597 2996 lam
618 2940 851 3027 ·poterit
880 2940 1146 3020 impleri.

1026 3102 1277 3167 CAPUT
1318 3106 1476 3167 XIV.

468 3263 669 3310 UTRUM
708 3265 994 3310 OBLIGARE
1036 3267 1307 3312 smmrros
1349 3270 1436 3314 SIT
1476 3269 1762 3315 PROXIMUS
1802 3270 1880 3316 ET
1921 3270 2033 3315 An·

827 3360 1106 3411 AEQUATUS
1146 3362 1439 3407 EFFECTUS
1478 3363 1663 3408 LEGIS.

552 3506 611 3562 1.
660 3503 820 3575 Quid
844 3504 927 3564 sit
948 3504 1267 3580 promimus
1294 3509 1541 3586 effectus
1569 3506 1741 3583 leqis.
1763 3539 1846 3553 —
1877 3507 2039 3579 Quid

469 3598 555 3657 sit
596 3597 946 3673 adoequatus
980 3600 1229 3675 effectus
1269 3599 1440 3676 Zeyis.
1486 3631 1567 3642 —
1607 3600 1917 3678 Praecipua
1945 3600 2035 3659 ef-

470 3688 686 3747 ficacia
720 3688 873 3765 legis
907 3689 988 3748 ad
1027 3689 1337 3750 faciendos
1384 3691 1667 3750 homines
1710 3692 1901 3752 bonos
1944 3699 2036 3753 est

470 3781 602 3859 ejus
644 3780 962 3858 obligatiO,
1005 3800 1141 3859 quae
1182 3783 1426 3842 videtur
1465 3801 1594 3844 esse
1628 3785 1897 3844 maxime
1939 3786 2035 3844 in-

468 3873 775 3932 trinsecus
817 3873 1067 3933 effectus
1122 3875 1276 3951 ejuS,
1321 3881 1383 3935 et
1428 3875 1568 3935 ideo
1613 3877 1690 3936 de
1742 3876 1847 3935 illa
1889 3895 2035 3936 con-

471 3970 799 4042 sequenter
846 3971 1180 4026 tractamus
1214 3989 1227 4026 :
1278 3973 1349 4027 ut
1395 3973 1605 4027 autem
1652 3969 2037 4046 intelligatur

469 4059 725 4135 quaestio
754 4059 1084 4136 proposita,
1111 4059 1233 4118 duo
1268 4060 1520 4119 termini
1548 4060 1615 4119 in
1647 4061 1827 4120 titulo
1851 4062 2036 4138 positi

469 4159 613 4212 sunt
643 4151 1021 4212 declarandi.
1068 4153 1239 4211 Prior
1278 4158 1369 4212 est
1394 4153 1734 4230 proximus,
1780 4154 1885 4231 qui
1925 4172 2033 4233 po-

469 4248 661 4321 nitur,
707 4247 855 4325 quia
891 4246 1090 4306 solum
1130 4246 1445 4323 loquimur
1481 4246 1556 4305 de
1589 4246 1812 4306 eflectu
1848 4264 2034 4324 quem

467 4340 569 4399 lex
598 4357 704 4416 per
739 4357 802 4399 se
828 4338 961 4417 ipsa
988 4337 1187 4397 facere
1211 4343 1433 4416 potest,
1465 4343 1525 4397 et
1548 4337 1717 4397 hunc
1745 4356 2035 4398 vocamus

468 4432 850 4512 proximum,
869 4436 938 4489 ut
954 4447 1120 4488 nunc
1138 4429 1535 4488 excludamus
1550 4430 1832 4489 effectum
1849 4448 2034 4508 quem

467 4526 568 4586 lex
599 4542 707 4602 per
743 4541 807 4583 se
838 4541 966 4582 non
993 4521 1163 4595 facit,
1203 4521 1418 4580 statuit
1456 4527 1665 4581 autem
1695 4527 1765 4580 ut
1789 4540 1897 4599 per
1923 4522 2034 4581 ho-

468 4618 704 4678 minem
750 4615 881 4689 fiat,
922 4619 995 4674 ut
1038 4619 1151 4686 est,
1182 4613 1355 4673 verbi
1397 4613 1619 4690 gratia,
1661 4614 1926 4691 puniti0,
1973 4620 2036 4674 et

467 4711 571 4771 hic
607 4709 728 4768 dici
774 4712 972 4786 potest
1023 4706 1275 4766 effectus
1315 4716 1588 4766 remotus
1638 4705 1814 4783 legia.
1859 4706 2033 4766 Alius

466 4823 613 4865 vero
646 4801 899 4862 effectus
932 4818 1060 4860 esse
1093 4805 1292 4878 potest
1327 4799 1525 4876 magis
1555 4805 1851 4873 remotuS,
1882 4800 2030 4877 quia

466 4898 609 4958 licet
648 4897 726 4955 sit
755 4895 1029 4954 intentus
1071 4912 1109 4952 a
1135 4893 1503 4972 legislatore,
1543 4891 1643 4952 lex
1680 4898 1891 4952 tamen
1919 4911 2033 4952 nec

466 4989 646 5049 illum
674 5006 783 5066 per
812 5005 875 5046 se
904 4985 1072 5061 facit,
1094 5004 1208 5045 nec
1231 4986 1309 5045 ad
1334 4985 1512 5044 illum
1542 4985 1774 5062 obligat
1801 4985 2033 5062 simpli-

468 5082 642 5154 citer,
672 5080 777 5139 sed
825 5079 902 5139 ad
948 5078 1181 5157 aliquid
1225 5078 1378 5156 ejus,
1410 5083 1481 5136 ut
1512 5083 1604 5137 est
1646 5076 1896 5136 moralis
1924 5077 2032 5136 bo-

466 5174 629 5234 nitas
670 5171 923 5244 subditi,
955 5170 1031 5231 de
1076 5190 1199 5249 quo
1236 5189 1492 5248 agemus
1539 5170 1606 5229 in
1651 5168 1893 5228 casibus
1938 5187 2030 5228 se-

466 5265 834 5347 quentibus3
884 5283 1051 5325 nunc
1097 5266 1172 5325 de
1217 5266 1419 5344 primo
1467 5269 1713 5324 tantum
1759 5263 2025 5338 agimus.

465 5362 637 5422 Alius
674 5359 979 5419 terminus
1025 5364 1115 5417 est
1160 5356 1567 5436 Adoequatus:
1617 5361 1817 5435 potest
1860 5355 2030 5414 enim

464 5454 588 5514 dici
614 5452 754 5512 talis
782 5450 1033 5510 effectus
1053 5449 1429 5527 adaequatus,
1455 5449 1555 5509 vel
1573 5450 1719 5528 quia
1746 5447 1919 5509 nulla
1938 5453 2030 5509 est

1462 352 1579 404 LIB.
1617 352 1653 403 1.
1693 352 1774 403 DE
1808 349 2062 401 NATURA
2095 349 2272 402 LEGIS
2304 349 2369 400 m
2402 350 2695 404 connum.

2110 450 2208 510 lex
2238 469 2375 527 quae
2413 470 2538 511 non
2567 452 2796 512 habeat
2823 448 3012 509 talem
3055 448 3374 524 effectum3
3405 448 3503 509 vel
3531 449 3683 527 quia
3742 473 3747 477 ·

2111 542 2212 602 ille
2241 542 2492 603 effectus
2510 563 2634 603 non
2656 549 2855 622 potest
2879 560 3007 602 8558
3036 542 3159 600 11151
3187 559 3225 600 8
3251 540 3387 618 lege
3400 557 3420 617 3
3448 541 3546 601 vel
3575 542 3683 602 de-

2112 635 2300 714 nique
2338 637 2484 714 quia
2519 637 2620 696 lex
2649 636 2893 696 nullum
2922 635 3115 694 alium
3150 634 3335 694 habet
3364 634 3675 695 effectum.

2113 732 2197 789 De
2243 730 2424 789 tertio
2474 730 2755 790 membro
2805 729 3083 788 dicemus
3128 728 3324 804 capite
3352 729 3634 804 sequenti
3655 744 3677 804 ;

2112 841 2279 881 nunc
2321 822 2443 881 duo
2489 824 2695 901 priora
2740 821 2853 881 sub
2892 822 2999 881 illa
3030 837 3177 881 voce
3213 820 3683 898 comprehendi-

2113 932 2275 988 mus,
2298 920 2359 974 et
2387 915 2799 993 supponimus·
2811 932 2940 974 esse
2960 930 3308 973 sermonem
3327 912 3402 972 de
3432 913 3684 991 propria

2113 1006 2272 1083 lege,
2304 1012 2366 1066 et
2400 1007 2476 1067 de
2506 1007 2752 1085 propria
2781 1006 3157 1083 obligatione
3196 1003 3439 1077 morali,
3481 1009 3551 1062 ut
3578 1022 3683 1063 ex-

2115 1098 2433 1158 cludamus
2464 1098 2667 1175 legem
2699 1096 3203 1175 metaphoricam,
3234 1113 3372 1172 quae
3409 1096 3572 1155 circa
3599 1097 3684 1154 ir-

2114 1191 2440 1251 rationalia
2489 1197 2550 1251 et
2594 1190 2976 1250 insensibilia
3023 1194 3328 1262 versatur,
3370 1206 3506 1265 quae
3556 1205 3685 1248 non

2117 1282 2579 1358 obligationem,
2603 1283 2711 1342 sed
2740 1283 3162 1354 necessitatem
3191 1279 3428 1338 inducit
3457 1298 3566 1357 per
3590 1281 3686 1339 in-

2118 1373 2538 1448 clinationem,
2592 1374 2689 1434 vel
2735 1374 3096 1432 instinctum
3140 1371 3511 1446 naturalem,
3546 1392 3685 1451 quae

2118 1467 2195 1525 ad
2223 1486 2488 1545 praesens
2511 1468 2670 1527 1111111
2702 1468 2909 1527 refert.
2935 1468 3018 1526 De
3036 1466 3172 1543 lege
3201 1470 3409 1525 autem
3434 1466 3687 1544 propria

2118 1565 2181 1618 et
2221 1571 2497 1638 respectu
2545 1561 2864 1620 rationalis
2904 1566 3221 1633 creaturae,
3269 1577 3409 1618 cum
3449 1565 3685 1620 constet

2119 1670 2244 1710 non
2285 1653 2576 1714 inducere
2619 1654 2791 1713 illam
2831 1654 3255 1713 necessitatem
3299 1651 3679 1730 simpliciter,

2120 1744 2377 1804 dubium
2407 1751 2499 1805 est
2526 1765 2606 1805 an
2643 1745 2899 1804 inducat
2926 1744 3251 1819 moralem,
3282 1761 3420 1821 quae
3451 1743 3689 1821 obliga-

2119 1837 2207 1897 tio
2239 1837 2487 1907 dicitur.

2198 1931 2257 1988 Ξ.
2303 1929 2562 1989 Videtur
2613 1946 2761 2006 crgo
2811 1928 3118 2007 imprimis
3171 1945 3300 1988 non
3345 1946 3521 2007 posse
3568 1929 3687 1991 hoc

2117 2020 2307 2079 tribui
2342 2021 2514 2080 omni
2542 2020 2689 2097 legi,
2729 2039 2806 2081 ex
2852 2021 2896 2080 l.
2959 2021 3192 2095 Virtus,
3237 2021 3302 2081 ff.
3336 2021 3412 2080 de
3439 2022 3683 2099 Lag-ih„

2120 2119 2180 2172 et
2208 2132 2260 2172 c.
2293 2112 2523 2187 Omnis,
2556 2113 2695 2173 dist.
2734 2115 2795 2187 3,
2824 2132 2965 2173 cum
2999 2113 3096 2173 his
3124 2132 3261 2191 quoe
3288 2114 3480 2174 tradit
3506 2115 3686 2176 divus

2119 2206 2407 2279 ThomaS,
2435 2225 2494 2283 q.
2527 2207 2630 2279 62,
2659 2220 2775 2266 art.
2809 2208 2869 2265 2.
2904 2207 3057 2265 Nam
3084 2206 3245 2265 inter
3276 2207 3442 2284 leges
3468 2227 3686 2270 nume-

2120 2303 2337 2357 rantur
2360 2298 2784 2376 permittentes
2809 2304 2870 2358 et
2889 2301 3253 2376 punientes;
3287 2305 3351 2358 at
3373 2318 3520 2360 vero
3548 2318 3686 2379 per-

2120 2390 2330 2449 missio
2357 2390 2688 2468 opponitur
2707 2391 3089 2468 obligationi,
3108 2391 3289 2467 juxta
3307 2391 3464 2452 illud
3483 2393 3682 2468 Pauli,

2123 2485 2152 2540 1
2189 2483 2266 2541 ad
2317 2482 2587 2542 Corinbt.
2616 2485 2650 2541 7
2676 2499 2692 2541 :
2725 2484 2860 2545 Hoc
2882 2483 3009 2543 dico
3042 2483 3354 2543 secundum
3375 2485 3688 2562 indulyen-

2123 2576 2295 2650 tiam,
2340 2594 2457 2635 non
2505 2576 2822 2636 secundum
2873 2575 3196 2652 imperium
3223 2601 3249 2647 ‚·
3286 2576 3413 2635 imo
3440 2578 3688 2654 proprie

2118 2666 2425 2745 loquendo
2471 2686 2544 2728 ea
2582 2668 2874 2727 dicuntur
2919 2667 3196 2744 permitti
3225 2686 3362 2745 quae
3405 2668 3688 2730 facienda

2116 2780 2244 2821 non
2283 2767 2465 2835 sunt3
2510 2762 2956 2839 permittuntur
2983 2761 3150 2820 enim
3182 2761 3386 2837 mala3
3414 2781 3563 2841 ergo
3585 2764 3687 2824 lex

2116 2854 2480 2933 permittens
2506 2872 2631 2913 non
2662 2853 2934 2929 obligat:
2970 2871 3095 2912 non
3142 2859 3234 2913 est
3274 2872 3422 2931 ergo
3451 2856 3684 2932 obliga-

2118 2948 2205 3006 tio
2234 2946 2485 3006 effectus
2515 2945 2671 3023 legis
2699 2946 2767 3004 in
2792 2946 3174 3006 universum.
3212 2947 3381 3008 Idem
3424 2947 3686 3008 dubium

2116 3039 2393 3099 nascitur
2413 3039 2647 3116 exlege
2675 3038 2928 3118 poenali,
2965 3037 3111 3117 quia
3129 3039 3203 3098 ad
3223 3057 3470 3118 poenam
3500 3059 3684 3102 nemo

2118 3132 2427 3209 obligatur
2468 3132 2718 3210 propria
2762 3130 3180 3208 obligatione:
3224 3134 3350 3193 imo
3379 3139 3547 3208 sunt,
3577 3134 3686 3212 qui

2119 3231 2409 3286 censeant
2458 3224 2696 3301 quoties
2745 3223 2841 3282 lex
2891 3223 3217 3300 specialem
3264 3225 3531 3303 imponit
3558 3244 3685 3305 poe-

2117 3337 2287 3392 nam,
2319 3335 2447 3377 non
2476 3319 2769 3377 inducere
2816 3316 3275 3394 obligationem.
3332 3319 3443 3379 Hic
3495 3321 3684 3380 etiam

2116 3413 2260 3472 addi
2290 3417 2485 3489 potest
2526 3411 2622 3471 lex
2664 3409 3045 3484 favorabiliS,
3089 3411 3289 3488 qualis
3329 3418 3419 3472 est
3441 3414 3686 3491 privile-

2117 3506 2313 3582 gium,
2344 3502 2510 3583 quod
2533 3505 2634 3564 lex
2666 3503 3010 3582 appellatur
3037 3504 3115 3562 ab
3143 3504 3372 3564 Isidoro
3399 3507 3466 3564 in
3495 3507 3680 3584 capit.

2119 3598 2548 3675 Privileqium,
2602 3596 2745 3655 dist.
2794 3599 2853 3668 1,
2890 3601 2952 3655 et
2993 3601 3202 3657 tamen
3236 3616 3362 3657 non
3406 3598 3680 3677 obligat:

2117 3708 2264 3749 nam
2312 3688 2738 3766 unusquisque
2785 3687 2984 3747 favori
3034 3707 3146 3748 suo
3187 3690 3552 3750 renunciare
3579 3710 3687 3769 po-

2116 3786 2256 3855 test,
2308 3798 2442 3858 cap.
2496 3780 2647 3842 Cum
2692 3782 2773 3840 ad
2816 3782 3266 3855 monasterium,
3303 3782 3381 3841 de
3410 3781 3680 3859 regular.

2119 3873 2389 3952 Denique
2419 3873 2742 3933 consilium
2771 3872 2961 3931 etiam
2993 3872 3158 3933 inter
3199 3872 3367 3952 leges
3395 3892 3684 3934 numera-

2116 3970 2256 4024 tur:
2292 3984 2437 4025 nam
2467 3966 2567 4025 lex
2597 3966 2835 4042 privata
2875 3970 3129 4024 vocatur
3155 4011 3176 4041 ,
3231 3967 3297 4025 in
3340 3985 3474 4045 cap.
3529 3968 3687 4031 Nisi

2117 4076 2248 4119 cum
2277 4059 2537 4135 pridem,
2582 4058 2658 4118 de
2693 4058 3078 4130 Renuntiat.,
3113 4064 3174 4118 et
3201 4077 3333 4136 cap.
3386 4059 3684 4123 Commis-

2116 4169 2272 4226 sum,
2308 4151 2384 4211 de
2407 4151 2715 4229 Sponsal.,
2747 4155 2810 4208 et
2834 4156 3043 4209 tamen
3071 4167 3197 4209 non
3226 4151 3480 4229 obligat.

2198 4246 2255 4304 3.
2304 4244 2534 4304 Deinde
2574 4260 2772 4321 neque
2820 4243 2887 4302 in
2930 4243 3198 4302 secundo
3230 4261 3411 4303 sensu
3439 4244 3686 4304 videtur

2116 4336 2411 4413 obligatio
2435 4336 2790 4413 adaequatus
2810 4335 3061 4394 effectus
3082 4335 3259 4412 legis,
3283 4337 3510 4411 Prim0,
3537 4337 3685 4414 quia

2117 4429 2303 4488 etiam
2334 4433 2637 4506 praecepta
2664 4427 2903 4504 privata
2946 4427 3244 4505 obligant,
3287 4430 3571 4506 quamvis
3597 4427 3682 4487 le-

2116 4540 2223 4600 ges
2248 4540 2374 4580 non
2403 4522 2549 4581 sint.
2583 4522 2714 4579 Imo
2743 4538 2868 4579 non
2912 4526 3153 4580 tantum
3203 4528 3502 4601 praecepta
3543 4540 3682 4599 quae

2116 4635 2192 4675 ex
2213 4614 2640 4692 jurisdictione
2670 4614 3035 4692 procedunt,
3072 4615 3176 4675 sed
3211 4618 3396 4675 etiam
3425 4617 3557 4676 sine
3576 4617 3680 4693 ju-

2112 4707 2467 4767 risdictione
2496 4706 2771 4784 obligare
2799 4706 3019 4780 solent,
3055 4713 3125 4765 ut
3156 4714 3531 4785 praeceptum
3575 4724 3683 4784 pa-

2112 4800 2304 4859 rentis
2331 4799 2407 4858 ad
2442 4798 2663 4872 filium,
2696 4798 2934 4858 domini
2962 4799 3039 4858 ad
3078 4816 3303 4872 servos,
3353 4805 3413 4858 et
3436 4799 3682 4858 Praelati

2113 4892 2431 4969 religionis
2459 4891 2537 4950 ad
2567 4890 2864 4964 subditoS,
2915 4891 3158 4951 etiamsi
3184 4891 3680 4968 jurisdictionem

2112 5001 2239 5044 non
2269 4983 2516 5056 habeat,
2546 4989 2616 5042 ut
2645 4983 2796 5042 olim
2829 4988 2959 5042 erat
2983 4984 3049 5042 in
3077 5002 3194 5043 usu
3236 4984 3423 5043 etiam
3452 4984 3519 5043 in
3547 5002 3681 5044 mo-

2113 5076 2396 5136 nasteriis
2420 5075 2732 5149 virorum,
2760 5083 2820 5134 et
2865 5092 3035 5135 nunc
3076 5076 3142 5135 in
3178 5076 3549 5137 monialibus
3586 5095 3683 5137 re-

2113 5170 2369 5246 peritur.
2400 5168 2551 5226 Item
2574 5167 2871 5243 obligatio
2899 5186 3057 5245 saepe
3085 5168 3282 5227 oritur
3324 5187 3400 5228 ex
3431 5169 3682 5247 propria

2110 5260 2451 5331 voluntate,
2474 5264 2543 5317 ut
2566 5259 2632 5317 in
2656 5265 2820 5333 vot0,
2849 5260 3272 5338 promissione.
3305 5265 3368 5320 et
3381 5277 3680 5339 quocum-

2111 5372 2231 5431 que
2277 5356 2638 5412 contractu:
2690 5370 2816 5410 non
2863 5357 2955 5411 est
2986 5370 3136 5429 ergo
3181 5352 3476 5431 obligatio
3515 5354 3678 5413 adae-

2110 5451 2333 5525 quatus
2353 5443 2602 5506 effectus
2626 5443 2779 5521 legis
2806 5446 2872 5505 in
2901 5444 3009 5504 illo
3037 5463 3240 5505 sensu.
