3976 6219
465 402 591 463 270

466 505 945 586 rempublicam.
974 502 1079 564 sed
1105 508 1197 564 est
1217 501 1458 563 inclusa
1474 501 1542 560 in
1564 499 1673 559 illa
1688 515 1766 558 ex
1796 496 1925 575 ipsa
1943 493 2040 554 rei

467 615 693 661 natura
725 616 741 660 z
778 596 890 657 sed
918 614 996 657 ex
1017 595 1133 657 hac
1165 600 1488 676 potestate,
1520 599 1584 654 et
1608 596 1752 652 actu
1774 590 1908 667 ejus
1947 605 2041 648 se-

468 693 682 773 quitur
715 690 1070 763 intrinsece,
1102 694 1165 748 et
1200 707 1277 749 ex
1302 693 1525 748 natura
1554 685 1666 760 rei,
1699 688 1771 743 ut
1802 683 1880 741 sit
1902 698 2039 759 pec-

469 791 677 847 catum
704 782 963 846 mortale
998 779 1347 886 transgredi
1381 779 1571 841 talem
1600 776 1851 854 legem.
1885 790 2035 852 ergo

470 878 658 941 etiam
685 881 953 981 potestas
1002 875 1091 936 sic
1131 871 1530 954 praecipiendi
1560 875 1650 932 est
1675 868 1915 930 inclusa
1954 884 2032 928 ex

468 976 699 1033 natura
723 969 817 1031 rei
854 969 923 1029 in
944 966 1056 1029 tali
1084 971 1406 1072 potestate,
1436 970 1499 1026 et
1540 981 1666 1026 non
1702 967 1795 1024 est
1824 959 2035 1022 addita

468 1083 581 1144 per
603 1062 937 1143 spec1alem
962 1061 1442 1122 concessionem.
1468 1058 1671 1120 Minor
1691 1054 2038 1117 declaratur

470 1162 718 1237 (caetera
749 1156 919 1218 enim
960 1154 1128 1216 clara
1154 1155 1318 1230 sunt)
1362 1153 1430 1213 in
1467 1150 1728 1212 materia
1751 1147 2034 1228 justitiis,

471 1250 719 1332 quando
762 1249 865 1310 lex
890 1253 1064 1308 taxat
1099 1247 1370 1327 pretium
1408 1245 1501 1306 rei
1529 1262 1545 1305 ε
1592 1260 1741 1304 nam
1786 1259 1861 1303 eo
1903 1242 2039 1320 ipso

472 1345 626 1406 illud
661 1349 752 1404 est
777 1342 1056 1404 medium
1075 1340 1353 1420 justitiae,
1397 1344 1461 1399 et
1504 1335 1907 1415 transgressio
1947 1340 2041 1395 est

474 1437 804 1517 injustitia,
831 1453 968 1515 quae
994 1452 1072 1495 ex
1103 1451 1329 1512 genere
1369 1450 1481 1493 suo
1515 1436 1840 1511 peccatum
1865 1446 2038 1492 mor-

473 1530 597 1592 tale
640 1534 755 1604 est,
796 1534 860 1589 et
901 1531 1348 1605 consequenter
1370 1525 1562 1586 etiam
1603 1522 1852 1585 violatio
1893 1520 2038 1584 talis

474 1623 628 1702 legis
669 1627 763 1683 est
803 1640 879 1683 ex
911 1639 1022 1682 suo
1050 1637 1275 1699 genere
1302 1623 1619 1697 peecatum
1648 1615 1931 1691 mortale,
1975 1620 2038 1676 et

475 1716 643 1777 idem
670 1720 766 1776 est
808 1731 953 1780 cum
1000 1711 1393 1792 proportione
1419 1711 1486 1771 in
1528 1709 1800 1789 reliquis.
1830 1708 2038 1769 Tertio

472 1808 790 1889 probatur,
796 1808 943 1886 quia
959 1805 1408 1867 hmcconeessio
1425 1821 1553 1864 non
1580 1809 1672 1864 est
1696 1801 2041 1882 specialiter

473 1902 622 1963 data
641 1921 680 1963 a
702 1901 964 1977 Christo,
990 1900 1145 1964 alias
1184 1905 1343 1961 esset
1362 1898 1610 1977 pmpia
1638 1898 1793 1975 legis
1833 1914 2033 1966 novoe,

474 1995 642 2074 qnod
660 2000 752 2055 est
770 1993 1061 2055 frivolum
1084 1999 1148 2053 et
1155 1993 1289 2054 sine
1304 1991 1710 2052 fundamento
1713 2035 1733 2066 ,
1745 1995 1809 2051 et
1826 1994 2039 2069 aperte

473 2094 782 2167 repugnat
810 2086 997 2147 Paulo
1025 2087 1203 2147 Rom.
1233 2086 1311 2147 13
1333 2084 1563 2145 dicenti
1591 2085 1783 2146 omnis
1802 2083 2034 2158 anime,

475 2187 621 2256 etc„
662 2186 725 2242 et
751 2179 943 2240 tradit
967 2178 1341 2257 {generalem
1385 2177 1733 2238 doctrinam
1758 2192 2038 2236 commu-

474 2291 621 2335 nem
646 2274 835 2335 etiam
863 2272 1146 2348 ethnicis,
1190 2277 1263 2333 ut
1297 2272 1364 2331 in
1392 2269 1811 2350 superioribus
1837 2269 2041 2328 visum

477 2373 592 2442 est,
617 2372 682 2427 et
705 2371 946 2428 constat
965 2370 1176 2445 aperte
1199 2380 1276 2425 ex
1301 2363 1642 2424 simililoco
1667 2361 1850 2436 Petri,
1877 2364 1905 2420 1
1932 2360 2042 2420 Ca·

475 2479 652 2536 non.,
680 2479 816 2539 eap.
852 2463 914 2533 1,
936 2463 1002 2519 et
1024 2457 1299 2537 sapient.
1326 2458 1388 2532 6,
1414 2455 1643 2518 Audite
1672 2473 1862 2535 reyes,
1890 2459 2036 2528 etc„

476 2554 760 2633 panim
804 2554 951 2614 data
996 2557 1084 2612 est
1132 2569 1175 2612 a
1214 2549 1474 2611 Domino
1519 2554 1787 2626 potestas
1848 2547 2038 2608 vobis.

477 2644 651 2718 Quod
693 2662 839 2705 vero
884 2644 994 2705 illa
1034 2647 1325 2722 potestas,
1371 2658 1511 2719 qun
1560 2640 1906 2701 communis
1950 2644 2042 2698 est

482 2737 771 2810 ethnicis,
792 2753 922 2796 non
937 2736 1019 2795 sit
1036 2753 1115 2796 ex
1140 2733 1387 2813 speciali
1412 2733 1802 2793 concessione
1826 2731 2061 2801 addita,

479 2833 741 2902 naturae,
784 2828 851 2888 in
890 2826 1311 2906 superioribus
1337 2830 1652 2885 ostensum
1679 2830 1792 2899 est,
1835 2829 1896 2885 et
1927 2841 2040 2902 per

478 2938 543 2981 se
565 2925 659 2980 est
678 2920 955 2995 evidenS,
985 2925 1121 2980 tum
1149 2918 1295 2997 quia
1318 2918 1386 2978 in
1419 2917 1735 2996 Scriptura
1761 2915 1934 2977 nulla
1958 2916 2040 2976 sit

476 3013 714 3074 mentio
741 3012 883 3073 talis
902 3010 1331 3087 concessionis,
1363 3010 1470 3072 sed
1497 3009 1588 3070 illi
1610 3009 1898 3090 potestati
1928 3026 2040 3069 na·

476 3106 662 3168 tiu-ali
696 3105 995 3173 tribuitur
1020 3111 1196 3168 tanta
1219 3105 1314 3166 vis
1332 3104 1705 3185 imperandi,
1731 3108 1804 3163 ut
1837 3103 1947 3183 qui
1978 3102 2040 3164 ei

473 3201 765 3261 resistunt
787 3200 906 3261 sibi
932 3200 1394 3261 damnationem
1411 3198 1755 3278 acquirant,
1772 3198 2036 3258 Roman.

476 3296 576 3371 133
594 3300 733 3355 tum
754 3293 1101 3374 etiamquia
1125 3292 1268 3354 talis
1298 3298 1564 3372 potestas
1581 3293 1838 3352 inventa
1859 3296 1951 3351 est
1972 3290 2041 3350 in

474 3387 771 3466 legitimis
784 3386 1037 3465 regibus
1062 3384 1439 3460 infidelibuS,
1457 3385 1695 3446 nullam
1716 3382 2041 3445 revelatio-

474 3497 622 3540 nem
648 3478 747 3539 vel
777 3476 1310 3557 supernaturalem
1334 3477 1620 3538 notitiam
1637 3474 2033 3537 habentibus·

477 3576 569 3631 est
597 3588 746 3647 ergo
766 3570 1102 3630 intrinseca
1126 3569 1412 3648 potestati
1430 3568 1722 3644 naturali,
1745 3574 1807 3629 et
1823 3568 2033 3630 divina

479 3662 708 3725 dicitnr
727 3679 840 3740 per
862 3660 1123 3722 modum
1148 3661 1300 3722 doni
1313 3660 1752 3737 connaturalis,
1775 3679 1903 3757 non
1924 3678 2038 3742 per

477 3755 735 3816 modum
758 3754 1040 3834 specialis
1058 3754 1486 3816 eemessionis.

553 3849 616 3909 t.
676 3847 902 3908 Contra
949 3846 1113 3909 hanc
1157 3854 1362 3909 autem
1416 3849 1744 3917 veritatem
1792 3850 2040 3911 videtur

475 3940 733 4002 sensisse
760 3940 1008 4002 Medina
1027 3946 1205 4001 tract.
1231 3940 1309 4005 de
1335 3941 1603 4020 Jejunio,
1629 3961 1762 4023 cap.
1796 3945 1857 4020 7,
1888 3961 2036 4006 sen-

475 4035 552 4094 tit
594 4033 764 4095 enim
801 4033 1105 4095 seculares
1130 4034 1436 4114 principos
1472 4034 1700 4098 habere
1734 4035 1897 4097 hane
1926 4054 2037 4117 po-

476 4131 760 4189 testatem
797 4144 876 4187 ex
915 4126 1164 4207 speciali
1194 4127 1302 4188 Dei
1337 4129 1754 4190 concessionez
1798 4130 2037 4193 ratione

477 4220 654 4299 cujus
680 4219 828 4282 dicit
849 4237 954 4281 eos
974 4220 1068 4280 uti
1086 4222 1451 4289 anctoritate
1474 4222 1606 4297 Dei,
1635 4222 1884 4302 quando
1918 4223 2038 4287 im-

475 4320 701 4395 perant
730 4314 846 4379 sub
890 4320 1069 4376 reatu
1112 4332 1312 4394 poenae
1356 4314 1622 4378 aeterum.
1681 4319 1758 4378 Et
1799 4317 1869 4378 in
1919 4317 2038 4379 hoc

474 4409 815 4487 aequiparat
823 4408 1130 4488 principes
1140 4408 1442 4473 seculares
1455 4407 1723 4489 proelatis
1729 4411 2031 4488 Ecclesioe,

476 4502 585 4580 qui
612 4507 977 4580 potestatem
1017 4520 1194 4562 suam
1232 4501 1466 4563 habent
1495 4519 1574 4563 ex
1617 4502 1863 4582 speciali
1889 4520 2035 4565 con-

476 4594 744 4655 cessione
762 4594 1008 4656 Christi.
1030 4595 1378 4673 Nititurque
1405 4595 1473 4654 in
1493 4594 1601 4655 illo
1627 4595 2035 4663 fundamento

474 4685 782 4763 Gersonis,
824 4687 993 4766 quod
1031 4704 1215 4749 nemo
1251 4694 1452 4767 potest
1480 4688 1596 4750 sub
1633 4696 1808 4751 reatu
1837 4708 2036 4770 poenoe

475 4785 721 4841 aeternae
750 4781 1075 4859 imperare,
1101 4781 1220 4841 nisi
1243 4781 1354 4861 qui
1372 4781 1543 4845 illam
1565 4801 1815 4863 poenam
1836 4789 2038 4864 potest

473 4873 782 4952 infligere,
813 4878 877 4934 et
902 4873 1043 4935 ideo
1077 4873 1242 4937 solus
1268 4875 1426 4934 Deus
1460 4874 1528 4935 id
1552 4882 1772 4955 potest,
1800 4876 1902 4938 vel
1927 4878 2038 4956 qui

474 4966 555 5027 ab
571 4968 680 5029 illo
702 4966 892 5029 habet
905 4967 1093 5029 talem
1112 4972 1477 5047 potestatem
1502 4969 1847 5049 specialiter
1868 4988 2035 5031 com-

475 5060 746 5123 missam.
780 5060 1053 5128 Almain.
1077 5078 1224 5122 vero
1251 5060 1312 5122 d.
1348 5078 1480 5141 cap.
1511 5064 1587 5127 12
1614 5061 1856 5137 Moral„
1885 5062 2033 5127 licet

476 5153 541 5214 in
577 5156 908 5236 principali
945 5156 1283 5218 assertione
1330 5155 1652 5219 dissentiat
1690 5175 1729 5217 a
1759 5157 2030 5234 Medina,

474 5251 687 5312 tamen
718 5250 787 5310 in
824 5249 943 5310 hoc
970 5249 1375 5313 fundamento
1400 5252 1727 5313 convenire
1762 5251 2030 5313 videtur.

477 5340 659 5401 Putat
677 5342 848 5401 enim
875 5343 953 5402 ad
982 5344 1463 5424 praecipiendum
1491 5345 1605 5405 sub
1626 5351 1802 5406 reatu
1836 5364 2035 5425 poenoe

476 5440 725 5501 &tornae
751 5436 1155 5497 necessariam
1184 5454 1317 5499 esse
1345 5438 1773 5499 auctoritatem
1808 5440 2039 5519 specia-

476 5525 621 5593 liter
649 5531 1237 5605 aDeeceneessam,
1266 5530 2038 5611 etquiapntathancesse

1479 400 1597 452 Lm.
1634 398 1720 451 111.
1754 395 1837 448 DE
1867 390 2031 446 LEGE
2062 390 2323 446 numm
2353 395 2434 447 ΕΤ
2465 394 2669 448 clvlu.

2116 494 2325 555 datam
2374 495 2598 556 Christi
2639 494 2908 569 vicario,
2969 511 3099 555 non
3154 500 3363 556 autem
3414 494 3701 576 principi

2117 587 2466 666 temporali,
2483 588 2623 649 ideo
2643 594 2830 666 negat
2847 588 3014 666 leges
3033 588 3242 649 civiles
3268 588 3557 667 obligare
3577 588 3703 648 sub

2117 681 2389 756 mortali,
2416 681 2561 742 licet
2585 681 2662 742 de
2694 680 3121 742 ecclesiasticis
3146 683 3212 742 id
3240 682 3566 743 concedat.

2197 775 2256 835 5.
2303 774 2422 835 Sed
2463 774 2736 853 profecto
2780 774 2949 836 idem
2991 780 3085 836 est
3112 793 3259 836 cum
3285 774 3702 855 proportione

2116 865 2193 927 de
2211 871 2474 945 utroque
2494 867 2796 946 superiori
2815 866 3078 928 seculari
3096 872 3159 927 et
3181 868 3600 929 ecclesiastico
3629 868 3699 929 in

2118 957 2236 1019 hac
2258 965 2432 1038 parte
2455 960 2871 1021 sentiendum.
2904 961 3061 1021 Nam
3089 959 3235 1022 licet
3261 962 3326 1021 in
3351 959 3471 1021 hoc
3504 959 3700 1022 diffe-

2118 1058 2281 1127 rant,
2306 1052 2472 1132 quod
2499 1058 2767 1132 potestas
2789 1052 3178 1131 gubernandi
3207 1054 3385 1116 aliter
3421 1055 3575 1116 data
3604 1061 3700 1116 est

2120 1145 2365 1208 Vicario
2416 1145 2664 1222 Christi,
2719 1164 2911 1225 quam
2954 1146 3334 1226 imperatori,
3378 1147 3472 1208 illi
3515 1149 3696 1209 enim

2124 1236 2274 1299 data
2293 1244 2388 1299 est
2412 1256 2524 1319 per
2552 1239 2881 1318 specialem
2909 1240 3365 1302 concessionem
3391 1260 3699 1321 superna-

2120 1330 2410 1406 turalem,
2461 1331 2608 1398 huie
2641 1350 2753 1411 per
2800 1332 3163 1396 electimiem
3203 1333 3561 1409 hominum,
3593 1335 3694 1396 vel

2118 1422 2313 1484 alium
2340 1423 2596 1492 modum
2631 1423 3058 1488 dimetientem
3077 1444 3115 1487 a
3141 1426 3288 1501 Deo,
3317 1434 3389 1488 ut
3431 1435 3692 1488 auctore

2120 1521 2359 1578 naturae
2382 1534 2457 1578 ex
2481 1518 2544 1579 vi
2563 1517 2862 1580 naturalis
2879 1517 3136 1580 luminis
3148 1519 3406 1579 rationis
3415 1535 3437 1597 3
3454 1520 3692 1581 nihilo-

2121 1609 2330 1674 minus
2352 1611 2420 1675 in
2447 1611 2563 1674 hoc
2593 1612 2991 1687 conveniunt,
3012 1612 3178 1692 quod
3196 1612 3402 1673 neutri
3426 1612 3579 1674 data
3600 1621 3693 1675 est

2123 1703 2451 1782 peculiaris
2494 1710 2761 1784 potestas
2798 1705 3146 1785 imperandi
3176 1705 3244 1766 in
3279 1724 3391 1767 sua
3427 1710 3694 1769 materia

2121 1802 2183 1859 et
2209 1797 2344 1859 foro
2372 1798 2486 1859 sub
2512 1803 2689 1860 reatu
2720 1816 2918 1878 poenae
2945 1803 3191 1860 mternoe
3214 1817 3325 1878 pu·
3354 1801 3686 1879 specialem

2123 1891 2601 1968 concessionem,
2647 1891 2754 1954 sed
2784 1891 2984 1952 solum
3010 1897 3319 1971 quatenus
3344 1911 3421 1953 ex
3461 1900 3685 1955 namra

2124 1984 2216 2045 rei
2240 1983 2584 2046 includitur
2611 1985 2678 2045 in
2700 1989 2999 2064 potestate
3026 1983 3417 2064 gubernandi
3442 1986 3686 2046 unicui-

2122 2095 2244 2156 que
2277 2095 2582 2139 concessa.
2638 2079 2795 2138 Nam
2831 2079 3045 2138 Petrus
3076 2095 3206 2138 non
3252 2076 3475 2138 habuit
3520 2078 3684 2139 hane

2123 2176 2487 2250 potestatem
2510 2172 2599 2248 (ut
2618 2170 2782 2233 infra
2800 2170 3172 2248 videbimus)
3194 2171 3317 2232 nisi
3336 2190 3414 2232 ex
3434 2172 3497 2233 vi
3515 2172 3683 2232 illius

2121 2265 2525 2332 concessionis
2557 2265 2749 2327 Pasce
2782 2282 2913 2327 oves
2938 2283 3121 2339 meas,
3152 2269 3216 2325 et
3242 2264 3430 2325 aliam
3455 2265 3684 2345 specia-

2120 2355 2339 2418 liorem
2365 2356 2601 2436 fingere
2627 2374 2863 2418 vanum
2886 2362 2978 2418 est
3009 2363 3072 2418 et
3096 2358 3231 2419 sine
3250 2357 3676 2420 fundamento.

2124 2450 2292 2512 Idem
2336 2468 2484 2530 ergo
2529 2469 2671 2512 cum
2712 2450 3105 2531 proportione
3133 2456 3224 2511 est
3255 2451 3332 2512 de
3357 2469 3527 2530 rege,
3575 2470 3681 2513 seu

2121 2541 2515 2621 imperatore,
2564 2543 2712 2622 quia
2756 2543 2824 2603 in
2869 2543 3198 2605 latitudine
3240 2562 3367 2605 suae
3409 2545 3683 2605 materiae

2125 2643 2394 2717 potestas
2430 2638 2563 2716 ejus
2592 2637 2858 2698 includit
2883 2637 3047 2698 hanc
3076 2637 3204 2698 vim
3243 2644 3306 2700 et
3343 2637 3680 2702 efficaciam

2122 2730 2492 2810 imperandi,
2519 2736 2590 2790 ut
2616 2730 2997 2792 declaratum
3021 2736 3129 2791 est.

2202 2827 2262 2886 6.
2289 2826 2499 2903 Neque
2531 2825 2789 2892 fortasse
2816 2826 3063 2887 Medina
3083 2824 3247 2886 aliud
3273 2824 3485 2888 sensit:
3507 2843 3677 2888 nun-

2123 2935 2312 2997 quam
2341 2918 2511 2979 enim
2551 2918 2711 2979 dixit
2735 2918 2897 2980 hanc
2922 2937 3054 2981 esse
3080 2917 3400 2998 specialem
3429 2935 3672 2979 conces·

2122 3011 2382 3086 sionem,
2424 3011 2531 3072 sed
2573 3011 2772 3074 solum
2811 3011 3012 3076 voluit
3053 3011 3360 3092 explicare
3401 3028 3528 3071 non
3563 3028 3676 3090 po·

2120 3105 2307 3167 tuisse
2320 3123 2778 3186 quamcumque
2799 3125 2878 3168 ex
2894 3104 3415 3187 his-potestatibus
3431 3103 3680 3166 extendi

2118 3198 2197 3260 ad
2238 3199 2640 3278 obligandum
2667 3199 2782 3261 sub
2821 3205 2998 3263 reatu
3024 3218 3225 3280 poenae
3251 3205 3518 3275 aeternae,
3562 3198 3682 3259 nisi

2121 3298 2279 3353 esset
2306 3299 2570 3371 utraque
2606 3292 2814 3372 aliquo
2842 3293 3028 3353 modo
3051 3293 3285 3368 divina,
3319 3298 3519 3371 et‘per
3542 3307 3681 3351 eam

2119 3390 2479 3464 operaretur
2520 3384 2734 3462 homo,
2778 3404 2851 3446 ac
2891 3386 3249 3466 pmciperet
3293 3390 3365 3447 ut
3400 3384 3682 3444 minister

2119 3477 2247 3538 Dei.
2293 3478 2466 3550 Quod
2507 3483 2597 3539 est
2624 3478 3039 3554 verissimum,
3068 3484 3205 3540 tum
3238 3479 3387 3558 quia
3427 3477 3492 3538 id
3534 3475 3681 3541 satis

2119 3570 2418 3632 indicavit
2443 3571 2667 3632 Paulus
2708 3571 2842 3633 loco
2869 3572 3079 3647 citam,
3125 3578 3263 3633 tum
3305 3571 3495 3635 etiam
3531 3569 3682 3650 quia

2118 3661 2270 3722 alias
2296 3665 2699 3742 uansgresdo
2720 3664 2862 3725 talis
2882 3664 3037 3743 legis
3062 3682 3190 3726 non
3216 3663 3592 3729 redundaret
3611 3661 3681 3722 in

2120 3754 2230 3816 Dei
2258 3754 2685 3834 offensionem,
2729 3763 2794 3819 et
2835 3763 3278 3838 consequenter
3305 3775 3434 3819 non
3479 3771 3681 3816 mere-

2116 3856 2289 3912 retur
2309 3855 2605 3913 oeternam
2636 3870 2908 3933 poenam.
2927 3852 3196 3915 Almain.
3223 3857 3431 3913 autem
3459 3849 3679 3910 imme-

2118 3944 2241 4005 rito
2280 3945 2597 4006 constituit
2618 3946 2686 4006 in
2711 3945 2830 4007 hoc
2849 3944 3263 4008 differentiam
3292 3944 3454 4006 inter
3478 3949 3680 4023 potes-

2117 4044 2311 4100 tatem
2350 4039 2570 4101 laicam
2598 4045 2662 4101 et
2688 4040 3197 4102 ecclesiasticam:
3241 4055 3412 4113 nam,
3438 4036 3584 4098 licet
3608 4036 3677 4096 in

2118 4132 2330 4194 multis
2355 4132 2494 4194 aliis
2528 4131 2843 4209 differant,
2879 4134 2948 4194 in
2982 4131 3103 4194 hoc
3138 4136 3388 4195 servant
3421 4147 3680 4210 propor-

2116 4225 2376 4302 tionem,
2393 4244 2520 4288 non
2543 4225 2933 4306 aequalitatis,
2957 4224 3065 4286 sed
3081 4224 3403 4303 cujusdam
3421 4240 3677 4303 propor-

2117 4319 2503 4395 tionalitatis,
2533 4324 2605 4380 ut
2627 4320 2776 4382 satis
2800 4318 3178 4399 explicatum
3199 4323 3312 4380 est.

2199 4414 2258 4474 7.
2306 4411 2649 4476 Secundum
2684 4413 3089 4475 corollarium.
3127 4443 3212 4459 —
3257 4408 3560 4484 Secundo,
3596 4426 3675 4470 ex

2119 4505 2301 4567 dictis
2342 4504 2605 4566 infertur
2629 4523 2757 4566 non
2791 4505 2990 4566 solum
3027 4521 3202 4585 posse
3241 4503 3481 4583 peccari
3512 4519 3680 4562 mor-

2118 4597 2327 4659 taliter
2367 4603 2581 4658 contra
2606 4597 2809 4676 legem
2837 4596 3107 4673 civilem,
3137 4596 3386 4677 quando
3423 4613 3500 4657 ex
3529 4614 3676 4656 con-

2117 4696 2360 4771 temptu
2389 4690 2636 4751 formali
2664 4709 2794 4753 non
2833 4696 3147 4768 servatur3
3177 4690 3284 4752 sed
3315 4693 3502 4750 etiam
3526 4706 3677 4769 quo-

2116 4784 2232 4846 ties
2253 4801 2395 4845 cum
2414 4783 2741 4845 sufficienti
2762 4784 3117 4863 cognitione
3139 4802 3213 4844 ac
3236 4781 3675 4844 deliberatione

2116 4877 2405 4953 violatur,
2455 4878 2583 4939 sive
2621 4877 2686 4938 id
2719 4877 2830 4939 flat
2860 4896 2937 4940 ex
2977 4877 3382 4956 negligentia,
3430 4875 3557 4937 sive
3597 4893 3675 4937 ex

2117 4987 2506 5051 quocumque
2528 4969 2650 5032 alio
2668 4989 2859 5051 pravo
2887 4971 3132 5034 affectu.
3150 4971 3278 5031 Hoc
3295 4969 3676 5030 advertimus

2116 5071 2329 5126 contra
2360 5064 2598 5145 aliquos
2624 5064 2733 5145 qui
2760 5066 2950 5127 etiam
2971 5065 3048 5127 de
3080 5063 3502 5127 ecclesiasticis
3521 5062 3676 5140 legi·

2114 5155 2232 5219 bus
2260 5158 2574 5233 dixerunt,
2601 5176 2727 5220 non
2754 5159 2994 5239 peccari
3022 5164 3240 5219 contra
3269 5175 3372 5217 eas
3401 5154 3672 5216 mortali-

2117 5258 2233 5327 ter,
2265 5252 2386 5312 nisi
2412 5250 2754 5312 formaliter
2790 5256 3291 5325 contemnantur,
3333 5249 3443 5328 qui
3473 5266 3512 5308 a
3550 5248 3676 5308 sor-

2116 5345 2261 5407 tiori
2286 5346 2451 5407 idem
2489 5351 2690 5406 essent
2721 5344 2945 5407 dicturi
2987 5347 3062 5407 de
3096 5342 3340 5423 legibus
3366 5340 3664 5404 civilibus.

2115 5439 2238 5499 Sed
2271 5443 2486 5500 contra
2514 5436 2651 5499 illos
2674 5456 2751 5498 ex
2788 5439 3060 5517 professo
3086 5435 3486 5497 tractabimus
3511 5433 3673 5494 libro

2113 5549 2243 5615 seq.
2259 5533 2435 5596 Nunc
2445 5530 2747 5614 probatur
2766 5530 2986 5611 illatio,
2997 5532 3145 5613 quia
3163 5530 3297 5593 sine
3316 5532 3675 5609 contemptu
