3976 6219
789 389 926 441 cAP.
960 390 1089 443 xm.
1125 388 1341 442 mmm
1371 387 1495 439 mx
1528 385 1835 440 ememus
1866 383 2081 438 Possm·
2112 382 2643 447 concommssn,
2676 384 2812 436 ETC.

206 489 462 573 quando
498 506 685 571 poena
711 495 858 569 apta
897 495 990 551 est
1031 496 1103 551 ut
1131 489 1248 551 hoc
1287 488 1473 551 modo
1499 488 1779 569 impona-

203 590 337 661 tur,
364 590 427 646 et
457 583 640 662 culpa
670 587 763 643 est
788 581 896 643 illa
921 581 1130 662 digna.
1161 582 1438 661 Denique
1464 581 1541 643 de
1567 598 1780 641 censu·

203 678 298 738 ris
322 678 439 737 hoc
476 675 719 737 ostendi
743 676 812 736 in
849 677 889 736 δ
928 680 1109 751 1616.,
1140 674 1299 753 disp.
1329 675 1393 749 4,
1423 679 1570 735 sect.
1601 676 1661 734 2.
1695 674 1778 733 De

206 768 412 849 poenis
454 786 601 829 vero
633 767 939 847 impositis
989 785 1115 829 non
1160 765 1585 842 recitantibus,
1636 783 1779 826 cum

205 865 542 924 teneantur
584 878 663 921 ex
691 859 1067 939 obligatione
1107 858 1414 934 beneficii,
1447 857 1614 920 idem
1650 856 1780 918 dixi

207 954 375 1015 dicto
404 952 565 1014 libro
592 955 654 1028 4,
685 953 764 1014 de
791 953 970 1014 Horis
1000 953 1259 1025 Canon„
1285 970 1420 1031 cap.
1452 953 1551 1013 26.

296 1048 395 1108 14.
442 1046 723 1110 Secunda
755 1045 1068 1109 conclusio.
1088 1043 1274 1106 —Au
1318 1044 1550 1124 requiri
1584 1043 1781 1124 possit

211 1145 387 1201 actus
435 1139 693 1200 interior
731 1138 814 1199 ad
849 1138 1210 1200 honestatem
1249 1142 1420 1200 actm
1464 1138 1782 1201 eoetm‘ioris

211 1230 576 1309 simpliciter
605 1228 697 1293 vel
725 1231 807 1292 ad
827 1230 1045 1292 melius
1076 1230 1451 1293 ossa—Dico
1476 1230 1774 1292 secundo:

213 1322 463 1403 quando
493 1332 667 1384 actus
705 1322 990 1385 internus
1020 1322 1192 1383 nullo
1225 1324 1409 1384 modo
1444 1329 1536 1386 est
1571 1341 1780 1386 neces-

216 1416 413 1477 sarius
440 1416 521 1477 ad
548 1433 679 1477 esse
711 1414 1039 1495 physicum
1065 1415 1167 1477 vel
1195 1415 1429 1477 morale
1465 1417 1783 1479 exterioris

216 1515 410 1584 actus,
442 1508 552 1569 sed
587 1508 787 1569 solum
829 1508 1126 1587 conjungi
1149 1513 1351 1587 potest
1378 1527 1453 1570 ex
1482 1509 1781 1571 vlibertate

215 1601 550 1681 operantis,
591 1605 743 1661 tunc
786 1618 913 1661 non
958 1601 1124 1662 cadit
1165 1600 1279 1661 sub
1310 1600 1782 1663 ecclesiasticam

218 1692 446 1770 legem,
472 1710 585 1753 nec
610 1691 771 1753 forte
798 1694 1014 1755 cadere
1055 1698 1255 1772 potest
1289 1693 1404 1754 sub
1430 1693 1781 1755 humanum

217 1790 616 1864 praeceptum,
637 1784 856 1846 saltem
875 1785 1244 1864 regulariter
1259 1785 1590 1866 loquendo.
1608 1787 1783 1848 Prior

217 1895 384 1955 pars,
408 1896 544 1956 qum
565 1877 840 1959 loquitur
858 1878 934 1939 de
953 1878 1138 1953 facto,
1163 1879 1408 1939 videtur
1426 1879 1615 1954 clara,
1636 1880 1784 1960 quia

219 1971 313 2046 (61
349 1970 655 2048 existimo)
687 1970 930 2032 nullum
960 1970 1278 2051 probabile
1308 1973 1660 2051 exemplum
1691 1972 1783 2034 af·-

213 2060 369 2121 ferri
420 2068 619 2142 potest
663 2063 947 2124 indicans
991 2063 1258 2125 similem
1311 2065 1783 2126 ecclesiasticam

213 2151 444 2230 legem,
466 2160 536 2214 ut
558 2155 791 2234 patebit
813 2156 1242 2235 respondendo
1263 2156 1502 2235 adjura
1522 2160 1592 2218 in
1612 2158 1785 2238 prin-

213 2245 378 2323 cipio
400 2245 690 2324 allegata,
712 2251 774 2306 et
799 2247 982 2308 latius
1007 2247 1266 2308 inferius
1289 2248 1651 2328 explicando
1672 2266 1784 2329 per

215 2354 374 2416 quos
418 2342 590 2398 actus
644 2337 1022 2417 impleantur
1063 2345 1366 2419 praecepta
1414 2341 1786 2417 affirmativa

215 2430 643 2491 ecclesiastica.
697 2430 1029 2508 Loquendo
1082 2437 1294 2492 autem
1346 2432 1424 2493 de
1472 2433 1745 2512 possibili
1759 2475 1781 2509 ,

214 2539 348 2581 non
381 2527 472 2583 est
511 2521 667 2582 mihi
712 2526 881 2583 certa
906 2521 1236 2598 conclusio,
1267 2523 1373 2583 sed
1411 2524 1749 2603 probabilis
1757 2541 1780 2602 ;

216 2614 560 2693 explicatur
599 2618 805 2675 autem
851 2614 921 2675 in
949 2614 1120 2676 hunc
1146 2614 1424 2688 modum,
1456 2617 1603 2695 quia
1641 2616 1784 2678 talis

215 2712 398 2767 actus
428 2706 686 2767 interior
725 2724 854 2767 esse
897 2713 1096 2785 potest
1130 2707 1509 2769 necessarius
1550 2708 1630 2769 ad
1673 2708 1786 2770 ho-

219 2803 525 2860 nestatem
553 2798 826 2877 aliquam
863 2800 1183 2860 exterioris
1194 2822 1213 2875 ;
1237 2799 1356 2861 hoc
1382 2807 1592 2862 autem
1619 2801 1785 2861 suffi-

219 2890 307 2951 cit
331 2895 403 2950 ut
432 2889 618 2950 simul
643 2889 888 2968 praecipi
915 2892 1139 2968 possit3
1167 2907 1335 2969 ergo.
1371 2894 1566 2970 Major
1590 2900 1780 2972 patet,

221 2983 372 3060 quia
399 2987 700 3060 praecepta
730 2981 1100 3043 affirmativa
1137 3001 1266 3043 non
1306 2983 1533 3044 dantur
1560 2984 1682 3044 nisi
1708 2984 1784 3045 de

221 3073 463 3135 actibus
489 3074 815 3150 virtutum,
840 3078 903 3135 et
929 3074 997 3135 in
1025 3074 1241 3137 ordine
1267 3074 1349 3136 ad
1375 3075 1650 3155 aliquam
1677 3075 1787 3137 ho-

222 3172 528 3228 nestatem
539 3188 560 3241 3
592 3172 655 3227 et
680 3166 841 3241 iden,
866 3167 918 3226 si
946 3172 1118 3228 actus
1142 3167 1404 3228 interior
1433 3168 1789 3248 praecipitur

220 3276 368 3320 cum
407 3259 721 3335 exteriori,
766 3260 883 3320 erit
910 3264 1163 3340 propter
1189 3259 1464 3339 aliquam
1502 3259 1788 3322 honesta-

217 3356 375 3425 tem,
419 3369 545 3411 non
596 3355 804 3412 autem
857 3356 1110 3430 propter
1141 3351 1342 3412 solum
1392 3353 1783 3428 interiorem3

217 3442 373 3522 quia
410 3442 669 3503 interior
707 3460 834 3503 non
877 3448 1079 3522 potest
1120 3442 1200 3504 ab
1242 3443 1508 3504 Ecclesia
1539 3445 1789 3524 proecipi

217 3540 474 3615 propter
505 3552 682 3595 suam
720 3534 1109 3597 honestatem
1147 3552 1261 3615 per
1290 3552 1375 3610 se,
1408 3541 1473 3597 et
1512 3535 1788 3598 absolute

221 3633 582 3706 spectatam,
610 3627 758 3706 quia
783 3633 854 3688 ut
874 3628 961 3688 sic
987 3645 1115 3688 non
1142 3631 1234 3688 est
1259 3627 1518 3689 materie
1544 3627 1787 3706 legisla-

220 3719 412 3780 tionis
436 3719 749 3795 humanae,
771 3725 842 3781 ut
862 3720 1058 3799 capite
1076 3719 1447 3799 praecedenti
1475 3725 1786 3781 ostensum

221 3817 357 3872 est:
385 3828 534 3891 ergo
554 3812 607 3872 si
634 3817 834 3892 potest
853 3812 1098 3892 praecipi
1128 3817 1199 3872 ut
1225 3812 1589 3890 conjunctus
1615 3819 1787 3874 exte·

209 3902 397 3980 -riori,
424 3904 625 3965 solum
651 3905 771 3966 erit
791 3909 864 3965 ut
889 3905 1355 3966 communicans
1376 3903 1585 3984 aliquo
1602 3905 1788 3967 medo

222 4013 402 4057 suam
427 3996 814 4059 honestatem
841 3998 1007 4057 actui
1034 3997 1345 4058 exteriori.
1375 3996 1549 4070 Quod
1575 4004 1788 4060 autem

221 4091 343 4151 hoc
384 4090 650 4152 sufficiat
693 4090 1061 4164 declaratur,
1109 4091 1258 4170 quia
1299 4090 1542 4152 duobus
1586 4092 1788 4156 modis

223 4187 427 4262 potest
467 4184 698 4262 requiri
751 4190 922 4246 actus
970 4183 1230 4245 interior
1275 4182 1357 4244 ad
1398 4184 1789 4246 honestatem

223 4281 399 4337 actus
442 4277 780 4339 exterioris.
814 4277 1022 4338 Primo
1052 4277 1438 4357 simpliciter,
1467 4279 1616 4358 quia
1654 4279 1789 4340 sine

224 4367 337 4427 tali
386 4378 526 4429 actu
575 4386 705 4430 non
751 4374 950 4449 potest
996 4375 1169 4431 actus
1215 4373 1485 4433 exterior
1529 4371 1789 4434 honeste

226 4458 388 4535 fieri,
418 4465 491 4520 ut
518 4462 766 4540 quando
796 4467 969 4522 actus
995 4462 1263 4524 exterior
1286 4480 1416 4524 non
1449 4469 1649 4543 potest
1677 4464 1789 4525 ho-

225 4558 402 4615 neste
429 4552 564 4615 fieri
592 4554 728 4616 sine
751 4554 965 4634 aliqua
997 4554 1341 4618 intentione
1367 4555 1648 4634 honesta,
1686 4557 1790 4619 vel

225 4646 375 4724 quia
398 4645 587 4726 digne
615 4646 751 4709 fieri
790 4664 918 4708 non
945 4651 1144 4727 potest
1182 4648 1318 4711 sine
1356 4649 1638 4711 interiori
1665 4651 1789 4711 dis-

221 4737 549 4815 positione,
570 4744 641 4799 ut
662 4738 716 4799 si
731 4737 1117 4800 Eucharistia
1128 4741 1425 4802 sumenda
1441 4742 1521 4802 sit
1532 4747 1618 4818 et,
1635 4743 1788 4821 quia

224 4845 354 4889 non
382 4835 582 4908 potest
615 4830 805 4910 digne
834 4831 1025 4911 recipi
1045 4830 1168 4893 nisi
1193 4851 1234 4894 a
1265 4832 1618 4912 justificato,
1646 4834 1786 4896 ideo

225 4921 306 4982 sit
345 4923 684 4983 necessaria
712 4923 997 4986 contritio
1036 4924 1136 4986 vel
1177 4925 1410 4986 attritio
1451 4943 1604 4987 cum
1640 4945 1785 4988 con-

223 5013 487 5075 fessione
514 5015 593 5075 ad
625 5014 813 5095 digne
841 5017 1448 5080 communicandum.
1477 5019 1786 5094 Secundo,

223 5113 424 5187 potest
466 5108 698 5188 requiri
737 5115 908 5170 actus
937 5110 1194 5171 interior
1224 5110 1423 5171 solum
1451 5112 1530 5173 ad
1563 5112 1786 5174 melius

224 5220 375 5278 esse,
402 5202 638 5263 scilicet
656 5208 727 5264 ut
751 5208 921 5265 actus
945 5206 1214 5267 exterior
1241 5206 1321 5266 sit
1337 5205 1649 5281 honestus,
1676 5224 1786 5268 seu

220 5294 504 5375 pluribus
528 5295 728 5356 modis
746 5295 966 5369 1161166,
990 5298 1131 5360 11661
1149 5298 1282 5359 sine
1300 5298 1412 5359 tali
1430 5305 1576 5359 actu
1596 5299 1788 5378 possit

223 5405 352 5448 esse
389 5387 591 5449 bonus
631 5406 710 5450 ex
746 5390 988 5470 objecto
1027 5396 1091 5452 et
1129 5391 1602 5453 circumstantiis
1643 5380 1785 5471 pro·'

220 5499 396 5563 prus.

1939 488 2037 548 15.
2083 487 2168 547 De
2214 491 2479 566 utroque
2516 504 2666 564 ergo
2697 503 2775 546 ex
2814 484 2913 546 his
2953 485 3176 561 modis,
3205 488 3419 548 verisi-

1856 577 2007 640 mile
2031 578 2230 640 videri
2256 583 2453 657 potest
2473 596 2650 659 posse
2672 578 2888 640 cadere
2907 577 3024 639 sub
3045 585 3419 659 praeceptum

1855 670 2227 733 humanum.
2257 672 2414 733 Nam
2460 672 2537 733 de
2576 672 2776 750 primo
2820 671 3091 750 inquir0,
3136 689 3246 733 cur
3291 691 3419 733 non

1855 764 2049 844 possit
2073 764 2344 826 Ecclesia
2379 763 2710 844 praecipere
2750 769 2823 824 61
2862 761 3006 824 talis
3033 768 3206 825 actus
3233 764 3419 843 digne

1857 855 1990 933 fiat,
2020 856 2150 918 sive
2176 857 2286 917 illa
2312 856 2586 935 dignitas
2612 856 2878 936 pendeat
2915 873 2994 916 ex
3024 856 3422 917 circumstan-

1855 949 1960 1010 tiis
2010 949 2388 1024 extrinsecis,
2430 950 2560 1010 sive
2591 967 2669 1010 ex
2711 948 3081 1010 intrinsecis.
3125 947 3282 1010 Nam
3313 948 3422 1009 illa

1857 1041 2144 1103 honestas
2166 1048 2259 1104 est
2280 1042 2642 1122 simpliciter
2654 1041 2943 1104 honestas
2960 1047 3132 1103 actus
3154 1041 3417 1116 externi,

1858 1153 1968 1196 seu
1992 1135 2314 1214 compositi
2336 1153 2416 1197 ex
2435 1136 2685 1197 interno
2702 1142 2766 1197 et
2786 1140 3066 1209 externo,
3092 1134 3257 1214 quod
3278 1133 3423 1195 satis

1858 1233 1951 1290 est
1987 1233 2060 1288 ut
2090 1229 2372 1290 internus
2398 1227 2932 1308 comproeeipiatur
2967 1244 3111 1288 cum
3137 1232 3416 1289 externo.

1857 1322 2011 1381 Item
2032 1321 2168 1399 Jam
2193 1321 2301 1383 ille
2325 1327 2494 1383 actus
2520 1321 2803 1383 internus
2825 1326 2918 1382 est
2941 1320 3315 1382 necessarius
3341 1320 3422 1380 ad

1857 1413 2171 1493 quoddam
2215 1431 2345 1476 esse
2378 1413 2609 1476 morale
2642 1414 2854 1493 magni
2902 1414 3203 1475 momenti
3251 1418 3423 1474 actus

1860 1508 2120 1570 externi.
2144 1510 2298 1570 Item
2324 1514 2528 1589 potest
2545 1526 2676 1570 esse
2702 1507 2884 1569 valde
2903 1508 3236 1588 expediens
3257 1524 3422 1568 com·

1858 1601 2040 1662 muni
2082 1601 2247 1662 bono
2289 1602 2594 1677 Ecclesiae,
2630 1607 2701 1662 ut
2744 1607 2916 1662 actus
2947 1606 3239 1663 externus
3279 1618 3422 1661 cum

1858 1699 1990 1754 tota
2036 1693 2146 1755 illa
2199 1694 2555 1773 integritate
2613 1711 2723 1755 seu
2771 1692 3140 1755 rectitudine
3201 1692 3423 1753 morali

1858 1786 2288 1867 praecipiatur:
2334 1786 2607 1847 maxime
2634 1789 2687 1847 si
2719 1784 2987 1845 Ecclesia
3031 1785 3113 1845 sit
3148 1786 3217 1845 in
3247 1782 3424 1862 gravi

1860 1879 2076 1960 aliqua
2103 1880 2488 1954 necessitate,
2519 1884 2582 1940 et
2608 1879 2757 1939 velit
2797 1878 3039 1958 placare
3077 1879 3271 1939 Deum
3312 1892 3424 1956 per

1860 1990 2065 2033 sacras
2104 1973 2376 2033 actiones
2410 1970 2687 2032 fidelium
2730 1978 2938 2031 sancte
2975 1969 3188 2031 factas.
3220 1971 3418 2043 Certe,

1861 2080 2008 2124 cum
2030 2069 2298 2143 potestas
2319 2063 2728 2142 gubernativa
2744 2062 3027 2123 Ecclesiae
3052 2062 3131 2122 sit
3151 2060 3422 2121 maxime

1858 2157 2221 2237 spirituaIiS,
2264 2162 2328 2218 et
2370 2156 2655 2217 ordinata
2684 2155 2989 2234 praecipue
3033 2153 3114 2214 ad
3159 2153 3421 2214 salutem

1861 2249 2240 2324 animarum,
2263 2265 2391 2308 non
2413 2248 2657 2308 videtur
2674 2247 2776 2307 1116
2793 2247 3011 2307 modus
3031 2244 3425 2324 praecipiendi

1862 2341 2451 2421 improportionatus
2476 2339 2591 2415 illi,
2613 2357 2754 2400 cum
2776 2339 3056 2399 absolute
3074 2339 3154 2397 sit
3178 2337 3255 2398 de
3281 2343 3425 2398 actu

1861 2433 2093 2494 visibili
2121 2437 2357 2507 sancto,
2379 2431 2537 2492 sicut
2558 2429 2825 2492 Ecclesia
2842 2429 3101 2490 visibilis
3125 2434 3190 2490 et
3214 2434 3426 2489 sancta

1862 2531 1973 2588 est.
2008 2526 2091 2586 De
2133 2524 2256 2586 alio
2296 2541 2444 2585 vero
2477 2523 2684 2598 modo,
2725 2522 2867 2583 licet
2893 2522 3102 2582 minus
3142 2521 3428 2582 videatur

1862 2623 2042 2697 aptus
2061 2617 2140 2677 ad
2156 2620 2557 2696 pmceptum,
2582 2614 2991 2675 nihilominus
3009 2613 3206 2675 videri
3227 2617 3429 2691 potest

1861 2727 1990 2771 non
2021 2708 2278 2770 omnino
2304 2706 2721 2787 impossibilis.
2749 2709 2905 2768 Nam
2930 2706 3243 2767 interdum
3272 2723 3427 2786 11161-

1862 2802 2130 2882 cipimur
2165 2817 2364 2874 orare,
2411 2797 2586 2859 verbi
2613 2798 2838 2876 gratia,
2870 2798 2970 2859 vel
3004 2798 3285 2876 jejunare
3313 2815 3426 2876 pro

1860 2894 1973 2955 tali
1991 2893 2380 2968 necessitate3
2401 2908 2550 2969 ergo
2568 2896 2768 2971 potest
2784 2908 2895 2969 per
2909 2890 3035 2952 tale
3051 2894 3426 2969 praeceptum

1863 2986 2097 3047 directe
2124 2983 2372 3062 injungi
2390 2988 2464 3043 ut
2480 2982 2723 3043 dicetur
2747 2982 2986 3057 litania,
3008 2982 3181 3043 verbi
3201 2981 3422 3059 gratia,

1865 3095 1977 3158 pro
2012 3076 2125 3138 tali
2149 3075 2510 3137 necessitate
2551 3076 2620 3136 in
2649 3074 3007 3155 particulari
3015 3088 3038 3152 3
3067 3073 3187 3135 hoc
3216 3079 3427 3135 autem

1865 3170 2090 3250 pendet
2120 3186 2197 3230 ex
2225 3168 2571 3229 intentione
2596 3167 2879 3229 interiori
2902 3166 3215 3246 operantis
3229 3209 3250 3240 ,
3291 3182 3430 3245 quae

1862 3254 2130 3324 intentio
2164 3276 2292 3321 non
2320 3266 2411 3321 est
2453 3259 2797 3321 necessaria
2829 3258 2911 3319 ad
2936 3258 3324 3319 honestatem
3346 3257 3430 3316 11-

1865 3356 1988 3416 lius
2009 3353 2327 3430 orationis,
2348 3353 2450 3415 vel
2459 3353 2710 3432 jejunii,
2734 3369 2885 3412 nam
2901 3351 3034 3412 sine
3058 3350 3166 3412 illa
3182 3355 3430 3429 possent

1863 3446 2122 3507 honeste
2165 3444 2341 3507 fieri:
2392 3463 2562 3523 ergo.
2608 3442 3044 3519 confirmatur,
3085 3443 3233 3522 quia
3268 3459 3429 3521 soepe

1863 3538 2220 3601 conceditur
2284 3536 2678 3616 indulgentia
2731 3536 2934 3597 oranti
2991 3535 3091 3597 vel
3146 3534 3431 3615 operanti

1863 3649 2007 3693 cum
2037 3632 2150 3693 tali
2186 3630 2555 3706 intentione,
2601 3635 2664 3692 et
2694 3647 2824 3691 nen
2859 3629 2985 3691 alio
3021 3628 3247 3690 modo:
3279 3645 3428 3706 ergo

1864 3724 1916 3786 si
1932 3724 2182 3804 publica
2198 3723 2524 3785 necessitas
2545 3721 2611 3782 id
2629 3720 2990 3802 postularet,
3014 3726 3219 3800 posset
3240 3721 3427 3782 etiam

1863 3818 2116 3898 praecipi
2141 3822 2311 3879 actus
2337 3832 2481 3876 66111
2508 3813 2727 3876 eadem
2750 3813 3129 3876 conditione.

1945 3911 2047 3970 16.
2096 3907 2407 3972 Conclusio
2435 3908 2506 3969 de
2522 3906 2955 3985 probabilitate
2982 3906 3316 3969 contraria.
3344 3932 3427 3953 -ι

1865 3999 2280 4063 Nihilominus
2304 3997 2623 4079 probabile
2650 3998 2800 4059 satis
2821 4002 2917 4059 est
2939 4003 3274 4077 utrumque
3295 4016 3428 4058 mo-

1864 4095 2016 4156 dam
2038 4091 2333 4154 excedere
2349 4106 2709 4152 mensuram
2728 4089 3020 4151 humanae
3035 4090 3215 4168 legis,
3236 4089 3427 4151 6116111

1865 4184 2310 4259 ecclesiasticae,
2344 4188 2408 4244 et
2444 4182 2523 4243 de
2557 4180 2879 4261 posteriori
2906 4181 3158 4260 quidem
3182 4182 3427 4243 videtur

1865 4280 1930 4340 id
1958 4277 2205 4353 clarius,
2229 4275 2380 4356 quia
2403 4293 2516 4355 per
2540 4274 2730 4336 talem
2757 4278 2967 4337 actum
2989 4274 3308 4335 internum
3330 4291 3428 4335 so-

1867 4374 2000 4434 lum
2016 4371 2268 4433 additur
2291 4375 2548 4432 externo
2570 4368 2816 4430 bonitas
2837 4367 3125 4448 quaedam
3144 4367 3427 4430 acciden-

1864 4466 2028 4527 taria
2065 4483 2177 4544 per
2221 4463 2631 4526 extrinsecam
2655 4461 3048 4537 relationem,
3088 4461 3191 4523 vel
3230 4460 3426 4540 impe-

1864 4560 2032 4620 rium
2053 4556 2132 4619 ab
2164 4562 2306 4619 actu
2327 4554 2609 4617 interiori
2632 4554 2890 4616 omnino
2911 4554 3198 4616 distincto
3228 4568 3246 4614 ε
3277 4570 3425 4632 ergo

1867 4669 1995 4714 non
2022 4655 2223 4732 potest
2252 4649 2362 4711 illa
2391 4649 2635 4710 bonitas
2659 4648 2910 4729 praecipi
2948 4665 3025 4709 ex
3050 4650 3114 4709 vi
3136 4647 3422 4726 praecepti

1865 4751 2037 4807 66166
2053 4743 2319 4817 externi,
2339 4741 2447 4802 sed
2465 4747 2706 4821 oportet
2721 4748 2794 4803 ut
2810 4741 3102 4802 distincto
3120 4744 3423 4819 praecepto

1863 4856 1974 4918 per
2000 4854 2065 4898 se
2088 4842 2153 4896 et
2172 4835 2405 4896 directe
2439 4834 2855 4914 praecipiatur,
2891 4832 3060 4913 quod
3090 4837 3246 4893 esset
3270 4848 3423 4910 pree-

1864 4930 2067 5010 cipere
2085 4928 2315 4989 directe
2328 4931 2536 4987 actum
2553 4926 2893 4999 internum,
2923 4925 3087 5006 quod
3105 4933 3422 4986 ostensam

1865 5027 1958 5084 est
1981 5021 2121 5083 fieri
2152 5037 2279 5081 non
2305 5017 2500 5099 posse.
2533 5019 2817 5080 Secundo
2840 5018 3185 5080 declaratur
3209 5034 3249 5077 a
3276 5030 3420 5076 con·-

1861 5114 2076 5189 trario,
2103 5114 2251 5193 quia
2267 5113 2317 5173 si
2335 5111 2498 5191 quis,
2518 5124 2644 5171 non
2662 5110 2945 5172 obstante
2960 5110 3073 5171 tali
3091 5114 3417 5189 praecepte,

1861 5206 2091 5267 faceret
2125 5210 2336 5266 actum
2368 5207 2695 5264 externum
2733 5203 2893 5264 bene
2929 5219 3002 5264 ex
3045 5202 3286 5280 objecto
3320 5202 3418 5262 in-

1861 5300 2150 5373 trinseco,
2181 5302 2243 5358 et
2271 5296 2748 5356 circumstantiis
2769 5313 2878 5374 per
2905 5313 2969 5356 se
2996 5295 3326 5374 requisitis,
3355 5299 3419 5354 et

1861 5390 2205 5452 omittendo
2238 5389 2431 5450 alium
2459 5394 2669 5449 actum
2698 5389 3053 5450 interiorem
3074 5432 3095 5463 ,
3143 5392 3291 5448 tune
3318 5405 3417 5447 so-

1859 5484 1995 5547 lum
2015 5489 2300 5564 peccaret
2321 5481 2664 5544 omittendo
2684 5487 2891 5544 actum
2910 5482 3251 5557 internum,
3285 5494 3414 5541 non
