3976 6219
763 373 899 425 CAP.
922 373 1096 425 xvnl.
1128 372 1341 425 UTRUM
1365 373 1560 426 LEGES
1585 362 1982 424 mmmonnm
2013 360 2315 417 OBLIGENT
2342 367 2406 419 IN
2427 366 2846 432 CONSGIENTIA,
2868 368 3005 422 E'rC.

97 462 196 539 ·'³·'⁷†.·
281 468 529 549 rapina,
569 471 1201 549 recompensationem
1233 470 1518 532 faciendo
1555 489 1632 531 ex
1668 469 1848 530 bonis

133 578 182 623 *ις
281 563 602 642 principiS,
646 563 746 623 vel
782 564 914 642 ejus
956 564 1065 643 qui
1093 582 1204 642 per
1243 564 1606 642 injustitiam
1656 561 1849 623 tribu-

283 662 420 715 tum
456 655 727 716 extorsit.
773 656 912 715 Haec
959 656 1169 719 omnia
1199 660 1414 735 patent
1441 673 1517 715 cx
1549 653 1848 734 generali·

281 747 400 809 bus
439 748 669 827 regulis
709 749 786 811 de
826 749 1233 826 restitutione,
1273 768 1412 829 quae
1452 750 1521 810 in
1562 766 1672 809 suo
1712 748 1847 808 loco

283 838 469 901 latius
495 846 857 903 tractantur.

368 936 465 995 13.
518 934 940 996 Limitationos
979 934 1290 1012 praedictae
1338 931 1732 996 conclusionis
1776 948 1850 993 om

89 1039 170 1096 τε
273 1031 457 1103 parte
485 1043 680 1088 cau-sce
700 1032 755 1088 et
789 1044 1056 1088 excessus
1084 1026 1468 1088 tributorum.
1499 1059 1580 1069 —
1609 1025 1714 1085 Est
1739 1041 1850 1084 au·

280 1121 413 1178 tem
441 1118 600 1178 circa
620 1117 784 1179 hanc
808 1118 1202 1179 assertionem
1231 1115 1772 1195 distinguendum
1754 1134 1852 1175 m-

282 1214 380 1270 ter
405 1210 772 1289 injustitiam
801 1209 1018 1271 tributi
1037 1228 1113 1271 ex
1139 1215 1312 1289 parte
1332 1209 1728 1289 imponentia,
1749 1205 1851 1268 vel

284 1317 363 1362 ex
390 1301 634 1363 defectu
670 1302 922 1363 alterins
957 1302 1347 1363 conditionis.
1387 1300 1644 1376 Quando
1680 1300 1850 1361 enim

284 1393 386 1456 lex
430 1395 518 1456 ita
545 1400 638 1455 est
676 1395 909 1473 injusta
940 1413 1017 1456 ex
1047 1401 1220 1475 parte
1247 1395 1625 1476 imponentis
1653 1394 1850 1455 tribu-

121 1523 168 1563 ῃ
284 1491 421 1547 tum
425 1531 446 1562 ,
476 1491 548 1547 ut
591 1491 826 1548 constet
853 1486 1031 1548 illum
1060 1486 1297 1548 nullam
1324 1487 1553 1549 habere
1580 1492 1848 1567 potesta-

284 1585 415 1641 tem
440 1598 554 1641 nec
570 1580 925 1640 facultatem
947 1579 1025 1640 ad
1046 1580 1490 1659 imponendum
1518 1579 1846 1655 tributum,

286 1677 438 1732 tunc
466 1672 770 1733 tributum
797 1672 1054 1733 omnino
1081 1678 1174 1733 est
1196 1671 1460 1746 nullum,
1495 1678 1557 1733 et
1578 1672 1850 1732 maxime

286 1764 686 1842 reprobatum
733 1770 794 1825 et
820 1765 1145 1843 injustum,
1176 1771 1239 1825 et
1262 1764 1401 1825 ideo
1432 1763 1571 1824 talis
1599 1763 1703 1824 lex
1736 1780 1851 1824 nec

285 1856 365 1916 ad
393 1862 617 1932 totum,
654 1875 767 1918 nec
816 1857 890 1917 ad
934 1863 1175 1936 partem
1223 1856 1496 1934 obligare
1539 1861 1751 1935 potest.
1787 1856 1850 1916 Si

288 1953 500 2009 autem
538 1949 606 2008 in
652 1950 1011 2029 imponente
1055 1950 1135 2010 sit
1161 1948 1440 2010 absoluta
1459 1954 1749 2028 potestas,
1792 1953 1854 2008 et

284 2040 591 2118 injustitia
630 2041 785 2120 legis
826 2042 1024 2121 posita
1070 2041 1151 2101 sit
1195 2041 1262 2100 in
1289 2040 1487 2101 abusu
1514 2046 1576 2101 et
1603 2058 1851 2101 excessu

284 2131 426 2192 talis
450 2134 784 2211 potestatis,
816 2138 966 2194 tunc
992 2133 1437 2194 consideranda
1472 2138 1564 2193 est
1594 2133 1853 2211 qualitas

287 2241 591 2299 excessuS,
622 2231 684 2286 et
702 2226 903 2305 quoad
934 2227 996 2286 id
1015 2245 1142 2287 non
1162 2225 1462 2304 obligabit
1488 2225 1589 2287 lex
1609 2248 1627 2301 3
1652 2225 1855 2304 quoad

288 2316 410 2376 alia
430 2335 577 2378 vero
599 2335 735 2396 quae
757 2318 1122 2397 separabilia
1140 2323 1203 2379 et
1230 2318 1560 2378 divisibilia
1579 2324 1726 2379 sunt
1745 2336 1853 2397 po-

289 2408 438 2468 terit
459 2407 758 2485 obligare,
780 2410 865 2468 sic
881 2410 1050 2469 enim
1073 2409 1223 2469 utile
1243 2428 1353 2488 per
1366 2409 1587 2470 inutile
1616 2428 1744 2470 non
1766 2411 1856 2469 vi-

291 2497 503 2559 tiatur.
524 2499 696 2560 Unde
716 2500 768 2560 si
794 2518 1072 2561 excessus
1097 2501 1298 2561 solum
1318 2502 1399 2561 sit
1415 2502 1482 2561 in
1502 2502 1856 2561 extensione

293 2590 370 2650 ad
399 2609 686 2669 personas
706 2598 1043 2671 exemptas,
1072 2591 1173 2653 lex
1195 2611 1322 2653 non
1351 2592 1649 2671 obligabit
1677 2593 1853 2669 illas3

295 2684 519 2761 poterit
544 2690 756 2745 tamen
797 2685 948 2745 alias
974 2684 1211 2745 habiles
1241 2684 1541 2762 obligare,
1574 2690 1646 2744 ut
1671 2685 1723 2744 si
1742 2703 1856 2745 rex

289 2774 357 2833 in
386 2794 496 2835 suo
528 2794 722 2854 regno
762 2777 931 2854 justa
971 2795 1047 2837 ex
1095 2795 1278 2837 881188
1306 2776 1611 2836 tributum
1640 2782 1851 2855 ponat,

289 2867 728 2946 praecipiatque
766 2866 844 2927 ab
873 2867 1162 2927 omnibus
1202 2869 1388 2928 etiam
1417 2868 1649 2929 clericis
1675 2868 1852 2944 solvi,

290 2976 419 3018 non
464 2957 763 3037 obligabit
803 2958 1078 3032 clericos,
1112 2958 1413 3036 obligabit
1439 2965 1651 3020 tamen
1678 2962 1851 3021 alios.

291 3050 370 3112 At
393 3069 539 3113 vcro
562 3051 614 3112 si
649 3068 928 3113 excessus
949 3052 1029 3112 sit
1054 3051 1120 3112 in
1139 3051 1380 3113 defectu
1407 3070 1628 3128 8811888,
1660 3054 1856 3114 801181-

290 3143 634 3204 derandum
658 3149 749 3224 est
761 3162 843 3204 an
859 3145 1114 3205 omnino
1129 3162 1310 3205 causa
1331 3144 1510 3220 desit,
1538 3144 1639 3205 vel
1657 3146 1857 3207 solum

290 3237 622 3298 excedatur
649 3237 718 3297 in
745 3238 1140 3316 proportione
1162 3238 1381 3299 tributi
1407 3243 1688 3317 respectu
1716 3256 1858 3299 can-

292 3348 374 3390 soe
400 3329 603 3410 quoad
625 3330 1058 3410 quantitatem,
1075 3330 1247 3409 quia,
1267 3330 1517 3406 scilicet,
1544 3329 1681 3409 plus
1722 3330 1857 3392 exi-

293 3423 462 3502 gitur
494 3441 683 3503 quam
709 3424 1122 3485 necessarium
1161 3425 1261 3484 sit.
1295 3426 1370 3485 Et
1396 3425 1462 3485 in
1497 3426 1689 3504 priori
1712 3443 1857 3486 casu

290 3516 538 3596 quando
595 3535 779 3578 causa
828 3517 1085 3577 omnino
1133 3517 1325 3590 deest,
1370 3517 1624 3577 omnino
1667 3518 1857 3578 etiam

291 3608 462 3669 nulla
515 3614 607 3669 est
655 3608 949 3686 obligatio
976 3625 994 3670 ε
1051 3607 1297 3688 quando
1349 3627 1499 3669 vero
1554 3608 1857 3687 injustitia

290 3704 535 3760 tantum
562 3707 656 3761 est
687 3701 753 3760 in
777 3718 1028 3762 excessu
1059 3701 1284 3771 oneris,
1320 3706 1471 3760 tunc
1493 3699 1729 3778 obligat
1756 3699 1856 3762 lex

292 3790 373 3851 ad
401 3791 761 3852 solvendum
783 3792 1086 3852 tributum
1115 3794 1184 3853 in
1211 3793 1556 3872 quantitate
1577 3793 1858 3854 modera-

292 3888 358 3942 ta
386 3883 640 3944 arbitrio
658 3884 805 3945 boni
824 3885 943 3945 viri
967 3900 983 3944 z
1010 3903 1292 3946 excessus
1310 3903 1457 3945 vero
1478 3885 1706 3963 poterit
1725 3885 1858 3944 sine

291 3983 542 4056 peccato
565 3976 866 4052 subtrahi,
896 3977 996 4038 vel
1023 3976 1431 4056 compensari,
1461 3975 1714 4037 interim
1743 3974 1860 4035 sol-

292 4069 496 4130 vendo
526 4075 751 4145 totum,
774 4080 837 4130 et
858 4069 1109 4129 interim
1147 4073 1349 4128 totum
1377 4068 1686 4145 negando,
1716 4085 1859 4146 pro-

293 4167 366 4222 ut
409 4162 823 4223 necessarium
866 4160 1054 4220 fuerit
1084 4158 1165 4219 ad
1210 4160 1704 4239 recuperandum
1748 4177 1858 4220 ex-

294 4270 558 4315 cessum.
592 4253 880 4332 Idemque
910 4269 1054 4313 cum
1073 4253 1470 4331 proportione
1487 4251 1860 4314 servandum

294 4351 409 4419 est,
440 4346 568 4404 sive
604 4344 907 4421 injustitia
947 4344 1145 4405 solum
1182 4344 1264 4403 sit
1312 4345 1378 4405 in
1412 4343 1858 4425 proportionali

296 4436 729 4498 distributione
753 4452 774 4513 3
810 4454 958 4497 nam
984 4442 1135 4497 tunc
1159 4437 1386 4515 poterit
1408 4438 1515 4516 qui
1536 4437 1675 4517 plus
1693 4438 1857 4515 justo

295 4534 591 4607 gravatur
612 4531 892 4590 minuere
916 4527 1219 4588 tributum
1251 4529 1318 4589 in
1342 4547 1416 4590 ea
1441 4535 1617 4609 parte
1641 4531 1710 4591 in
1736 4546 1861 4609 qua

295 4628 591 4701 gravatur
614 4622 843 4700 injuste
863 4637 884 4700 3
914 4622 1229 4683 tenebitur
1252 4627 1462 4684 tamen
1485 4623 1718 4702 aliquid
1741 4622 1860 4683 sol-

296 4732 439 4776 vere
470 4714 805 4776 secundum
844 4713 1116 4775 debitam
1161 4716 1648 4794 proportionem,
1698 4715 1751 4776 si
1791 4715 1860 4774 in

294 4808 549 4886 reliquis
595 4807 1051 4869 conditionibus
1109 4813 1347 4868 constet
1383 4808 1688 4868 tributum
1733 4826 1861 4870 esse

290 4900 553 4978 justum,
582 4901 731 4980 quia
760 4899 862 4962 lex
878 4900 1110 4980 injusta
1140 4900 1342 4961 solum
1373 4918 1501 4960 non
1524 4901 1758 4980 obligat
1793 4901 1862 4960 in

297 5010 372 5052 eo
390 4993 458 5053 in
485 5011 608 5072 quo
640 4992 787 5053 facit
818 4993 1209 5071 injustitiam,
1241 4993 1310 5052 in
1338 4990 1463 5053 alio
1488 5011 1635 5054 vero
1663 4997 1863 5071 potest

297 5083 594 5163 obligare,
621 5085 768 5163 quia
793 5102 921 5146 non
944 5090 1036 5145 est
1055 5085 1313 5146 omnino
1340 5084 1535 5161 nulla,
1573 5091 1636 5146 et
1661 5103 1863 5147 unum

297 5182 390 5238 est
411 5176 491 5238 ab
514 5176 639 5238 alio
660 5176 1018 5256 separabile.

679 5325 842 5399 Quid
866 5325 1156 5405 ayondum
1184 5326 1253 5387 in
1276 5325 1473 5387 dubio.

381 5454 476 5514 14.
492 5450 638 5513 Dico
659 5451 871 5512 tertio:
892 5450 1140 5531 quando
1167 5448 1470 5512 tributum
1490 5456 1584 5512 est
1599 5468 1859 5529 novum,

698 5569 762 5616 V.

3366 370 3486 431 497

1929 470 1993 524 et
2013 482 2139 524 non
2167 471 2405 527 constat
2425 468 2732 546 principes
2754 468 2979 531 habere
3013 476 3375 550 potestatem
3407 475 3488 534 ad

1929 557 2375 635 imponendum
2415 560 2741 636 tributum,
2786 563 3066 640 quamvis
3098 582 3225 629 non
3253 573 3491 629 constet

1928 667 2136 710 carere
2163 649 2290 724 illa,
2316 668 2443 711 non
2471 652 2828 731 obligantur
2855 654 3086 715 subditi
3114 655 3221 729 illa
3244 657 3381 736 lege
3408 659 3489 721 ad

1927 740 2291 803 solvendum
2334 743 2679 820 tributum3
2723 746 2775 806 si
2801 764 2949 806 vero
2990 754 3228 810 constet
3263 751 3490 828 princi-

1925 851 2071 915 pem
2097 834 2325 896 habere
2353 841 2719 915 potestatem
2751 838 2831 897 ad
2854 839 3229 918 imponenda
3254 843 3490 906 tributa

1929 929 2296 1006 generatim,
2313 929 2457 990 licet
2479 930 2546 990 in
2565 931 2923 1010 particulari
2943 933 3176 995 tributo
3196 954 3324 999 non
3344 956 3490 1000 con-

1930 1026 2050 1082 stet
2074 1021 2304 1081 servari
2339 1040 2556 1084 omnes
2597 1023 2975 1085 conditiones
3003 1026 3082 1086 ad
3110 1026 3278 1088 illius
3302 1029 3488 1107 iusti-

1928 1115 2083 1175 tiam
2120 1116 2466 1194 requisitas,
2502 1116 2603 1199 lex
2630 1117 2848 1178 tributi
2885 1118 3183 1198 obligabit
3203 1123 3491 1192 ,subditos

1929 1207 2009 1268 ad
2047 1205 2416 1269 solutionem
2455 1209 2698 1284 tributi,
2737 1210 3074 1272 dummodo
3100 1231 3228 1273 non
3256 1222 3491 1278 constet

1929 1298 2008 1360 de
2035 1298 2242 1379 aliqua
2268 1300 2572 1378 injustitia
2583 1301 2824 1378 tributi,
2837 1321 2946 1364 seu
2967 1304 3207 1365 defectu
3229 1306 3491 1387 alicujus

1931 1392 2301 1453 conditionis
2326 1395 2406 1454 ad
2436 1394 2601 1455 illius
2626 1396 2933 1474 justitiam
2960 1398 3289 1477 requisitas.
3318 1402 3492 1464 Prior

1927 1502 2072 1564 pars
2089 1484 2275 1563 hujus
2301 1487 2652 1547 assertionis
2680 1495 2773 1549 est
2782 1490 2963 1568 juxta
2980 1496 3255 1567 mentem
3283 1501 3489 1556 aucto-

1929 1594 2075 1637 rum
2102 1576 2382 1638 secundae
2408 1581 2752 1655 sententias,
2773 1599 3031 1660 eamque
3058 1601 3097 1643 a
3123 1583 3363 1661 fortiori
3382 1587 3491 1647 ad·

1930 1669 2185 1729 mittent
2213 1674 2490 1731 auctores
2516 1672 2765 1751 primae3
2800 1672 2877 1734 de
2905 1675 3256 1737 auctoribus
3281 1683 3490 1740 autem

1930 1762 2130 1823 tertiae
2175 1762 2495 1823 sententian
2544 1764 2743 1823 solum
2788 1764 2990 1827 dicere
3032 1785 3356 1846 possumus
3399 1770 3492 1830 illi

1932 1872 2061 1914 non
2076 1855 2518 1932 contradicere,
2541 1857 2822 1935 quamvis
2835 1876 2949 1919 nec
2967 1857 3140 1920 illam
3156 1860 3487 1923 affirment.

1933 1947 2113 2008 Ratio
2143 1947 2339 2025 igitur
2363 1948 2528 2008 illius
2544 1949 2736 2028 partis
2763 1955 2873 2020 est,
2897 1951 3044 2029 quia
3060 1952 3333 2030 primum
3352 1954 3494 2015 fun-

1933 2039 2298 2100 damentum
2345 2041 2604 2118 justitia-¹.
2653 2042 2720 2100 in
2779 2041 3027 2103 tributis
3077 2049 3170 2104 est
3226 2051 3494 2125 potestas

1930 2133 2249 2213 principis,
2279 2138 2341 2193 et
2373 2132 2668 2210 obligatio
2698 2151 2835 2212 quae
2862 2135 3008 2196 inde
3044 2136 3111 2195 in
3145 2137 3373 2216 populo
3400 2157 3497 2201 re-

1933 2224 2121 2285 sultat
2147 2226 2225 2285 ad
2256 2224 2775 2286 contribuendum
2798 2245 2909 2305 pro
2936 2225 3103 2287 illius
3142 2229 3446 2307 stipendio
3471 2245 3494 2309 3

1935 2334 2085 2395 ergo
2108 2317 2157 2377 si
2182 2318 2500 2379 dubitatur
2527 2318 2603 2378 de
2622 2318 2865 2396 justitia
2880 2320 3099 2380 tributi
3121 2320 3327 2401 inhoc
3353 2322 3496 2384 fun-

1937 2409 2251 2485 damento,
2287 2415 2477 2471 cessat
2498 2412 2701 2471 omnis
2741 2412 2900 2471 ratio
2930 2414 3343 2490 praesumendi
3362 2415 3496 2492 jus-

1937 2501 2141 2562 titiam
2178 2502 2246 2562 in
2269 2502 2399 2577 illo,
2441 2521 2514 2563 88
2541 2501 2801 2563 subinde
2828 2504 2978 2564 talia
3011 2504 3246 2566 tributa
3271 2525 3498 2585 praesu-

1937 2600 2201 2654 muntur
2228 2594 2479 2672 injusta.
2519 2596 2595 2654 Et
2622 2596 2687 2654 in
2721 2596 2809 2656 eis
2849 2597 3121 2658 maxime
3156 2600 3500 2678 procedunt

1933 2686 2207 2746 rationes
2230 2686 2515 2747 secundm
2531 2687 2872 2764 opinionis;
2893 2689 3175 2767 procedit·
3191 2691 3378 2751 etiam
3393 2691 3500 2751 illa

1933 2775 2188 2854 regula:
2223 2777 2306 2837 In
2340 2777 2540 2838 dubiis
2566 2778 2777 2838 melior
2803 2784 2889 2840 est
2916 2782 3171 2842 conditio
3186 2784 3501 2860 possiden-

1935 2869 2044 2941 tis,
2085 2868 2233 2946 quia
2271 2872 2423 2927 tunc
2460 2867 2690 2928 subditi
2728 2869 3042 2948 possident
3080 2890 3192 2932 sua
3229 2872 3393 2933 bona
3437 2879 3501 2934 et

1936 2976 2115 3017 suam
2148 2958 2522 3033 libertatem,
2562 2966 2625 3020 et
2650 2978 2777 3020 non
2806 2969 2953 3022 sunt
2979 2964 3133 3024 certi
3154 2964 3230 3024 de
3262 2965 3501 3043 81111388-

1934 3050 2108 3109 tione
2143 3051 2210 3108 in
2243 3047 2359 3109 1188
2395 3054 2570 3129 parte
2607 3051 2816 3112 debita
2841 3053 3125 3134 principi.
3155 3055 3363 3116 Posset
3389 3075 3500 3117 au-

1938 3149 2067 3203 tem
2102 3141 2205 3202 bic
2229 3159 2403 3202 casus
2429 3143 2785 3222 contingere
2811 3148 3116 3227 praecipue
3148 3148 3216 3207 in
3239 3149 3500 3227 quibus-

1939 3234 2086 3295 dam
2127 3233 2510 3314 principibus
2543 3236 3009 3314 temporalibus,
3054 3239 3161 3318 qui
3202 3259 3328 3301 non
3356 3254 3502 3302 sunt

1939 3328 2233 3406 supremi,
2272 3327 2380 3388 sed
2406 3334 2852 3405 recognoscunt
2887 3331 3287 3409 superiorem,
3319 3338 3382 3394 et
3407 3334 3501 3393 ni-

1937 3419 2277 3480 hilominus
2301 3425 2605 3498 usurpant
2621 3426 2988 3499 potestatem
3013 3422 3376 3502 imponendi
3392 3426 3501 3485 tri-

1936 3511 2091 3572 buta
2130 3512 2310 3573 titulo
2352 3512 2834 3588 consuetudinis,
2877 3513 2978 3574 vel
3023 3515 3146 3574 alio
3192 3516 3402 3577 simili.
3433 3517 3498 3578 Si

1937 3604 2110 3664 enim
2141 3620 2267 3663 non
2304 3609 2539 3664 constet
2573 3603 2723 3663 talia
2748 3604 2982 3664 tributa
3009 3623 3136 3667 esse
3164 3609 3503 3688 approbata

1936 3713 1974 3755 a
2011 3712 2297 3774 supremo
2335 3695 2637 3773 principe,
2685 3694 2783 3755 vel
2825 3713 2992 3759 cum
3003 3697 3169 3758 illius
3207 3699 3499 3763 facultate

1938 3793 2002 3847 et
2026 3786 2417 3847 licentiaesse
2443 3786 2752 3890 imposita,
2774 3804 2903 3848 non
2926 3796 3017 3848 est
3042 3807 3152 3850 cur
3169 3809 3501 3874 praesuma·

1937 3883 2087 3938 ntur
2110 3879 2302 3956 justa,
2349 3883 2411 3937 et
2441 3879 2529 3938 ita
2564 3879 2631 3938 in
2659 3879 2756 3939 his
2782 3881 2962 3942 credo
2993 3883 3265 3944 maxime
3291 3903 3501 3964 proce-

1938 3970 2083 4031 dere
2108 3969 2443 4031 secundam
2471 3971 2860 4031 sententiam.
2882 3973 3023 4032 Haec
3043 3992 3188 4035 vero
3202 3994 3345 4055 pars
3372 3995 3501 4038 non

1937 4063 2146 4123 minus
2172 4061 2445 4141 procedit
2475 4068 2619 4123 ante
2653 4063 3014 4141 petitionem
3056 4066 3271 4126 tributi
3311 4086 3500 4147 quam

1937 4161 2075 4235 post
2102 4155 2312 4228 illam3
2357 4172 2602 4233 semper
2631 4156 2800 4216 enim
2833 4161 2923 4216 est
2953 4157 3170 4219 eadem
3196 4161 3357 4222 ratio
3396 4181 3500 4223 ex-

1939 4248 2287 4322 cusationis,
2312 4265 2430 4328 1188
2448 4248 2663 4326 petitio
2690 4248 3085 4326 praesumitur
3111 4253 3308 4330 magis
3334 4255 3502 4332 justa

1939 4358 2129 4419 quam
2161 4340 2495 4420 impositio,
2529 4345 2593 4401 et
2635 4340 2773 4400 ideo
2799 4357 2929 4400 non
2969 4347 3169 4403 mutat
3194 4345 3499 4408 rationem

1934 4434 2208 4514 justitiae.

2021 4527 2120 4586 15.
2164 4524 2376 4586 Altera
2405 4542 2549 4604 pars
2587 4522 2834 4585 videtur
2873 4543 3004 4587 esse
3042 4531 3257 4588 contra
3292 4528 3501 4608 plures

1940 4624 2223 4680 auctores
2264 4617 2560 4696 allegatos
2600 4617 2668 4676 in
2708 4616 2976 4677 secunda
3018 4621 3356 4682 sententia:
3395 4639 3500 4682 ve-

1943 4715 2298 4772 rumtamen
2339 4710 2408 4770 in
2434 4709 2543 4769 illa
2576 4709 2881 4787 particula
2904 4729 3021 4772 non
3048 4717 3267 4774 constet
3305 4719 3503 4793 potest

1945 4822 2075 4865 esse
2101 4802 2425 4882 multiplex
2461 4819 2694 4875 88118118,
2722 4807 2785 4862 et
2810 4802 2957 4863 inde
2996 4803 3249 4864 fortasse
3279 4812 3371 4866 est
3400 4825 3505 4867 va-

1940 4897 2128 4959 rietas
2148 4896 2217 4955 in
2240 4895 2424 4955 modo
2446 4893 2744 4973 loquendi
2764 4901 3106 4955 auctorum.
3127 4896 3332 4957 Primo
3354 4916 3503 4977 ergo

1941 4989 2169 5050 dicitur
2208 5005 2337 5047 non
2364 4991 2643 5048 constare
2676 4987 2840 5065 quod
2880 5005 3009 5047 non
3035 4988 3224 5048 scitur
3254 4988 3415 5050 clara
3442 4996 3506 5051 et

1941 5081 2212 5142 evidenti
2242 5081 2507 5154 ratione,
2546 5078 2646 5138 vel
2680 5079 2971 5157 physica,
3026 5077 3127 5139 vel
3161 5081 3403 5158 morali,
3442 5089 3505 5143 et

1940 5174 2009 5235 in
2041 5172 2160 5234 1108
2188 5190 2371 5233 8811811
2399 5177 2565 5232 certa
2587 5171 2835 5230 videtur
2869 5170 2976 5231 illa
2999 5188 3165 5250 parS,
3188 5172 3337 5250 qnia
3376 5193 3505 5236 non

1941 5271 2183 5346 oportet
2207 5271 2279 5326 ut
2318 5263 2546 5324 subditi
2586 5280 2725 5322 cum
2770 5263 3081 5324 evidentia
3120 5263 3220 5324 vel
3257 5267 3508 5328 certitu-

1942 5359 2088 5419 dine
2116 5358 2312 5418 sciant
2351 5356 2694 5435 principem
2724 5354 3073 5416 observasse
3100 5373 3313 5416 omncs
3354 5377 3506 5419 con-

1942 5451 2209 5513 ditiones
2224 5449 2477 5529 justitioe
2504 5448 2572 5507 in
2598 5447 2851 5508 ferendo
2874 5449 3129 5525 tributo,
3158 5453 3229 5509 ut
3252 5455 3506 5511 tenean-

3029 5553 3109 5614 32
