3976 6219
511 464 633 525 260

511 574 756 631 tantum
777 558 1174 643 obligationis
1187 556 1510 634 naturalis,
1541 564 1614 619 ut
1635 564 1729 620 est
1748 557 1848 620 lex
1870 556 2069 618 civilis

509 661 842 744 prohibens
860 656 1122 731 furtum,
1141 653 1240 715 vel
1257 651 1687 727 homicidium,
1708 650 1810 713 vel
1827 668 2065 728 usuras,

510 761 573 819 et
598 756 664 816 in
701 752 1063 813 universum
1098 745 1300 808 omnis
1336 745 1444 807 illa
1483 763 1622 825 quse
1661 744 1941 825 praecipit
1964 742 2067 805 vel

510 846 798 930 prohibet
831 841 1065 923 aliquid
1083 886 1105 916 ,
1144 838 1310 919 quod
1345 856 1456 919 per
1489 837 1898 900 necessariam
1929 835 2067 897 illa-

509 943 747 1003 tionem
771 934 1096 998 deducitur
1127 950 1206 994 ex
1231 930 1551 1012 principiis
1576 929 1731 1010 legis
1762 926 2067 991 naturalis

509 1042 811 1113 tanquam
831 1026 1242 1092 necessarium
1273 1024 1354 1085 ad
1379 1041 1628 1085 morum
1655 1024 2063 1098 honestatem,

510 1135 583 1189 ut
621 1124 860 1187 notavit
897 1122 1044 1183 Soto
1105 1119 1194 1179 ib.
1243 1119 1282 1177 2
1314 1116 1392 1177 de
1428 1116 1463 1176 J
1467 1116 1636 1177 ustit.
1662 1160 1685 1192 ,
1729 1114 2070 1195 quaestione

511 1220 753 1300 quinta,
783 1213 1047 1277 articulo
1073 1209 1380 1273 secundo:
1406 1208 1530 1270 alia
1554 1207 1657 1269 lex
1676 1208 1956 1270 humana
1977 1214 2071 1269 est

518 1331 653 1394 quse
698 1309 871 1373 addit
911 1304 1355 1384 obligationem
1392 1301 1719 1382 specialem
1741 1346 1762 1377 ,
1809 1319 1948 1381 quae
1995 1318 2074 1362 ex

516 1405 662 1469 solis
682 1398 1003 1485 principiis
1028 1394 1416 1458 naturalibus
1443 1393 1664 1455 deduci
1690 1411 1818 1455 non
1842 1398 2069 1473 posset,

515 1516 631 1560 nec
657 1494 996 1567 evidenter,
1025 1507 1140 1551 nec
1160 1486 1582 1569 probabiliter,
1607 1491 1680 1547 ut
1700 1492 1794 1547 est
1810 1487 1912 1547 lex
1933 1502 2076 1565 pro-

515 1592 737 1654 hibens
768 1606 850 1651 ne
871 1602 1048 1649 arma
1072 1587 1251 1645 nocte
1278 1580 1657 1655 deferantur,
1684 1579 1783 1641 vel
1805 1596 1902 1640 res
1921 1577 2077 1640 tales

517 1704 554 1747 e
585 1701 780 1763 regno
807 1676 1236 1751 extrahantur,
1267 1678 1330 1735 et
1360 1670 1610 1733 similes,
1657 1671 1809 1731 Item
1848 1669 2079 1749 duplex

519 1784 612 1839 est
633 1773 921 1839 deductio
943 1769 1183 1848 exlege
1209 1765 1500 1840 naturali,
1531 1770 1604 1825 ut
1629 1764 1795 1825 idem
1817 1764 1887 1823 D.
1916 1763 2080 1824 Tho-

519 1889 654 1933 mas
698 1872 896 1943 notat,
933 1880 1061 1927 una
1095 1866 1186 1923 est
1222 1878 1335 1940 per
1375 1858 1630 1919 modum
1671 1855 2081 1918 conclusionis

521 1982 599 2027 ex
627 1959 966 2043 principiis,
1009 1973 1150 2036 quse
1182 1953 1329 2015 satis
1354 1957 1504 2013 nota
1538 1956 1651 2027 est,
1686 1949 1810 2011 alia
1837 1956 1929 2011 est
1967 1966 2081 2029 per

523 2056 781 2119 modum
827 2047 1361 2115 determinationis
1383 2091 1404 2122 ,
1446 2044 1594 2124 quia
1636 2043 1734 2105 lex
1780 2043 2079 2105 naturalis

521 2149 722 2213 solum
751 2143 1028 2226 praecipit
1063 2138 1298 2220 aliquid
1327 2139 1397 2198 in
1437 2135 1735 2217 generali,
1777 2142 1872 2213 ut,
1904 2135 2083 2198 verbi

521 2241 752 2323 gratia,
798 2236 1031 2300 tributa
1065 2250 1198 2295 esse
1239 2229 1557 2306 solvenda,
1603 2227 1908 2291 maleficia
1951 2246 2083 2291 esse

522 2332 860 2416 punienda,
889 2334 1007 2391 etc.
1037 2343 1060 2406 3
1089 2344 1168 2387 ex
1189 2324 1310 2385 1106
1337 2327 1547 2385 autem
1574 2321 1881 2403 principio
1912 2321 2084 2383 colli·

523 2428 614 2507 git
640 2424 910 2507 prudens
933 2421 1094 2483 ratio
1114 2422 1396 2497 oportere
1421 2414 1832 2477 determinare
1849 2419 2080 2476 certam

522 2519 934 2601 quantitatem
952 2510 1193 2587 tributi,
1221 2515 1330 2572 aut
1354 2526 1576 2589 poenae,
1593 2514 1748 2586 etc.;
1773 2525 1963 2587 quam
1977 2508 2084 2569 de·

522 2609 1028 2676 terminationem
1053 2604 1225 2668 addit
1256 2602 1572 2681 legislator
1596 2599 1908 2662 humanus
1933 2618 2083 2681 pru-

524 2705 699 2768 denti
737 2702 992 2765 arbitrio
1012 2744 1033 2778 ‚
1084 2703 1147 2759 et
1191 2714 1302 2777 per
1337 2700 1704 2775 potestatem
1735 2692 1853 2753 sibi
1883 2710 1922 2753 a
1957 2693 2083 2754 Deo

524 2799 736 2860 datam
757 2840 780 2874 ,
826 2793 1032 2856 media
1067 2788 1308 2851 ratione
1349 2785 1618 2849 naturali
1645 2785 1848 2866 quoad
1875 2784 2085 2846 civiles

524 2892 716 2971 legeS,
753 2894 822 2950 ut
847 2904 1036 2966 supra
1063 2888 1381 2945 ostensum
1401 2885 1516 2955 est,
1547 2884 1610 2941 et
1636 2878 1777 2939 ideo
1802 2884 1966 2940 recte
1988 2877 2085 2938 di-

524 2984 686 3046 citur
713 2980 858 3043 talis
883 2978 982 3041 lex
1008 2976 1285 3037 humana
1310 2972 1579 3035 derivari
1603 2990 1644 3032 a
1673 2970 1942 3032 naturali
1967 2988 2079 3051 per

527 3077 786 3140 modum
832 3066 1385 3135 determinationis.
1438 3065 1677 3127 Priores
1721 3081 1871 3144 ergo
1911 3062 2082 3144 leges

525 3171 919 3234 deducuntur
938 3164 1131 3247 priori
1157 3160 1364 3237 modo,
1393 3159 1621 3222 scilicet
1633 3201 1656 3235 ,
1685 3175 1798 3239 per
1824 3159 2085 3220 modum

526 3259 930 3328 conclusionis
954 3277 1032 3320 ex
1066 3256 1204 3336 lege
1239 3252 1511 3316 naturali
1531 3297 1552 3328 ‚
1587 3252 1769 3332 quia,
1813 3270 1882 3313 re
1908 3270 2081 3329 vera,

527 3355 870 3420 secundum
904 3370 970 3414 se
1005 3349 1406 3412 continentur
1444 3345 1558 3407 sub
1591 3351 1723 3406 tota
1753 3345 2085 3408 latitudine

525 3450 739 3529 legum
770 3443 1172 3518 naturalium,
1214 3446 1287 3501 ut
1324 3457 1401 3500 ex
1433 3438 1594 3500 libro
1635 3437 1905 3498 secundo
1941 3455 2086 3500 con-

523 3547 666 3617 stat,
695 3544 759 3601 et
785 3556 862 3600 ex
886 3536 954 3598 vi
972 3532 1228 3596 rationis
1255 3530 1552 3592 naturalis
1576 3528 1813 3590 habent
1839 3528 2085 3610 obliga-

525 3635 763 3696 tionem
789 3646 968 3692 suam
1004 3624 1364 3707 primariam
1377 3667 1399 3700 ,
1438 3640 1628 3702 quam
1660 3621 1861 3702 magis
1885 3622 2087 3684 incul-

527 3730 629 3786 cat
649 3769 670 3801 ,
713 3740 823 3784 seu
858 3720 1148 3802 proponit
1172 3715 1484 3795 legislator
1509 3715 1823 3777 humanus
1843 3760 1865 3793 ,
1913 3722 1975 3778 et
2008 3733 2087 3778 ex

526 3823 702 3900 parte
745 3832 858 3876 sua
899 3811 1108 3891 aliquo
1165 3809 1350 3871 modo
1401 3814 1592 3887 auget
1641 3807 2087 3888 obligationem

525 3910 704 3974 illam
735 3906 956 3970 saltem
983 3902 1318 3966 extensive.
1355 3900 1726 3962 Posteriores
1757 3907 1968 3963 autem
1994 3901 2087 3964 le·

527 4023 658 4086 ges,
686 4019 825 4084 quae
847 3995 1270 4081 propriissime
1289 3994 1582 4056 humanae
1609 4000 1777 4072 sunt,
1800 3994 2087 4058 derivan-

526 4105 632 4160 tur
673 4115 714 4158 a
750 4095 888 4174 lege
933 4088 1206 4154 naturali
1250 4087 1450 4150 solum
1493 4087 1818 4168 posteriori
1863 4088 2082 4166 modo,

529 4191 781 4265 scilicet,
805 4205 917 4268 per
931 4183 1190 4246 modum
1212 4180 1768 4258 determinationis,
1789 4187 1853 4244 et
1869 4200 2086 4244 secun·

527 4284 680 4347 dum
707 4281 884 4343 illam
921 4276 1502 4340 determinationem
1545 4273 1822 4354 obligant
1864 4274 2087 4336 imme-

527 4378 693 4439 diate
719 4393 796 4437 ex
816 4373 882 4434 vi
898 4370 1216 4451 potestatis
1235 4368 1595 4448 legislativae
1608 4366 1922 4444 humanae,
1945 4385 2087 4447 quoe

526 4468 966 4550 obligationem
987 4463 1159 4523 illam
1175 4462 1246 4521 in
1263 4461 1630 4522 conscientia
1645 4464 1843 4540 potest
1860 4460 2089 4522 addere

528 4582 717 4644 supra
735 4556 1176 4636 obligationem
1193 4553 1350 4632 legis
1371 4552 1692 4629 naturalis,
1712 4552 1812 4614 vel
1833 4552 2082 4630 divinoe,

525 4661 599 4718 ut
623 4659 938 4716 ostensum
967 4653 1102 4710 est:
1137 4651 1200 4708 et
1229 4646 1377 4726 quia
1419 4644 1528 4708 illa
1566 4650 1856 4725 potestas,
1883 4645 2088 4725 quoad

549 4767 692 4830 eges
717 4744 952 4821 civiles,
981 4741 1296 4803 derivatur
1313 4738 1391 4800 ad
1410 4738 1731 4800 hominem
1759 4739 1965 4800 media
1988 4758 2089 4800 ra-

553 4844 694 4906 ione
729 4835 1036 4910 naturali,
1079 4838 1152 4894 ut
1189 4850 1375 4912 supra
1414 4840 1727 4892 ostensum
1762 4837 1881 4908 est,
1942 4831 2082 4894 ideo

527 4941 694 5000 recte
725 4933 1020 4994 dicuntur
1047 4926 1201 4989 tales
1230 4924 1396 5004 leges
1428 4924 1722 4985 humanae
1755 4925 1980 4987 deduci
2006 4943 2085 4988 ex

528 5025 798 5092 naturali
824 5042 935 5105 per
960 5020 1216 5084 modum
1238 5017 1768 5079 determinationis
1781 5061 1804 5095 ,
1833 5035 1946 5079 seu
1969 5018 2087 5080 ad-

527 5120 780 5184 ditionis
819 5117 995 5179 factoe
1037 5131 1148 5195 per
1197 5115 1566 5193 potestatem
1614 5110 1954 5172 derivatam
2006 5113 2087 5174 ab

526 5217 662 5298 ipsa
684 5213 821 5292 lege
853 5206 1142 5271 naturali.

613 5309 712 5368 11.
757 5305 874 5368 Fit
904 5301 1063 5365 satis
1095 5299 1471 5380 moramentis
1496 5296 1974 5363 adversantibus.
2004 5329 2087 5346 —

529 5402 821 5483 Superest
858 5400 930 5456 ut
967 5392 1352 5472 argumentis
1401 5391 1469 5452 in
1526 5392 1830 5472 principio
1872 5393 2087 5473 positis

526 5489 1030 5576 respondeamus.
1060 5484 1155 5546 Ad
1174 5484 1471 5565 primum,
1495 5489 1818 5564 sumptum
1835 5503 1914 5546 ex
1932 5503 2087 5548 voce

524 5594 590 5653 et
607 5581 1000 5650 distinctione
1014 5577 1156 5654 fori,
1171 5575 1598 5656 respondetur,
1621 5576 1865 5640 etiamsi
1879 5577 2088 5643 forum

1509 456 1625 512 Lm.
1661 459 1753 517 111.
1779 457 1862 511 DE
1894 456 2055 511 LEGE
2085 454 2346 510 mana
2376 457 2455 510 ΕΤ
2488 458 2691 512 cmm.

2144 563 2469 620 externum
2488 559 2691 638 quoad
2712 554 3141 620 executionem
3162 559 3224 618 et
3247 554 3557 636 judicium
3580 554 3712 616 dis-

2144 651 2406 712 tinctum
2436 651 2515 713 sit
2544 671 2583 713 a
2614 651 2750 712 foro
2780 651 3027 712 interno
3057 656 3121 712 et
3150 649 3539 711 conscientias
3557 696 3577 725 ,
3608 650 3713 710 ni-

2145 743 2481 805 hilominus
2528 763 2607 806 ex
2647 743 2785 825 lege
2824 743 3093 805 exterius
3132 743 3334 823 posita
3378 742 3457 803 de
3498 742 3711 821 aliquo

2147 842 2289 899 actu
2332 837 2677 899 redundare
2731 836 3043 898 diversum
3092 834 3403 915 judicium
3454 835 3523 896 in
3569 835 3713 896 foro

2152 931 2543 993 conscientiae
2564 930 2642 991 de
2672 929 2889 991 eodem
2916 934 3055 990 actu
3072 973 3093 1004 ,
3138 928 3288 1008 quia
3308 928 3451 989 talis
3473 927 3574 989 lex
3598 928 3717 991 ha-

2150 1022 2255 1084 bet
2272 1023 2399 1085 vim
2417 1022 2831 1086 constituendi
2847 1022 3038 1084 talem
3054 1022 3386 1097 actionem,
3406 1020 3507 1082 vel
3528 1021 3723 1082 omis-

2150 1117 2385 1178 sionem
2408 1117 2477 1180 in
2503 1118 2765 1179 materia
2784 1114 3127 1177 necessaria
3151 1114 3403 1175 virtutis
3427 1113 3525 1175 vel
3547 1114 3713 1191 vitii,

2150 1228 2275 1290 qua
2298 1210 2520 1272 morali
2544 1209 2889 1270 mutatione
2915 1207 3100 1285 facta,
3130 1206 3503 1268 conscientia
3522 1206 3719 1268 dictat

2151 1302 2269 1365 1106
2305 1302 2504 1365 facere
2542 1301 2643 1364 vel
2684 1302 2971 1363 omittere
3008 1318 3137 1362 esse
3180 1306 3522 1381 peccatum.
3557 1301 3719 1361 Item

2152 1396 2341 1458 habet
2369 1398 2499 1457 vim
2540 1395 2642 1456 lex
2676 1394 2954 1456 humana
2985 1392 3337 1474 applicandi
3378 1412 3489 1454 suo
3526 1393 3715 1455 modo

2151 1490 2541 1552 voluntatem
2588 1489 2698 1550 Dei
2724 1535 2745 1566 ‚
2795 1496 2858 1550 et
2908 1494 3352 1569 consequenter
3410 1486 3723 1549 efficiendi

2154 1582 2595 1662 obligationem
2633 1583 2702 1644 in
2736 1582 2871 1643 foro
2908 1580 3331 1659 conscientiae3
3372 1581 3539 1641 unde
3568 1580 3721 1641 sim-

2156 1675 2397 1756 pliciter
2422 1676 2782 1755 negandum
2798 1679 2891 1737 est
2908 1673 3195 1735 homines
3212 1691 3340 1734 non
3362 1692 3538 1753 posse
3561 1672 3723 1734 obli-

2161 1786 2309 1847 gare
2334 1768 2405 1829 in
2428 1768 2564 1830 foro
2591 1768 2743 1844 Dei,
2795 1768 2944 1847 quia
2986 1765 3238 1847 quando
3276 1772 3616 1847 operantur
3646 1771 3723 1827 ut

2158 1861 2427 1923 ministri
2469 1861 2620 1936 Dei,
2654 1861 2724 1921 in
2765 1860 2899 1921 foro
2939 1859 3218 1938 ejusdem
3260 1859 3371 1921 Dei
3414 1858 3715 1939 obligant.

2159 1954 2280 2015 Nec
2314 1958 2406 2015 est
2434 1954 2873 2015 inconveniens
2906 1952 3071 2033 quod
3098 1950 3357 2013 inferior
3392 1951 3623 2031 obliget
3649 1953 3722 2012 in

2159 2045 2295 2108 foro
2344 2046 2676 2128 superioris
2692 2091 2713 2123 ,
2762 2044 3011 2126 quando
3058 2062 3171 2125 per
3223 2050 3591 2125 potestatem
3634 2044 3722 2105 ab

2156 2139 2419 2220 ipsomet
2444 2140 2753 2221 superiore
2780 2138 2989 2200 datam
3025 2143 3315 2218 operatur
3337 2154 3358 2216 3
3406 2156 3554 2199 nam
3582 2137 3721 2218 ipse

2160 2232 2441 2313 superior
2482 2232 2617 2294 vult
2660 2238 2733 2293 ut
2778 2232 2837 2293 ei
2878 2231 3202 2293 obediatur
3220 2276 3243 2307 ,
3284 2230 3469 2309 juxta
3514 2228 3668 2290 illud
3700 2246 3719 2292 ε

2165 2325 2283 2401 Qui
2299 2344 2403 2388 vos
2424 2326 2599 2388 audit
2616 2344 2706 2389 mo
2728 2326 2901 2387 audit
2914 2352 2941 2399 ,·
2960 2324 3126 2385 unde
3147 2322 3338 2385 etiam
3364 2322 3715 2402 subjungit:

2167 2418 2286 2494 Qui
2312 2437 2416 2482 vos
2447 2419 2679 2499 spernit
2704 2434 2795 2480 me
2821 2419 3073 2497 spernit.
3105 2415 3200 2477 Ad
3224 2415 3565 2478 secundum
3595 2435 3725 2478 res-

2162 2511 2467 2591 pondetur
2497 2516 2864 2591 potestatem
2893 2508 3137 2572 civilem
3164 2508 3285 2569 dici
3312 2510 3721 2589 temporalem

2161 2622 2241 2667 ex
2264 2609 2439 2683 parte
2466 2604 2765 2679 materiae,
2794 2609 2859 2665 et
2882 2602 3002 2664 hoc
3029 2602 3213 2664 modo
3236 2608 3329 2663 est
3349 2621 3570 2665 verum
3592 2620 3723 2664 non

2162 2714 2337 2777 posse
2362 2714 2591 2777 ponere
2610 2695 2932 2757 vinculum
2958 2695 3300 2777 spirituale,
3352 2694 3604 2770 scilicet,
3648 2694 3723 2755 in

2162 2790 2423 2852 materia
2446 2789 2778 2870 spirituali,
2805 2790 2906 2851 vel
2935 2807 3047 2870 per
3066 2808 3155 2866 se,
3180 2806 3253 2850 66
3279 2787 3507 2850 directe
3528 2789 3596 2849 in
3619 2807 3721 2849 or-

2162 2880 2309 2943 dine
2342 2882 2425 2943 ad
2454 2881 2840 2962 spiritualem
2864 2888 3103 2957 actum,
3142 2880 3245 2943 vel
3271 2880 3578 2943 effectum.
3616 2882 3725 2943 Ni*

2162 2974 2501 3037 bilominus
2527 2980 2738 3037 tamen
2767 2981 3072 3055 quatenus
3092 2974 3161 3035 in
3192 2977 3456 3035 materia
3474 2980 3722 3054 tempo-

2162 3068 2280 3132 rali
2322 3074 2521 3150 potest
2558 3069 2816 3152 reperiri
2860 3068 3149 3131 honestas
3198 3072 3262 3130 et
3304 3066 3599 3147 obligatio
3638 3066 3721 3129 ad

2162 3161 2336 3224 illam
2362 3161 2762 3237 servandam,
2797 3168 3049 3224 eatenus
3073 3165 3272 3242 potest
3294 3159 3398 3222 lex
3424 3161 3621 3222 civilis
3641 3178 3721 3222 ex

2168 3262 2338 3338 parte
2374 3256 2649 3319 materiae
2685 3255 2805 3317 1106
2834 3255 3156 3318 vinculum
3188 3273 3445 3342 ponere,
3478 3254 3725 3316 etiamsi

2162 3349 2371 3430 aliquo
2434 3350 2619 3411 modo
2676 3348 2995 3430 spirituale
3044 3347 3327 3411 videatur
3342 3392 3365 3426 ,
3416 3352 3723 3428 quatenus

2164 3443 2541 3506 conscientia
2566 3443 2715 3524 quid
2738 3441 3059 3525 spirituale
3081 3454 3197 3521 est,
3227 3443 3371 3523 quia
3391 3440 3554 3502 facia
3581 3459 3725 3502 mu-

2162 3536 2397 3598 tatione
2423 3535 2490 3597 in
2518 3536 2781 3599 materia
2805 3536 3157 3616 temporali,
3187 3535 3317 3616 ipsa
3341 3533 3727 3596 conscientia

2163 3626 2344 3690 aliter
2370 3629 2561 3692 dictat
2585 3629 2661 3691 de
2695 3629 3017 3692 honestate
3043 3628 3145 3690 vel
3170 3625 3553 3710 turpitudine
3580 3627 3723 3688 talis

2162 3721 2463 3784 materiae.
2507 3723 2779 3784 Potestas
2813 3727 3027 3784 autem
3058 3721 3255 3783 civilis
3288 3725 3487 3802 potest
3516 3719 3723 3780 facere

2161 3813 2337 3876 illam
2366 3815 2778 3877 mutationem
2811 3815 2882 3876 in
2920 3814 3203 3876 materia.
3254 3813 3429 3876 Adde
3460 3817 3725 3894 potesta-

2162 3912 2291 3969 tem
2311 3907 2485 3969 illam
2512 3926 2639 3970 esse
2660 3909 3196 3990 participationem
3212 3907 3443 3970 divinae
3460 3911 3723 3987 potesta-

2160 4001 2241 4062 tis
2270 4049 2285 4074 ,
2328 4007 2391 4063 et
2434 4001 2551 4062 sub
2588 4019 2665 4063 ea
2706 4001 2946 4064 ratione
2993 4020 3169 4082 posse
3215 4000 3533 4063 includere
3588 3999 3721 4060 vim

2162 4094 2501 4176 quamdam
2540 4113 2681 4178 quae
2725 4096 3013 4178 spiritum
3057 4094 3265 4176 ipsum
3309 4100 3375 4157 et
3410 4095 3721 4157 rationem

2160 4187 2335 4268 liget.

2245 4283 2341 4345 12.
2388 4281 2486 4344 Ad
2530 4280 2789 4344 tertium
2837 4279 3241 4361 respondetur
3292 4279 3461 4359 leges
3510 4277 3721 4340 civiles

2164 4373 2355 4436 etiam
2398 4372 2721 4436 intendere
2756 4373 3143 4436 honestatem
3190 4389 3437 4434 morum
3486 4371 3557 4431 in
3607 4388 3723 4431 sua

2164 4467 2427 4530 materia
2446 4467 2593 4529 etin
2614 4468 2832 4530 ordine
2851 4467 2933 4528 ad
2960 4485 3142 4528 suum
3162 4465 3379 4542 finem,
3406 4469 3471 4526 et
3486 4463 3605 4524 hac
3622 4482 3725 4524 ra·-

2163 4561 2331 4623 tione
2358 4579 2531 4642 posse
2557 4561 2626 4621 in
2650 4560 3024 4623 conscientia
3048 4559 3343 4639 obligare.
3374 4557 3607 4618 Deinde
3630 4556 3725 4617 di-

2166 4655 2325 4717 citur
2357 4655 2553 4736 ipsam
2600 4654 3043 4733 obligationem
3078 4654 3147 4714 in
3182 4649 3554 4713 conscientia
3589 4667 3727 4710 esse

2165 4748 2573 4810 necessariam
2602 4753 2674 4807 ut
2707 4751 2973 4827 potestas
3009 4745 3207 4808 civilis
3242 4761 3351 4825 per
3384 4759 3525 4804 suas
3552 4741 3725 4822 leges

2166 4841 2356 4921 possit
2390 4841 2723 4904 efficaciter
2760 4840 3053 4920 consequi
3085 4839 3279 4901 finem
3306 4854 3492 4900 suum
3504 4882 3527 4914 ‚
3566 4837 3725 4916 ‘quia

2167 4932 2289 4993 nisi
2329 4932 2495 4994 cives
2533 4934 2602 4995 in
2637 4933 3012 4995 conscientia
3044 4937 3377 4994 teneantur
3408 4947 3484 4991 ea
3500 4928 3723 4990 ,facere

2166 5023 2265 5085 vel
2300 5024 2498 5086 vitare
2534 5045 2671 5106 quae
2708 5026 2813 5088 lex
2850 5024 3048 5087 civilis
3086 5023 3415 5086 efficaciter
3443 5021 3726 5104 praecipit

2166 5122 2277 5188 aut
2300 5117 2609 5196 prohibet,
2632 5137 2759 5181 non
2784 5119 3012 5199 poterit
3036 5135 3159 5198 pax
3178 5121 3241 5178 et
3259 5117 3504 5196 justitia
3518 5114 3726 5193 reipu-

2166 5209 2343 5276 blicoe
2376 5212 2748 5289 conservari,
2791 5212 2940 5292 quia
2974 5210 3260 5271 homines
3299 5208 3582 5289 proxime
3614 5223 3729 5286 per

2164 5303 2603 5366 conscientiam
2632 5303 2989 5384 diriguntur
3015 5302 3082 5364 in
3110 5301 3454 5364 actionibus
3480 5299 3629 5374 suis,
3664 5301 3729 5358 et

2165 5394 2304 5457 ideo
2324 5414 2569 5458 necesse
2595 5402 2689 5458 est
2704 5402 2776 5458 ut
2798 5414 2876 5458 ex
2897 5396 3033 5474 lege
3055 5394 3224 5457 civili
3244 5392 3551 5456 redundet
3572 5388 3731 5451 obli-

2168 5489 2337 5568 gatio
2364 5489 2443 5550 ad
2470 5489 2931 5551 conscientiam.
2962 5488 3057 5550 Ad
3075 5492 3367 5568 quartum
3369 5531 3391 5563 ,
3413 5486 3491 5548 de
3514 5482 3732 5562 cogni-

2164 5581 2337 5644 tione
2356 5581 2941 5674 talisobligationis,
2970 5579 3376 5663 respondetur
3400 5577 3575 5642 aliud
3594 5591 3735 5640 esse
