3976 6219
536 384 654 443 150

534 503 861 568 personam
880 485 1150 563 feminae,
1179 507 1368 567 quam
1390 491 1578 552 habet
1597 493 1776 566 Deus,
1802 498 1874 552 ut
1905 492 2097 571 possit

533 580 713 643 alteri
748 578 990 640 tradere
1020 580 1084 638 in
1114 599 1291 641 suam
1329 589 1511 661 prout
1543 583 1832 657 voluerit,
1869 590 1929 644 et
1957 585 2095 644 ideo

533 672 723 734 etiam
750 676 1087 749 potuerunt
1113 673 1279 750 leges
1309 674 1600 735 humanae
1639 694 1751 755 per
1777 677 2097 755 usucapio-

532 782 680 826 nem
716 769 958 823 mutarc
1004 763 1280 826 dominia
1309 786 1553 846 rerum,
1583 787 1710 829 non
1755 776 1965 828 tamen
2007 769 2097 829 ita

502 861 866 938 ‘potuerunt
916 862 1159 918 mutare
1209 857 1483 922 dominia
1539 880 1828 923 uxorum.
1883 862 1959 921 Et
2007 862 2096 922 ita

531 956 733 1010 stante
751 948 885 1026 lege
906 948 1181 1010 humana
1199 957 1398 1029 potest
1416 953 1693 1014 desinere
1713 971 1839 1014 esse
1859 953 2096 1013 furtum

530 1040 698 1121 quod
729 1045 913 1101 antea
939 1040 1175 1116 fuisset,
1205 1060 1332 1102 non
1358 1050 1568 1106 tamen
1593 1051 1790 1124 potest
1817 1044 2095 1105 desinere

531 1152 662 1196 esse
688 1133 1066 1194 adulterium
1088 1135 1252 1213 quod
1278 1154 1390 1215 per
1420 1155 1485 1199 se
1511 1138 1632 1199 tale
1664 1138 1889 1199 existit.

611 1228 714 1286 22.
764 1226 909 1299 Quoe
951 1232 1252 1304 proeoepta
1286 1234 1526 1291 naturoe
1552 1231 1677 1292 sint
1705 1231 1938 1291 omnino
1980 1230 2097 1289 im-

530 1318 1261 1380 mutabilia—Praeterea
1275 1338 1353 1380 ex
1371 1320 1468 1380 his
1483 1320 1681 1382 obiter
1698 1320 2093 1398 intelligitur,

531 1411 1035 1491 quotiescumque
1080 1412 1344 1473 materia
1381 1415 1671 1493 praecepti
1702 1413 1844 1474 talis
1879 1413 2089 1488 fuerit,

531 1510 604 1565 ut
631 1505 922 1565 honestas
951 1503 1052 1564 vel
1076 1505 1398 1583 turpitudo
1419 1508 1552 1584 ejus
1580 1525 1705 1566 non
1731 1506 1998 1585 pendeat
2020 1524 2097 1566 ex

532 1597 809 1658 dominio
825 1595 1059 1672 divinn,
1085 1601 1235 1656 tunc
1249 1616 1377 1657 non
1403 1599 1603 1658 solum
1620 1597 2095 1676 indispensabile

534 1706 663 1750 esse
686 1688 808 1748 tale
829 1693 1228 1767 praeceptum,
1258 1690 1363 1750 sed
1383 1691 1572 1750 etiam
1595 1691 1682 1750 ita
1708 1688 2097 1749 immutabile

533 1787 607 1841 ut
640 1798 767 1840 non
786 1781 975 1859 possit
992 1780 1121 1840 ulla
1153 1782 1392 1842 ratione
1425 1782 1667 1842 licitum
1689 1782 1824 1842 fieri
1847 1783 1910 1842 id
1932 1782 2097 1860 quod

533 1872 849 1959 prohibet:
894 1872 1094 1932 solum
1125 1873 1295 1933 enim
1331 1875 1397 1934 in
1439 1875 1744 1952 negativis
1777 1875 2097 1954 praeceptis

534 1965 655 2025 hoc
685 1965 930 2043 proprie
952 1965 1290 2025 invenitur.
1318 1967 1686 2044 Hujusmodi
1712 1972 1801 2027 est
1822 1968 2097 2045 primum

533 2062 911 2137 praeceptum
938 2057 1249 2135 Decalogi,
1266 2063 1571 2136 quatenus
1598 2060 1961 2135 negativum
1982 2064 2094 2134 est,

535 2155 598 2211 et
625 2148 911 2228 prohibet
938 2148 1166 2209 habere
1190 2149 1288 2209 vel
1315 2151 1512 2210 colere
1535 2151 1741 2229 plures
1766 2152 1942 2211 deos:
1981 2150 2098 2210 hoc

535 2241 706 2302 enim
716 2239 890 2299 nullo
907 2241 1091 2300 modo
1114 2246 1314 2320 potest
1328 2243 1670 2317 immutari,
1685 2243 1830 2321 quia
1848 2248 1941 2303 est
1956 2261 2100 2302 con-

534 2341 633 2395 tra
659 2334 965 2394 rationem
997 2334 1206 2395 ultimi
1240 2334 1380 2395 finis
1412 2342 1474 2396 et
1503 2335 1932 2397 excellentiam
1963 2338 2095 2411 Dei,

535 2445 608 2487 ac
626 2426 929 2485 unitatem
946 2426 1081 2503 ejus
1095 2445 1281 2506 quam
1302 2428 1432 2506 ipse
1448 2433 1687 2488 mutare
1716 2446 1843 2487 non
1871 2433 2093 2507 potest.

533 2520 658 2580 Nec
686 2518 855 2578 enim
883 2522 1083 2596 potest
1111 2518 1210 2579 vel
1239 2519 1434 2579 alium
1477 2521 1669 2580 Deum
1701 2521 2093 2595 constituere,

537 2610 637 2672 vel
671 2609 907 2688 aliquid
944 2610 1143 2670 facere
1182 2610 1344 2689 quod
1379 2611 1459 2671 sit
1489 2611 1711 2691 aequali
1742 2612 1978 2673 honore
2008 2614 2099 2672 di-

537 2720 766 2781 gnum:
802 2702 1065 2762 mutatio
1093 2719 1241 2779 ergo
1276 2702 1416 2762 talis
1452 2705 1741 2783 praecepti
1767 2723 1877 2765 seu
1904 2711 2100 2766 mate-

534 2795 645 2856 rioe
688 2795 822 2871 ejus
869 2811 997 2854 non
1041 2794 1205 2854 cadit
1244 2795 1360 2854 suh
1402 2795 1686 2856 divinum
1727 2797 2094 2860 dominium.

537 2887 710 2948 Idem
738 2891 830 2947 est
866 2886 941 2946 de
969 2886 1255 2947 secundo*
1281 2893 1583 2967 praecepto
1632 2889 1936 2967 Decalogi,
1967 2895 2101 2949 tum

540 2979 688 3058 quia
735 2977 998 3038 involvit
1027 2978 1508 3057 prohibitionem
1554 2981 1884 3056 mendacii,
1935 2982 2103 3060 quod

540 3069 717 3132 nulla
755 3069 993 3131 ratione
1023 3069 1338 3132 honestari
1370 3076 1574 3150 potest
1611 3071 1663 3132 si
1709 3071 2102 3133 mendacium

540 3168 755 3223 manet
790 3177 807 3222 ε
854 3168 991 3223 tum
1041 3164 1311 3225 maxime
1367 3165 1512 3243 quia
1569 3165 1854 3244 prohibet
1900 3164 2102 3226 facere

539 3256 738 3315 Deum
765 3261 1081 3316 auctorem
1104 3256 1431 3332 mendacii,
1453 3258 1616 3336 quod
1639 3258 1827 3317 etiam
1845 3257 2104 3317 includit

540 3348 1008 3409 irreverentiam
1037 3349 1168 3424 Dei,
1206 3350 1360 3409 adeo
1394 3355 1844 3428 repugnantem
1880 3350 2105 3410 divinae

544 3440 919 3513 auctoritati,
941 3445 1012 3498 ut
1030 3457 1154 3499 non
1178 3440 1370 3518 possit
1389 3440 1455 3499 in
1478 3440 1596 3499 hoc
1618 3442 1832 3501 cedere
1847 3442 1974 3520 juri
1993 3460 2105 3502 suo

548 3534 641 3609 (ut
669 3533 757 3591 sic
792 3531 1041 3607 dicam).
1083 3531 1281 3610 Atque
1321 3534 1390 3593 in
1421 3533 1534 3593 hoc
1562 3551 1744 3593 sensu
1769 3553 1987 3595 verum
2015 3541 2106 3596 est

546 3623 713 3702 quod
741 3622 1102 3684 intendebat
1133 3624 1371 3700 Scotus,
1401 3625 1534 3685 haec
1559 3624 1696 3685 aliis
1718 3645 1851 3688 esse
1877 3627 2102 3687 immu-

545 3714 853 3776 tabiliora.

626 3810 729 3871 23.
789 3810 1008 3872 Utrum
1045 3811 1211 3875 Deus
1236 3811 1435 3891 possit
1462 3813 1651 3876 alicui
1681 3815 1981 3877 concedere
2015 3816 2108 3877 vel

540 3902 886 3983 permittere
923 3907 994 3965 ut
1033 3920 1144 3981 per
1198 3909 1384 3966 totam
1432 3906 1824 3968 oetornimtem
1870 3908 2104 3968 nullum

547 4000 770 4056 motum
797 3996 1007 4057 bonum
1031 3996 1194 4057 circa
1215 3996 1414 4074 ipsum
1440 4003 1719 4059 exerceat.
1728 3999 1892 4059 -De
1919 3999 2103 4059 tertio

547 4091 781 4162 autem,
807 4104 949 4146 cum
968 4087 1047 4146 sit
1070 4088 1532 4163 affirmativum,
1557 4095 1795 4150 certum
1817 4097 1907 4152 est
1929 4109 2103 4170 posse

547 4196 586 4238 a
617 4179 740 4238 Deo
773 4177 908 4239 fieri
944 4185 1015 4239 ut
1052 4198 1211 4259 saepe
1248 4198 1376 4240 non
1410 4180 1641 4260 obliget
1677 4183 1924 4261 quando
1952 4182 2104 4243 alias

544 4271 886 4332 secundum
925 4288 1319 4333 communem
1357 4290 1606 4334 cursum
1631 4292 1841 4334 rerum
1871 4274 2103 4352 obliga-

544 4367 661 4423 ret.
704 4363 800 4423 An
839 4380 985 4423 vero
1013 4364 1202 4441 possit
1237 4362 1479 4424 homini
1508 4364 1820 4427 licentiam
1857 4367 2006 4428 dare
2031 4373 2103 4426 ut

545 4472 656 4533 per
676 4459 877 4514 totum
904 4455 1048 4514 vitae
1066 4461 1330 4533 tempus,
1357 4462 1441 4529 et,
1467 4456 1629 4535 quod
1655 4457 1965 4518 difficilius
1984 4464 2097 4534 est,

543 4563 655 4626 per
686 4551 880 4605 totam
912 4547 1319 4606 aeternitatem
1338 4547 1580 4607 nullum
1602 4548 1835 4609 bonum
1861 4556 2101 4611 motum

544 4638 705 4698 circa
749 4638 953 4716 ipsum
997 4644 1299 4713 exerceat,
1332 4657 1532 4718 neque
1568 4640 1804 4701 cultum
1832 4642 2101 4720 aliquem

540 4730 894 4809 proximum
915 4734 976 4789 et
996 4729 1296 4790 directum
1312 4730 1620 4806 exhibeat,
1641 4751 1769 4793 non
1789 4733 2100 4793 immerito

541 4820 850 4881 dubitavit
886 4820 1117 4880 ScotuS.
1161 4822 1456 4881 Nonnulli
1490 4841 1636 4884 vero
1664 4843 1741 4884 ex
1773 4824 2102 4884 Thomistis

540 4918 791 4974 censent
816 4910 935 4972 hoc
958 4930 1084 4972 non
1110 4930 1284 4992 posse
1311 4914 1469 4990 fieri,
1505 4934 1618 4975 nec
1644 4934 1756 4995 per
1785 4917 2098 4995 propriam

542 5005 1085 5084 dispensationem,
1117 5023 1321 5084 neque
1347 5007 1537 5067 etiam
1562 5026 1673 5086 per
1690 5008 2098 5068 mutationem

539 5097 834 5157 materiae.
861 5097 925 5157 Si
941 5102 1154 5158 tamen
1176 5097 1632 5159 consideremus
1653 5098 1998 5159 absolutam
2026 5117 2098 5158 ac

538 5188 774 5249 nudam
812 5190 1175 5267 potentiam,
1206 5207 1333 5249 non
1361 5197 1615 5269 apparet
1650 5191 1716 5250 in
1744 5190 1862 5251 hoc
1894 5189 2097 5269 impli-

539 5280 699 5342 catio
723 5280 1242 5357 contradictionis,
1288 5282 1434 5360 quia
1465 5283 1609 5343 inde
1650 5300 1777 5342 non
1818 5283 2097 5360 sequitur

537 5392 666 5434 non
683 5389 859 5450 posse
876 5372 1064 5433 talem
1087 5374 1405 5435 hominem
1428 5374 1620 5436 bonos
1638 5382 1810 5437 actus
1833 5375 2096 5436 morales

538 5468 699 5527 circa
730 5464 967 5543 objecta
991 5473 1197 5527 creata
1223 5485 1529 5544 exercere,
1561 5469 1710 5547 quia
1735 5487 1950 5529 eorum
1986 5467 2095 5528 bo-

1169 386 1284 439 LIB.
1323 389 1382 440 11.
1421 390 1499 441 DE
1532 390 1691 443 LEGE
1723 390 2011 454 AETERNA‚
2043 391 2124 443 ET
2154 393 2486 458 NATURAU,
2521 393 2602 445 Ac
2632 391 2783 444 JURE
2815 389 3107 443 GENTIUM.

2177 495 2339 556 nitas
2366 514 2492 556 non
2522 493 2748 574 pendet
2770 510 2846 553 ex
2868 490 3094 571 praevio
3121 495 3262 550 actu
3295 486 3543 549 formali
3569 487 3741 548 circa

2177 586 2469 647 ultimum
2482 587 2695 659 finem,
2720 591 2781 645 et
2792 589 3015 643 natura
3023 601 3135 642 sua
3144 582 3409 641 tendunt
3422 581 3489 639 in
3503 581 3733 658 ipsum,

2179 684 2238 738 et
2259 679 2347 738 ita
2367 679 2632 740 mediate
2656 682 2717 736 et
2734 680 2969 736 remote
3003 673 3102 735 vel
3135 674 3313 752 quasi
3335 671 3742 732 materialiter

2176 776 2434 849 possunt
2478 770 2596 830 dici
2643 768 2957 828 continere
2989 766 3225 826 cultum
3262 765 3392 826 Dei.
3442 763 3519 823 At
3559 781 3731 836 vero,

2176 862 2617 922 considerando
2645 860 2922 920 divinam
2958 858 3300 937 potentiam
3339 862 3411 915 ut
3444 857 3740 933 conjunc-

2174 961 2305 1016 tam
2343 955 2604 1015 infinitae
2639 952 2954 1031 sapientiae
2986 956 3048 1011 et
3084 950 3349 1010 bonitati
3386 948 3515 1023 Dei,
3547 953 3738 1026 atque

2176 1048 2330 1108 adeo
2343 1047 2649 1126 loquendo
2673 1044 2987 1105 moraliter
2997 1045 3087 1120 (ut
3105 1042 3191 1101 sic
3208 1042 3460 1115 dicam),
3474 1040 3739 1101 credibi-

2175 1140 2293 1200 lius
2312 1145 2402 1201 est
2420 1158 2546 1199 non
2569 1156 2742 1218 posse
2769 1138 2964 1197 Deum
2992 1136 3059 1195 in
3080 1134 3196 1195 hoc
3221 1134 3436 1195 cedere
3450 1134 3578 1211 juri
3596 1151 3736 1210 suc,

2176 1232 2322 1311 quia
2353 1236 2508 1292 esset
2534 1230 2727 1292 veluti
2753 1226 3153 1308 prodigalitas
3187 1226 3471 1305 quaedam
3494 1226 3740 1285 irratio-

2177 1324 2422 1398 nabilis,
2446 1323 2715 1382 maxime
2735 1325 3014 1399 respectu
3038 1324 3332 1379 creaturae
3354 1317 3738 1379 rationabilis

2178 1422 2240 1477 et
2257 1435 2369 1495 pro
2383 1421 2511 1476 tota
2533 1413 2894 1475 aeternitate.
2922 1414 2990 1471 In
3014 1411 3151 1471 aliis
3180 1415 3388 1470 autem
3418 1409 3738 1488 praeceptis

2176 1527 2303 1569 non
2347 1507 2599 1568 invenio
2643 1504 3005 1583 hujusmodi
3051 1501 3615 1562 immutabilitatem
3659 1519 3738 1561 ex

2177 1607 2351 1681 parte
2384 1599 2679 1672 materiae,
2712 1597 2841 1657 solo
2865 1601 3116 1673 excepto
3142 1595 3487 1667 mendacio,
3514 1600 3585 1652 ut
3602 1594 3738 1670 jam

2179 1694 2331 1768 dixi,
2357 1693 2423 1751 in
2443 1709 2564 1770 quo
2582 1691 2838 1750 fortasse
2866 1693 2955 1749 est
2972 1687 3247 1767 specialis
3265 1687 3445 1760 ratio,
3470 1685 3569 1745 vel
3588 1686 3739 1764 quia

2176 1787 2366 1847 etiam
2393 1790 2672 1862 respectu
2697 1783 2888 1860 ipsius
2914 1781 3021 1840 Dei
3045 1779 3281 1839 malum
3313 1784 3427 1853 est,
3457 1778 3555 1838 vel
3591 1779 3740 1857 quia

2178 1880 2254 1939 de
2282 1897 2345 1939 se
2369 1896 2495 1938 non
2518 1876 2824 1937 limitatur
2844 1873 2921 1934 ad
2951 1872 3275 1933 materiam
3303 1877 3595 1946 creatam,
3619 1889 3737 1931 nec

2176 1970 2405 2050 pendet
2430 1987 2507 2030 ex
2546 1967 2821 2028 dominio
2856 1966 2965 2025 Dei
3004 1966 3071 2024 in
3111 1964 3285 2024 illam
3306 1963 3406 2024 vel
3433 1964 3500 2022 in
3532 1981 3737 2041 perso-

2177 2079 2348 2135 nam,
2395 2061 2501 2122 sed
2547 2061 2614 2119 in
2642 2074 3031 2138 quacumque
3081 2056 3341 2117 materia
3380 2060 3441 2115 et
3472 2055 3546 2115 de
3586 2072 3738 2132 qua-

2180 2171 2446 2231 cumque
2477 2169 2742 2231 persona
2774 2150 2895 2210 dici
2924 2153 3145 2228 potest,
3172 2146 3271 2207 vel
3299 2145 3563 2224 denique
3591 2144 3741 2222 quia

2180 2246 2311 2323 ejus
2347 2244 2704 2306 deformitas
2749 2259 2876 2301 non
2930 2239 3155 2319 pendet
3183 2256 3261 2299 ex
3302 2237 3423 2297 alio
3461 2236 3738 2296 dominio

2179 2337 2279 2398 vel
2305 2336 2516 2396 divino
2539 2336 2703 2414 jure,
2733 2333 2837 2394 sed
2861 2333 3069 2393 statim
3101 2331 3299 2392 oritur
3327 2348 3403 2389 ex
3421 2328 3739 2389 dissonan-

2177 2430 2266 2490 tia
2290 2428 2620 2489 verborum
2649 2426 2726 2486 ad
2753 2431 3047 2486 mentem.

2257 2524 2359 2582 24.
2408 2521 2532 2595 Quo
2559 2538 2733 2583 semu
2760 2517 3090 2580 asseruerit
3110 2517 3193 2579 D.
3216 2516 3568 2579 Bor-nardus
3578 2533 3740 2594 proe-

2178 2622 2344 2694 cepta
2371 2615 2637 2678 secunda»
2672 2613 2893 2675 tabula·
2923 2611 3154 2672 mutari
3191 2628 3361 2688 poseo
3392 2627 3432 2670 a
3466 2611 3613 2671 Deo.
3657 2643 3742 2655 —

2180 2708 2457 2769 Tandem
2476 2724 2553 2766 ex
2574 2705 2752 2765 dictis
2775 2702 3143 2781 intelligitur
3161 2720 3284 2780 quo
3307 2719 3490 2762 sensu
3513 2701 3741 2762 dixerit

2180 2800 2529 2861 Bernardus
2557 2800 2624 2858 in
2651 2798 2759 2858 lib.
2795 2798 2979 2857 citato
2998 2796 3074 2856 de
3098 2798 3383 2873 Praecept.
3413 2800 3474 2856 et
3497 2795 3741 2875 dispen-

2183 2899 2323 2968 sat„
2350 2910 2483 2971 cap.
2512 2894 2573 2965 5,
2606 2908 2679 2950 ea
2705 2908 2843 2969 quoe
2870 2888 3183 2968 pertinent
3214 2889 3290 2947 ad
3323 2893 3626 2966 praecepta
3648 2906 3738 2947 se-

2184 2984 2401 3046 cundae
2450 2983 2677 3044 tabulae
2723 2981 2951 3042 mutari
2997 2998 3169 3059 posse
3218 2980 3582 3040 auctoritate
3632 2980 3737 3040 Dei

2182 3076 2632 3159 praecipientis:
2661 3074 2935 3153 loquitur
2957 3073 3124 3134 enim
3154 3089 3280 3133 non
3314 3072 3389 3133 de
3414 3073 3737 3152 praeceptis

2181 3173 2328 3252 ipsis
2351 3170 2690 3232 formaliter
2718 3168 3000 3246 sumptiS,
3028 3172 3099 3225 ut
3131 3166 3218 3226 sic
3256 3166 3481 3239 dicam,
3529 3165 3635 3226 sed
3664 3166 3740 3226 de

2182 3263 2526 3324 actionibus
2552 3262 2712 3322 circa
2733 3277 2885 3339 quas
2906 3258 3014 3318 illa
3040 3262 3342 3337 praecepta
3373 3264 3737 3336 versantur3

2184 3356 2261 3417 de
2297 3354 2519 3435 quibus
2545 3354 2656 3428 ait,
2692 3371 2835 3414 cum
2872 3369 2982 3431 per
3019 3369 3083 3412 se
3123 3368 3447 3429 nunquam
3486 3350 3738 3426 liceant,

2185 3448 2545 3508 auctoritate
2573 3447 2682 3507 Dei
2708 3443 3114 3524 praecipientis
3140 3461 3313 3523 posse
3336 3443 3536 3504 licere.
3565 3444 3740 3517 Quod

2185 3558 2401 3601 verum
2428 3545 2520 3600 est
2555 3540 2622 3599 in
2653 3555 2835 3598 sensu
2859 3535 3195 3615 explicat03
3235 3535 3342 3595 illa
3369 3540 3578 3595 tamen
3614 3554 3741 3596 non

2185 3637 2279 3691 est
2320 3630 2694 3710 dispensatio
2735 3629 2803 3688 in
2847 3632 3152 3707 praecepto
3181 3627 3461 3688 secundae
3488 3627 3738 3703 tabulae,

2185 3723 2291 3783 sed
2315 3728 2404 3783 est
2429 3721 2691 3783 mutatio
2717 3721 2991 3782 materiae
3013 3720 3168 3797 eJus,
3208 3726 3281 3779 ut
3302 3719 3591 3804 diximus.
3628 3722 3744 3781 Ta-

2185 3833 2330 3875 men
2353 3815 2499 3893 quia
2524 3814 2653 3874 haec
2681 3813 2963 3885 mutatio,
2990 3810 3237 3889 quando
3255 3810 3327 3870 fit
3348 3829 3425 3871 ex
3443 3811 3742 3889 peculiari

2184 3906 2459 3967 dominio
2507 3913 2569 3968 et
2618 3910 2913 3985 potestate
2945 3904 3050 3964 Dei
3055 3948 3076 3978 ,
3108 3907 3198 3963 est
3247 3904 3341 3979 (ut
3379 3903 3466 3962 sic
3512 3903 3737 3979 dicam)

2183 4004 2358 4060 extra
2372 4017 2619 4059 cursum
2640 4004 2880 4058 naturae
2901 4001 2960 4057 et
2985 4001 3210 4075 praeter
3229 3996 3397 4073 leges
3415 3996 3740 4057 ordinariae

2180 4091 2604 4170 providentiae,
2634 4090 2772 4151 ideo
2805 4089 3118 4149 interdum
3136 4088 3507 4166 dispensatio
3535 4089 3742 4168 appel-

2181 4183 2367 4258 latur,
2396 4202 2524 4243 non
2562 4183 2814 4262 quidem
2857 4181 3088 4259 proprii
3118 4181 3405 4259 praecepti
3444 4181 3741 4241 naturalis

2184 4278 2404 4354 (neque
2424 4275 2541 4334 hoc
2569 4274 2725 4333 dixit
2744 4272 3088 4333 Bernardus
3108 4272 3159 4332 si
3190 4276 3420 4332 attente
3446 4272 3735 4350 legatur),

2183 4367 2288 4426 sed
2318 4364 2614 4425 ordinarii
2636 4381 2848 4423 cursus
2870 4368 2931 4422 et
2953 4362 3108 4439 legis
3133 4362 3563 4441 providentiae‚
3602 4383 3739 4444 quae

2181 4476 2219 4518 a
2248 4458 2459 4517 divina
2483 4456 2799 4517 voluntate
2825 4454 3085 4533 pendet:
3121 4461 3183 4515 et
3212 4455 3281 4514 in
3309 4454 3526 4516 eodem
3557 4475 3739 4518 sensu

2180 4549 2425 4609 videtur
2446 4549 2685 4609 locutus
2712 4548 3142 4607 Bonaventura
3163 4568 3177 4605 :
3203 4565 3350 4608 nam
3368 4550 3739 4610 sententiam

2179 4640 2478 4701 Bernardi
2501 4640 2803 4700 imitatur.
2836 4637 3041 4699 Dices:
3069 4656 3217 4717 ergo
3243 4640 3417 4699 nulla
3443 4640 3562 4700 erit
3588 4646 3740 4702 tunc

2179 4733 2522 4794 differentia
2571 4732 2736 4792 inter
2778 4736 3079 4809 praecepta
3104 4732 3321 4810 primae
3358 4738 3419 4792 et
3452 4734 3738 4795 secundae

2178 4824 2428 4899 tabulae,
2462 4841 2649 4902 quam
2669 4824 3097 4883 Bonaventura
3126 4823 3465 4898 constituit,
3487 4830 3548 4884 et
3572 4825 3740 4886 favet

2177 4916 2547 4989 BernarduS,
2581 4932 2729 4974 nam
2762 4914 2971 4974 statim
3006 4933 3139 4993 cap.
3182 4916 3243 4991 6,
3271 4914 3419 4974 dicit
3452 4916 3736 4994 quaedam

2178 5010 2265 5070 ita
2291 5026 2419 5069 esse
2444 5006 2881 5082 immutabilia,
2910 5012 2983 5066 ut
3006 5025 3118 5067 neo
3144 5025 3182 5067 a
3207 5007 3331 5068 Deo
3350 5008 3483 5087 ipso
3506 5009 3732 5069 mutari

2176 5101 2442 5163 valeant.
2499 5098 2923 5179 Respondetur
2968 5099 3145 5160 facile
3183 5117 3260 5160 ex
3300 5100 3476 5160 dictis
3511 5101 3577 5159 in
3617 5098 3732 5158 hoc

2177 5211 2305 5254 esse
2331 5193 2767 5267 differentiam,
2793 5192 2956 5270 quod
2979 5196 3281 5270 praeoepta
3308 5191 3521 5270 primae
3545 5189 3730 5250 tabu-

2175 5285 2250 5345 1ae
2271 5285 2420 5345 talia
2448 5290 2614 5359 sunt,
2637 5290 2708 5344 ut
2730 5302 2857 5344 non
2880 5283 3077 5343 solum
3095 5284 3229 5362 ipsa
3246 5282 3587 5343 formaliter
3608 5282 3731 5341 dis·

2174 5379 2419 5456 pensari
2458 5395 2583 5437 non
2625 5376 2883 5456 possint,
2932 5393 3150 5435 verum
3191 5375 3379 5436 etiam
3417 5392 3618 5453 neque
3666 5375 3733 5433 in

2174 5468 2515 5530 actionibus
2537 5487 2691 5548 quas
2725 5467 3057 5548 prohibent
3081 5468 3271 5548 possit
3303 5468 3443 5529 talis
3470 5468 3732 5528 mutatio
