3976 6219
808 400 942 452 GAI‘.
979 399 1063 451 IX.
1098 398 1264 450 APUD
1297 396 1455 459 Quos
1488 396 1583 448 SIT
1618 396 1930 450 POTESTAS
1962 398 2269 452 cononum
2301 399 2495 453 LEGES
2527 400 2784 465 CIVILES,
2820 401 2954 453 ETC.

274 499 378 561 sit.
409 499 485 560 Et
511 498 576 559 in
612 498 655 559 l.
687 499 727 557 2
759 497 946 558 Tauri
987 496 1302 557 adduntur
1341 495 1449 554 illa
1483 494 1698 571 verba,
1730 513 1840 575 per

275 593 443 672 leges
465 592 668 670 regni,
693 597 757 651 et
780 608 907 650 non
937 608 1046 668 per
1071 590 1223 650 alias
1244 589 1648 668 judicandum
1686 606 1835 664 esse,

276 691 341 746 et
367 685 578 745 omnia
605 683 735 744 haec
762 683 1090 743 novissime
1118 681 1563 742 confirmantur
1583 683 1649 741 in
1678 701 1840 742 nova

276 778 711 857 recopilatione
756 776 799 837 l.
851 780 908 850 1,
944 781 1089 835 ante
1130 774 1361 835 librum
1411 778 1469 851 1,
1511 782 1574 835 et
1615 775 1725 835 lib.
1772 777 1835 849 ⁶2,

276 870 323 932 l.
356 875 386 931 1
433 876 495 931 et
537 872 599 929 2.
633 871 722 930 Ex
768 870 994 948 quibus
1039 867 1277 945 legibus
1309 868 1705 928 manifestum
1751 874 1843 928 est

275 965 441 1043 leges
460 963 667 1024 civiles
685 964 754 1023 in
772 961 1069 1041 Hispania
1089 979 1215 1021 non
1231 961 1459 1021 habere
1482 962 1611 1021 vim
1635 963 1841 1039 legum

276 1062 582 1137 quatenus
608 1055 774 1134 leges
799 1055 1079 1134 positivae
1106 1062 1271 1114 sunt.
1303 1055 1378 1114 Et
1400 1054 1486 1114 ita
1520 1054 1571 1115 si
1596 1055 1844 1115 irritant

278 1156 662 1210 contractum
707 1148 816 1228 qui
857 1166 968 1227 per
1016 1147 1181 1226 leges
1226 1148 1535 1226 Hispaniae
1578 1165 1706 1207 non
1753 1153 1845 1208 est

277 1242 512 1317 irritus,
560 1242 704 1302 talis
744 1246 1091 1301 contractus
1124 1241 1190 1299 in
1229 1240 1524 1319 Hispania
1569 1241 1847 1300 nouerit

276 1334 522 1409 irritus,
569 1333 668 1395 vel
707 1334 759 1394 si
799 1352 912 1413 pro
956 1332 1180 1394 delicto
1223 1333 1554 1412 imponunt
1596 1351 1846 1412 poenam

279 1446 466 1508 quam
502 1446 630 1488 non
657 1427 990 1506 imponunt
1025 1425 1193 1504 leges
1221 1426 1546 1506 Hispanioe,
1590 1444 1716 1486 non
1760 1430 1846 1485 te-

279 1521 530 1581 nebitur
569 1520 757 1599 judex
805 1537 884 1580 ex
925 1519 1129 1598 rigore
1172 1519 1327 1598 legis
1374 1519 1548 1580 illam
1594 1538 1843 1600 poenam

279 1613 625 1690 imponere,
669 1610 774 1672 sed
822 1613 914 1671 uti
959 1613 1182 1691 poterit
1225 1612 1514 1692 prudenti
1559 1613 1837 1690 arbitri0,

281 1705 569 1783 idemque
598 1710 691 1765 est
720 1706 788 1764 in
813 1704 949 1765 aliis
975 1704 1499 1784 dispositionibus,
1528 1724 1666 1784 quae
1694 1725 1843 1785 pen·

285 1798 435 1859 dent
479 1816 557 1860 ex
599 1803 897 1878 potestate
939 1797 1384 1876 jurisdictionis
1425 1803 1487 1858 et
1526 1797 1840 1859 voluntate

279 1892 593 1971 principis.
627 1893 940 1964 Quatenus
970 1909 1117 1952 vcro
1153 1890 1276 1951 inae
1316 1891 1482 1969 leges
1524 1892 1591 1950 in
1631 1890 1842 1951 multis

280 1984 598 2044 continent
616 1990 678 2043 et
700 1983 1017 2045 declarant
1032 1985 1228 2062 ipsam
1248 1984 1594 2045 naturalem
1612 1983 1836 2062 legem,

277 2077 593 2136 servandas
637 2082 821 2136 erunt
856 2077 925 2136 in
968 2077 1031 2138 vi
1063 2076 1216 2155 legis
1267 2077 1586 2152 naturali8,
1618 2096 1745 2136 non
1777 2077 1841 2137 in

276 2169 339 2228 vi
361 2168 515 2246 legis
534 2168 848 2246 humanae,
871 2176 942 2230 ut
962 2176 1126 2230 recte
1148 2171 1389 2230 notavit
1411 2170 1660 2249 Gregor.
1689 2173 1837 2250 Lop.

276 2279 458 2340 supra
487 2278 564 2322 ex
602 2263 939 2322 Panormit.
981 2262 1048 2321 in
1087 2262 1285 2340 capite
1314 2264 1591 2325 Ecclesia
1622 2270 1843 2326 sanctoe

274 2355 525 2429 Mariae,
555 2354 632 2414 de
660 2355 913 2415 Constit.
950 2355 1101 2414 Item
1144 2356 1426 2433 quamvis
1467 2372 1594 2415 non
1635 2357 1837 2416 conti-

275 2453 466 2508 neant
496 2446 844 2508 naturalem
873 2446 1339 2524 obligationem,
1368 2465 1481 2508 nec
1513 2449 1700 2508 etiam
1729 2467 1839 2529 per

275 2558 340 2601 se
394 2539 691 2618 obligent,
748 2539 1053 2600 deservire
1109 2545 1363 2617 possunt
1417 2558 1527 2619 per
1584 2541 1838 2602 modum

276 2633 719 2712 exemplarium
777 2632 855 2692 ad
908 2631 1274 2692 imitandam
1331 2632 1723 2711 prudentiam
1775 2640 1835 2695 et

276 2729 653 2806 aequitatem,
684 2745 872 2807 quam
913 2727 1296 2805 frequentius
1337 2727 1676 2804 continent,
1711 2729 1837 2789 sive

277 2821 345 2881 in
372 2820 654 2881 taxandis
687 2821 910 2900 poeniS,
939 2821 1067 2880 sive
1098 2820 1166 2879 in
1200 2820 1681 2899 interpretandis
1720 2828 1837 2882 tes-

276 2915 586 2989 tamentis,
607 2915 673 2975 in
706 2914 1181 2993 conjecturanda
1211 2920 1419 2975 mente
1452 2915 1747 2991 defuncti,
1777 2922 1838 2977 et

275 3007 598 3068 similibus,

357 3103 414 3162 5.
459 3100 560 3163 An
592 3101 947 3165 servandum
971 3119 1237 3181 unquam
1267 3102 1594 3164 necessario
1613 3103 1728 3182 jus
1755 3104 1837 3165 ci-

273 3195 392 3257 vile
422 3197 489 3257 in
516 3196 857 3275 Hispania.
886 3227 968 3240 —
994 3194 1248 3255 Addunt
1284 3212 1431 3256 vero
1467 3194 1658 3275 aliqui
1694 3214 1837 3256 con-

274 3289 597 3350 suetudine
642 3294 959 3368 receptum
1000 3307 1130 3350 esse
1170 3289 1238 3348 in
1278 3290 1598 3368 Hispania,
1627 3295 1698 3349 ut
1735 3291 1836 3369 jus

274 3380 455 3442 civile
500 3387 810 3457 servetur,
854 3381 962 3441 ubi
1007 3382 1173 3460 leges
1223 3382 1402 3459 regni
1453 3382 1695 3442 desunt.
1747 3384 1836 3443 lta

271 3479 441 3548 tenet
468 3476 703 3554 Burgos
730 3475 806 3535 de
835 3477 973 3535 Paz.
1004 3474 1070 3534 in
1099 3473 1143 3533 l.
1175 3477 1203 3534 1
1237 3474 1448 3550 Tauri,
1470 3493 1533 3535 n.
1563 3475 1703 3547 520,
1726 3474 1833 3534 uhi

271 3567 461 3629 etiam
504 3569 730 3629 Anton.
774 3569 948 3630 Gom.
981 3587 1047 3628 11.
1083 3571 1160 3629 10
1192 3567 1379 3627 sentit
1419 3567 1583 3645 leges
1624 3568 1833 3629 civiles

270 3660 500 3723 babere
540 3663 669 3723 vim
701 3662 855 3740 legis
894 3662 962 3721 in
991 3661 1307 3740 Hispania,
1348 3659 1667 3721 deficiente
1698 3662 1832 3740 lege

267 3754 446 3832 regni
459 3770 479 3831 ;
502 3773 629 3815 non
650 3760 860 3815 tamen
882 3756 1061 3815 affert
1071 3755 1175 3834 jus
1195 3754 1262 3814 in
1282 3772 1404 3833 quo
1429 3753 1488 3814 id
1515 3754 1832 3831 fundetur,

269 3865 384 3908 nec
399 3847 859 3908 consuetudinis
876 3849 1257 3909 mentionem
1277 3847 1448 3922 facit,
1464 3848 1570 3907 sed
1588 3853 1835 3907 tantum

269 3940 356 4001 ait
380 3957 507 4001 esse
530 3957 923 4001 communem
947 3941 1323 4019 opinionem.
1350 3942 1438 4001 Re
1455 3945 1664 4000 tamen
1687 3958 1833 4001 vera

268 4051 398 4095 non
424 4033 610 4094 habet
638 4033 945 4095 sufficiens
972 4033 1485 4110 fundamentum3
1512 4050 1659 4093 nam
1690 4051 1832 4094 con-

267 4133 388 4188 stat
419 4146 496 4188 ex
519 4127 697 4187 dictis
718 4125 854 4186 illas
886 4126 1054 4204 leges
1087 4144 1164 4186 ex
1184 4127 1249 4185 vi
1279 4143 1403 4185 suoe
1428 4126 1685 4203 originis
1707 4145 1832 4186 non

267 4220 495 4281 habere
537 4220 665 4281 vim
712 4219 781 4278 in
828 4219 1144 4298 Hispania.
1187 4219 1435 4278 Constat
1477 4219 1664 4278 etiam
1704 4236 1831 4278 non

266 4313 563 4392 accepisse
597 4312 770 4372 illam
812 4330 889 4372 ex
916 4311 980 4372 vi
1015 4311 1273 4390 alicujus
1301 4311 1454 4389 legis
1493 4312 1824 4391 Hispaniae,

266 4406 393 4466 imo
433 4422 546 4485 per
579 4404 718 4465 illas
756 4404 1033 4465 exclusas
1069 4422 1218 4480 esee,
1251 4410 1322 4465 ut
1348 4404 1683 4483 allegatum
1711 4410 1823 4465 est.

265 4501 350 4560 De
390 4498 833 4559 consuetudine
874 4503 1081 4559 autem
1120 4497 1462 4558 sufficiente
1499 4516 1637 4577 quae
1683 4515 1825 4558 con-

264 4590 672 4653 sentientibus
703 4591 949 4669 regibus
981 4591 1081 4651 vel
1103 4589 1434 4651 scientibus
1469 4590 1825 4651 introducta

262 4685 344 4745 sit
367 4702 495 4745 non
522 4688 781 4758 constat,
808 4684 1145 4763 praesertim
1181 4700 1323 4743 cum
1356 4683 1688 4744 novissime
1716 4701 1826 4763 per

263 4775 615 4856 Philippum
641 4778 693 4836 11
722 4782 1030 4837 renovatae
1052 4777 1120 4836 in
1158 4776 1272 4837 hac
1297 4780 1470 4856 parte
1494 4776 1619 4835 sint
1646 4795 1822 4855 supe-

260 4870 453 4930 riores
479 4868 665 4948 10305.
690 4870 812 4930 Nec
837 4868 1062 4929 sufficit
1084 4868 1250 4948 quod
1273 4868 1512 4948 ‚iudices
1549 4869 1616 4928 in
1647 4869 1822 4929 simi-

259 4962 424 5023 libus
466 4962 709 5024 casibus
751 4962 1134 5042 frequentius
1176 4962 1460 5041 judicent
1506 4979 1614 5040 per
1657 4961 1825 5040 leges

260 5055 506 5132 civiles3
538 5071 687 5117 nam
727 5055 1103 5116 credendum
1145 5060 1237 5116 est
1276 5054 1340 5114 id
1379 5055 1580 5116 facere
1621 5056 1824 5116 imita·

259 5147 454 5224 tione,
487 5165 617 5209 non
658 5147 1054 5227 obligatione.
1088 5149 1222 5209 Non
1249 5147 1430 5208 credo
1457 5153 1515 5207 ta
1525 5166 1666 5209 men
1695 5167 1824 5210 esse

260 5242 768 5303 consuetudinem
845 5241 1147 5321 puniendi
1222 5239 1495 5320 aliquem
1573 5248 1826 5321 propter

262 5335 811 5413 transgressionem
850 5335 1070 5396 talium
1117 5333 1350 5412 legum,
1391 5333 1441 5392 si
1482 5339 1655 5393 actus
1695 5353 1822 5395 non

257 5427 338 5487 sit
363 5428 464 5488 vel
496 5433 709 5489 contra
733 5427 899 5507 leges
925 5427 1261 5503 naturales,
1296 5425 1394 5486 vel
1422 5432 1634 5486 contra
1658 5426 1824 5505 leges

262 5521 464 5600 regni.
495 5523 572 5582 Et
597 5522 812 5583 eadem
839 5521 1077 5583 ratione
1105 5538 1231 5581 non
1271 5519 1499 5581 debent
1537 5539 1652 5582 nec
1685 5538 1822 5600 pos-

1919 502 2066 557 sunt
2097 498 2337 575 judices
2377 499 2621 560 irritare
2662 504 3044 561 contractum
3083 497 3378 576 aliquem,
3408 516 3481 559 eo

1919 590 2084 669 quod
2107 591 2184 651 sit
2217 598 2431 652 contra
2453 594 2555 670 jus
2575 593 2777 669 civile,
2803 594 3002 653 sinon
3033 591 3112 652 sit
3138 591 3350 651 irritus
3371 609 3482 670 per

1918 682 2086 760 leges
2133 686 2333 762 regni,
2385 686 2480 745 vel
2530 686 2669 764 jure
2713 691 2973 759 naturae,
3023 689 3132 746 aut
3173 690 3483 745 mereatur

1921 775 2172 837 irritari.
2205 779 2281 837 Et
2327 778 2414 838 ita
2453 779 2642 839 sensit
2673 779 2999 855 Gregorius
3036 779 3230 856 Lopez
3271 795 3479 856 supra,

1923 875 1984 930 ct
2013 870 2314 931 Francisc.
2351 872 2536 950 Varg.
2579 876 2755 932 tract.
2797 872 2872 933 de
2907 873 3208 932 Potestate
3235 869 3483 950 pontifi-

1922 964 2040 1038 cia,
2082 965 2329 1025 axioma
2355 968 2415 1039 7,
2453 984 2517 1024 n.
2553 967 2651 1041 10,
2686 965 2981 1025 Bernard.
3009 965 3151 1025 Diaz
3187 964 3253 1025 in
3280 966 3477 1026 Pract.

1924 1075 1985 1134 q.
2034 1059 2151 1118 144
2191 1057 2355 1118 circa
2381 1057 2594 1135 finem,
2643 1058 2754 1118 ubi
2794 1057 3028 1119 Salzed.
3075 1057 3197 1118 litt.
3244 1058 3287 1118 C
3330 1057 3482 1118 alios

1924 1149 2170 1227 allegat.

2006 1247 2066 1305 6.
2111 1246 2378 1307 Dubium
2410 1247 2692 1308 incidens.
2733 1278 2816 1291 —
2852 1246 2943 1304 Ex
2976 1243 3201 1324 quibus
3227 1243 3483 1305 tandem

1927 1342 2124 1416 potest
2169 1338 2411 1398 definiri
2463 1337 2723 1398 dubium
2769 1337 2936 1417 quod
2981 1337 3049 1397 in
3098 1336 3223 1396 fine
3266 1337 3483 1415 capitis

1926 1431 2328 1508 praecedentis
2354 1431 2477 1491 huc
2499 1430 2850 1490 remisimus
2866 1474 2888 1505 ,
2926 1448 3008 1490 an
3031 1429 3100 1489 in
3123 1430 3329 1507 regnis
3355 1447 3482 1489 non

1924 1521 2209 1600 subjectis
2233 1522 2655 1602 temporaliter
2685 1524 2866 1595 Papae
2903 1540 3018 1583 nec
3051 1521 3346 1600 imperi0,
3391 1541 3482 1582 se-

1924 1614 2241 1691 quendum
2269 1615 2347 1675 sit
2373 1617 2475 1696 jus
2503 1615 2894 1696 pontificium
2915 1615 2983 1675 in
3011 1615 3273 1675 materia
3313 1632 3482 1675 mere

1924 1705 2113 1781 civili,
2143 1725 2250 1767 seu
2278 1708 2602 1788 temporali
2624 1722 2644 1784 ;
2679 1706 2778 1768 vel
2802 1706 3121 1787 imperiale
3143 1707 3213 1767 in
3245 1707 3482 1768 casibus

1921 1798 2029 1877 qui
2052 1816 2162 1877 per
2181 1800 2496 1880 proprium
2509 1802 2613 1879 jus
2632 1800 2812 1879 regni
2835 1799 3033 1860 decidi
3055 1818 3181 1860 non
3203 1806 3476 1878 possunt.

1921 1892 1996 1951 Et
2026 1910 2135 1970 per
2161 1900 2494 1972 utrumque
2526 1893 2678 1953 illud
2708 1894 2813 1972 jus
2840 1893 3080 1954 diverso
3110 1893 3293 1954 modo
3322 1894 3482 1954 deci-

1921 1982 2179 2044 duntur.
2201 1986 2376 2045 Tunc
2396 1986 2561 2046 enim
2576 1987 2680 2064 jus
2697 1985 3080 2065 pontificium
3099 1986 3483 2065 sequendum

1921 2094 2052 2137 esse
2079 2078 2281 2137 tenuit
2320 2079 2499 2139 Joan.
2548 2080 2752 2159 Lupus
2793 2080 2860 2139 in
2900 2080 3143 2159 repetit.
3189 2098 3321 2159 cap.
3358 2081 3517 2143 Per·

1920 2176 2173 2244 vestras,
2197 2172 2232 2229 d
2239 2189 2272 2230 e
2283 2172 2499 2232 Donat.
2525 2172 2688 2233 inter
2701 2172 2907 2232 virum
2928 2178 2989 2232 et
3006 2190 3183 2232 uxor.
3189 2219 3210 2249 ,
3224 2173 3291 2232 in
3306 2173 3476 2234 rubr.

1920 2281 2028 2323 seu
2070 2264 2528 2326 introductione
2550 2314 2566 2340 ,
2625 2283 2810 2344 quem
2854 2265 3043 2326 refert
3095 2272 3157 2326 et
3202 2267 3481 2345 sequitur

1919 2357 2249 2434 Gregorius
2277 2360 2425 2437 Lop.
2464 2360 2531 2418 in
2558 2358 2603 2419 l.
2639 2361 2700 2435 8,
2731 2360 2825 2419 tit.
2855 2362 2949 2433 14,
2984 2360 3196 2438 partit.
3233 2362 3291 2430 5,
3324 2377 3389 2419 n.
3417 2361 3481 2435 2,

1918 2455 1979 2510 et
2003 2451 2235 2513 Salzed.
2267 2471 2474 2530 snpra,
2503 2454 2773 2513 referens
2795 2452 3003 2532 plures
3024 2453 3175 2514 alios
3192 2453 3484 2532 hispanos

1917 2544 2265 2621 scriptoreS.
2299 2545 2738 2606 Verumtamen
2759 2545 2875 2605 hoc
2893 2545 3368 2624 intelligendum
3392 2546 3482 2604 vi-

1916 2634 2098 2695 detur
2125 2654 2237 2715 per
2272 2637 2528 2697 modum
2564 2637 2801 2698 consilii
2838 2644 2900 2698 et
2926 2638 3236 2718 aequitatis
3256 2654 3276 2715 ;
3331 2656 3477 2699 nam

1915 2727 2076 2787 ratio
2112 2727 2505 2806 obligationis
2536 2735 2645 2790 aut
2681 2730 3055 2797 necessitatis
3085 2730 3258 2790 nulla
3283 2735 3482 2809 potest

1917 2820 2255 2899 assignari:
2290 2822 2458 2900 quia,
2488 2823 2645 2882 sicut
2669 2822 2734 2883 in
2763 2840 2837 2883 eo
2867 2841 3013 2883 casu
3040 2823 3320 2884 absolute
3353 2841 3479 2882 non

1917 2912 2197 2991 obligant
2222 2914 2289 2974 in
2306 2914 2423 2974 hoc
2446 2933 2642 2992 regno
2663 2916 2828 2993 leges
2854 2914 3229 2994 imperialeS,
3261 2916 3350 2974 ita
3371 2933 3479 2975 ne-

1918 3023 2038 3084 que
2062 3008 2249 3067 etiam
2276 3008 2607 3086 pontificias
2630 3026 2800 3069 mere
2822 3008 3213 3083 temporaleS,
3245 3014 3315 3067 ut
3341 3026 3476 3087 cap.

1919 3100 2219 3179 superiori
2249 3099 2484 3161 dictum
2513 3106 2626 3176 est,
2657 3106 2718 3162 et
2740 3119 2818 3161 ex
2839 3099 2940 3161 bic
2962 3100 3141 3160 dictis
3171 3118 3311 3160 cum
3340 3118 3482 3179 pro-

1921 3192 2204 3270 portione
2244 3198 2457 3272 patet3
2499 3211 2645 3271 ergo
2687 3193 2926 3254 etiamsi
2975 3197 3308 3270 utrumque
3345 3193 3476 3269 jus,

1918 3283 2305 3363 pontificium
2357 3290 2419 3345 et
2463 3285 2781 3364 imperiale
2807 3301 2842 3361 ,’
2880 3289 3255 3345 concurrant
3299 3284 3366 3344 in
3406 3302 3479 3344 eo

1916 3395 2085 3452 casu,
2130 3378 2354 3455 poterit
2388 3383 2722 3457 utrumque
2752 3378 2954 3439 omitti
2986 3384 3049 3439 et
3078 3378 3339 3439 tertium
3381 3396 3479 3437 ar-

1914 3469 2173 3530 bitrium
2217 3471 2421 3548 sumi;
2466 3472 2614 3550 quia
2653 3477 2942 3531 neutrum
2989 3470 3225 3548 obligat
3265 3487 3281 3531 :
3330 3488 3479 3547 ergo

1913 3563 2103 3624 etiam
2126 3563 2246 3624 erit
2264 3563 2528 3624 liberum
2544 3564 2738 3643 judici
2760 3564 2987 3642 eligere
3005 3563 3170 3642 quod
3189 3562 3475 3639 voluerit,

1916 3657 1967 3717 si
1996 3658 2261 3718 alterum
2279 3658 2529 3719 illorum
2553 3659 2783 3719 imitari
2803 3658 2971 3720 velit.
2997 3659 3158 3732 Quin
3185 3658 3389 3738 potius
3411 3659 3477 3718 in

1913 3750 2153 3829 legibus
2189 3753 2379 3831 hujus
2409 3753 2586 3830 regni
2618 3753 2971 3826 Lusitaniae‚
3006 3758 3260 3813 cautum
3291 3757 3383 3813 est
3406 3757 3477 3811 ut

1914 3844 1981 3904 in
2009 3844 2121 3904 tali
2143 3864 2288 3905 casu
2314 3845 2616 3924 judicium
2650 3844 2886 3904 feratur
2909 3845 3091 3922 juxta
3121 3844 3473 3923 imperiales

1914 3936 2103 4016 10305,
2145 3939 2289 3999 11001
2327 3938 2656 4017 pontificiae
2692 3938 3070 3997 contrarium
3116 3937 3470 4016 disponant,

1914 4029 2023 4089 lib.
2055 4033 2091 4091 3
2120 4032 2435 4104 Ordinat.,
2482 4031 2579 4090 tit.
2614 4032 2714 4090 64.
2765 4030 2897 4088 Imo
2929 4028 3179 4088 additur
3201 4029 3290 4088 ibi
3320 4029 3356 4108 §
3390 4033 3427 4090 3
3448 4075 3468 4104 ,

1898 4124 2076 4203 guod
2097 4124 2148 4182 si
2176 4123 2382 4202 aliquo
2409 4141 2554 4183 casu
2569 4123 2673 4200 jus
2695 4122 2875 4199 regni
2894 4128 2956 4181 et
2975 4122 3292 4200 imperiale
3312 4123 3473 4182 nihil

1914 4217 2225 4295 disponit,
2283 4221 2345 4276 et
2390 4233 2501 4294 per
2545 4215 2645 4292 jus
2700 4213 3064 4274 canonicum
3124 4214 3472 4293 disponitur

1912 4327 2039 4368 uno
2073 4309 2275 4383 modo,
2323 4326 2434 4388 per
2467 4307 2706 4368 Glossas
2745 4311 2955 4367 autem
2997 4310 3058 4367 et
3099 4306 3468 4384 interpretes

1906 4402 2118 4479 legum
2148 4401 2424 4462 civilium
2452 4401 2575 4461 alio
2605 4400 2830 4477 mod03
2859 4418 2986 4460 non
3007 4404 3153 4459 sunt
3175 4400 3470 4460 canonica

1900 4496 2046 4574 jura
2093 4495 2506 4574 praeferenda,
2552 4493 2659 4555 sed
2703 4511 2815 4554 rex
2854 4493 2983 4572 ipsc
3029 4492 3457 4554 consulendus.

1905 4588 2100 4666 Igitur
2135 4588 2201 4647 in
2230 4588 2326 4647 his
2359 4588 2679 4649 eventibus
2712 4581 2811 4647 vel
2840 4586 2902 4646 id
2932 4585 3305 4647 servandum
3334 4590 3461 4659 est,

1906 4681 2067 4758 quod
2091 4681 2237 4758 jura
2255 4681 2432 4758 regni
2454 4680 2825 4759 disponunt3
2857 4680 2976 4754 vel,
3003 4680 3057 4740 si
3081 4678 3241 4739 nihil
3262 4678 3467 4757 dispo-

1904 4773 2368 4847 nitur,liberum
2388 4773 2506 4834 erit
2523 4772 2749 4851 eligere
2771 4774 2932 4852 quod
2946 4774 3126 4852 juxta
3142 4790 3464 4833 occurren-

1906 4873 1994 4927 tes
2040 4867 2531 4928 circumstantias
2570 4867 2798 4928 rationi
2841 4875 2903 4927 et
2948 4866 3226 4947 aequitati
3260 4865 3460 4943 magis

1905 4965 2390 5021 consentaneum
2414 4959 2815 5039 judicabitur.

2485 5123 2733 5184 CAPUT
2775 5123 2876 5183 IX.

1903 5256 2057 5339 aliun
2085 5291 2223 5344 QUOS
2260 5289 2346 5334 sn·
2381 5287 2670 5333 POTESTAS
2707 5285 2994 5331 CONDENDI
3022 5285 3204 5331 LEGES
3235 5285 3460 5332 CIVILES

2452 5380 2630 5425 INTER
2656 5379 2920 5426 mes.

1985 5519 2013 5576 1
2028 5560 2043 5576 .
2089 5515 2230 5577 Hoec
2253 5513 2510 5597 quaestio
2531 5511 2911 5596 expedienda
2931 5513 3062 5575 fere
3084 5519 3173 5575 est
3189 5531 3266 5574 ex
3288 5510 3456 5599 prin-
