3976 6219
498 386 621 448 282

497 492 671 556 nulla
695 492 1031 555 intrinseca
1057 491 1410 553 indecentia
1432 492 1673 554 ostendi
1699 496 1922 572 potest,
1947 509 2064 552 nec

496 587 898 665 transgressio
916 585 1180 665 alicujus
1192 585 1607 664 obligationis,
1620 586 1767 666 quia
1782 586 2064 665 superior

500 698 624 741 non
641 685 889 741 tenetur
900 679 1233 759 praecipere
1254 696 1497 759 semper
1510 685 1813 758 quantum
1833 684 2058 759 potest,

496 791 704 852 neque
732 773 920 834 etiam
949 777 1198 833 tenetur
1231 772 1540 833 abstinere
1578 791 1617 833 a
1647 771 2062 852 praecipiendo

497 864 716 928 leviori
739 865 945 940 mode,
963 865 1211 944 quando
1229 883 1358 926 non
1380 864 1515 926 vult
1534 870 1665 926 toto
1683 866 1890 943 rigore
1909 883 2062 944 prae·

498 960 722 1038 cipere.
769 958 890 1020 Ubi
925 958 1096 1020 enim
1137 964 1228 1020 est
1271 958 1412 1020 talis
1440 958 1801 1038 prohibitio,
1847 964 1957 1018 aut
1994 958 2063 1019 in

498 1069 621 1130 quo
657 1051 911 1113 fundari
951 1052 1198 1132 potest?
1241 1051 1488 1130 Alioqui
1528 1069 1677 1113 vero
1714 1057 1913 1131 potest
1951 1051 2062 1113 ha-

495 1144 642 1205 bere
690 1143 882 1205 finem
925 1150 989 1205 et
1031 1163 1277 1206 causam
1325 1144 1755 1206 rationabilem
1800 1144 1878 1206 ad
1931 1162 2062 1206 non

494 1237 980 1317 praecipiendum
1001 1256 1145 1299 cum
1165 1239 1392 1317 rigore,
1414 1256 1614 1317 neque
1643 1239 2060 1300 omittendum

496 1332 754 1393 omnino
793 1338 1196 1412 praeceptum,
1245 1334 1394 1413 quia
1432 1333 1749 1412 imponere
1784 1332 2060 1412 aliquam

495 1424 880 1486 moderatam
907 1425 1351 1505 obligationem
1386 1427 1518 1486 sine
1545 1424 1819 1504 periculo
1852 1427 2059 1505 gravis

495 1516 702 1597 lapsus
741 1523 940 1597 potest
974 1537 1103 1580 esse
1141 1518 1294 1580 utile
1326 1518 1404 1579 ad
1435 1517 1820 1598 spiritualem
1864 1519 2059 1579 direc-

496 1611 730 1672 tionem
756 1612 1007 1674 subditi.
1042 1611 1211 1673 Nihil
1242 1630 1390 1690 ergo
1418 1611 1624 1672 obstat
1646 1611 1800 1690 quin
1837 1611 2059 1672 modus

492 1703 597 1765 hic
635 1705 1056 1783 praecipiendi,
1087 1706 1277 1766 etiam
1305 1705 1374 1765 in
1401 1704 1661 1766 materia
1684 1706 1880 1783 gravi,
1921 1723 2058 1784 pos-

493 1795 576 1856 sit
596 1813 726 1856 esse
759 1796 999 1858 validus
1020 1804 1083 1859 et
1109 1799 1402 1877 prudens.
1447 1798 1881 1875 Confirmatur,
1911 1800 2060 1878 quia

492 1888 712 1949 eadem
757 1891 1019 1951 materia
1063 1892 1273 1970 gravis
1314 1890 1651 1971 prudenter
1683 1896 1884 1969 potest
1927 1910 2058 1954 esse

493 1980 827 2062 aliquando
843 1983 959 2044 sub
978 1984 1255 2061 consilio,
1267 1985 1366 2045 vel
1383 1983 1649 2064 simplici
1668 1984 2057 2048 ordinatione

492 2075 572 2136 ad
605 2075 764 2135 nihil
804 2076 1158 2156 obligantis,
1207 2076 1541 2156 aliquando
1587 2076 1701 2138 sub
1740 2077 1878 2158 lege
1921 2086 2059 2142 tan-

491 2173 626 2228 tum
674 2169 929 2248 poenali,
979 2170 1312 2250 aliquando
1365 2170 1482 2232 sub
1530 2172 1706 2248 gravi
1754 2181 2059 2254 praecepto

490 2261 808 2341 obligante
858 2270 1163 2344 quantum
1204 2270 1402 2345 potest
1447 2265 1565 2327 sub
1612 2265 1894 2327 mortali:
1947 2287 2061 2330 cur

490 2375 639 2436 ergo
666 2375 797 2419 ess-e
837 2359 1027 2420 etiam
1072 2377 1199 2420 non
1239 2360 1465 2440 poterit
1501 2359 1616 2420 sub
1652 2360 1776 2422 levi
1821 2361 2058 2442 obliga-

489 2449 682 2527 tione,
721 2470 862 2531 quae
903 2452 1261 2513 timoratam
1300 2453 1737 2514 conscientiam
1788 2461 2051 2534 pungat,

490 2548 554 2603 et
579 2544 646 2602 in
692 2543 1020 2605 discrimen
1063 2545 1269 2623 gravis
1316 2544 1523 2624 lapsus
1565 2564 1693 2606 non
1738 2546 2006 2608 adducat
2027 2552 2055 2610 ⁴?

490 2637 701 2716 Neque
734 2642 947 2697 contra
984 2637 1103 2698 hoc
1134 2638 1316 2698 video
1364 2639 1671 2700 rationem
1703 2647 2047 2718 urgentem.

489 2728 657 2788 Solet
683 2738 893 2789 autem
921 2727 1059 2790 fieri
1093 2737 1560 2808 argumentum,
1589 2738 1650 2792 et
1677 2735 2053 2812 comparatio

486 2825 737 2898 sumpta
760 2839 838 2881 ex
879 2820 1255 2899 obligatione
1283 2824 1413 2883 voti
1440 2829 1504 2885 et
1534 2825 1896 2903 juramenti.
1932 2828 2052 2889 Sed

487 2911 565 2971 de
608 2911 708 2972 his
752 2912 819 2973 in
860 2912 1033 2974 libris
1070 2914 1148 2976 de
1196 2916 1515 2995 Religione
1554 2924 1797 2980 tractat.
1840 2921 1880 2980 6
1924 2920 2051 2982 dic-

486 3007 621 3065 tum
653 3011 768 3067 est.

985 3194 1235 3259 CAPUT
1288 3196 1551 3260 XXVIII.

481 3401 683 3449 unum
721 3401 837 3446 ux
862 3400 1116 3447 numa
1146 3400 1227 3446 ΒΤ
1252 3400 1461 3446 mvms
1486 3399 1731 3446 onmem
1759 3400 1864 3445 SUB
1898 3400 2049 3445 MOR-

562 3494 720 3552 Tm,
753 3493 831 3539 m·
870 3494 952 3541 Ex
984 3493 1328 3540 commu
1353 3492 1468 3539 Nou
1506 3493 1821 3553 vloLssTua,
1858 3493 2049 3540 mun

563 3586 626 3632 m
667 3587 919 3632 muns.

566 3760 594 3816 1
611 3801 626 3816 .
670 3757 963 3830 Quamvis
984 3757 1117 3818 haec
1145 3755 1398 3837 queastio
1425 3760 1676 3819 tractari
1699 3759 1890 3838 possit
1920 3778 2048 3822 non

482 3851 686 3913 solum
710 3851 787 3913 de
807 3852 944 3931 lege
962 3851 1264 3928 humana,
1295 3854 1399 3914 sed
1427 3853 1615 3914 etiam
1644 3854 1720 3915 de
1749 3855 2043 3932 naturali,

480 3945 912 4022 nihilominus,
956 3948 1103 4025 quia
1130 3953 1435 4028 praecepta
1478 3946 1754 4009 humana
1803 3947 2046 4009 facilius

481 4040 796 4101 contemni
821 4046 1097 4120 possunt,
1130 4046 1192 4101 et
1225 4041 1313 4101 ita
1361 4039 1579 4100 modus
1620 4042 1914 4121 peccandi
1966 4059 2047 4103 ex

480 4137 838 4213 contemptu
865 4133 1249 4214 trequentius
1276 4134 1342 4193 in
1376 4134 1464 4195 eis
1491 4134 1796 4196 committi
1818 4140 2042 4214 potest,

480 4225 621 4286 ideo
649 4226 726 4287 de
748 4226 869 4288 illis
891 4228 1046 4289 solet
1075 4226 1207 4288 hoec
1235 4228 1493 4307 quaestio
1520 4228 1867 4307 specialiter
1888 4234 2046 4289 trac-

479 4319 601 4379 tari
616 4335 637 4397 3
678 4326 738 4380 et
773 4321 1117 4400 praesertim
1154 4326 1402 4398 sumpta
1456 4320 1770 4381 occasione
1806 4338 1884 4381 ex
1915 4322 2047 4401 opi-

478 4414 668 4474 nione
700 4420 1008 4476 asserente
1050 4414 1605 4493 transgressionem
1635 4413 1790 4491 legis
1826 4414 2047 4475 huma-

480 4524 577 4568 nae
615 4524 727 4586 per
748 4508 1028 4569 selevem
1056 4525 1207 4583 esse,
1237 4507 1469 4567 factam
1497 4524 1645 4567 vero
1673 4525 1748 4567 ex
1774 4513 2049 4568 contem-

478 4604 593 4679 ptu
648 4616 778 4660 esse
847 4600 1172 4661 mortalem
1228 4616 1245 4660 t
1302 4618 1450 4661 nam
1497 4598 1685 4679 hujus
1738 4601 2047 4680 opinionis

480 4698 758 4754 auctores
786 4699 1145 4773 supponunt
1193 4698 1402 4774 aperte
1450 4699 1874 4774 contemptum
1912 4713 2044 4757 esse

478 4786 668 4848 talem
694 4787 1222 4849 circumstantiam
1252 4788 1753 4869 transgressionis
1774 4788 1950 4867 legis,
1974 4794 2047 4851 ut

479 4881 558 4941 de
573 4880 803 4942 veniali
828 4879 1014 4942 faciat
1036 4882 1385 4943 mortalem.
1410 4884 1480 4943 In
1503 4899 1626 4961 quo
1640 4882 1747 4943 alii
1769 4888 2046 4944 auctores
2065 4890 2074 4895 “

481 4972 570 5034 eis
599 4991 725 5034 non
758 4974 1208 5052 contradicunt,
1252 4974 1495 5036 etiamsi
1532 4975 1599 5036 in
1644 4975 1836 5054 priori
1871 4983 2048 5056 parte

480 5066 867 5143 dissentiant,
885 5066 1158 5129 dicentes
1181 5074 1605 5148 contemptum
1630 5086 1755 5128 non
1784 5063 1914 5149 ris-‘e
1937 5087 2047 5130 ne-

484 5163 819 5222 cessarium
840 5168 910 5222 ut
937 5163 1340 5241 transgressio
1366 5162 1652 5242 praecepti
1679 5160 1943 5222 humani
1966 5162 2047 5223 sit

480 5260 803 5332 peccatum
837 5256 1119 5331 mortale,
1152 5256 1205 5316 si
1233 5257 1493 5317 materia
1519 5256 1599 5316 sit
1626 5234 1853 5351 gravis}

560 5348 619 5408 2.
669 5347 984 5411 Sententia
1012 5351 1367 5427 affirmans,
1400 5369 1578 5431 eaque
1614 5351 2049 5431 eommunis.—

482 5442 697 5522 Itaque
725 5457 940 5501 omnes
960 5441 1028 5501 in
1054 5442 1170 5504 hoc
1196 5445 1595 5521 conveniunt,
1639 5444 1801 5524 quod
1847 5436 2048 5505 trans-

481 5536 713 5622 gressio
738 5533 896 5622 legis
920 5535 1214 5605 humanae
1243 5555 1322 5601 ex
1361 5543 1717 5620 contemptu
1750 5527 1912 5600 tacta
1954 5543 2048 5599 est

1506 390 1623 443 LIB.
1660 390 1747 444 m.
1785 389 1866 442 DE
1897 388 2058 441 LEGE
2089 388 2350 442 numa
2382 389 2463 442 ET
2495 389 2699 443 clvlu.

2141 497 2460 571 peccatum
2487 490 2773 568 mortale,
2803 490 2991 551 etiarn
3024 490 3094 551 in
3115 491 3377 553 materia
3402 491 3734 553 minima:

2142 585 2308 645 idem
2344 585 2619 646 sentiunt
2658 584 2735 645 de
2762 584 3246 662 transgressione
3287 585 3521 664 regulas
3570 584 3736 644 alias

2141 697 2269 739 non
2303 677 2634 757 obligantis
2661 677 2742 739 ad
2774 676 3049 756 aliquam
3079 677 3350 757 culpam,
3379 678 3478 740 vel
3524 681 3733 738 etiam

2142 771 2219 832 de
2239 770 2635 833 consiliorum
2654 775 3033 850 contemptu.
3066 771 3156 831 Ita
3185 771 3361 831 docet
3383 772 3452 831 D.
3481 771 3728 831 Thom.

2142 869 2200 928 2.
2230 868 2292 941 2,
2323 872 2541 945 quoest.
2571 867 2711 942 186,
2735 871 2854 928 art.
2887 870 2948 940 9,
2975 865 3055 927 ad
3083 868 3120 926 3
3147 882 3168 942 ;
3197 867 3427 928 Bouav,
3463 868 3541 927 in
3564 865 3732 926 Pha-

2140 965 2257 1021 ret.
2300 960 2426 1020 div.
2470 978 2695 1034 amor„
2729 959 2840 1022 lib.
2890 962 2954 1034 2,
3008 977 3143 1039 cap.
3178 961 3300 1036 443
3358 961 3607 1021 Gerson
3641 959 3731 1020 al-

2141 1052 2326 1131 phab.
2356 1053 2459 1128 34,
2493 1053 2683 1114 litter.
2715 1053 2802 1127 M,
2831 1057 2894 1113 et
2938 1051 3118 1113 tertia
3157 1058 3356 1132 parte,
3404 1058 3597 1114 tract.
3649 1051 3728 1112 de

2139 1147 2283 1207 Vita
2302 1146 2634 1226 spiritual„
2662 1146 2912 1208 lection.
2937 1148 3009 1221 53
3032 1145 3317 1220 Adrian.,
3338 1146 3633 1226 quodlib.
3658 1147 3724 1221 6,

2139 1246 2255 1302 art.
2291 1241 2368 1318 23
2410 1241 2884 1303 panormitanus
2913 1240 2982 1306 in
3020 1258 3153 1319 cap.
3191 1241 3363 1306 Nam
3396 1243 3725 1320 eoncupis-

2091 1347 2109 1365 ·
2139 1335 2417 1407 centiam,
2437 1333 2516 1396 de
2538 1334 2890 1409 constitut„
2908 1351 2973 1394 n.
2997 1336 3060 1409 5,
3077 1337 3140 1394 et
3157 1333 3225 1393 in
3245 1351 3380 1413 cap.
3397 1335 3715 1410 Relatum,

2138 1427 2226 1487 Ne
2267 1427 2414 1488 cler.
2458 1427 2560 1488 vel
2613 1424 2930 1502 monach„
2979 1443 3045 1487 n.
3083 1428 3164 1502 63
3212 1424 3410 1487 Felin.
3462 1426 3532 1485 in
3571 1443 3710 1504 cap.

2143 1520 2296 1584 Cum
2330 1521 2602 1601 quidam,
2646 1520 2722 1581 de
2747 1521 3048 1599 Jurejur.,
3097 1538 3161 1578 n.
3196 1519 3232 1578 7
3244 1535 3264 1594 3
3305 1518 3592 1595 Arcbid.,
3645 1520 3715 1580 in

2138 1631 2270 1693 cap.
2300 1617 2359 1689 1,
2390 1613 2451 1674 d.
2478 1616 2582 1689 27,
2613 1619 2828 1692 quast.
2864 1616 2926 1688 1,
2950 1618 3014 1672 et
3043 1612 3113 1672 in
3141 1629 3276 1690 cap.
3317 1611 3709 1691 Qteieumque,

2140 1708 2218 1767 18
2259 1707 2431 1785 dist.;
2461 1712 2525 1767 et
2557 1707 2801 1767 Domin.
2833 1706 2901 1765 in
2930 1723 3066 1784 cap.
3112 1705 3374 1779 Nullus,
3424 1707 3506 1765 55
3531 1705 3674 1766 dist.
3685 1727 3705 1779 ;

2138 1800 2393 1861 Navarr.
2430 1800 2499 1860 in
2525 1818 2712 1874 sum„
2744 1817 2879 1878 cap.
2904 1800 3006 1874 23,
3043 1815 3106 1858 n.
3144 1800 3211 1859 41
3246 1803 3311 1859 et
3336 1800 3416 1859 42
3429 1814 3450 1876 3
3492 1798 3701 1858 Dried.

2137 1893 2245 1954 lib.
2283 1895 2322 1953 2
2353 1894 2429 1954 de
2456 1893 2749 1955 Libertat.
2788 1892 3118 1954 Christian.
3127 1936 3149 1966 ‚
3175 1910 3308 1971 cap.
3365 1896 3394 1952 1
3415 1909 3440 1969 ;
3483 1893 3696 1952 Covar.

2137 1985 2205 2047 in
2230 2005 2364 2066 cap.
2396 1986 2583 2049 Alma
2607 1992 2819 2061 mater,
2850 1989 2872 2047 1
2908 2004 2998 2065 p.,
3025 1985 3062 2064 ἓ
3089 1986 3150 2061 7,
3180 2003 3246 2045 n.
3279 1987 3338 2060 6,
3380 1991 3440 2051 et
3486 1985 3548 2044 in
3587 2003 3694 2044 re-

2139 2079 2286 2157 gula
2313 2080 2655 2154 Peccatum,
2686 2080 2726 2139 2
2751 2084 2942 2159 part„
2973 2078 3010 2158 ξ
3041 2080 3103 2152 5,
3128 2097 3193 2138 n.
3221 2079 3279 2153 3,
3306 2078 3370 2137 in
3398 2076 3547 2151 fine;
3573 2077 3688 2137 Ca-

2134 2174 2246 2252 jet.
2301 2177 2364 2233 et
2409 2172 2620 2233 Castro
2658 2171 2808 2232 locis
2851 2171 3016 2232 infra
3059 2170 3354 2246 citandis3
3399 2176 3461 2230 et
3509 2169 3696 2249 plura

2141 2264 2423 2344 congerit
2451 2265 2699 2326 Henric.
2733 2270 2906 2325 tract.
2935 2264 3012 2325 de
3039 2264 3274 2342 Synod.
3303 2269 3439 2342 post
3460 2263 3498 2322 3
3530 2268 3692 2341 part.

2139 2364 2258 2419 art.
2293 2361 2354 2434 1,
2404 2358 2675 2420 conclus.
2724 2360 2824 2434 16,
2871 2376 2939 2418 n.
2991 2358 3132 2419 257.
3187 2356 3451 2435 Fuitque
3490 2361 3699 2434 aperta

2137 2451 2444 2512 sententia
2493 2453 2562 2512 D.
2618 2451 2942 2526 Bernard.,
2985 2450 3097 2511 lib.
3143 2454 3171 2511 1
3213 2448 3292 2510 de
3334 2449 3594 2527 Proecep.
3635 2454 3700 2509 et

2135 2545 2406 2624 dispens.
2413 2590 2434 2622 ,
2459 2563 2592 2624 cap.
2631 2549 2700 2606 11
2709 2591 2731 2621 ,
2760 2546 2837 2606 12
2860 2551 2922 2606 et
2948 2549 3227 2624 sequent.
3233 2589 3255 2619 ,
3283 2542 3391 2602 ubi
3416 2542 3494 2602 de
3513 2541 3695 2602 levio-

2133 2637 2307 2697 ribus
2333 2639 2653 2718 praeceptis
2674 2638 2982 2718 imprimis
3003 2638 3092 2697 ait
3113 2655 3232 2698 non
3257 2637 3546 2698 contemni
3573 2637 3698 2698 sine

2134 2733 2404 2795 crimine.
2438 2732 2670 2793 Deinde
2707 2731 2915 2792 subdit
2947 2745 2963 2788 ε
3002 2731 3200 2792 Porro
3242 2734 3603 2808 contemptus
3627 2731 3694 2790 ia

2134 2826 2294 2886 omni
2315 2826 2506 2904 speeie
2535 2826 2952 2886 mandatorum
2989 2824 3138 2902 pari
3167 2824 3423 2901 pondere
3456 2823 3690 2901 θνατὰ,

2133 2923 2189 2980 et
2215 2920 2602 2981 communiter
2622 2918 2988 2980 damnabilis
3012 2922 3099 2979 est
3121 2941 3145 2976 .·
3179 2920 3244 2976 et
3287 2915 3509 2976 iterum
3539 2914 3689 2975 dicit

2132 3010 2210 3071 de
2237 3015 2595 3090 contemptu
2623 3026 2639 3070 τ
2670 3011 2975 3075 Convertit
3003 3012 3067 3071 in
3108 3010 3332 3072 crimen
3357 3009 3567 3087 ymnis
3592 3026 3690 3069 re-

2133 3101 2407 3168 bellionis
2442 3106 2678 3185 culpam
2707 3106 2853 3169 levis
2876 3103 3398 3183 transqressionis.

2212 3199 2270 3258 3.
2317 3200 2604 3263 Rationes
2629 3199 2946 3261 dubitandi
2966 3199 3129 3260 cirea
3156 3196 3512 3275 praedictam
3543 3213 3696 3258 eom-

2129 3309 2359 3353 munem
2387 3292 2761 3354 senteutiam.
2782 3324 2864 3337 —
2881 3288 3024 3366 Sed,
3066 3289 3211 3350 licet
3235 3289 3367 3350 haec
3413 3289 3698 3350 doctrina

2128 3402 2276 3446 vera
2301 3390 2363 3445 et
2389 3386 2736 3445 communis
2764 3385 2864 3454 sit,
2891 3382 3298 3444 nihilominus
3325 3381 3697 3443 difficultate

2127 3496 2256 3539 non
2304 3486 2491 3555 caret,
2527 3479 2674 3558 quia
2702 3496 2780 3539 ex
2811 3497 2885 3539 ea
2933 3478 3215 3557 sequitur
3263 3482 3698 3556 contemptum

2128 3572 2333 3652 ipsum
2369 3590 2613 3653 semper
2665 3590 2793 3633 esse
2843 3578 3163 3652 peccatum
3195 3570 3478 3646 mortale,
3525 3570 3700 3650 quod

2130 3683 2257 3725 non
2277 3664 2526 3726 videtur
2546 3666 3024 3727 admittendum.
3050 3665 3310 3744 Sequela
3336 3669 3530 3744 patet,
3545 3665 3702 3743 quia

2128 3764 2381 3839 propter
2405 3759 2568 3838 quod
2602 3758 3089 3838 unumquodque
3115 3759 3261 3833 tale,
3293 3763 3356 3819 et
3380 3757 3535 3817 illud
3561 3775 3703 3817 ma-

2126 3851 2222 3930 gis
2237 3868 2257 3927 ;
2286 3852 2339 3911 si
2372 3871 2520 3930 ergo
2546 3852 2946 3932 transgressio
2965 3852 3255 3933 praecepti
3281 3851 3452 3920 levis,
3483 3870 3595 3912 seu
3626 3852 3701 3911 in

2125 3945 2385 4006 materia
2411 3946 2535 4006 levi
2569 3946 2649 4007 sit
2692 3964 2935 4025 semper
2965 3946 3244 4007 mortalis
3278 3946 3517 4006 ratione
3546 3962 3701 4005 con-

2131 4045 2419 4118 temptus,
2473 4040 2669 4101 multo
2720 4041 2918 4119 magis
2971 4040 3100 4120 ipse
3146 4044 3533 4118 contemptus
3573 4039 3701 4099 erit

2128 4152 2371 4215 semper
2391 4134 2647 4195 mortale
2669 4135 2926 4196 crimen.
2954 4134 3153 4196 Minor
3189 4140 3400 4195 autem
3426 4151 3535 4194 seu
3575 4132 3701 4194 fal-

2127 4228 2272 4289 sitas
2299 4230 2728 4309 consequentis
2772 4228 3088 4309 probatur,
3116 4228 3266 4306 quia
3299 4233 3701 4307 contemptus

2131 4340 2258 4383 non
2293 4328 2387 4383 est
2420 4324 2623 4402 majus
2649 4328 2975 4403 peccatum
3015 4338 3207 4401 quam
3243 4320 3699 4397 inobedientia,

2128 4415 2229 4477 vel
2255 4416 2667 4494 sacrilegium,
2699 4422 2761 4476 et
2782 4415 3010 4476 similia
3037 4431 3053 4474 ε
3096 4415 3200 4475 sed
3231 4414 3365 4476 haec
3395 4433 3522 4475 non
3543 4421 3702 4475 sunt

2128 4527 2371 4589 semper
2416 4514 2670 4589 peccata
2719 4509 3051 4570 mortalia:
3092 4526 3242 4587 ergo
3277 4527 3390 4570 nec
3417 4514 3702 4569 contem-

2130 4609 2293 4682 ptuS.
2353 4603 2711 4664 Declaratur
2753 4608 3048 4682 praeterea
3085 4602 3383 4682 exemplis
3409 4621 3423 4664 :
3459 4620 3610 4662 nam
3641 4603 3701 4663 si

2125 4697 2264 4776 quis
2292 4698 2578 4776 proximo
2610 4698 2774 4759 dicat
2789 4698 2923 4759 leve
2945 4698 3294 4758 convicium
3322 4715 3399 4758 ex
3417 4703 3699 4757 contem-

2123 4796 2236 4870 ptu
2288 4792 2443 4869 ejuS,
2477 4809 2603 4851 non
2645 4790 2783 4851 ideo
2832 4791 3038 4852 statim
3082 4797 3292 4871 peccat
3324 4790 3697 4868 mortaliter,

2125 4884 2274 4964 quia
2305 4889 2434 4944 tota
2465 4883 2575 4944 illa
2614 4885 2774 4945 actio
2803 4902 2945 4945 cum
2993 4884 3103 4945 illa
3141 4884 3518 4946 formalitate
3546 4902 3699 4944 con·

2127 4982 2400 5056 temptus
2458 4994 2587 5037 non
2643 4978 3020 5039 transcendit
3065 4980 3369 5039 rationem
3417 4977 3689 5056 injuriae,

2127 5088 2265 5150 quae
2291 5070 2356 5130 in
2384 5069 2493 5131 illa
2525 5071 2784 5131 materia
2804 5070 2956 5132 levis
2982 5076 3092 5133 est.
3118 5073 3272 5133 Item
3290 5071 3344 5131 si
3370 5071 3509 5151 quis
3533 5069 3695 5130 nolit

2126 5164 2374 5227 obedire
2394 5164 2652 5226 Praelato
2670 5165 2738 5224 in
2766 5184 2833 5227 re
2856 5166 3136 5240 minima,
3171 5165 3372 5228 solum
3400 5170 3470 5225 ut
3486 5170 3695 5225 osten-

2127 5257 2233 5318 dat
2264 5275 2328 5319 se
2352 5259 2530 5338 parvi
2568 5260 2833 5337 pendere
2873 5259 3074 5335 illum,
3111 5277 3239 5319 non
3272 5259 3519 5320 videtur
3549 5276 3694 5336 pec-

2126 5368 2265 5412 care
2293 5350 2653 5427 mortaliter,
2685 5353 2832 5432 quia
2865 5358 2993 5413 tota
3019 5353 3126 5413 illa
3154 5357 3506 5432 potestesse
3533 5350 3691 5411 levis

2128 5445 2396 5524 injuria:
2446 5445 2595 5506 item
2628 5445 2681 5505 si
2717 5446 2854 5525 quis
2882 5445 3278 5507 mendacium
3313 5444 3584 5526 proferat
3611 5462 3692 5507 ex

2127 5543 2485 5621 contemptu
2525 5539 2816 5621 quodam,
2863 5541 3012 5623 quia
3049 5558 3161 5622 pro
3207 5538 3404 5600 nihilo
3441 5543 3692 5618 reputat
