3976 6219
458 524 628 589 enim
649 520 992 601 imponitur
1017 539 1127 601 per
1152 519 1327 583 illam
1345 527 1416 582 ut
1431 523 1742 603 propriam
1770 539 2020 584 causam

458 637 570 700 per
596 634 659 678 56
686 616 754 675 111
772 632 883 675 suo
913 613 1149 675 ordine.

538 712 639 771 20.
683 713 884 787 Atque
912 707 1042 768 haec
1091 708 1312 769 ultima
1338 709 1495 770 ratio
1540 709 1787 771 videtur
1816 707 2021 769 effica-

458 804 612 866 citer
626 803 997 881 impugnare
1012 801 1382 862 sententiam
1402 803 1565 864 6105.
1595 808 1656 863 61
1681 806 2016 882 receptam,

458 897 581 958 nisi
606 896 930 956 limitetur.
983 894 1129 956 Dico
1156 913 1303 956 vero
1352 895 1521 956 aliud
1562 914 1689 957 esse
1735 895 1909 974 loqui
1941 895 2019 956 de

457 989 719 1052 infamia
744 989 813 1052 in
840 1005 1091 1066 genere,
1117 987 1286 1048 aliud
1307 1006 1454 1049 vero
1484 988 1562 1050 de
1586 988 1848 1048 infamia
1868 1004 2021 1066 qua-

457 1089 640 1144 tenus
664 1087 917 1162 propter
950 1099 1202 1141 usuram
1227 1086 1424 1161 potest
1453 1101 1490 1144 a
1517 1081 1726 1162 judice
1755 1081 2018 1142 seculari

458 1175 721 1256 imponi.
752 1173 949 1235 Priori
978 1173 1188 1249 mod0,
1218 1192 1345 1235 non
1387 1180 1480 1236 est
1521 1192 1740 1236 verum
1767 1173 2019 1234 univer-

458 1270 668 1331 saliter
691 1268 1017 1329 infamiam
1045 1286 1173 1330 esse
1202 1269 1390 1329 talem
1425 1286 1698 1348 poenam,
1729 1286 1867 1348 quae
1889 1285 2019 1328 non

456 1362 646 1442 possit
672 1379 783 1441 per
815 1360 1089 1439 judicem
1120 1362 1381 1441 imponi,
1413 1366 1477 1422 et
1505 1361 1645 1422 ideo
1695 1360 1883 1422 etiam
1909 1377 2033 1422 ne-.

458 1453 788 1516 cessarium
816 1472 944 1514 non
972 1459 1064 1515 651
1093 1459 1184 1530 ut,
1211 1454 1450 1533 quoties
1489 1454 1588 1514 lex
1615 1454 1736 1514 fert
1766 1470 2020 1533 poenam

457 1547 753 1622 infamiae,
802 1546 903 1607 vel
939 1565 1052 1626 per
1082 1546 1276 1607 solam
1309 1546 1878 1623 comminationem,
1919 1545 2019 1606 vel

457 1658 570 1720 per
590 1640 850 1701 verbum
892 1638 970 1700 de
1007 1639 1241 1714 futur0,
1289 1640 1367 1700 sit
1408 1638 1484 1700 de
1512 1657 1695 1718 poena
1721 1640 1854 1719 ipso
1877 1640 2018 1719 jure

457 1732 883 1811 intelligenda,
904 1731 1051 1811 quia
1078 1749 1221 1791 cum
1247 1732 1439 1811 possit
1471 1750 1582 1811 per
1597 1732 1873 1810 judicem
1900 1732 2018 1793 im-

459 1826 634 1905 poni,
649 1832 719 1885 ut
734 1826 967 1886 dictum
986 1831 1098 1902 est,
1116 1843 1245 1886 non
1267 1825 1384 1886 erit
1402 1825 1638 1885 inutilis
1651 1825 1774 1900 lex,
1801 1825 2019 1885 etiam-

460 1919 513 1978 si
541 1935 685 1978 cum
712 1919 1084 1997 proprietate
1111 1918 1518 1997 intelligatur,
1557 1922 1621 1979 et
1663 1919 1750 1979 ita
1779 1920 1894 1978 erit
1924 1918 2019 1978 in-

461 2011 811 2089 telligenda,
847 2012 900 2071 si
948 2010 1116 2072 aliud
1143 2030 1268 2071 non
1293 2010 1511 2072 obstet.
1548 2009 1881 2089 Loquendo
1907 2028 2020 2071 au-

457 2109 587 2166 tem
625 2104 948 2183 posteriori
990 2103 1176 2165 modo
1205 2105 1279 2165 de
1306 2105 1416 2165 tali
1443 2104 1704 2165 infamia
1725 2103 2014 2181 usurarii,

458 2202 529 2257 ut
555 2196 933 2276 imponenda
969 2215 1079 2277 per
1099 2198 1200 2276 jus
1227 2196 1428 2272 civile,
1478 2198 1692 2257 dicunt
1719 2196 1888 2257 citati
1919 2197 2020 2275 ju-

458 2290 647 2366 ristae,
689 2290 811 2350 nisi
860 2291 1215 2351 incurratur
1266 2291 1398 2369 ipso
1443 2292 1581 2369 jure
1627 2307 1703 2349 ex
1737 2290 1801 2349 vi
1836 2290 2016 2368 legiS,

457 2401 586 2443 non
618 2401 793 2462 posse
819 2401 928 2462 per
950 2382 1222 2462 judicem
1260 2383 1504 2443 civilem
1531 2383 1768 2462 imponi
1809 2404 1825 2442 ε
1860 2383 2020 2444 ratio

458 2481 666 2537 autem
699 2494 915 2538 eorum
942 2481 1055 2551 est,
1084 2476 1230 2554 quia
1249 2476 1357 2555 qui
1380 2476 1561 2537 solvit
1585 2494 1861 2552 usuram,
1892 2494 2020 2536 non

459 2574 656 2648 potest
669 2587 866 2648 agere
905 2574 1118 2630 contra
1150 2570 1506 2629 usurarium
1547 2570 1785 2630 actione
1815 2569 2021 2629 crimi-

457 2662 608 2738 nali,
640 2680 755 2723 nec
780 2662 1038 2738 famosa,
1067 2667 1139 2721 ut
1163 2662 1282 2740 ipsi
1299 2661 1662 2740 loquuntur,
1695 2661 1800 2722 sed
1829 2662 2022 2723 actio-

456 2773 537 2815 ne
581 2756 781 2832 civili,
821 2754 1079 2829 scilicet,
1134 2754 1520 2815 condictione
1560 2754 1859 2831 indebiti,
1915 2755 2017 2815 vel

455 2847 641 2907 simili
674 2864 689 2907 ε
722 2866 799 2907 ex
825 2847 887 2908 vi
929 2852 1137 2907 autem
1179 2846 1366 2926 hujus
1392 2847 1651 2908 actionis
1695 2866 1823 2908 non
1856 2848 2017 2908 infa-

456 2940 733 3000 mabitur
769 2940 1087 3001 usurarius
1125 2958 1237 3019 per
1271 2939 1566 3019 judicem,
1598 2941 1841 3002 etiamsi
1872 2959 2017 3019 con-

456 3032 784 3094 demnetur
807 3033 887 3094 ad
913 3031 1326 3094 restituendas
1348 3051 1586 3109 usuraS,
1608 3035 1788 3114 juxta
1804 3034 1850 3094 1.
1878 3033 2016 3098 Ces-

453 3134 572 3203 sat,
599 3128 663 3189 ff.
693 3128 769 3189 de
787 3127 1092 3189 Actionih.
1111 3133 1174 3189 et
1188 3127 1439 3207 obligat.
1464 3129 1588 3189 Nec
1609 3129 1796 3189 etiam
1814 3134 2018 3208 potest

454 3221 855 3283 criminaliter
876 3222 1085 3301 puniri
1107 3239 1184 3282 ex
1214 3222 1279 3282 vi
1304 3220 1445 3281 talis
1472 3222 1756 3297 661101115,
1792 3226 1854 3282 et
1875 3221 2015 3282 ideo

453 3334 531 3377 ex
552 3317 614 3376 vi
640 3315 781 3375 talis
809 3317 1130 3376 sententiae
1157 3332 1285 3378 non
1321 3314 1731 3376 infamaretur
1760 3331 1923 3390 rcus,
1950 3320 2016 3376 et

453 3407 615 3484 ide0,
642 3412 712 3467 ut
737 3407 990 3468 infamis
1008 3415 1281 3484 maneat,
1303 3413 1545 3487 oportet
1574 3413 1646 3467 ut
1672 3425 1750 3468 ex
1776 3408 1839 3468 vi
1856 3407 2013 3486 legis

451 3501 810 3576 infametur,
833 3500 1095 3580 ideoque
1122 3501 1244 3561 nisi
1270 3501 1370 3561 lex
1397 3501 1754 3580 loqueretur
1780 3499 1857 3561 de
1884 3518 2014 3580 poe-

453 3611 536 3652 na
577 3593 710 3671 ipso
746 3593 913 3671 jure,
947 3592 1188 3654 inutilis
1237 3598 1413 3654 esset.
1455 3593 1583 3653 Hoc
1629 3610 1777 3672 ergo
1827 3593 2013 3653 modo

453 3685 804 3748 defenditur
825 3688 1178 3766 exemplum
1205 3685 1385 3762 illud,
1436 3684 1581 3746 licet
1606 3685 1685 3745 sit
1718 3685 1898 3746 valde
1924 3685 2013 3748 le-

452 3777 589 3858 gale
623 3784 686 3839 et
712 3779 870 3839 mihi
905 3780 1236 3856 incertum,
1287 3780 1456 3859 quia,
1499 3778 1640 3840 licet
1684 3778 1764 3839 sit
1794 3796 2012 3839 verum

452 3884 515 3933 et
553 3878 836 3933 constans
878 3891 962 3934 ex
1005 3873 1142 3934 aliis
1178 3873 1423 3953 juribus
1467 3873 1823 3934 usurarium
1880 3891 2013 3934 esse

452 3968 585 4046 ipso
591 3967 732 4046 jure
742 3966 1064 4043 infamem,
1082 3967 1515 4043 nihilominus,
1531 3966 1678 4028 licet
1690 3985 1815 4027 non
1828 3973 2007 4045 esset,

453 4077 582 4120 non
608 4058 788 4120 video
816 4076 925 4118 cur
957 4077 1067 4139 per
1087 4059 1359 4140 judicem
1384 4077 1512 4120 non
1539 4059 1729 4139 possit
1759 4058 1895 4119 fieri
1918 4060 2014 4119 in·-

452 4153 634 4214 famis
662 4170 740 4214 ex
764 4151 829 4212 vi
862 4152 1028 4213 illius
1053 4152 1098 4213 l.
1123 4154 1495 4232 Improbum,
1516 4154 1568 4213 si
1600 4153 1668 4213 in
1683 4152 1917 4231 judicio
1936 4153 2012 4215 de

451 4245 733 4325 improbo
805 4245 1040 4307 foenore
1109 4247 1509 4307 convincatur
1536 4291 1557 4322 ,
1616 4262 2011 4326 quacumque

449 4339 694 4399 actione
716 4343 928 4400 contra
954 4338 1134 4399 illum
1162 4344 1403 4418 agatur.
1426 4340 1580 4400 Nam
1607 4337 1755 4398 licet
1772 4339 2014 4399 condic-

451 4430 538 4491 tio
566 4430 826 4491 indebiti
844 4449 957 4511 per
984 4450 1047 4492 se
1070 4449 1198 4491 non
1227 4431 1412 4492 faeiat
1434 4430 1753 4505 infamem,
1782 4431 2010 4493 nihilo-

450 4523 679 4599 minus,
696 4524 841 4602 quia
859 4524 1155 4584 fundatur
1172 4524 1239 4583 in
1258 4523 1516 4584 crimine
1534 4542 1759 4600 usurae,
1783 4525 2011 4603 poterit

449 4618 527 4677 ad
557 4616 881 4678 infamiam
925 4618 1203 4679 sufficere
1252 4618 1493 4679 ratione
1539 4618 1790 4679 alterius
1824 4618 2002 4698 legiS.

447 4709 568 4771 Sed
593 4708 710 4771 hoc
722 4710 1097 4790 jurisperitis
1124 4709 1363 4770 omitt0.

527 4803 627 4863 21.
675 4802 1016 4865 Secundum
1039 4803 1365 4882 exemplum
1395 4801 1899 4882 irregularitatis.
1926 4834 2010 4848 —

445 4894 716 4955 Clariora
734 4900 879 4954 sunt
896 4893 1019 4954 alia
1042 4895 1322 4973 exempla
1338 4894 1446 4974 huj
1454 4914 1525 4956 us
1538 4896 1786 4974 regulae..
1802 4897 2008 4957 Unum

446 4994 540 5050 est
566 4988 642 5049 de
674 5006 858 5068 poena
884 4988 1357 5067 irregularitatis
1384 5011 1399 5050 ε
1432 5007 1604 5064 116111,
1633 4989 1776 5051 11661
1806 5007 2004 5050 6611011

446 5088 690 5144 1611111111
706 5082 887 5158 dicat,
904 5082 1018 5143 sub
1038 5100 1223 5162 poena
1233 5083 1729 5163 irregularitatiS,
1744 5083 1840 5145 vel
1857 5083 2009 5145 irre-

448 5176 680 5255 gularis
712 5175 843 5254 fiet,
875 5181 983 5239 aut
1004 5176 1153 5257 quid
1176 5176 1398 5253 simile,
1428 5176 1898 5257 intelligendum
1920 5183 2012 5239 est

449 5269 818 5330 sententiam
835 5270 1027 5330 latam
1052 5270 1392 5346 continere,
1415 5271 1564 5350 quia
1589 5271 2011 5350 irregularitas

449 5365 541 5423 est
567 5361 707 5423 talis
732 5380 937 5441 poena,
969 5381 1108 5443 quae
1125 5382 1252 5424 non
1282 5364 1361 5425 ab
1387 5363 1662 5440 homine,
1681 5363 1785 5425 sed
1813 5382 1850 5423 a
1875 5364 2013 5442 jure

447 5460 693 5516 tantum
708 5454 1087 5533 imponatur,
1102 5463 1172 5517 ut
1186 5474 1462 5536 suppono
1486 5475 1563 5518 ex
1577 5456 1753 5517 dictis
1775 5456 1839 5515 in
1863 5458 1901 5517 5
1919 5461 2011 5515 to-

450 5564 577 5625 m0,
595 5549 751 5628 disp.
769 5549 871 5624 40,
886 5553 1034 5610 5661.
1055 5550 1116 5610 4.
1133 5550 1313 5625 Nam,
1329 5547 1794 5612 licetinterdum
1805 5547 2013 5628 aliqua

1363 421 1477 472 LlB.
1513 420 1573 473 V.
1607 421 1689 473 DE
1721 417 2078 473 vAmE'rATE
2109 417 2319 472 LEGUM
2350 417 2758 471 mmmm.

2100 520 2520 599 irregularitas
2566 539 2692 582 non
2737 521 3112 596 incurratur,
3168 520 3290 581 nisi
3347 523 3671 602 supposita

2101 615 2406 675 sententia
2423 615 2698 675 criminis
2724 613 2877 674 alias
2905 613 3145 688 occulti,
3174 612 3329 676 illud
3349 613 3552 674 solum
3574 621 3670 676 est

2100 707 2347 785 quando
2365 707 2788 785 irregularitas
2801 724 2930 767 non
2946 706 3291 785 imponitur
3308 708 3669 768 immediate

2100 799 2339 861 ratione
2384 800 2683 876 criminis,
2730 800 2838 860 sed
2881 800 3122 860 ratione
3174 798 3482 876 infamiae3
3538 819 3669 862 non

2100 893 2246 970 quia
2274 891 2352 952 ad
2375 893 2572 972 ipsam
2600 892 3146 972 irregularitatem,
3179 911 3291 971 per
3317 910 3380 953 se
3408 893 3666 972 loquen-

2099 983 2201 1059 do,
2235 986 2586 1064 requiratur
2636 984 2942 1047 sententia
2986 985 3253 1064 judicis;
3284 990 3346 1046 et
3393 985 3533 1047 ideo
3562 986 3666 1046 lex

2097 1077 2423 1157 imponens
2453 1078 2995 1157 irregularitatem,
3036 1078 3168 1157 ipso
3195 1078 3336 1158 jure
3375 1096 3514 1139 eam
3542 1080 3663 1140 im-

2098 1188 2330 1251 ponere
2383 1171 2777 1250 intelligitur,
2815 1170 3058 1231 etiamsi
3114 1188 3225 1250 per
3275 1172 3537 1233 verbum
3582 1175 3664 1235 de

2097 1264 2332 1340 futuro,
2360 1264 2461 1326 vel
2484 1265 2683 1328 simile
2715 1265 3030 1345 loquatur.

2178 1358 2279 1417 22.
2331 1358 2605 1421 Tertiam
2660 1358 2986 1437 exemplum
3039 1358 3109 1420 de
3156 1358 3510 1422 irritatione
3565 1379 3673 1424 seu

2098 1450 2507 1513 annullatione
2549 1451 2779 1513 vinculi
2826 1451 3286 1514 indissolubilis.
3344 1485 3426 1498 —
3476 1453 3668 1513 Aliud

2098 1543 2451 1622 exemplum
2464 1560 2593 1605 esse
2610 1548 2809 1623 potest
2831 1543 2907 1604 de
2928 1543 3294 1605 irritatione.
3318 1562 3428 1606 seu
3443 1545 3671 1607 annul-

2096 1635 2326 1696 latione
2346 1636 2579 1696 vinculi
2597 1635 3055 1696 indissolubilia.
3087 1637 3243 1697 Nam
3262 1638 3315 1698 si
3341 1638 3442 1699 lex
3469 1639 3672 1719 impo-

2099 1735 2208 1789 nat
2229 1730 2297 1789 in
2319 1747 2569 1808 poenam
2607 1730 3018 1791 irritationem
3049 1730 3190 1791 talis
3230 1732 3488 1809 vinculi,
3521 1733 3674 1795 licet

2099 1839 2210 1900 per
2236 1821 2425 1883 verba
2443 1823 2519 1884 de
2536 1822 2745 1883 futuro
2767 1823 3077 1902 loquatur,
3095 1824 3466 1904 intelligitur
3484 1826 3672 1886 indu-

2098 1931 2233 1975 cere
2273 1914 2730 2003 inhabilitatem
2768 1916 2899 1995 ipso
2932 1916 3116 1993 facto,
3149 1917 3297 1997 quia
3320 1917 3474 1978 alias
3507 1924 3669 1980 65561

2098 2006 2337 2067 inutilis
2371 2013 2434 2069 et
2471 2008 2713 2069 frivola.
2747 2009 2829 2068 Ut
2858 2010 2911 2070 si
2941 2009 3043 2070 lex
3069 2010 3395 2089 prohibeat
3420 2017 3667 2072 contra-

2097 2100 2246 2160 here
2274 2101 2744 2161 matrimonium
2767 2102 2888 2161 viri
2901 2120 3045 2162 cum
3062 2103 3298 2163 femina
3324 2122 3512 2183 quam
3533 2106 3671 2184 pol-

2097 2194 2218 2254 luit
2263 2212 2375 2273 per
2418 2193 2818 2270 adulterium,
2845 2201 2907 2256 et
2935 2195 3153 2256 addat:
3190 2196 3357 2257 Alias
3381 2197 3503 2259 tale
3534 2217 3675 2260 ma-

2097 2288 2464 2348 trimonium
2490 2287 2791 2365 irritetur,
2821 2294 3105 2350 censetur
3146 2290 3280 2369 ipso
3304 2292 3444 2370 jure
3471 2293 3672 2371 impe-

2099 2380 2447 2443 dimentum
2500 2383 2747 2443 irritans
2796 2383 3135 2463 imponere,
3176 2385 3325 2463 quia
3376 2385 3499 2446 nisi
3546 2387 3674 2448 tale

2099 2480 2256 2535 esset
2284 2475 2824 2554 impedimentum,
2846 2494 2975 2536 non
3003 2482 3204 2555 posset
3224 2484 3437 2557 postea
3467 2480 3675 2539 irrita-

2099 2567 2155 2626 ri
2199 2567 2666 2627 matrimonium
2720 2568 2911 2629 semel
2963 2570 3260 2630 validum.
3308 2571 3407 2631 Sic
3448 2572 3665 2645 etiam,

2101 2677 2239 2720 cum
2281 2660 2522 2739 antiqui
2566 2678 2832 2721 canones
2876 2661 3089 2722 dicunt
3122 2663 3499 2724 irritandum
3538 2684 3671 2726 esse

2097 2754 2568 2814 matrimonium
2593 2755 2913 2832 virginum
2942 2774 3277 2832 sacrarum,
3314 2758 3460 2817 satis
3504 2759 3671 2819 indi-

2096 2851 2240 2905 cant
2277 2864 2381 2907 eas
2425 2864 2553 2907 esse
2602 2847 2908 2909 inhabiles
2934 2848 3012 2908 ad
3039 2848 3315 2909 validum
3343 2850 3668 2910 matrimo-

2095 2939 2296 2999 nium.
2323 2940 2610 3020 Idemque
2639 2946 2730 3001 est
2756 2941 2832 3001 de
2859 2940 3118 3016 clericiS,
3146 2947 3209 3003 et
3235 2942 3560 3003 similibus
3589 2946 3670 3005 Et

2096 3031 2314 3091 similis
2335 3033 2551 3111 regula
2577 3032 2872 3113 applicari
2899 3039 3098 3113 potest
3124 3034 3199 3094 ad
3216 3035 3668 3116 impedimenta

2094 3125 2486 3204 professionis
2512 3126 2842 3205 religiosae:
2889 3144 3038 3187 nam
3078 3129 3131 3188 si
3173 3147 3373 3190 canon
3397 3129 3660 3191 dixerit:

2094 3219 2159 3280 Si
2187 3220 2324 3298 quis
2357 3219 2474 3280 hoc
2501 3219 2901 3295 commiserit,
2943 3224 3005 3281 et
3026 3226 3237 3300 postea
3273 3221 3662 3301 profitcamr,

2096 3314 2225 3393 ejus
2263 3314 2555 3393 professio
2603 3314 2988 3390 dissolvatur,
3032 3316 3166 3393 ipso
3191 3315 3354 3376 facto
3380 3317 3667 3377 introdu-

2093 3406 2173 3465 cit
2193 3405 2731 3485 impedimentum,
2754 3407 2900 3486 quia
2926 3407 3078 3468 alias
3098 3424 3225 3468 non
3244 3413 3445 3487 potest
3471 3408 3666 3470 habe-

2093 3516 2162 3559 re
2198 3499 2509 3562 effectum.
2556 3499 2812 3573 Quando
2838 3519 2986 3562 vero
3014 3518 3278 3561 canones
3304 3500 3556 3564 dicunt:
3589 3502 3659 3564 Si

2092 3590 2230 3670 quis
2265 3590 2383 3653 hoc
2414 3593 2808 3668 commiserit,
2849 3595 2981 3672 ejus
3019 3594 3327 3654 ordinatio
3352 3593 3661 3672 irritetur,

2092 3689 2240 3743 tunc
2265 3702 2393 3745 non
2421 3690 2621 3764 potest
2643 3684 2859 3746 eodem
2882 3686 3067 3746 modo
3089 3685 3308 3764 regula
3338 3687 3662 3766 applicari,

2091 3778 2240 3856 quia
2281 3778 2523 3839 collatio
2564 3779 2798 3840 ordinis
2815 3825 2835 3856 ,
2879 3779 3083 3859 quoad
3127 3779 3401 3842 valorem
3448 3798 3659 3857 suum,

2092 3871 2322 3932 irritari
2374 3890 2502 3933 non
2552 3878 2795 3952 potest3
2852 3872 3290 3953 intelliguntur
3347 3892 3496 3953 ergo
3552 3873 3665 3935 illa

2092 3964 2282 4026 verba
2311 3964 2387 4027 de
2410 3966 2754 4028 irritatione
2782 3967 2983 4046 quoad
3018 3984 3224 4042 usum,
3257 3973 3319 4027 et
3344 3968 3431 4027 516
3460 3967 3662 4029 solent

2092 4059 2556 4138 suspensionem
2599 4058 2967 4138 significare,
3009 4078 3147 4139 quae
3182 4077 3295 4138 per
3339 4059 3663 4121 hominem

2091 4151 2308 4213 inferri
2329 4157 2550 4232 potest,
2583 4159 2644 4214 et
2671 4153 2810 4214 ideo
2840 4172 2968 4214 non
2998 4158 3090 4214 651
3111 4170 3378 4229 11666556,
3403 4155 3664 4234 111661116-

2089 4249 2155 4305 16
2178 4244 2367 4306 verba
2402 4244 2516 4305 suh
2557 4244 2676 4307 hac
2716 4246 2933 4325 regula
2969 4244 3430 4324 comprehendi.
3471 4248 3547 4306 Et
3581 4247 3659 4306 ad

2090 4337 2208 4399 hoc
2244 4339 2601 4419 exemplum
2638 4344 2914 4419 spectant
2945 4339 3090 4416 alia,
3130 4355 3268 4418 quse
3315 4339 3494 4401 affert
3527 4340 3656 4401 Tir.

2090 4449 2299 4511 supra,
2334 4451 2399 4493 n.
2436 4434 2579 4494 265.

2168 4526 2268 4584 23.
2317 4524 2614 4599 Quartum
2641 4525 2990 4603 eoeomplnm,
3031 4526 3100 4587 do
3130 4523 3254 4605 layo
3277 4525 3668 4605 praecipiente

2086 4618 2196 4680 sub
2204 4635 2384 4697 poena
2395 4618 2664 4698 perjurii
2669 4618 3045 4697 .—-Denique
3058 4623 3258 4697 potest
3285 4619 3447 4680 sumi
3476 4637 3666 4698 quar-

2085 4716 2222 4771 tum
2251 4710 2606 4791 exemplum
2638 4727 2718 4772 ex
2744 4710 2961 4773 eodem
2988 4728 3164 4771 num.
3197 4713 3338 4787 264,
3380 4710 3455 4772 de
3494 4713 3660 4789 Lege

2087 4804 2482 4885 praecipiente
2516 4803 2753 4883 aliquid
2805 4803 2919 4865 sub
2950 4821 3135 4883 poena
3177 4806 3473 4885 perjurii:
3507 4823 3662 4865 nam

2090 4915 2163 4959 eo
2198 4897 2332 4976 ipso
2374 4897 2639 4976 imponit
2691 4896 2866 4957 illam
2905 4897 3040 4976 ipso
3064 4898 3224 4976 jure,
3279 4915 3407 4959 non
3441 4902 3567 4958 tam
3593 4897 3662 4958 vi

2085 5008 2218 5065 sua,
2245 5006 2432 5068 quam
2451 4989 2721 5051 alteriuS.
2750 4989 3109 5050 Immediate
3132 4991 3299 5050 enim
3322 5007 3400 5051 ex
3424 4990 3490 5050 vi
3517 4988 3661 5049 talis

2086 5082 2243 5161 legis
2255 5080 2348 5158 fit,
2379 5081 2539 5141 utin
2568 5082 3047 5161 transgressione
3070 5083 3204 5161 ejus
3228 5083 3663 5144 committatur

2089 5175 2470 5255 perjurium:
2502 5191 2648 5235 nam
2685 5174 2828 5236 talis
2855 5174 2957 5234 lex
2982 5175 3328 5237 necessario
3360 5173 3661 5254 supponit

2091 5266 2342 5346 aliquod
2361 5267 2815 5346 juramentum,
2836 5267 2905 5326 in
2932 5268 3109 5347 cujus
3135 5267 3365 5328 virtute
3390 5267 3476 5327 sic
3499 5282 3663 5344 prae-

2091 5360 2268 5440 cipit,
2319 5365 2382 5422 et
2420 5360 2560 5421 ideo
2599 5367 3013 5440 transgressor
3050 5360 3192 5422 talis
3238 5360 3396 5439 legis
3441 5364 3663 5420 eontra

2090 5453 2431 5533 praestitum
2461 5453 2890 5531 juramentum
2926 5460 3154 5533 peccat,
3187 5458 3250 5514 et
3281 5468 3665 5529 consequen-

2090 5551 2185 5610 ter
2217 5545 2481 5609 incurrit
2514 5563 2764 5627 poenam
2799 5546 2933 5628 ipso
2979 5546 3118 5626 jure
3159 5551 3412 5627 propter
3448 5544 3660 5623 perju-
