3976 6219
588 378 714 442 350

588 491 800 549 autem
828 489 943 558 est,
963 482 1112 562 quia
1134 482 1237 544 hae
1257 482 1609 562 dignitates,
1640 494 1945 565 quatenus
1970 504 2154 566 supe·

586 579 780 640 riores
822 575 1133 655 Episcopis
1168 582 1335 652 sunt,
1392 577 1647 637 omnino
1698 585 1843 638 sunt
1888 580 1966 639 de
2008 581 2153 657 jure

584 671 865 733 humano
885 669 1314 744 ecclesiastico,
1332 675 1394 730 et
1422 670 1561 730 ideo
1579 671 1735 730 nihil
1756 673 1996 733 ratione
2019 672 2153 733 illa-

583 780 727 824 rum
751 760 885 822 fleri
908 767 1133 841 potest,
1163 762 1284 821 nisi
1314 762 1479 840 quod
1523 763 1867 841 specialiter
1906 782 2152 825 concae-

582 872 723 916 sum
752 860 864 929 est,
883 855 1223 932 praesertim
1246 872 1389 914 cum
1408 853 1498 914 ita
1516 855 1633 914 sit
1614 874 1684 914 ιιι
1709 856 1886 916 dictis
1905 857 2151 961 juribus

582 947 1000 1021 declaratum3
1028 946 1193 1006 unde
1224 945 1390 1024 quod
1413 947 1502 1007 ait
1522 946 1769 1007 Gloaea
1752 965 1820 1008 ιιι
1844 949 2151 1028 principio

581 1037 975 1100 distinctione
1005 1040 1105 1113 18,
1134 1038 1323 1099 verbo
1356 1038 1869 1116 (Immundum,
1894 1041 2146 1118 scilieet,

579 1131 947 1210 Episcopum
974 1146 1152 1209 posse
1179 1131 1513 1192 concedere
1539 1149 1805 1193 canones
1832 1134 2148 1213 episcopa-

576 1222 690 1300 les,
713 1229 776 1285 et
793 1222 1333 1303 Archiepiscopum
1352 1224 1784 1303 provinciales,
1796 1226 2147 1306 intelligen-

579 1315 731 1377 dum
779 1321 873 1377 est
911 1315 988 1376 de
1020 1316 1493 1396 Archiepiscopo
1527 1335 1672 1379 cum
1699 1319 1958 1379 concilio
2003 1340 2147 1401 pro-

575 1407 849 1483 vinciali,
898 1407 1049 1469 alias
1075 1408 1202 1488 juri
1235 1415 1633 1487 repugnaret,
1664 1416 1734 1471 ut
1775 1417 2013 1473 constat
2058 1432 2137 1475 ex

567 1500 814 1580 juribus
840 1502 1064 1577 citatis,
1085 1503 1428 1580 praesertim
1449 1519 1526 1562 ex
1552 1521 1688 1582 cap.
1716 1504 1949 1568 Nullus
1977 1506 2137 1569 Pri-

571 1613 728 1672 mas,
758 1597 821 1671 9,
850 1600 1064 1675 quaest.
1098 1597 1158 1656 3.
1181 1594 1443 1674 Ideoque
1469 1596 1868 1675 aequiparatio
1897 1597 2005 1660 illa
2030 1601 2139 1660 Ar-

573 1687 946 1767 chiepiscopi
980 1703 1126 1747 cum
1160 1688 1456 1767 Episcopo
1490 1706 1619 1749 non
1654 1694 1746 1749 est
1787 1691 2134 1769 commoda,

573 1779 760 1839 etiam
790 1780 1123 1858 respective
1138 1823 1159 1854 ,
1190 1797 1337 1840 nam
1364 1781 1697 1860 Episcopus
1736 1781 1901 1843 solus
1939 1789 2140 1863 potest

570 1871 772 1932 facere
798 1889 1063 1933 canones
1090 1873 1482 1953 episcopales,
1514 1891 1645 1935 non
1676 1875 1762 1935 sic
1791 1877 2136 1958 Archiepis-

571 1981 762 2044 copus
786 1964 1214 2045 provinciales.

648 2058 710 2119 4.
759 2056 1114 2121 deinales
1133 2074 1306 2135 posse
1332 2060 1497 2136 serre
1518 2059 1674 2139 loyes
1702 2061 1894 2122 sobam
1915 2062 1985 2124 in
2007 2062 2134 2126 Eo-

567 2149 769 2212 cleeiis
805 2167 1054 2212 sum-mn
1086 2151 1426 2213 titulorum.
1467 2186 1547 2196 —
1587 2152 1878 2232 limatum
1908 2156 2131 2219 memmi

567 2243 896 2319 Pontificio·
936 2243 1147 2305 habore
1182 2248 1531 2322 potestatem
1576 2246 1811 2321 ferendi
1861 2247 2017 2326 loyes
2060 2249 2129 2309 in

561 2352 675 2397 sua
693 2335 1029 2414 provincia.
1074 2366 1157 2381 —
1192 2334 1391 2415 Atque
1419 2355 1495 2397 ex
1526 2336 1623 2396 his
1650 2336 1831 2399 facile
1858 2338 2127 2419 intelligi

563 2447 672 2490 seu
705 2428 981 2508 expediri
1011 2435 1212 2511 potest
1232 2436 1524 2510 quartum
1553 2432 1835 2508 dubium,
1870 2433 2120 2511 scilicet,

561 2540 750 2600 quam
777 2528 1144 2602 potestatem
1170 2521 1445 2584 habeant
1476 2523 1556 2585 ad
1581 2525 1930 2586 condendas
1957 2525 2124 2606 leges

559 2613 934 2691 Cardinales,
979 2615 1247 2676 Abbates
1284 2617 1556 2695 exempti
1594 2615 1892 2678 habentes
1926 2619 2122 2696 juris-

558 2706 895 2767 dictionem
914 2706 1345 2786 episcopalem,
1361 2708 1461 2768 vel
1479 2708 1586 2769 alii
1606 2708 1838 2770 similes
1855 2711 2120 2788 Praelati,

558 2803 668 2858 aut
704 2798 892 2859 etiam
914 2799 1179 2875 Legatus
1219 2799 1553 2861 Pontificis.
1605 2801 1814 2862 Primo
1848 2803 2017 2863 enim
2044 2805 2122 2868 de

557 2889 982 2951 cardinalibus
1008 2890 1338 2952 dicendum
1378 2897 1491 2968 est,
1525 2910 1635 2971 per
1668 2911 1754 2970 se,
1790 2900 1852 2956 et
1878 2895 2120 2959 ratione

555 2998 682 3044 suoe
709 2981 1030 3061 dignitatis
1052 2983 1255 3044 solum
1295 3001 1473 3065 posse
1500 2985 1666 3064 leges
1698 2986 1861 3048 ferre
1900 2989 1967 3049 ιιι
1996 2989 2112 3050 Ee-

554 3074 754 3138 clesiis
780 3092 1034 3138 suorum
1062 3076 1411 3139 titulorum.
1446 3077 1767 3154 Probatur,
1798 3081 1946 3161 quia
1965 3087 2112 3145 tan-

550 3175 687 3231 tum
718 3170 786 3231 in
812 3170 949 3231 iuis
988 3169 1223 3232 habent
1264 3172 1755 3250 jurisdictionem
1784 3175 2113 3257 -epbcopa-

549 3262 706 3338 lem,
736 3270 808 3324 ut
832 3270 1045 3345 aperte
1068 3264 1340 3326 sumitur
1366 3282 1443 3325 ex
1470 3267 1656 3345 capit.
1686 3267 1817 3330 His
1840 3286 1995 3348 quoe,
2030 3270 2110 3333 de

549 3357 892 3437 Major-itate
916 3363 979 3419 et
1003 3357 1340 3433 obedient„
1373 3364 1436 3418 et
1462 3358 1646 3438 capit.
1678 3359 2010 3439 Qui-dam,
2035 3363 2111 3424 de

550 3450 770 3526 Elect.,
801 3450 910 3510 ubi
949 3449 1015 3510 id
1052 3455 1228 3511 notat
1268 3450 1608 3511 Panormit.
1643 3451 1839 3513 citans
1877 3455 2101 3517 Joann.

546 3542 739 3602 Andr.
774 3545 837 3602 et
862 3540 1037 3616 alios,
1066 3547 1128 3602 et
1150 3541 1399 3603 Hieron.
1426 3542 1728 3605 Manfred.
1760 3550 2003 3608 tractat.
2031 3549 2109 3611 de

545 3633 943 3710 cardinalib„
966 3633 1154 3695 decis.
1177 3635 1315 3696 1342
1341 3635 1645 3711 Secundo,
1664 3635 1995 3701 dicendum
2014 3647 2107 3702 est

543 3726 866 3789 inferiores
897 3725 1206 3802 Praelatos,
1244 3725 1387 3788 licet
1413 3727 1765 3791 Cardinales
1797 3750 1924 3793 non
1952 3734 2101 3811 sint,

543 3819 596 3881 si
618 3818 852 3881 habent
893 3817 1386 3899 jurisdictionem
1408 3820 1873 3901 episcopalem,
1927 3843 2103 3905 posse

536 3913 677 3992 jure
709 3911 1027 3974 communi
1065 3911 1140 3985 ‚in
1170 3912 1302 3973 suis
1340 3914 1515 3992 quasi
1542 3913 1902 3978 dioecesibus
1933 3918 2103 3998 leges

541 4005 726 4082 ferre,
753 4005 873 4067 nisi
896 4005 986 4066 eis
1006 4005 1085 4067 sit
1102 4004 1444 4085 specialiter
1463 4007 1871 4086 prohibitum,
1898 4018 2101 4075 autex

543 4098 1008 4175 consuetudine,
1037 4098 1136 4161 vel
1157 4099 1452 4179 peculiari
1474 4099 1864 4164 institutione
1890 4106 2099 4185 requi·

542 4199 716 4255 rente
750 4191 1212 4254 communitatis
1251 4191 1353 4253 vel
1402 4193 1655 4273 capituli
1682 4213 2092 4277 consensum,

537 4283 705 4366 quod
735 4292 865 4346 tam
891 4285 969 4346 ad
997 4283 1309 4364 regulares
1336 4301 1525 4365 quam
1552 4286 1631 4347 ad
1662 4289 1966 4350 seculares
1994 4309 2097 4352 ex-

535 4377 709 4440 tendi
734 4382 955 4457 ponet.
1000 4376 1178 4439 Ratio
1204 4383 1318 4453 est,
1360 4377 1510 4457 quia
1534 4377 1667 4440 hsec
1705 4386 1973 4460 potestas
2005 4390 2096 4446 est

529 4467 1015 4548 jurisdictionis,
1045 4474 1108 4531 et
1133 4486 1247 4549 per
1277 4486 1362 4544 se,
1410 4475 1473 4530 et
1491 4470 1632 4549 jure
1661 4472 1972 4535 ordinario
2003 4480 2096 4536 est

533 4561 862 4641 conjuncta
892 4579 1035 4623 cum
1071 4561 1502 4640 jurisdictione
1547 4563 1898 4644 episcopali.
1946 4567 2093 4629 Ter-

532 4653 645 4730 tio,
671 4652 838 4715 idem
867 4652 1199 4715 dicendum
1222 4658 1315 4714 est
1336 4653 1413 4714 de
1434 4654 1661 4733 Legato
1682 4659 1912 4719 summi
1934 4659 2093 4720 Pon-

530 4745 718 4808 tiflcis
740 4768 759 4824 3
794 4744 983 4807 habet
1006 4744 1174 4806 enim
1200 4750 1568 4824 potestatem
1596 4748 1901 4811 condendi
1923 4749 2093 4830 leges

529 4840 598 4902 in
617 4858 730 4901 sua
749 4837 1088 4920 provincia,
1118 4855 1256 4919 quae
1279 4837 1525 4918 durent,
1550 4839 1740 4904 etiam
1757 4840 1935 4906 finito
1952 4860 2091 4906 mu-

527 4950 677 4995 nere
700 4933 858 5013 ejus,
890 4932 1087 4993 donec
1108 4937 1512 5009 revocentur,
1555 4934 1656 4995 vel
1687 4953 1726 4995 a
1767 4937 1952 5017 Papa,
1988 4938 2090 5000 vel

528 5025 607 5087 ab
647 5026 770 5088 alio
796 5024 1066 5095 habente
1092 5024 1394 5105 aequalem
1420 5030 1808 5105 potestatem.
1854 5030 1945 5090 Ita
1979 5029 2086 5092 de-

528 5118 799 5180 claratur
825 5118 891 5180 in
920 5117 1105 5198 capit.
1135 5117 1251 5179 ult.
1281 5118 1563 5180 de10ffl0.
1596 5119 1806 5199 legati,
1834 5122 1947 5182 ubi
1973 5124 2086 5183 Pa-

526 5212 862 5273 normitan.
905 5216 967 5273 et
995 5210 1126 5286 alii,
1164 5210 1480 5290 sylvester
1514 5211 1687 5273 verb.
1729 5213 1873 5290 Lem,
1911 5231 1978 5274 n.
2015 5216 2077 5276 4.

525 5304 707 5366 Ratio
735 5309 849 5378 est,
878 5304 1024 5382 quia
1051 5302 1168 5363 hoc
1193 5320 1422 5364 munus
1443 5303 1532 5363 ita
1553 5304 1907 5365 institutum
1933 5312 2025 5367 est
2046 5324 2084 5367 a

522 5395 784 5458 summis
806 5393 1226 5469 Pontificibus,
1251 5399 1316 5456 et
1330 5394 1475 5473 quia
1501 5396 1592 5455 illi
1612 5396 1825 5474 Legati
1851 5397 2085 5459 habent

515 5489 1006 5569 jurisdictionem
1032 5487 1171 5567 plus
1196 5504 1387 5569 quam
1408 5487 1811 5569 episcopalem
1833 5496 1894 5551 et
1920 5492 2085 5553 ordi·

1593 383 1712 436 m.
1744 383 1830 437 Π.
1860 384 1947 437 BE
1974 384 2140 441 LEGE
2171 384 2461 440 rosmv».
2491 390 2818 446 mones.

2233 489 2499 565 nariam,
2520 499 2592 552 ut
2610 499 2783 572 patet
2803 513 2878 555 ex
2901 501 3031 557 toto
3052 499 3235 562 titulo
3254 502 3332 563 de
3354 503 3765 588 Officiolegati.

2313 584 2374 643 5.
2418 583 2681 646 Nullum
2721 594 2949 664 praeter
2979 592 3169 653 dictos
3208 594 3420 658 habere
3442 605 3766 675 potestatem

2231 675 2511 736 condendi
2538 676 2694 755 leyes
2714 682 3047 744 camicas.
3087 716 3172 730 —
3198 686 3430 749 Ultimo
3459 691 3765 759 dicendum

2230 772 2324 826 est
2341 767 2573 827 nullam
2591 769 2778 830 aliam
2800 790 3127 851 personam
3147 777 3551 856 singularem,
3575 804 3766 864 praeter

2227 865 2607 935 numeratas,
2651 860 2879 925 habere
2915 865 2982 926 ιιι
3013 867 3282 929 Ecclesia
3312 877 3670 949 potestatem
3693 879 3765 940 fe·

2227 950 2406 1012 rendi
2442 952 2610 1031 leges
2648 957 3016 1033 canonicas,
3065 961 3214 1039 quia
3251 962 3480 1024 nullibi
3509 984 3762 1032 concessa

2227 1042 2495 1121 legitur,
2535 1064 2739 1127 neque
2766 1068 2910 1109 cum
2946 1051 3156 1204 aliquo
3195 1054 3318 1115 alio
3355 1074 3613 1120 munere
3642 1079 3759 1124 con·

2224 1227 2377 1307 dixi)
2405 1237 2674 1309 potoetas
2697 1233 3085 1312 legislativa
3067 1256 3134 1297 ιιι
3166 1240 3446 1318 qualibet
3473 1245 3753 1323 republica

2225 1320 2303 1381 de
2330 1340 2396 1383 se
2422 1329 2515 1383 est
2545 1342 2885 1404 suprema3
2930 1328 2997 1388 ιιι
3018 1330 3418 1393 inferioribus
3449 1342 3646 1398 autem
3679 1359 3750 1400 so-

2223 1412 2358 1474 lum
2383 1433 2516 1477 esse
2545 1423 2745 1497 potest
2779 1426 3084 1499 quatenus
3118 1441 3156 1484 a
3185 1443 3480 1505 supremo
3512 1431 3747 1513 principe

2220 1509 2762 1588 communicatur3
2812 1530 2942 1573 non
2990 1516 3142 1576 solet
3186 1524 3399 1579 autem
3447 1528 3746 1586 communi-

2218 1601 2371 1677 cari,
2422 1602 2545 1661 nisi
2581 1605 2783 1681 magis
2821 1607 3259 1686 principalibus
3301 1617 3365 1672 et
3416 1613 3741 1679 habentibus

2219 1695 2600 1772 superiorem
2633 1697 2811 1759 valde
2853 1700 3368 1778 gubernationem
3385 1752 3404 1780 ,
3456 1714 3517 1768 et
3551 1709 3704 1770 ideo
3690 1732 3738 1772 ιιι

2215 1787 2482 1848 Ecclesia
2512 1790 2654 1868 jure
2693 1791 3005 1854 ordinario
3045 1794 3175 1855 haec
3216 1804 3488 1875 potestas
3523 1820 3637 1862 non
3671 1811 3737 1864 est

2219 1882 2549 1959 conjuncta
2565 1929 2585 1959 ,
2629 1885 2749 1945 nisi
2786 1904 2930 1946 cum
2971 1889 3298 1969 principali
3319 1893 3731 1973 jurisdictione,

2214 1973 2415 2051 qualis
2453 1975 2520 2035 in
2547 1976 2810 2039 Ecclesia
2841 1986 2934 2041 est
2974 1982 3332 2063 episcopalis
3365 2034 3384 2062 ,
3435 1993 3496 2048 et
3523 2007 3634 2050 non
3660 1991 3734 2050 in·

2212 2064 2424 2129 ferior.

2290 2161 2348 2219 6.
2395 2161 2645 2241 Quinto,
2691 2165 2966 2228 dubitari
3003 2168 3108 2231 hic
3145 2170 3300 2233 solet
3331 2183 3416 2233 an
3455 2177 3725 2238 sententiae

2206 2258 2557 2317 sanctorum
2589 2259 2866 2334 Pati-um,
2897 2264 3239 2340 praesertim
3265 2265 3391 2327 illae
3413 2286 3542 2347 quae
3566 2269 3624 2328 in
3640 2271 3723 2330 de-

2207 2350 2377 2406 creto
2404 2347 2736 2428 habentur,
2770 2354 2899 2413 vim
2929 2354 3085 2432 legis
3114 2356 3425 2419 habeant:
3462 2360 3603 2421 ratio
3627 2361 3718 2421 du-

2204 2435 2444 2501 bitandi
2477 2448 2568 2503 est
2589 2489 2611 2520 ,
2652 2445 2802 2524 quia
2832 2445 2899 2506 in
2928 2448 3178 2509 Decreto
3211 2450 3483 2513 Gratiani
3507 2460 3569 2513 ut
3593 2454 3717 2515 tales

2205 2528 2567 2595 inferuntur
2594 2583 2615 2613 ,
2648 2543 2710 2598 et
2738 2538 2826 2598 ita
2852 2542 3268 2603 communiter
3291 2550 3362 2605 ut
3389 2564 3623 2607 canones
3646 2547 3715 2607 ci·

2199 2625 2436 2689 tantur.
2467 2629 2596 2690 Imo
2616 2630 2825 2691 Glossa
2840 2631 2908 2692 in
2932 2633 3117 2713 capit.
3139 2635 3311 2711 Noli,
3333 2635 3455 2698 dist.
3477 2639 3527 2712 9,
3555 2639 3704 2700 verb.

2202 2717 2286 2779 In
2313 2720 2474 2795 istis,
2510 2724 2882 2801 generaliter
2920 2726 3078 2787 dixit
3115 2729 3424 2789 sententias
3455 2730 3694 2806 Petrum,

2200 2826 2338 2888 quae
2363 2812 2710 2891 probantur
2732 2835 2770 2877 a
2794 2817 3036 2879 Gelasio
3061 2820 3203 2882 dist.
3239 2822 3336 2896 15,
3367 2839 3477 2900 cap.
3496 2822 3547 2895 3,
3576 2840 3689 2883 esse

2198 2905 2529 2967 canonicas
2552 2926 2747 2988 usque
2763 2909 2843 2971 ad
2863 2911 3195 2972 minimum
3214 2912 3457 2992 apicem.
3479 2913 3683 2974 Sedhoc

2197 3012 2325 3057 non
2369 2997 2557 3060 habet
2599 3002 3102 3080 fundamentum,
3145 3005 3297 3085 quia
3335 3024 3440 3067 nec
3471 3004 3692 3067 Ecclesia

2189 3085 2308 3149 hoc
2347 3092 2560 3169 sentit,
2608 3113 2750 3157 cum
2793 3096 3001 3158 Patres
3028 3116 3155 3159 non
3196 3097 3427 3159 fuerint
3461 3098 3698 3160 canonici

2190 3182 2537 3263 scriptores,
2570 3205 2684 3248 nee
2711 3189 3098 3252 infallibilem
3123 3191 3522 3253 assistentiam
3545 3193 3703 3272 Spiri-

2189 3278 2286 3336 tus
2328 3278 2534 3339 Sancti
2574 3279 2930 3344 habuerint.
2972 3285 3181 3363 Neque
3219 3284 3287 3346 in
3328 3284 3434 3346 illo
3467 3291 3618 3347 textu
3651 3285 3702 3345 id

2190 3366 2414 3431 dicitur
2439 3416 2459 3447 ,
2504 3372 2624 3433 nisi
2669 3376 3014 3454 specialiter
3051 3377 3127 3437 de
3179 3377 3446 3456 quadam
3488 3375 3701 3458 epistola

2187 3461 2407 3523 Leonis
2434 3464 2613 3545 Papae
2631 3512 2652 3542 ,
2683 3468 2749 3527 in
2778 3487 2902 3548 qua
2926 3475 2997 3530 ut
3025 3470 3310 3531 Pontifex
3332 3471 3563 3532 locutus
3589 3475 3698 3531 est:

2187 3557 2352 3617 unde
2394 3576 2507 3637 per
2549 3561 2679 3621 vim
2737 3564 3116 3643 exceptionis
3164 3565 3310 3625 satis
3359 3564 3702 3644 significatur

2186 3649 2696 3727 approbationem
2733 3654 2998 3716 aliorum
3039 3673 3297 3737 operum
3332 3676 3461 3718 non
3504 3676 3616 3718 esse
3650 3657 3702 3716 in

2184 3758 2258 3802 eo
2285 3759 2469 3804 sensu
2495 3745 2721 3808 factam
2743 3794 2764 3824 ,
2807 3748 2915 3810 sed
2945 3748 3145 3811 solum
3176 3757 3250 3811 ut
3276 3750 3352 3811 de
3383 3750 3704 3831 gravissima

2182 3832 2457 3899 humana
2481 3840 2840 3903 auctoritate
2864 3842 3114 3903 illorum
3137 3844 3391 3906 Patrum
3416 3849 3699 3905 constaret.

2181 3927 2356 4000 Quod
2387 3948 2535 4009 ergo
2563 3933 2643 3993 ad
2674 3951 2944 4012 praesens
2984 3940 3249 4015 spectat,
3291 3937 3610 3998 dicendum
3631 3940 3702 3995 est

2179 4024 2512 4084 sententias
2560 4043 2670 4086 seu
2710 4025 2874 4088 dicta
2909 4028 3287 4090 *Sanctorum
3308 4074 3328 4105 ,
3389 4048 3501 4110 per
3544 4046 3618 4104 se,
3655 4033 3702 4087 et

2178 4121 2485 4193 quatenus
2513 4117 2803 4180 nituntur
2823 4121 3190 4183 auctoritate
3207 4139 3451 4198 eorum,
3479 4140 3596 4183 non
3614 4120 3702 4181 ha-

2175 4204 2322 4268 bere
2368 4209 2495 4269 vim
2530 4209 2706 4289 legis,
2752 4216 2821 4271 ut
2861 4218 3042 4274 notat
3080 4214 3291 4275 Glossa
3327 4215 3473 4277 dist.
3524 4217 3614 4290 20,
3650 4214 3701 4273 ιιι

2175 4299 2438 4381 princip.
2462 4346 2484 4378 ,
2526 4308 2587 4363 et
2614 4303 2881 4364 sumitur
2911 4322 2989 4366 ex
3019 4311 3150 4367 tota
3176 4306 3284 4367 illa
3311 4307 3698 4370 distinctione.

2174 4394 2251 4455 Et
2275 4395 2435 4456 ratio
2480 4402 2593 4473 est,
2625 4399 2774 4478 quia
2807 4399 2909 4460 lex
2945 4418 3072 4461 non
3108 4407 3201 4463 est
3237 4408 3414 4464 actus
3445 4401 3702 4464 doctrinm

2173 4492 2419 4550 tantum
2435 4535 2455 4566 ,
2500 4490 2605 4553 sed
2649 4494 2967 4572 ¹potestatis
2978 4509 3000 4572 ;
3034 4495 3234 4557 sancti
3277 4501 3489 4558 autem
3527 4497 3703 4557 Patra

2172 4597 2299 4642 non
2349 4581 2661 4645 habebant
2686 4591 3054 4666 potestatem
3083 4587 3278 4664 hanc,
3307 4606 3516 4669 neque
3544 4589 3704 4649 etiam

2171 4670 2291 4734 hac
2329 4673 2675 4739 intentione
2718 4678 2869 4740 talia
2916 4678 3141 4761 scripta
3177 4681 3533 4743 tradebant.
3567 4681 3702 4756 Lege

2173 4766 2620 4846 panormitan„
2639 4772 2907 4833 Decium
2934 4778 2997 4834 et
3031 4774 3225 4836 Felin.
3233 4793 3333 4851 ,c.
3369 4776 3474 4841 Ne
3488 4773 3701 4836 innita-

2169 4857 2287 4936 ris,
2333 4859 2410 4922 de
2438 4862 2760 4924 constitut.
2796 4864 2965 4926 Dixit
3001 4872 3210 4928 autem
3231 4885 3345 4949 per
3375 4885 3462 4944 se,
3501 4871 3556 4928 et
3579 4879 3702 4945 qua·

2169 4943 2341 5001 tenus
2369 4959 2571 5003 eorum
2614 4945 2974 5007 auctoritate
3004 4948 3327 5022 nituntur,
3362 4948 3514 5027 quia
3541 4946 3703 5006 inter-

2166 5028 2359 5090 dum
2341 5032 2458 5111 ipsi
2476 5033 2885 5096 testificantur
2905 5036 2986 5098 de
3009 5044 3335 5118 praeeepto,
3353 5037 3459 5100 vel
3473 5056 3512 5099 a
3529 5034 3702 5097 Chris-

2164 5126 2251 5197 to,
2276 5123 2375 5184 vel
2392 5124 2473 5185 ab
2499 5125 2804 5205 Apostolis
2827 5128 3075 5205 tradito,
3105 5131 3204 5192 vel
3231 5131 3514 5192 Ecclesiae
3538 5126 3704 5189 tradi-

2164 5215 2332 5277 tione
2374 5217 2724 5280 introducto
2753 5236 2773 5296 ;
2824 5226 2886 5281 et
2923 5226 3073 5283 tunc
3117 5240 3195 5284 ex
3243 5223 3366 5285 illis
3415 5221 3704 5299 colligitur

2163 5314 2540 5387 praeceptum
2562 5317 2861 5390 tanquam
2879 5331 2957 5374 ex
2970 5315 3252 5391 testibus,
3276 5332 3403 5375 non
3421 5321 3700 5392 tanquam

2163 5399 2242 5459 ab
2267 5402 2640 5464 auctoribus
2688 5404 2884 5479 Unde,
2916 5407 3097 5484 juxta
3119 5408 3372 5467 modum
3398 5424 3524 5485 quo
3551 5405 3621 5464 de
3645 5419 3699 5462 re

2164 5493 2374 5576 aliqua
2417 5513 2525 5558 seu
2558 5497 2937 5577 obligatione
2976 5500 3402 5576 testificantur,
3447 5506 3513 5562 et
3540 5500 3700 5578 juxta
