3976 6219
532 329 648 388 116

531 435 770 498 debitus
821 431 1118 511 operandi
1171 433 1425 508 modus,
1479 439 1610 493 tam
1663 437 1945 511 respectu
1998 429 2094 490 sui

531 546 716 608 quam
745 527 812 586 in
840 526 1055 586 ordine
1083 524 1159 585 ad
1188 525 1362 600 alios,
1391 525 1726 586 verisimile
1759 530 1850 586 est
1879 540 2094 584 omnes

526 623 784 682 virtutes
811 618 1037 679 habere
1068 636 1210 678 suas
1236 618 1745 697 opportunitates,
1773 618 1840 677 in
1868 616 2091 695 quibus

527 713 878 780 exercendae
909 716 1056 772 sunt
1082 729 1159 771 ex
1190 710 1441 790 propria
1467 710 1865 790 obligatione,
1897 725 2088 787 quam

526 828 641 872 nec
665 805 1023 879 liberalitaS,
1052 822 1169 865 nec
1197 802 1485 883 quaelibet
1512 803 1635 863 alia
1657 803 1856 863 virtus
1882 800 2090 864 exclu-

529 904 640 964 dit.

610 997 709 1055 13.
755 992 925 1052 Alius
952 1007 1164 1051 sensus
1199 989 1365 1049 illius
1393 987 1803 1048 distinctionis
1831 1004 1957 1048 esse
1982 1004 2090 1065 po-

527 1093 668 1162 test,
695 1090 902 1146 actum
928 1083 1172 1143 virtutis
1204 1100 1380 1160 posse
1422 1080 1792 1142 considerari
1827 1078 1926 1141 vel
1958 1096 2091 1139 ma-

525 1180 845 1253 terialiter,
883 1183 954 1237 ut
985 1182 1098 1251 est,
1145 1175 1318 1236 verbi
1354 1175 1577 1253 gratia,
1622 1173 1964 1250 comedere,
1991 1172 2090 1234 vel

527 1275 875 1348 abstiner03
911 1269 1009 1331 vel
1046 1267 1407 1341 formaliter,
1436 1273 1505 1326 ut
1534 1267 1601 1325 iu
1626 1266 1737 1326 tali
1764 1272 1906 1326 actu
1939 1259 2088 1327 'con-

522 1369 830 1431 sideratur
857 1362 1151 1423 medium.
1185 1361 1255 1420 D.
1287 1360 1554 1419 Thomas
1577 1376 1723 1436 ergo
1749 1357 1867 1419 hoc
1889 1357 2088 1437 poste·

523 1460 674 1522 riori
703 1457 887 1518 modo
931 1454 1207 1532 loquitur
1248 1452 1323 1513 de
1364 1452 1462 1512 his
1498 1451 1733 1512 actibus
1761 1469 1902 1511 cum
1938 1450 2087 1511 dicit

523 1554 739 1615 cadere
777 1549 890 1610 sub
925 1547 1129 1624 legem
1160 1551 1435 1605 naturae:
1479 1562 1628 1603 nam
1664 1543 1797 1603 haec
1839 1545 2088 1622 respicit

523 1648 932 1706 honestatem.
965 1641 1035 1700 In
1063 1657 1186 1717 quo
1214 1637 1404 1699 etiam
1433 1643 1524 1698 est
1545 1636 2082 1712 considerandum,

523 1738 765 1801 duobus
794 1734 994 1796 modis
1030 1731 1385 1809 contingere
1421 1730 1488 1790 in
1539 1728 1748 1808 aliquo
1787 1734 1929 1789 actu
1956 1747 2085 1790 esse

522 1832 801 1896 medium
826 1825 1100 1887 virtutis:
1138 1841 1265 1884 uno
1295 1822 1478 1882 modo
1518 1839 1593 1882 ex
1633 1840 1701 1882 re
1737 1820 1892 1900 ipsa,
1938 1822 2087 1900 quia

523 1921 935 2005 comparando
975 1918 1165 1978 talem
1212 1916 1536 1976 materiam
1566 1914 1644 1976 ad
1663 1913 1854 1976 talem
1873 1933 2082 1994 perso-

521 2037 668 2080 nam
698 2033 839 2077 cum
867 2010 1093 2074 talibus
1116 2008 1611 2084 circumstantiiS,
1647 2008 1714 2067 in
1742 2026 1817 2068 ea
1841 2007 2085 2069 iuveni·

521 2117 626 2172 tur
665 2108 942 2168 medium
990 2101 1235 2163 virtutis
1276 2118 1353 2161 ex
1399 2101 1527 2161 sola
1558 2100 1820 2174 ratione,
1864 2105 1925 2160 et
1952 2100 2081 2161 dis·

524 2221 707 2264 cursu
734 2196 1005 2260 naturali
1038 2213 1054 2255 :
1090 2200 1152 2255 ct
1176 2200 1328 2254 tunc
1362 2193 1597 2254 clarum
1619 2199 1708 2254 est
1735 2193 2083 2254 naturalem

520 2298 725 2374 legem
765 2291 853 2351 ibi
890 2288 1186 2365 obligare.
1223 2286 1361 2346 Alio
1392 2304 1539 2348 vero
1567 2286 1751 2346 modo
1777 2287 2083 2364 contingit

519 2389 797 2452 medium
823 2382 1066 2444 virtutis
1089 2379 1455 2441 constituiin
1479 2378 1688 2458 aliqua
1711 2379 1971 2440 materia
2005 2397 2083 2439 ex

524 2483 652 2545 sola
677 2482 812 2557 lege
836 2474 1120 2556 positiva,
1137 2477 1207 2531 ut
1232 2472 1297 2531 in
1311 2471 1575 2550 jejuni0,
1600 2471 1700 2531 vel
1721 2472 1786 2530 in
1800 2472 1968 2549 justo
1992 2470 2082 2531 rei

519 2577 744 2658 pretio,
777 2577 839 2631 et
862 2577 1011 2629 tunc
1035 2565 1360 2626 difficultas
1385 2569 1477 2625 cst
1511 2583 1592 2624 an
1629 2563 1716 2624 ibi
1743 2564 1969 2624 habeat
1994 2564 2083 2624 lo-

520 2686 662 2732 cum
690 2667 792 2726 lex
809 2668 1046 2722 naturae
1075 2681 1088 2718 ε
1117 2676 1264 2718 nam
1286 2658 1356 2716 D.
1378 2657 1644 2717 Thomas
1661 2655 2083 2717 indifferenter

520 2769 582 2825 et
609 2755 981 2838 generaliter
1005 2751 1175 2830 loqui
1205 2750 1473 2824 videtur,
1498 2754 1560 2810 et
1585 2750 1672 2809 ita
1700 2748 1888 2809 etiam
1914 2749 2083 2809 vide-

520 2862 620 2917 tur
646 2872 684 2912 a
711 2849 1000 2928 Cajetano
1027 2850 1089 2905 et
1121 2843 1257 2904 aliis
1288 2841 1574 2920 intelligi.
1602 2843 1672 2901 In
1696 2842 2076 2904 contrarium

518 2964 666 3009 vero
690 2950 803 3016 est,
831 2939 976 3019 quia
997 2937 1114 2997 hoc
1150 2934 1356 3009 mod0,
1391 2933 1491 2994 vel
1523 2933 1760 2994 tollitur
1781 2933 2078 3011 obligatio

519 3039 674 3118 legis
700 3032 1000 3116 positivae,
1046 3027 1146 3089 vel
1178 3026 1666 3106 multiplicantur
1708 3026 1870 3087 circa
1914 3026 2080 3088 idem

517 3129 942 3208 obligationes.
971 3122 1091 3185 Sed
1116 3121 1234 3182 hoc
1260 3119 1463 3181 dicam
1483 3120 1865 3181 commodius
1884 3119 2079 3199 expliss

516 3224 712 3289 cando
740 3219 991 3281 effectus
1016 3215 1172 3293 legis
1199 3212 1522 3274 naturaliS.
1553 3212 1728 3273 Nunc
1760 3212 1957 3273 solum
1983 3230 2080 3272 as-

521 3334 655 3380 sero
676 3309 1053 3374 intervenire
1080 3306 1333 3386 quidem
1358 3305 1448 3365 ibi
1467 3304 1670 3382 legem
1702 3305 2076 3380 naturalem,

516 3429 645 3472 non
669 3413 797 3466 tam
824 3408 896 3463 ut
928 3419 1041 3481 per
1063 3418 1127 3460 se
1155 3398 1558 3476 obligantem,
1601 3414 1791 3475 quam
1815 3403 1887 3458 ut
1924 3398 2076 3460 dan-

513 3511 644 3565 tem
667 3493 1003 3560 efficaciam
1026 3491 1151 3569 legi
1174 3490 1471 3569 positivae.

599 3594 698 3653 ss.
741 3590 1042 3661 Quartum
1075 3587 1517 3660 argumentum
1558 3580 1902 3660 postulabat
1936 3601 2077 3661 gra-

515 3703 658 3749 vem
682 3678 1105 3742 difficultatem
1137 3675 1212 3735 de
1240 3672 1632 3733 distinctione
1664 3673 1825 3734 inter
1843 3674 1944 3751 jus
1966 3694 2076 3736 na-

517 3776 715 3841 turale
752 3778 813 3834 et
838 3771 942 3849 jus
974 3767 1276 3847 gentium,
1316 3784 1455 3845 quae
1484 3764 1782 3826 declarari
1811 3784 1940 3826 non
1965 3786 2075 3846 po-

515 3875 631 3933 test
662 3855 799 3928 non‘
835 3861 1139 3923 declarato
1182 3864 1447 3936 utroque
1486 3862 1784 3933 extremo,
1825 3864 1887 3919 et
1930 3859 2068 3920 ideo

512 3974 895 4025 reservamus
939 3954 1113 4013 illam
1160 3952 1224 4011 in
1273 3950 1559 4010 ultimam
1606 3955 1847 4029 partem
1879 3949 2069 4029 hujus

512 4053 682 4129 libri,
716 4049 824 4111 ubi
852 4053 986 4128 post
1014 4048 1502 4106 consummatam
1537 4042 1963 4122 tractationem
1993 4045 2070 4105 de

508 4150 651 4229 jure
679 4140 945 4206 naturali
969 4140 1307 4200 secundum
1329 4154 1416 4211 se,
1446 4136 1678 4215 aliquid
1699 4136 1974 4197 dicemus
1995 4136 2072 4197 de

506 4243 648 4321 jure
677 4237 979 4317 gentium,
1006 4241 1068 4295 et
1088 4238 1240 4293 tunc
1258 4230 1638 4292 commodius
1659 4229 1898 4292 dicetur
1913 4248 2068 4309 quo-

513 4333 700 4394 modo
733 4331 897 4391 inter
916 4346 981 4389 se
1007 4325 1488 4402 distinguantur.

1073 4503 1319 4564 CAPUT
1358 4502 1515 4561 VIII.

835 4709 915 4755 AN
954 4707 1071 4753 Lsx
1107 4704 1432 4751 nai-umus
1472 4703 1592 4749 UNA
1631 4704 1741 4750 srr.

590 4887 649 4943 1.
693 4879 838 4941 Tria
881 4880 1136 4956 possunt
1181 4873 1247 4932 in
1292 4871 1580 4951 praesenti
1622 4871 1878 4950 requiri.
1924 4872 2061 4932 Pri-

506 4993 706 5050 mum,
738 4991 820 5032 an
860 4970 927 5031 in
953 4987 1080 5028 uno
1110 4965 1363 5028 homine
1399 4983 1527 5024 una
1552 4963 1662 5024 sit:
1696 4964 2058 5040 secundum,

507 5089 588 5131 an
617 5070 684 5128 in
715 5064 1001 5125 omnibus
1040 5057 1396 5120 hominibus
1431 5063 1492 5119 et
1523 5055 1753 5135 ubique
1782 5075 1909 5117 una
1936 5059 2053 5117 sit:

503 5160 781 5231 tertium,
804 5175 887 5215 an
905 5156 973 5215 in
998 5152 1284 5213 omnibus
1306 5149 1685 5228 temporibus
1711 5149 1861 5209 etin
1884 5149 2059 5210 omni

1161 332 1278 385 Lm.
1313 333 1374 384 11.
1411 331 1492 384 DE
1524 331 1684 384 LEGE
1716 330 2000 392 AETERNA,
2036 329 2116 380 ET
2147 329 2478 392 NATURALI.
2514 333 2594 385 Ac
2624 334 2774 386 JURE
2808 335 3098 386 GENTmM.

2169 433 2256 492 mi
2299 432 2398 494 vel
2441 434 2509 493 in
2553 433 2769 494 ordine
2801 433 2881 494 ad
2916 451 3138 512 puram
3178 438 3491 508 naturam,
3530 435 3630 495 vel
3660 435 3730 497 in

2171 524 2386 586 ordine
2424 524 2504 585 ad
2543 525 2831 604 gratiam,
2856 532 3160 605 quatenus
3193 543 3370 586 suam
3396 526 3585 586 etiam
3617 547 3730 589 na-

2171 621 2377 677 turam
2403 616 2612 678 habet.
2657 619 2727 678 In
2765 618 2883 678 hoc
2927 635 3076 695 ergo
3121 635 3303 678 sensu
3331 617 3730 680 manifestum

2169 720 2260 771 est
2297 711 2497 791 legem
2553 713 2903 774 naturalem
2954 730 3083 774 esse
3126 712 3437 792 duplicem
3474 730 3490 774 :
3542 713 3731 775 aliam

2167 804 2575 867 humanitatis
2603 808 2697 884 (ut
2723 805 2811 867 sic
2838 805 3089 883 dicam),
3107 804 3293 866 aliam
3312 806 3556 883 gratiae:
3585 812 3733 867 sunt

2169 899 2760 961 enimndiversorum
2805 898 3113 974 ordinum,
3164 904 3226 959 et
3265 898 3341 959 ad
3369 897 3524 960 fines
3550 900 3732 960 valde

2172 992 2493 1053 distinctos
2537 992 2930 1054 ordinantur:
2978 991 3147 1051 unde
3191 1008 3317 1051 una
3342 987 3603 1051 istarum
3642 992 3732 1053 le-

2174 1102 2325 1162 gum
2369 1084 2660 1145 humanae
2691 1091 2926 1145 naturae
2952 1102 3108 1165 pure
3152 1083 3568 1144 connaturalis
3594 1091 3723 1145 est:

2169 1176 2361 1237 altera
2388 1176 2748 1256 simpliciter
2774 1175 3288 1256 supernaturalis:
3320 1180 3383 1236 et
3411 1175 3572 1236 hanc
3607 1177 3729 1236 dis-

2170 1269 2530 1331 tinctionem
2550 1276 2759 1349 aperte
2783 1269 2993 1330 docuit
3012 1269 3336 1347 Cajetanus
3356 1271 3409 1327 1.
3425 1269 3486 1342 Ξ,
3504 1287 3565 1347 q.
3583 1271 3728 1343 100,

2168 1368 2283 1423 art.
2318 1366 2379 1438 1,
2410 1367 2472 1424 ct
2499 1363 2763 1422 sumitur
2789 1380 2865 1423 ex
2894 1363 2962 1421 D.
2993 1361 3233 1421 Thoma
3268 1360 3379 1434 ibi,
3412 1367 3472 1420 et
3500 1360 3729 1420 clarius

2168 1461 2286 1515 art.
2315 1457 2372 1516 3.
2407 1455 2600 1532 Igitur
2623 1455 2700 1515 de
2732 1460 2994 1533 utroque
3029 1453 3275 1514 illorum
3305 1454 3730 1514 membrorum

2168 1553 2422 1626 possunt
2449 1548 2556 1607 illa
2584 1547 2701 1607 tria
2737 1546 3128 1624 investigari:
3165 1547 3316 1621 imo,
3358 1546 3567 1606 omnia
3591 1564 3731 1626 quae

2168 1641 2245 1702 de
2290 1641 2426 1720 lege
2467 1641 2735 1702 naturali
2784 1641 3078 1701 dicuntur
3119 1644 3374 1719 possunt
3413 1658 3556 1699 cum
3583 1658 3730 1718 pro·

2165 1734 2448 1814 portione
2488 1734 2565 1794 ad
2596 1740 2923 1812 utramque
2968 1732 3286 1812 applicari.
3330 1733 3451 1792 Nos
3487 1737 3725 1809 autem,

2164 1827 2339 1906 quasi
2385 1827 2588 1904 gratia
2632 1825 2920 1905 exempli,
2966 1825 3095 1886 fere
3139 1842 3380 1904 semper
3414 1823 3730 1902 loquimur

2163 1920 2240 1982 de
2272 1919 2409 1999 lege
2439 1918 2694 1980 omnino
2721 1917 3015 1993 naturali,
3040 1924 3178 1978 tum
3201 1917 3347 1997 quia
3376 1922 3464 1977 est
3494 1918 3722 1994 notior,

2162 2018 2299 2072 tum
2325 2013 2473 2092 quia
2500 2011 2882 2091 frequentius
2914 2011 3000 2070 ita
3040 2009 3382 2089 loquuntur
3408 2015 3712 2071 auctoreS.

2242 2108 2302 2166 2.
2347 2106 2431 2166 In
2457 2122 2797 2184 unoquoque
2824 2104 3057 2165 homine
3079 2103 3265 2181 plura
3289 2121 3409 2164 esse
3425 2109 3725 2181 γναφέα

2159 2197 2498 2272 naturalia,
2529 2214 2600 2259 ex
2628 2197 2898 2257 omnibus
2926 2201 3124 2257 tamen
3150 2212 3333 2257 unam
3357 2193 3539 2272 leqem
3565 2213 3726 2256 com-

2156 2290 2323 2368 poni.
2346 2321 2428 2334 —
2450 2288 2543 2348 Ad
2571 2288 2846 2368 primum
2870 2304 3017 2364 ergo
3040 2287 3365 2365 quaesitum
3390 2285 3721 2346 dicendum

2161 2387 2252 2441 est
2277 2381 2344 2441 in
2373 2398 2746 2460 unoquoque
2771 2379 3024 2440 homine
3055 2379 3235 2458 plura
3258 2396 3388 2439 esse
3416 2377 3727 2437 naturalia

2160 2479 2499 2552 praecepta3
2554 2492 2628 2534 ex
2682 2472 2974 2533 omnihus
3013 2489 3162 2532 vero
3190 2471 3476 2549 componi
3523 2488 3725 2530 unum

2155 2568 2257 2647 jus
2285 2566 2586 2627 naturale.
2619 2568 2709 2626 Ita
2733 2583 2865 2626 rem
2882 2564 3045 2625 hanc
3074 2563 3341 2642 explicat
3364 2564 3432 2622 D.
3456 2563 3725 2623 Thomas

2159 2661 2357 2720 citatis
2384 2659 2554 2734 locis,
2592 2659 2736 2719 Soto
2757 2663 2818 2717 et
2846 2656 2993 2717 alii:
3025 2662 3089 2716 et
3109 2656 3375 2716 sumitur
3405 2673 3481 2715 ex
3507 2653 3619 2715 lib.
3657 2658 3716 2730 1,

2159 2751 2225 2813 ff.
2250 2752 2326 2813 de
2354 2751 2555 2812 Justit.
2595 2757 2655 2812 et
2675 2751 2839 2829 jure,
2871 2748 2983 2824 ibi,
3010 2749 3146 2810 Hoc
3163 2749 3277 2826 jus
3310 2748 3608 2809 collectum
3634 2754 3720 2810 est

2159 2863 2230 2906 ea:
2247 2844 2633 2906 naturalibus
2653 2842 2972 2921 proeceptis
2987 2866 3007 2902 .·
3028 2840 3186 2900 ratio
3210 2845 3419 2900 autem
3438 2840 3717 2915 unitatis,

2157 2941 2377 3014 praeter
2391 2952 2783 2996 communem
2807 2933 3066 2993 modum
3086 2932 3403 3011 loquendi,
3423 2931 3722 2992 fundatur

2156 3045 2195 3087 a
2221 3028 2290 3086 D.
2323 3027 2562 3088 Thoma
2594 3027 2662 3086 in
2687 3025 3045 3087 reductione
3075 3024 3356 3084 omnium
3384 3030 3718 3102 praecepto-

2155 3138 2296 3180 rum
2314 3119 2693 3181 naturalium
2714 3119 2792 3180 ad
2813 3137 3011 3178 unum
3028 3118 3301 3197 primum
3317 3116 3688 3195 principium
3701 3164 3714 3187 ‚

2156 3212 2221 3271 in
2246 3230 2368 3290 quo
2390 3213 2498 3273 illa
2516 3217 2819 3290 praecepta
2840 3211 3013 3291 quasi
3042 3211 3381 3269 uniuntur:
3415 3207 3522 3267 ubi
3547 3209 3719 3268 enim

2154 3310 2248 3366 est
2280 3306 2453 3380 unio,
2489 3311 2582 3366 est
2608 3305 2815 3384 aliqua
2843 3304 3073 3363 unitaS.
3113 3302 3316 3380 Atque
3339 3300 3463 3360 huc
3485 3307 3721 3379 spectat

2155 3398 2461 3458 sententia
2488 3396 2697 3457 Basilii
2724 3397 2790 3456 in
2816 3396 3057 3475 regula,
3086 3394 3284 3453 fusius
3306 3394 3464 3472 disp.
3497 3411 3627 3470 reg.
3655 3397 3715 3469 1,

2157 3489 2418 3549 dicentis
2465 3507 2592 3550 esse
2642 3489 2923 3549 ordinem
2981 3487 3050 3546 in
3081 3485 3308 3545 divinis
3366 3485 3715 3564 mandatis3

2154 3598 2352 3641 unum
2382 3599 2511 3642 esse
2536 3581 2833 3660 primum,
2865 3578 3029 3658 quod
3056 3583 3148 3639 est
3179 3576 3525 3638 dilectionis
3563 3578 3715 3638 Dei:

2156 3672 2323 3733 aliud
2341 3674 2701 3749 secundum,
2726 3672 3067 3733 dilectionis
3083 3669 3377 3749 proximi,
3399 3677 3470 3728 ut
3492 3668 3720 3731 dicitur

2153 3763 2371 3825 Matth.
2426 3767 2527 3841 22,
2574 3765 2653 3825 ad
2697 3782 2830 3843 quaa
2877 3764 3001 3824 duo
3050 3767 3345 3840 tanquam
3384 3759 3463 3820 ad
3513 3762 3719 3840 prima

2152 3858 2456 3936 principia
2488 3864 2706 3920 caetera
2740 3860 3140 3931 reducuntur,
3172 3859 3244 3914 ut
3274 3854 3465 3916 etiam
3488 3854 3716 3915 Paulus

2154 3948 2523 4026 significavit
2552 3952 2729 4011 Rom.
2755 3952 2856 4011 13.
2885 3949 3044 4010 Addi
3065 3947 3331 4026 denique
3359 3950 3555 4025 potest
3572 3964 3715 4007 om-

2152 4042 2261 4102 nia
2282 4041 2591 4104 naturalia
2617 4052 2917 4122 praecepta
2943 4040 3113 4102 uniri
3135 4040 3202 4099 iu
3230 4056 3358 4098 uno
3384 4037 3532 4113 fine,
3555 4043 3617 4098 et
3645 4039 3716 4098 in

2150 4151 2275 4194 uno
2308 4135 2496 4195 etiam
2523 4140 2796 4209 auctore,
2826 4152 2933 4195 seu
2964 4132 3338 4211 legislatore,
3379 4135 3440 4190 et
3478 4130 3543 4188 in
3585 4146 3712 4189 uno

2152 4226 2337 4286 modo
2363 4227 2461 4288 vel
2487 4227 2726 4287 vitandi
2753 4227 3013 4301 malum,
3040 4224 3185 4303 quia
3212 4222 3451 4283 malum
3474 4227 3587 4296 est,
3611 4221 3712 4282 vel

2151 4318 2546 4399 praecipiendi
2586 4318 2841 4393 bonum,
2870 4317 3017 4397 quia
3044 4315 3369 4376 honestum
3410 4330 3482 4373 ac
3506 4330 3715 4373 neces—

2152 4412 2386 4472 sarium
2425 4416 2558 4472 est:
2604 4410 2738 4471 hoec
2782 4427 2930 4489 ergo
2965 4408 3278 4470 sufficiunt
3303 4407 3382 4467 ad
3408 4405 3711 4467 moralem

2150 4505 2478 4565 unitatem.

2228 4597 2288 4656 3.
2334 4597 2412 4657 Ut
2461 4586 2679 4657 autem
2726 4594 3062 4656 multitudo
3120 4597 3573 4674 praeceptorum
3626 4592 3709 4652 ad

2144 4687 2419 4767 aliquem
2446 4688 2728 4750 ordinem
2751 4688 3092 4766 redigatur,
3124 4685 3424 4763 distingui
3449 4690 3709 4763 possunt

2143 4780 2211 4840 in
2244 4782 2417 4842 varia
2442 4782 2665 4861 capita,
2709 4779 2810 4842 vel
2838 4799 2916 4842 ex
2965 4785 3138 4859 parte
3183 4795 3591 4857 personarum
3627 4776 3708 4837 ad

2142 4891 2295 4952 quas
2322 4874 2688 4935 ordinantur
2710 4874 2886 4952 quasi
2919 4871 3254 4951 objective3
3303 4876 3366 4930 et
3409 4870 3496 4929 sic
3538 4886 3708 4947 quae·

2141 4965 2286 5026 dam
2331 4972 2635 5046 praecepta
2678 4972 3001 5027 versantur
3046 4966 3203 5025 circa
3251 4965 3481 5037 Deum,
3530 4978 3706 5040 quoe-

2140 5058 2284 5118 dam
2312 5059 2474 5118 circa
2508 5059 2884 5137 proximum,
2928 5057 3211 5136 quaedam
3257 5055 3417 5115 circa
3464 5053 3705 5130 ipsum-

2142 5158 2270 5211 met
2317 5150 2658 5213 hominem.
2714 5152 2976 5210 Possunt
3015 5149 3205 5210 etiam
3248 5145 3548 5224 distingui
3589 5164 3705 5223 per

501 5259 666 5316 statu
679 5250 968 5309 humanae
987 5251 1222 5305 naturae
1243 5262 1370 5303 una
1385 5243 1572 5303 etiam
1591 5242 1688 5302 sit.
1715 5242 1889 5302 Prius
1908 5260 2056 5303 vero
2135 5245 2421 5304 virtutes:
2482 5262 2629 5305 nam
2687 5243 2971 5322 quaedam
3016 5247 3163 5302 sunt
3215 5244 3520 5320 praecepta
3567 5237 3704 5314 jus·

500 5364 688 5427 quam
721 5339 1122 5420 respondeam
1148 5336 1226 5395 ad
1266 5334 1533 5413 singula,
1578 5335 1855 5409 adverto,
1889 5335 2057 5413 quod
2132 5337 2315 5412 titiae,
2358 5336 2482 5397 alia
2520 5336 2835 5397 charitatis
2848 5381 2870 5412 ,
2928 5352 3037 5396 seu
3085 5333 3312 5394 amoris
3370 5329 3697 5405 naturalis,

497 5455 685 5518 supra
705 5430 940 5504 notavi,
967 5428 1172 5503 legem
1196 5426 1358 5487 hanc
1379 5426 1724 5489 naturalem
1752 5444 1925 5506 posse
1952 5446 2055 5489 su·
2132 5433 2249 5491 etc.
2289 5429 2445 5492 Item
2495 5427 2791 5509 dIstingui
2837 5431 3094 5509 possunt
3140 5443 3252 5506 per
3290 5422 3572 5487 ordinem
3616 5423 3699 5484 ad
