3976 6219
867 416 1003 471 m.
1037 417 1258 472 xxvm.
1293 416 1509 473 mmm
1538 418 1624 472 Ex
1655 417 1722 473 VI
1750 416 1920 474 sums
1951 418 2264 475 comnis
2293 420 2495 476 Acws
2524 421 2781 489 news»,
2813 422 2950 478 mc.

294 510 478 573 tertia
498 510 760 592 obiectio
787 529 805 576 ε
835 532 985 576 nam
1013 533 1092 577 ex
1130 516 1293 579 dieta
1329 516 1739 597 explicatione
1762 534 1858 578 se·

294 610 573 683 quuntur
613 606 736 667 duo
779 606 1171 671 incommoda
1205 616 1479 672 extreme
1521 609 1853 671 contraria.

295 695 503 757 Unum
530 704 644 772 est,
676 717 890 761 omnes
918 708 1265 765 contractus
1291 703 1486 765 factos
1507 709 1722 764 contra
1760 702 1856 765 le-

293 806 438 867 gem
462 790 893 869 prohibentem
936 795 1209 874 praecise,
1238 814 1371 859 esse
1412 796 1621 858 irritos
1667 813 1744 857 ex
1791 795 1858 857 vi

284 881 449 960 juris
474 883 696 962 civilis,
720 885 854 966 ipso
873 887 1058 965 facto,
1083 888 1304 951 saltem
1324 889 1508 951 modo
1525 889 1852 970 explicato,

294 976 462 1054 quod
505 976 752 1040 videtur
796 979 1024 1043 durum
1064 986 1128 1044 et
1165 981 1548 1045 incredibile.
1597 981 1859 1062 Sequela

294 1073 486 1148 patet,
517 1072 665 1150 quia
685 1071 787 1134 lex
815 1072 926 1136 illa
954 1075 1415 1154 generalissime
1448 1075 1747 1157 loquitur,
1796 1080 1860 1138 et

294 1161 568 1223 cxtendit
605 1163 981 1229 decisionem
1006 1186 1184 1230 suam
1224 1168 1305 1229 ad
1330 1168 1614 1230 omnium
1643 1168 1856 1248 legum

294 1257 423 1315 tam
451 1256 877 1337 antiquiorum
916 1278 1108 1340 quam
1138 1279 1444 1323 novarum
1487 1261 1856 1341 interpreta-

292 1346 515 1423 tiones,
550 1350 667 1411 sub
693 1353 919 1432 quibus
943 1354 1190 1418 videtur
1228 1354 1749 1443 comprehendere
1768 1354 1857 1416 le-

293 1455 403 1517 ges
420 1458 660 1519 omnes,
683 1444 871 1507 ctiam
891 1453 1028 1527 post
1052 1447 1226 1509 illam
1245 1447 1503 1511 futuras.
1527 1449 1648 1510 Nos
1667 1447 1856 1509 etiam

292 1531 800 1613 impugnavimus
825 1557 1042 1603 omnes
1067 1540 1467 1603 limitationes
1499 1547 1564 1603 01
1605 1541 1858 1603 111811110-

294 1626 492 1689 1101108
518 1647 673 1710 quas
692 1632 932 1710 juristas
963 1634 1262 1697 adhibent
1271 1651 1293 1714 3
1324 1654 1472 1715 ergo
1498 1635 1616 1697 erit
1642 1634 1858 1714 regula

292 1718 651 1785 indistincte
694 1725 1097 1807 intelligenda
1136 1728 1214 1791 de
1249 1728 1424 1790 omni
1471 1728 1609 1807 1030
1648 1727 1858 1808 prohi-

294 1811 500 1891 bente,
527 1816 776 1896 scilicet,
804 1818 1048 1882 irritare
1081 1827 1314 1899 actum,
1341 1821 1561 1884 saltem
1591 1839 1667 1883 ex
1680 1822 1859 1883 insti·

296 1906 532 1969 tutione
569 1914 632 1971 et
660 1910 1165 1991 interpretatione
1210 1914 1368 1995 juris
1414 1914 1633 1976 civilis.
1668 1913 1855 1975 Aliud

293 1996 761 2065 incommodum
793 2010 907 2081 081,
948 2006 1096 2085 quia
1124 2007 1403 2087 sequitur
1434 2007 1678 2068 nullum
1709 2025 1854 2068 con-

291 2095 558 2153 tractum
584 2095 818 2158 irritari
844 2098 975 2177 ipso
1001 2099 1161 2161 facto
1205 2100 1275 2160 in
1302 2100 1440 2162 foro
1481 2100 1707 2161 animae
1745 2117 1857 2161 seu

293 2185 704 2264 conscientiae,
729 2190 835 2252 sed
854 2190 934 2252 ad
951 2209 1266 2254 summum
1288 2193 1356 2254 in
1378 2193 1595 2256 ordine
1613 2192 1692 2253 ad
1719 2210 1854 2255 sen-

294 2278 556 2341 tentiam
582 2282 833 2359 judicis,
871 2287 1037 2364 quod
1081 2305 1209 2348 non
1241 2287 1488 2349 videtur
1529 2287 1717 2349 etiam
1748 2286 1860 2348 ad·

296 2370 694 2451 mittendum,
724 2382 796 2436 ut
821 2377 897 2438 de
916 2378 1231 2459 'aliquibus
1258 2380 1674 2442 contractibus
1705 2398 1857 2441 uxo-

294 2481 459 2540 rum,
477 2466 813 2546 minorum,
835 2475 1135 2548 tutorum,
1154 2473 1683 2535 etaliissimilibus
1693 2491 1859 2535 com-

296 2557 610 2620 muniores
629 2565 692 2621 et
711 2562 1153 2640 probabiliores
1170 2565 1379 2626 ferunt
1397 2566 1736 2645 opiniones.
1754 2567 1861 2627 Se-

295 2649 480 2727 quela
495 2657 687 2731 patet,
713 2654 861 2733 quia
877 2655 1052 2717 nulla
1063 2656 1166 2718 lex
1183 2658 1381 2718 civilis
1398 2664 1596 2737 potest
1613 2676 1860 2737 expres·

296 2740 422 2801 sius
444 2742 688 2806 irritare
709 2753 1059 2809 contractus
1088 2767 1276 2827 quam
1304 2748 1413 2810 illa
1431 2748 1534 2810 lex
1573 2750 1651 2814 N
1646 2766 1721 2810 on
1746 2750 1856 2810 du-

298 2833 488 2903 bimn;
513 2852 660 2914 0130
690 2837 745 2896 81
777 2837 886 2898 1118
914 2857 1040 2899 11011
1067 2839 1270 2900 irritat
1309 2839 1471 2900 dicto
1498 2840 1704 2913 modo,
1748 2856 1855 2901 ne-

297 2943 418 3005 que
438 2926 573 2988 81181
594 2927 659 2988 111
676 2928 925 2991 facient.
940 2932 1048 2992 11oe
1071 2931 1448 3011 objectiones
1463 2930 1859 3010 postulabant

298 3019 525 3080 multas
551 3024 615 3081 et
639 3038 858 3100 graves
884 3025 1255 3102 quoestiones
1280 3041 1433 3104 quas
1464 3022 1567 3083 bic
1597 3039 1675 3084 ex
1717 3041 1859 3102 pro·

298 3112 454 3174 fesso
509 3119 774 3177 tractare
823 3134 950 3178 non
991 3135 1336 3197 possumne,
1388 3122 1452 3178 et
1498 3117 1640 3178 ideo
1690 3134 1859 3177 nunc

296 3203 566 3267 breviter
582 3208 1117 3287 respondebimus3
1139 3211 1208 3272 in
1228 3210 1356 3272 fine
1380 3216 1589 3271 autem
1611 3209 1859 3288 regulas

297 3297 536 3377 aliquas
566 3299 901 3378 trademus,
926 3320 1066 3381 quae
1109 3303 1232 3365 illis
1280 3301 1720 3384 quaestionibus
1751 3302 1856 3365 de-

296 3389 572 3452 cidendis
598 3392 780 3453 utiles
798 3411 929 3456 esse
955 3395 1213 3474 possint.

377 3485 474 3544 15.
518 3483 612 3543 Ad
669 3485 942 3563 priorem
995 3505 1145 3567 ergo
1196 3493 1437 3567 partem
1495 3486 1856 3566 objectionis

293 3574 507 3654 Vasq„
533 3575 762 3655 disput.
797 3580 937 3655 164,
956 3579 1186 3641 fatetur
1203 3580 1361 3642 cxvi
1378 3579 1544 3640 illius
1555 3578 1711 3657 legis
1723 3596 1856 3639 om-

293 3684 405 3728 nes
444 3673 791 3730 contractus
832 3670 968 3750 lege
993 3672 1269 3736 humana
1297 3670 1639 3753 prohibitos
1665 3671 1856 3732 etiam

294 3777 423 3822 csse
452 3761 677 3838 nullos,
716 3769 780 3825 et
810 3767 1066 3827 omnino
1092 3766 1297 3828 irritos
1336 3766 1471 3845 ipso
1490 3765 1658 3843 jure,
1689 3764 1856 3843 quod

292 3852 423 3933 ipse
458 3856 550 3932 (ut
593 3857 859 3935 videtur)
908 3858 1203 3938 intelligit
1244 3859 1313 3920 in
1356 3857 1750 3933 conscientia,
1793 3861 1858 3919 et

290 3948 501 4008 statim
534 3948 767 4031 absque
805 3951 927 4013 alia
971 3952 1383 4014 declaratione
1408 3949 1509 4011 vel
1548 3949 1858 4011 sententia

282 4038 550 4119 judicis:
583 4044 752 4106 unde
789 4062 830 4106 a
857 4044 1100 4107 fortiori
1139 4044 1307 4105 idem
1332 4042 1565 4104 diceret
1603 4041 1681 4104 de
1708 4042 1857 4103 irri-

289 4133 525 4197 tatione
552 4135 686 4215 ipso
713 4136 899 4212 facto,
925 4142 1109 4216 prout
1133 4155 1172 4199 a
1200 4135 1380 4198 nobis
1406 4140 1498 4197 est
1523 4134 1849 4215 explicata.

290 4227 439 4288 Tres
477 4245 625 4289 vero
649 4227 1050 4292 limitationes
1077 4229 1328 4290 adhibet
1338 4244 1360 4307 3
1390 4228 1614 4308 prima,
1639 4233 1712 4289 ut
1736 4227 1855 4290 hoc

289 4316 672 4397 intelligatur
722 4326 969 4382 tantum
1021 4322 1088 4382 in
1141 4321 1323 4383 terris
1377 4319 1661 4401 Imperii,
1714 4338 1855 4400 quae

289 4427 436 4472 vera
463 4417 577 4489 est,
611 4418 683 4473 ut
712 4413 779 4474 in
808 4420 1028 4494 quarta
1053 4414 1387 4476 assertione
1419 4413 1645 4475 dicam.
1677 4413 1853 4475 Unde

290 4511 736 4584 consequenter
774 4506 1107 4568 dicendum
1148 4512 1242 4568 est
1278 4505 1853 4586 interpretationem

289 4594 456 4657 illius
500 4597 679 4676 10318,
711 4603 904 4677 'prout
938 4598 1017 4659 ad
1050 4599 1203 4660 alias
1234 4599 1609 4675 extenditur,
1649 4598 1853 4659 solum

288 4687 565 4769 adaptari
592 4708 765 4770 posse
795 4690 893 4752 1118
930 4691 1170 4771 legibus
1209 4710 1363 4772 quas
1389 4692 1723 4771 imperator
1757 4692 1852 4753 in-

288 4783 612 4860 terpretari
637 4789 860 4863 potest,
891 4784 1152 4865 ideoque
1192 4802 1271 4846 ex
1303 4785 1369 4846 vi
1405 4784 1572 4845 1111118
1597 4801 1727 4846 11011
1755 4802 1852 4845 08-

289 4873 434 4935 dere
464 4875 1035 4956 interpretationem
1061 4877 1236 4938 illam
1263 4878 1330 4938 in
1348 4877 1496 4957 jura
1531 4877 1847 4954 canonica,

289 4984 489 5046 neque
516 4969 583 5029 in
622 4969 789 5048 leges
827 4969 982 5032 latas
1013 4988 1053 5030 a
1089 4988 1376 5050 supremo
1415 4970 1694 5050 principe
1721 4987 1852 5032 non

286 5059 532 5121 subdito
571 5061 956 5142 imperatori,
996 5068 1068 5124 ut
1099 5063 1168 5125 in
1206 5064 1541 5126 assertione
1566 5063 1751 5125 tertia
1788 5067 1853 5125 et

287 5159 510 5231 quarta
543 5155 1008 5234 explicabimus,
1054 5163 1117 5219 01
1159 5157 1248 5219 118
1291 5156 1603 5218 evitantur
1636 5156 1851 5218 multae

285 5243 594 5308 instantiae
619 5254 683 5308 et
707 5248 991 5329 exempla
1016 5249 1297 5330 superius
1320 5249 1606 5309 adducta.

369 5340 468 5398 16.
511 5339 696 5419 Leues
733 5343 1054 5405 irritantes
1084 5358 1256 5422 posse
1294 5341 1707 5405 maanaim
1746 5339 1850 5403 ab·

287 5431 520 5509 royari.
533 5464 616 5477 —
629 5433 912 5495 Secunda
934 5433 1227 5495 limitatio
1254 5439 1368 5509 est,
1391 5437 1464 5493 ut
1483 5432 1601 5494 1100
1620 5431 1849 5494 intelli-

287 5528 472 5602 gatur
510 5525 621 5587 ubi
663 5527 767 5590 101
804 5527 915 5591 illa
952 5528 1224 5609 113110111
1233 5543 1255 5607 3
1284 5546 1432 5590 nam
1473 5527 1527 5589 si
1551 5544 1664 5607 per
1702 5543 1849 5588 con-

3375 422 3487 482 541

1936 518 2329 581 suetudinem
2341 519 2639 600 abrogata
2651 520 2753 596 sit,
2773 538 2901 582 non
2918 518 3170 582 habebit
3182 518 3490 586 effectum.

1936 612 2134 686 Quam
2154 613 2343 674 etiam
2360 632 2574 675 veram
2596 632 2813 676 censeo
2823 630 2845 692 3
2866 632 3014 676 nam
3032 632 3310 694 suppono
3330 616 3499 695 leges

1936 706 2125 768 etiam
2156 706 2468 768 irritantes
2507 725 2680 787 posse
2706 708 3146 770 consuetudine
3183 708 3494 787 abrogari,

1936 804 2009 860 ut
2037 800 2201 861 infra
2244 800 2355 861 lib.
2387 804 2425 861 7
2462 801 2758 877 dicemus,
2789 807 2850 863 et
2890 802 2980 864 ita
3022 802 3225 881 potuit
3267 804 3334 863 in
3378 803 3498 865 hac

1937 892 2319 971 contingere.
2356 894 2485 954 Imo
2510 892 2600 954 ita
2624 894 2701 954 de
2729 893 2895 955 facto
2921 912 3051 955 esse
3077 899 3141 955 et
3164 900 3499 957 consuetu-

1937 983 2151 1047 dinem
2189 991 2402 1047 contra
2438 985 2642 1065 1030111
2673 984 2848 1047 1118111
2887 986 3323 1066 praescripsisse
3366 988 3499 1067 opi-

1937 1082 2128 1139 natur
2146 1076 2359 1141 Molin.
2384 1077 2495 1139 ubi
2523 1095 2732 1158 supra.
2768 1078 2887 1139 Sed
2912 1083 3155 1158 oportet
3180 1079 3499 1143 advertere

1933 1170 2100 1233 hanc
2128 1171 2636 1235 consuetudinem
2672 1190 2802 1233 non
2828 1191 2958 1234 esse
2985 1171 3394 1251 colligendam
3421 1191 3499 1235 ex

1933 1281 2052 1324 usu
2091 1263 2344 1325 illorum
2388 1281 2728 1344 regnorum
2772 1282 2882 1326 seu
2925 1264 3381 1344 provinciarum
3429 1267 3499 1327 in

1934 1354 2159 1435 quibus
2186 1355 2289 1418 lex
2315 1354 2424 1418 illa
2464 1373 2576 1437 per
2609 1375 2675 1420 se
2713 1375 2842 1421 non
2884 1356 3141 1436 obligat,
3182 1359 3331 1438 qnia
3357 1377 3501 1420 con-

1935 1448 2197 1509 suetudo
2234 1448 2485 1511 illarum
2521 1450 2850 1529 regionum
2893 1451 3053 1512 nihil
3098 1464 3392 1530 operatur
3431 1452 3499 1512 in

1934 1540 2115 1601 terris
2141 1540 2410 1620 imperii,
2440 1547 2512 1602 ut
2539 1560 2651 1621 per
2677 1561 2742 1605 se
2766 1547 3024 1618 constat,
3053 1548 3118 1605 et
3153 1543 3294 1604 ideo
3321 1543 3500 1604 nobis

1935 1631 2175 1694 incerta
2195 1637 2289 1693 est
2328 1633 2646 1713 derogatio
2672 1636 2812 1697 talis
2846 1635 3023 1715 legis,
3049 1636 3198 1716 quia
3227 1653 3411 1697 usum
3438 1642 3503 1697 et

1935 1743 2140 1788 mores
2152 1726 2400 1787 illarum
2413 1728 2871 1807 provinciarum
2888 1730 3263 1808 ignoramus.
3287 1729 3502 1791 Solum

1936 1836 2086 1899 ergo
2127 1820 2332 1882 dicere
2367 1839 2690 1900 possumus
2725 1821 2907 1882 facile
2939 1821 3077 1883 fieri
3119 1823 3389 1902 poluisse
3430 1827 3503 1883 ut

1935 1912 2230 1991 derogata
2261 1913 2472 1990 fuerit,
2493 1915 2641 1994 qnia
2667 1920 2761 1976 est
2780 1914 2969 1976 nimis
2992 1914 3196 1993 rigida
3221 1920 3283 1976 et
3307 1915 3504 1976 multa

1934 2004 2124 2065 nimis
2176 2005 2604 2086 complectitur
2617 2051 2638 2082 ‚
2695 2023 2837 2068 011111
2889 2007 3057 2086 10308
3109 2007 3506 2086 prohibentes

1934 2098 2242 2160 humanas
2269 2100 2543 2161 actiones
2582 2104 2645 2161 et
2673 2106 3022 2162 contractus
3045 2100 3327 2181 plurimae
3350 2102 3497 2162 sint.

1937 2191 2113 2253 Unde
2139 2192 2329 2253 etiam
2354 2191 2491 2254 fieri
2518 2193 2747 2271 potuit,
2781 2198 2852 2253 ut
2883 2211 2997 2273 pro
3023 2193 3331 2273 aliquibus
3357 2194 3504 2255 acti·

1936 2282 2052 2345 bus
2077 2284 2464 2364 gravioribus
2495 2284 2686 2346 fuerit
2709 2291 2954 2364 recepta
2980 2291 3043 2347 et
3082 2304 3195 2366 pro
3236 2286 3371 2347 aliis
3397 2287 3503 2349 de-

1937 2383 2154 2457 rogata
2174 2393 2196 2455 3
2220 2378 2327 2439 sed
2351 2377 2470 2439 hoc
2494 2378 2574 2438 ad
2598 2378 2832 2439 factum
2858 2396 2985 2439 non
3011 2379 3298 2460 pertinet.

2022 2473 2120 2531 17.
2166 2470 2372 2532 Tertia
2411 2470 2703 2532 limitatio
2742 2476 2858 2546 est,
2897 2476 2970 2532 ut
3008 2471 3394 2550 intelligatur
3427 2471 3504 2534 de

1935 2560 2076 2640 lege
2103 2562 2468 2642 prohibente
2505 2562 2865 2643 simpliciter
2896 2569 3105 2625 actum
3132 2565 3336 2643 quoad
3361 2564 3506 2624 sub-

1937 2657 2231 2717 stantiam
2254 2657 2409 2734 03118,
2429 2656 2551 2729 101,
2573 2662 2645 2717 111
2669 2656 2895 2732 dicam,
2917 2657 3122 2735 quoad
3144 2659 3506 2719 exercitium

1934 2748 2094 2825 ejus,
2131 2766 2259 2808 non
2301 2753 2513 2809 tamen
2555 2748 2632 2809 de
2672 2748 2808 2828 lege
2839 2749 3204 2828 prohibente
3243 2750 3507 2809 circum-

1934 2840 2192 2900 stantias
2212 2840 2266 2918 ej
2274 2858 2368 2916 118,
2394 2841 2704 2920 praecipue
2731 2842 3025 2920 temporis
3057 2847 3167 2902 aut
3192 2840 3336 2916 1001,
3365 2859 3506 2920 quae

1935 2931 2114 2992 valde
2141 2932 2500 2993 extrinsecae
2525 2938 2690 2994 sunt.
2722 2933 2919 3007 Quam
2960 2933 3150 2995 etiam
3176 2933 3508 2995 admitten-

1937 3021 2083 3082 dam
2135 3039 2354 3083 censeo
2404 3041 2545 3084 cum
2593 3025 2911 3085 communi
2965 3026 3272 3085 sententia
3285 3067 3308 3100 ,
3359 3026 3506 3104 quia

1936 3133 2135 3196 poenae
2160 3116 2604 3195 restringendae
2630 3123 2798 3193 sunt,
2829 3123 2892 3178 et
2923 3117 3070 3196 quia
3097 3118 3243 3178 solae
3270 3119 3506 3198 priores

1936 3209 2103 3288 leges
2129 3207 2251 3270 dici
2271 3214 2528 3288 possunt
2545 3208 2905 3288 simpliciter
2919 3207 3245 3288 prohibere
3261 3216 3467 3270 actum
3481 3226 3503 3288 3

1938 3300 2075 3362 aliae
2109 3301 2279 3363 enim
2321 3301 2522 3362 solum
2568 3300 2900 3381 prohibent
2943 3320 3024 3363 ne
3062 3301 3167 3362 hic
3210 3302 3311 3364 vel
3337 3320 3507 3364 nunc

1933 3392 2066 3458 fiat.
2097 3396 2305 3474 Neque
2337 3413 2452 3475 per
2475 3394 2593 3456 hoc
2620 3394 2860 3456 tollitur
2886 3394 3039 3474 quin
3065 3394 3260 3474 possit
3291 3395 3394 3457 101
3420 3397 3506 3457 ir-

1930 3487 2123 3549 ritare
2139 3493 2347 3549 actum
2371 3487 2611 3548 ratione
2629 3487 2851 3548 talium
2873 3487 3500 3566 circumstantiarum,

1935 3580 2045 3642 sed
2070 3580 2335 3641 dicimus
2378 3580 2444 3641 id
2483 3599 2610 3641 non
2654 3579 2793 3642 fieri
2833 3599 2912 3642 ex
2939 3581 3005 3642 vi
3030 3581 3186 3659 legis
3214 3582 3362 3646 Nou
3395 3583 3503 3644 dw-

1936 3673 2124 3749 bium,
2154 3691 2227 3734 ac
2270 3672 2534 3735 subinde
2574 3692 2686 3752 per
2728 3673 2880 3735 alias
2907 3673 3075 3752 leges
3118 3673 3320 3735 solum
3351 3679 3504 3737 tunc

1934 3763 2073 3827 fieri
2098 3765 2431 3845 quandoid
2458 3765 2831 3827 sufficienter
2846 3765 3290 3844 explicaverint
3311 3784 3327 3829 1
3353 3785 3503 3829 118111

1936 3876 2049 3936 per
2080 3856 2275 3920 solam
2304 3857 2785 3937 prohibitionem
2808 3858 3414 3920 circumstantiarum
3436 3860 3504 3921 id

1935 3949 2347 4011 nonfaciunt.
2378 3951 2457 4011 Et
2476 3950 2565 4010 ita
2596 3967 2781 4029 supra
2805 3950 2971 4010 circa
2998 3952 3246 4012 tertiam
3273 3951 3504 4014 limita-

1935 4042 2174 4105 tionem
2193 4041 2314 4103 hoc
2330 4040 2828 4122 approbavimus.
2855 4041 3169 4102 Instantiae
3186 4060 3334 4103 vero
3362 4061 3501 4122 quae

1935 4133 2170 4197 fiebant
2202 4139 2420 4197 contra
2471 4133 2732 4195 alteram
2776 4138 3019 4212 partem
3060 4134 3498 4213 universalem,

1934 4227 2064 4290 fere
2100 4244 2317 4290 omnes
2355 4225 2758 4289 sumebantur
2787 4225 3134 4304 exlegibus
3166 4228 3497 4305 canonicis,

1936 4338 2076 4399 quae
2101 4338 2230 4381 non
2248 4318 2593 4398 procedunt
2609 4323 2826 4380 contra
2841 4317 3045 4397 1030111
3064 4319 3143 4383 N
3137 4337 3212 4382 on
3227 4320 3496 4397 dubium,

1934 4430 2073 4492 quse
2108 4411 2306 4473 civilis
2351 4420 2465 4487 est,
2507 4416 2570 4472 et
2615 4410 2691 4474 de
2722 4410 2845 4472 illis
2887 4410 3165 4472 dicemus
3204 4411 3273 4471 in
3301 4413 3500 4491 capite

1933 4503 2238 4585 sequenti.
2287 4503 2441 4566 Aliae
2486 4522 2634 4566 vero
2662 4502 2739 4566 de
2784 4502 2932 4564 ludo
2968 4509 3030 4564 et
3074 4503 3151 4565 de
3193 4505 3500 4566 sententia

1931 4596 2339 4659 conditionali
2356 4596 2650 4658 videntur
2671 4594 2830 4657 mihi
2851 4595 3112 4674 probare
3137 4596 3325 4675 (quod
3340 4597 3499 4658 dixi-

1930 4692 2106 4768 mus)
2139 4696 2348 4752 actum
2385 4707 2514 4751 non
2552 4689 2644 4749 ita
2683 4688 2916 4749 irritari
2960 4707 3071 4767 per
3107 4689 3311 4767 legem
3350 4691 3499 4755 Non

1936 4784 2207 4861 dubium,
2223 4793 2296 4844 ut
2318 4783 2385 4844 in
2402 4801 2467 4844 se
2493 4781 2740 4842 nullum
2753 4780 3025 4843 valorem
3053 4780 3303 4857 habeat,
3327 4788 3501 4844 ante-

1932 4895 2125 4956 quam
2168 4895 2281 4958 per
2323 4876 2694 4939 sententiam
2738 4874 3080 4939 declaretur
3122 4892 3230 4936 8011
3275 4875 3496 4937 annul-

1930 4969 2115 5033 letur.

2014 5063 2113 5124 18.
2155 5061 2467 5124 Limitatio
2507 5066 2718 5122 autem
2752 5077 2890 5139 quoe
2914 5059 3003 5121 ibi
3027 5059 3275 5121 additur
3300 5059 3377 5120 de
3403 5059 3500 5120 di·

1929 5160 2099 5217 recta
2119 5155 2222 5217 101
2242 5155 2548 5217 indirecta
2574 5152 2990 5233 prohibitione
3007 5170 3133 5213 non
3152 5152 3309 5212 mihi
3328 5152 3497 5214 vide-

1930 5254 2035 5310 tur
2077 5247 2294 5327 magni
2331 5245 2656 5322 momenti,
2686 5245 2835 5325 quia
2861 5261 3084 5315 parum
3113 5243 3234 5306 hoc
3261 5243 3494 5306 referre

1929 5342 2199 5417 videtur,
2228 5340 2279 5401 si
2308 5345 2480 5402 actus
2506 5339 2575 5399 in
2594 5356 2660 5399 se
2691 5343 2784 5399 est
2819 5337 3164 5417 prohibitus
3178 5353 3199 5414 3
3228 5337 3358 5398 imo
3378 5336 3495 5398 hoc

1927 5434 2132 5515 ipsum
2185 5433 2431 5494 videtur
2464 5430 2706 5493 excludi
2749 5448 2860 5509 per
2896 5430 3094 5509 ipsam
3119 5429 3322 5507 legem
3347 5431 3423 5494 N
3421 5447 3495 5492 on

1929 5528 2197 5602 dubium,
2245 5531 2550 5607 quatenus
2597 5523 2972 5586 decisionem
3003 5540 3180 5584 suam
3218 5521 3495 5584 extendit
