3976 6219
888 400 1023 454 CAP.
1061 397 1280 452 xxm.
1314 396 1529 451 imum
1560 395 1754 451 Lmlts
1784 393 2130 453 ,murus
2160 399 2424 464 ALIQUOS
2454 401 2672 465 Ac‘rus,
2705 402 2845 457 E‘rc,

254 505 388 567 lum
420 501 737 584 impediat.
781 500 992 579 Neque
1020 504 1235 560 contra
1269 496 1388 559 hoc
1414 496 1616 559 obstat
1654 496 1814 557 ratio

253 598 425 660 Bald.
460 598 527 657 in
559 597 683 674 leg.
736 595 845 656 Ea
889 593 1148 674 quidm,
1191 609 1244 653 c.
1299 591 1364 651 Si
1404 590 1810 671 mancipium,

254 690 572 769 arguentis
621 705 730 767 per
777 692 986 746 actum
1013 684 1257 745 nullum
1281 701 1532 763 poenam
1564 702 1692 745 non
1718 684 1817 744 in-

257 783 448 856 curri,
482 780 629 860 quia
664 797 741 839 ex
775 777 976 838 nihilo
998 776 1157 837 nihil
1197 775 1289 837 fit.
1351 776 1481 836 Hoc
1510 775 1810 854 (inquam)

256 892 385 935 11011
412 873 629 946 obstat,
670 871 818 950 quia
843 875 1014 930 actus
1046 867 1255 929 nullus
1285 886 1415 931 non
1441 873 1533 929 est
1558 868 1816 928 omnino

256 965 453 1043 nihi13
477 982 649 1040 nam,
679 963 823 1025 licet
847 962 915 1023 in
954 962 1193 1023 ratione
1223 960 1621 1032 venditionis,
1639 960 1813 1023 verbi

254 1059 477 1138 gratia,
509 1058 590 1118 sit
610 1055 841 1132 nullus,
867 1060 960 1116 est
976 1059 1190 1116 tamen
1212 1053 1487 1114 venditio
1508 1053 1814 1115 intentata

256 1169 332 1212 ex
363 1167 554 1230 pravo
575 1149 788 1210 animo
812 1147 1110 1228 profecta,
1146 1146 1406 1228 ideoque
1444 1146 1667 1207 merito
1702 1165 1815 1226 pu-

254 1244 380 1304 niri
407 1247 626 1322 potest,
670 1248 733 1303 et
769 1242 847 1303 de
885 1240 1043 1302 facto
1086 1240 1344 1320 punitur
1370 1257 1481 1319 per
1506 1239 1695 1300 talem
1728 1238 1816 1301 le-

255 1353 420 1414 gem.
452 1337 661 1414 Neque
686 1334 875 1395 etiam
908 1333 1026 1394 erit
1051 1332 1492 1395 inconveniens
1518 1331 1684 1411 quod
1716 1331 1817 1393 lex

255 1427 439 1488 simul
483 1428 684 1489 irritet
724 1432 932 1488 actum
976 1432 1040 1487 et
1078 1426 1318 1506 puniat,
1368 1426 1515 1504 quia
1551 1425 1819 1486 irritatio

260 1526 461 1600 potest
485 1538 614 1581 non
653 1538 781 1581 esse
810 1537 1018 1599 poena,
1065 1518 1171 1580 sed
1214 1535 1325 1597 per
1354 1535 1420 1579 se
1463 1517 1815 1593 convenire,

256 1619 367 1673 aut
393 1618 645 1692 propter
685 1629 1017 1673 commune
1051 1611 1309 1687 bonum,
1354 1614 1464 1672 aut
1498 1611 1578 1672 ad
1620 1629 1817 1672 resar-

255 1705 541 1766 ciendum
583 1704 835 1784 aliquod
877 1705 1207 1777 damnum,
1262 1703 1428 1764 ultra
1479 1722 1668 1795 quam
1720 1722 1816 1765 re-

254 1800 643 1861 stitutionem
687 1807 781 1862 est
820 1807 991 1862 actus
1027 1798 1325 1880 punibilis
1355 1814 1375 1876 3
1417 1799 1518 1860 vel
1565 1799 1709 1861 licet
1736 1799 1818 1861 sit

254 1909 460 1971 poena,
503 1898 704 1972 potest
741 1899 916 1954 actus
955 1911 1085 1954 esse
1125 1892 1351 1970 dignus
1376 1909 1450 1953 ea
1490 1892 1816 1972 multiplici

253 1984 461 2046 modo.
521 1986 717 2047 Priori
773 1986 957 2047 modo
1009 1984 1276 2046 irritavit
1339 1985 1812 2046 matrimonium

253 2076 703 2139 clandestinum
739 2078 1081 2140 Concilium
1118 2077 1577 2153 Tridentinum,
1615 2083 1678 2138 et
1716 2078 1817 2139 ni-

197 2222 199 2225 ,
252 2167 591 2231 hilominus
614 2172 791 2249 jubet
815 2172 1025 2251 puniri
1052 2171 1139 2231 sic
1167 2169 1420 2232 nulliter
1442 2169 1814 2231 contrahen-

253 2265 366 2321 tes.
417 2262 744 2324 Posteriori
792 2270 1003 2325 autem
1048 2264 1234 2324 modo
1276 2263 1556 2324 irritatur
1595 2280 1635 2323 a
1673 2263 1818 2341 jure

254 2352 529 2413 venditio
575 2356 910 2417 simoniaca
953 2355 1262 2430 beneficii,
1306 2368 1366 2417 et
1410 2356 1815 2416 nihilominus

256 2444 587 2523 multiplici
653 2447 775 2507 alia
840 2465 1025 2526 poena
1078 2449 1356 2527 punitur.
1405 2450 1483 2508 Et
1522 2452 1816 2509 consonat

254 2537 486 2615 optime
516 2537 618 2599 lex
661 2542 719 2614 1,
751 2557 805 2599 c.
842 2540 920 2601 de
962 2539 1300 2618 Sepulchro
1340 2540 1578 2615 violat„
1608 2540 1818 2601 dicens

254 2645 398 2688 eum
417 2629 525 2706 qui
542 2629 755 2690 vendit
779 2648 911 2690 rem
940 2648 1201 2705 sacram,
1218 2630 1359 2692 licet
1382 2632 1522 2710 jure
1544 2632 1818 2692 venditio

254 2737 378 2779 non
405 2721 716 2796 subsistat,
760 2721 920 2781 laesae
957 2728 1172 2781 tamen
1205 2721 1521 2799 religionis
1546 2723 1818 2785 incidere

253 2811 323 2870 in
350 2811 603 2871 crimen.
635 2812 805 2872 Idem
839 2810 1194 2870 confirmari
1228 2817 1426 2889 potest
1455 2831 1533 2872 ex
1575 2812 1700 2890 leg.
1734 2814 1818 2876 Si

254 2903 393 2982 quis
421 2902 677 2980 loqutus,
709 2902 777 2960 in
798 2902 1123 2980 principio,
1156 2901 1376 2979 digest.
1408 2903 1485 2962 ad
1512 2902 1635 2980 leg.
1674 2904 1819 2962 (1ομ

256 2992 383 3054 1161.
434 2993 511 3054 (16
555 2993 766 3069 Falsis,
815 2999 876 3054 et
917 3011 994 3053 ex
1040 3011 1178 3073 cap.
1228 2992 1310 3056 Si
1348 2994 1695 3073 reliyiosus,
1741 2993 1819 3054 de

255 3086 589 3159 Electione,
616 3086 683 3146 in
712 3087 773 3161 6,
799 3091 966 3148 etex
985 3085 1374 3148 Clementina
1392 3088 1421 3147 1
1452 3086 1529 3148 de
1551 3086 1819 3147 Consan-

255 3180 559 3258 guinitate
584 3184 647 3241 et
672 3179 994 3240 affinitate.

257 3304 265 3314 ·
336 3288 394 3346 7.
445 3286 743 3364 Objicitwr
791 3286 888 3347 lem
936 3286 1044 3347 Ea
1088 3283 1647 3365 quidm.—Objici
1674 3301 1820 3345 vero

253 3381 453 3457 potest
474 3377 575 3437 lex
595 3378 701 3438 Ea
722 3378 982 3457 quidem,
1007 3395 1059 3438 c.
1087 3378 1150 3437 Si
1169 3376 1553 3455 mancipium
1572 3376 1663 3436 ita
1686 3376 1820 3437 fue-

253 3470 357 3545 rit,
379 3474 523 3544 etc.,
549 3468 657 3528 ubi
688 3469 912 3528 dicitur
939 3469 1127 3548 quod,
1149 3470 1203 3529 si
1234 3470 1373 3549 quis
1393 3469 1671 3530 vendidit
1696 3487 1822 3529 ser-

252 3581 404 3623 vum
437 3562 551 3622 sub
597 3563 947 3623 conditione
989 3569 1058 3623 ut
1084 3582 1213 3623 non
1242 3567 1445 3641 posset
1477 3563 1537 3623 ei
1571 3563 1821 3624 libertas

253 3655 528 3729 concedi,
555 3673 739 3733 poena
776 3655 1015 3734 adjecta
1044 3674 1172 3716 non
1207 3655 1478 3717 servanti
1519 3656 1822 3716 conditio-

254 3765 423 3822 nem,
467 3748 608 3807 licet
661 3753 870 3825 postea
906 3748 1193 3809 dominus
1230 3747 1651 3824 manumittat,
1691 3767 1820 3810 non

252 3840 490 3900 tenebit
521 3839 779 3915 factum,
810 3858 924 3900 nec
949 3858 1160 3901 servus
1198 3845 1603 3918 consequetur
1637 3840 1820 3901 liber-

252 3937 477 3993 tatem:
509 3933 678 4011 prior
704 3937 913 3993 autem
944 3933 1228 3993 venditor
1257 3932 1419 3993 servi
1438 3950 1566 3991 non
1593 3932 1820 4010 poterit

253 4025 501 4102 exigere
549 4042 800 4104 poenam
844 4042 882 4083 a
915 4023 1416 4098 manumittente,
1467 4024 1616 4102 quia
1650 4029 1821 4084 actus

251 4116 373 4176 fuit
390 4117 836 4178 frustratoriae.
861 4116 951 4175 Ibi
972 4121 1181 4176 autem
1195 4115 1399 4175 fuerat
1413 4117 1612 4195 posita
1634 4135 1819 4196 poena

251 4209 320 4267 in
365 4211 582 4268 eodem
631 4213 950 4267 contractu
990 4206 1352 4268 annullante
1388 4210 1818 4269 manumissio-

251 4317 423 4374 nem,
450 4304 512 4359 et
547 4299 634 4359 ita
676 4297 957 4360 Bartolus
977 4298 1067 4359 ibi
1094 4298 1242 4360 inde
1267 4299 1502 4378 colligit
1521 4317 1647 4360 non
1670 4301 1818 4362 satis

252 4409 380 4452 esse
423 4391 501 4451 de
540 4391 703 4452 facto
746 4396 961 4451 contra
1000 4390 1136 4452 fieri
1172 4392 1252 4452 ad
1290 4409 1541 4472 poenam
1577 4398 1817 4452 contra·

252 4484 542 4545 hendam.
572 4483 933 4562 Respondeo
959 4484 1050 4545 ibi
1073 4501 1200 4546 non
1219 4502 1350 4547 esse
1371 4502 1719 4547 sermonem
1738 4486 1816 4548 de

252 4576 389 4655 lege
438 4577 804 4637 annullante
850 4581 914 4637 et
955 4577 1274 4656 puniente,
1327 4576 1434 4639 sed
1467 4577 1544 4638 de
1579 4560 1820 4658 privato

253 4676 434 4748 pacto
471 4670 840 4749 prohibente
879 4671 1335 4732 concessionem
1371 4669 1678 4732 libertatis
1708 4670 1822 4731 sub

251 4762 362 4823 tali
390 4781 595 4842 poena,
629 4763 797 4842 quod
822 4771 1072 4843 pactum
1112 4782 1189 4825 ex
1217 4765 1280 4825 vi
1311 4764 1527 4824 formae
1560 4783 1686 4825 suae
1713 4783 1821 4845 po-

252 4855 376 4915 tius
390 4855 714 4916 videbatur
738 4873 866 4916 non
885 4856 1211 4918 annullare
1243 4861 1451 4917 actum
1480 4856 1586 4917 sed
1599 4857 1822 4936 punire

255 4952 525 5023 tantum,
542 4948 726 5026 juxta
751 4949 915 5009 dicta
955 4950 1032 5010 de
1069 4950 1253 5010 modo
1294 4950 1579 5010 irritandi
1608 4950 1822 5028 legum

251 5039 736 5118 prohibentium.
778 5042 951 5104 Unde
979 5043 1126 5121 quia
1157 5042 1265 5103 illa
1289 5042 1391 5103 lex
1418 5043 1536 5103 hoc
1558 5061 1686 5103 non
1713 5043 1820 5104 ob-

201 5173 206 5176 -
254 5138 457 5194 stante
486 5134 819 5196 declaravit
836 5136 1385 5197 manumissionem
1400 5152 1528 5196 esse
1556 5135 1816 5212 nullam,

251 5225 454 5285 noluit
474 5243 724 5304 poenam
743 5226 1050 5306 adjectam
1065 5228 1255 5307 exigi,
1279 5245 1406 5288 non
1423 5227 1571 5306 quia
1588 5226 1824 5288 factum

253 5317 539 5380 inefficax
579 5339 687 5380 seu
720 5321 1183 5382 frustratorium
1220 5339 1349 5382 non
1375 5322 1567 5399 possit
1586 5322 1824 5400 puniri,

252 5412 357 5472 sed
386 5412 534 5490 quia
555 5413 662 5474 illo
685 5414 870 5474 modo
897 5421 1149 5494 pactum
1189 5415 1404 5476 fuisset
1431 5413 1622 5474 nimis
1660 5414 1828 5495 rigo-

248 5520 460 5565 rosum
493 5511 555 5567 et
571 5506 908 5586 inaequale.

3333 402 3452 465 559

1969 498 2032 559 8.
2066 499 2345 564 Seoaemda
2363 500 2911 564 conducta—Dico
2930 500 3228 567 secundo:
3255 523 3454 586 quan-

1892 591 1972 653 do
2014 590 2113 653 lex
2164 592 2345 672 punit
2383 598 2590 653 actum
2628 593 2745 653 sub
2795 594 3049 657 nomine
3101 597 3453 663 includente

1893 684 2242 747 nullitatem
2274 704 2351 746 ex
2377 685 2440 746 vi
2485 685 2743 763 alicujus
2782 686 2937 765 legis
2981 694 3090 750 aut
3122 690 3455 754 institutio-

1891 780 2012 854 nis,
2045 783 2195 839 tunc
2212 795 2397 857 poena
2415 776 2569 855 legis
2595 777 2935 840 incurritur
2952 796 3064 858 per
3085 787 3294 842 actum
3316 784 3454 845 irri-

1893 878 2030 934 tum
2059 878 2121 933 et
2155 871 2375 932 effectu
2400 871 2733 932 carentem.
2776 871 3096 934 Conclusio
3137 880 3228 937 est
3266 876 3451 955 clara,

1892 971 1955 1027 et
1980 967 2258 1045 sequitur
2288 969 2498 1044 aperte
2536 982 2613 1025 ex
2645 964 2711 1025 vi
2743 965 2966 1044 prioris
3000 968 3192 1046 partis
3225 970 3456 1048 regulas

1894 1058 2243 1120 communis
2268 1058 2335 1117 in
2367 1056 2672 1136 principio
2698 1058 2933 1137 positae,
2964 1060 3112 1139 quia
3136 1066 3284 1122 tunc
3310 1061 3456 1122 satis

1894 1152 2161 1214 ostendit
2186 1152 2288 1213 lex
2324 1149 2707 1210 voluntatem
2734 1150 3035 1229 puniendi
3073 1169 3301 1231 purum
3329 1154 3457 1214 fac-

1892 1251 2030 1305 tum
2053 1262 2130 1305 ex
2155 1244 2322 1305 malo
2344 1241 2565 1303 affectu
2585 1241 3043 1320 procedentem,
3069 1261 3212 1303 cum
3243 1245 3457 1325 loqua-

1892 1343 1999 1398 tur
2027 1337 2105 1397 de
2131 1341 2275 1397 actu
2301 1335 2410 1415 qui
2430 1333 2592 1412 juris
2617 1333 2907 1395 effectum
2934 1334 3162 1396 habere
3200 1354 3326 1397 non
3347 1355 3457 1416 po-

1895 1437 2036 1493 test.
2072 1432 2228 1491 Item
2255 1427 2406 1508 quia
2425 1425 2577 1487 alias
2603 1426 2707 1488 lex
2731 1426 2839 1487 illa
2855 1427 3239 1490 frustratoria
3267 1436 3452 1492 esset:

1893 1540 2219 1602 nunquam
2245 1520 2414 1581 enim
2442 1519 2653 1598 puniri
2673 1526 2875 1599 posset
2901 1519 3258 1581 malefactor
3291 1540 3368 1583 ex
3393 1522 3459 1584 vi

1895 1616 2086 1690 illius,
2119 1614 2266 1694 quia
2299 1617 2475 1675 actus
2502 1612 2580 1673 de
2616 1629 2739 1690 quo
2764 1611 2905 1673 talis
2931 1611 3031 1672 lex
3063 1612 3356 1692 loquitur,
3386 1619 3458 1675 ut

1896 1708 2286 1789 supponitur,
2327 1722 2653 1784 nunquam
2694 1710 2891 1783 potest
2917 1722 3042 1765 non
3067 1723 3198 1767 esse
3224 1707 3454 1784 nullus,

1894 1802 1996 1865 vel
2021 1820 2098 1863 ex
2119 1819 2207 1877 se,
2231 1800 2331 1862 vel
2357 1817 2435 1862 ex
2453 1799 2724 1861 efficacia
2750 1798 2972 1877 prioris
2996 1799 3149 1878 legis
3168 1815 3189 1876 3
3220 1818 3366 1879 ergo
3389 1806 3461 1862 ut

1895 1896 1997 1958 lex
2020 1895 2159 1956 talis
2175 1893 2347 1955 utilis
2371 1894 2450 1954 sit
2468 1899 2531 1955 et
2549 1892 2779 1953 habere
2800 1892 2992 1972 possit
3013 1892 3326 1968 effectum,
3351 1911 3461 1955 ne-

1895 2006 2060 2051 cesse
2096 1993 2187 2050 est
2230 1993 2303 2048 ut
2348 1991 2558 2048 actum
2593 1984 2836 2046 nullum
2879 1985 3099 2065 puniat
3109 2002 3130 2062 3
3164 1991 3462 2065 praeterea

1897 2082 2044 2162 quia
2064 2081 2284 2142 eadem
2309 2085 2402 2141 est
2439 2080 2598 2140 ratio
2625 2078 2813 2157 hujus
2846 2083 2910 2139 et
2943 2080 3341 2157 praecedentis
3367 2096 3461 2139 as-

1897 2176 2202 2237 sertionis.
2234 2174 2376 2235 Ideo
2407 2174 2578 2234 enim
2618 2171 2721 2233 lex
2760 2171 3011 2232 irritans
3052 2189 3338 2251 expresse
3363 2190 3465 2232 ac·

1895 2275 2031 2329 tum
2064 2273 2127 2329 et
2149 2267 2444 2346 adjiciens
2464 2282 2713 2344 poenam
2743 2265 2924 2343 punit
2951 2271 3159 2325 actum
3187 2265 3458 2341 nullum,

1898 2362 2046 2440 quia
2097 2358 2386 2439 supponit
2426 2357 2603 2417 illum
2640 2356 2907 2431 nullum,
2953 2363 3015 2417 et
3057 2357 3464 2419 nihilominus

1896 2454 2117 2534 punit3
2149 2452 2256 2513 sed
2278 2451 2346 2510 in
2373 2449 2659 2529 proesenti
2687 2449 2875 2509 etiam
2903 2449 3004 2509 lex
3031 2451 3292 2528 poenalis
3318 2469 3463 2530 sup-

1896 2546 2074 2626 ponit
2103 2549 2310 2605 actum
2338 2542 2583 2603 nullum
2626 2546 2688 2603 et
2716 2542 2792 2602 de
2814 2540 2924 2602 illo
2944 2541 3253 2621 loquitur:
3314 2560 3462 2621 ergo

1897 2638 2076 2698 illum
2104 2638 2285 2716 punit
2311 2654 2438 2696 non
2461 2634 2743 2695 obstante
2771 2632 3090 2712 nullitate3
3125 2652 3273 2695 nam
3297 2634 3461 2714 quod

1896 2731 2030 2792 haec
2064 2730 2316 2790 nullitas
2360 2732 2745 2806 supponatur
2783 2744 2861 2787 ex
2893 2726 3016 2787 alia
3042 2726 3201 2805 lege,
3229 2728 3326 2788 vel
3353 2744 3465 2806 per

1897 2823 2181 2884 eamdem
2208 2820 2339 2894 fiat,
2371 2819 2532 2879 nihil
2554 2818 2810 2878 omnino
2836 2818 3045 2878 refert.
3068 2820 3345 2898 Denique
3360 2819 3464 2879 de-

1897 2913 2166 2972 claratur
2196 2910 2491 2987 exemplis
2513 2926 2533 2987 3
2569 2928 2718 2968 nam
2745 2926 2931 2986 poena
2949 2908 3104 2986 legis
3127 2916 3339 2970 contra
3367 2928 3464 2970 re-

1896 3004 2309 3083 baptizantem
2338 3001 2479 3061 latae
2503 3002 2637 3061 sine
2664 3001 2853 3059 dubio
2866 3002 3207 3061 incurritur
3229 3021 3340 3080 per
3365 3021 3465 3063 ac-

1907 3102 2045 3157 tum
2090 3094 2355 3169 nullum,
2408 3093 2557 3173 quia
2607 3111 2719 3172 per
2751 3092 3294 3172 rebaptizationem
3336 3113 3464 3155 non

1898 3193 2102 3270 potest
2129 3187 2266 3248 fieri
2297 3192 2474 3246 actus
2495 3185 2737 3246 validus
2764 3201 2781 3245 ε
2807 3186 3088 3246 similiter
3113 3204 3298 3266 poena
3310 3187 3465 3265 legis

1897 3281 2211 3363 punientis
2236 3279 2535 3340 secundas
2549 3280 2799 3358 nuptias
2822 3280 3070 3340 vivente
3087 3280 3291 3359 primo
3319 3298 3464 3340 con-

1893 3379 2045 3456 juge
2079 3374 2420 3436 incurritur
2449 3391 2559 3451 per
2599 3372 3072 3432 matrimonium
3109 3372 3352 3433 nullum
3386 3391 3462 3434 ex

1897 3470 2116 3531 eodem
2148 3468 2366 3547 capite,
2407 3466 2573 3545 quod
2614 3465 2953 3526 secundum
2993 3466 3463 3528 matrimonium

1897 3581 2026 3623 non
2050 3567 2250 3641 potest
2279 3577 2407 3620 esse
2440 3557 2717 3618 validum
2745 3557 3006 3617 durante
3038 3559 3265 3636 prim03
3296 3566 3357 3620 et
3383 3560 3464 3621 si-

1898 3655 2132 3715 militer
2158 3670 2342 3732 poena
2389 3651 2543 3728 legis
2577 3650 2894 3728 punientis
2920 3649 3213 3711 clericum
3259 3653 3329 3711 in
3368 3671 3463 3714 sa-

1899 3748 2017 3807 cris
2045 3745 2143 3806 vel
2174 3744 2530 3822 religiosum
2554 3741 2899 3821 professum
2933 3761 3191 3803 uxorem
3239 3744 3464 3805 ducen-

1896 3844 2047 3912 tem,
2107 3856 2219 3914 per
2272 3835 2741 3894 matrimonium
2793 3835 3041 3894 irritum
3095 3835 3459 3914 incurritur,

1900 3929 2049 4008 quia
2073 3947 2198 3988 non
2224 3931 2427 4007 potest
2460 3925 2640 3985 aliter
2680 3925 2759 3983 ab
2800 3926 3155 4002 hujusmodi
3186 3930 3461 4005 personis

1898 4022 2059 4084 fieri.
2093 4021 2263 4081 Idem
2314 4037 2461 4096 ergo
2501 4024 2592 4078 est
2619 4018 2685 4077 in
2723 4018 3011 4077 omnibus
3059 4020 3366 4082 similibus
3393 4023 3461 4082 in

1900 4115 2124 4197 quibus
2148 4114 2361 4175 eadem
2391 4112 2551 4173 ratio
2582 4110 2961 4171 militaverit.

1980 4211 2044 4270 9.
2093 4206 2518 4270 Corollarium.
2543 4203 2812 4263 —Unde
2840 4203 3030 4263 etiam
3057 4204 3301 4284 colligo,
3331 4225 3462 4267 am.

1901 4299 2154 4382 pliando
2185 4297 2609 4372 assertionem,
2656 4314 2786 4356 non
2824 4295 3028 4357 solum
3053 4298 3287 4359 incurri
3312 4305 3463 4361 tunc

1900 4411 2152 4475 poenam
2178 4410 2292 4472 per
2326 4396 2534 4451 actum
2570 4390 2841 4465 irritum,
2867 4408 3089 4452 verum
3118 4392 3305 4453 etiam
3334 4412 3462 4455 non

1900 4505 2075 4568 posse
2097 4485 2331 4546 incurri
2361 4502 2475 4564 per
2502 4489 2710 4545 actum
2729 4483 3034 4544 validum:
3073 4502 3220 4545 nam
3248 4487 3299 4547 si
3319 4505 3462 4548 con-

1899 4581 2103 4659 tingat
2142 4583 2349 4639 actum
2390 4576 2501 4655 qui
2527 4575 2862 4654 putabatur
2904 4576 3113 4636 nullus
3153 4595 3280 4638 esse
3312 4578 3467 4640 vali-

1900 4672 2075 4746 dum,
2099 4688 2230 4731 non
2254 4669 2607 4729 inem-retur
2632 4685 2817 4747 poena
2840 4667 3017 4747 legis,
3042 4669 3207 4747 quod
3232 4671 3462 4731 mirum

1899 4765 2098 4828 videri
2127 4767 2352 4844 potest,
2393 4766 2486 4822 est
2518 4767 2730 4822 tamen
2773 4779 3014 4822 verum.
3040 4762 3414 4841 ‘Explicatur
3440 4784 3455 4825 z

1902 4876 2051 4919 nam
2079 4857 2134 4917 si
2174 4855 2311 4936 quis
2350 4860 2574 4935 putans
2619 4853 2889 4933 aliquem
2927 4872 3054 4915 esse
3081 4854 3461 4934 baptizatum

1899 4951 2083 5012 illum
2121 4949 2351 5010 iterum
2398 4947 2734 5027 baptizaret
2774 4947 2985 5007 animo
3012 4946 3457 5027 rebaptizandi,

1900 5049 1962 5106 et
1988 5047 2200 5124 postea
2228 5041 2298 5102 in
2323 5058 2391 5103 re
2419 5044 2725 5101 constaret
2751 5039 2930 5100 illum
2948 5057 3074 5100 non
3100 5040 3284 5102 fuisse
3311 5043 3460 5122 bap-

1899 5138 2179 5210 tizatum,
2221 5134 2322 5196 vel
2342 5133 2610 5213 priorem
2645 5132 3023 5211 baptismum
3059 5133 3347 5195 habuisse
3370 5153 3464 5197 es-

1901 5227 2225 5290 sentialem
2273 5225 2581 5287 defectum
2619 5229 2682 5285 et
2721 5223 2908 5286 fuisse
2951 5224 3322 5301 invalidum,
3355 5227 3460 5289 ille

1900 5321 2044 5382 talis
2096 5338 2226 5380 non
2271 5319 2612 5379 incurreret
2657 5335 2905 5396 poenam
2953 5317 3108 5396 legis
3150 5319 3463 5397 punientis

1900 5414 2369 5494 rebaptizanteS,
2414 5411 2560 5491 quia
2591 5409 2698 5471 ille
2724 5429 2853 5471 non
2896 5410 3018 5471 fuit
3056 5409 3465 5489 rebaptizator

1902 5525 2072 5584 vere,
2125 5511 2189 5569 et
2223 5505 2289 5566 in
2323 5522 2418 5581 re,
2458 5503 2566 5566 sed
2610 5508 2857 5566 tentum
2892 5503 3194 5584 putative,
3240 5522 3351 5568 seu
3382 5524 3460 5569 ex
