3976 6219
575 390 654 447 94

572 493 810 567 vinam,
837 491 898 550 id
928 495 1040 564 est,
1067 494 1368 568 quatenus
1393 489 1628 550 dictant
1647 490 1724 550 de
1751 487 2031 549 volendis
2052 486 2130 546 ab

572 585 706 664 ipso
743 584 888 657 Deo,
931 587 1003 641 ut
1041 582 1146 655 sic,
1180 598 1306 641 non
1346 582 1574 642 habere
1610 582 1913 642 rationem
1949 579 2127 657 legis,

571 683 643 736 ut
669 677 797 754 jam
831 674 1209 734 declaratum
1236 683 1369 734 est:
1403 676 1455 734 si
1482 693 1627 735 vero
1665 673 2131 734 considerentur

570 768 638 828 in
676 768 890 828 ordine
936 767 1014 826 ad
1061 766 1444 827 voluntatem
1493 772 1784 841 creatam,
1828 770 2132 844 quatenus

570 861 826 934 dictant,
857 860 1006 939 quid
1033 858 1112 919 ab
1138 858 1247 919 illa
1278 859 1633 920 faciendum
1664 861 1764 934 sit,
1797 864 1905 918 aut
1929 858 2132 917 vitan-

570 953 743 1028 dum,
769 954 955 1013 etiam
981 969 1109 1011 non
1135 951 1366 1011 habent
1394 953 1696 1013 rationem
1726 952 1904 1029 legis,
1935 951 2131 1010 donec

569 1047 646 1106 ad
673 1045 780 1105 illa
809 1045 1055 1105 accedat
1080 1043 1366 1104 voluntas
1393 1044 1623 1119 divina,
1655 1045 1804 1123 quia
1831 1061 1957 1102 non
1984 1047 2132 1102 sunt

568 1138 861 1217 imperia,
893 1155 1008 1197 nec
1035 1136 1299 1215 practice
1328 1142 1612 1211 movent,
1642 1138 1748 1197 sed
1782 1141 1928 1196 sunt
1953 1135 2130 1214 quasi

568 1231 942 1310 speculativa
968 1229 1238 1307 cognitio
1265 1229 1486 1291 talium
1526 1230 1928 1308 objectorum,
1960 1233 2033 1288 ut
2063 1229 2132 1288 in

570 1323 967 1402 sequentibus
1002 1322 1324 1390 tractando
1358 1323 1436 1384 de
1470 1323 1605 1401 1636
1638 1323 1906 1383 naturali
1938 1321 2131 1400 expli-

569 1415 868 1475 cabimuS.

648 1509 709 1568 6.
756 1509 882 1570 Lex
908 1513 1130 1569 oeterna
1153 1508 1501 1584 formaliter
1523 1508 1796 1571 consistit
1818 1509 1885 1570 in
1908 1509 2131 1570 decreto

570 1600 751 1662 libero
803 1601 921 1661 Dei
973 1602 1296 1663 statuentis
1345 1601 1608 1662 ordinem
1661 1602 2018 1663 servandum
2065 1599 2131 1660 in

562 1693 848 1771 partibus
867 1694 1137 1756 universi
1162 1694 1229 1754 in
1249 1695 1452 1756 ordine
1473 1695 1555 1755 ad
1581 1695 1790 1754 bonum
1813 1709 2128 1754 commune.

568 1785 929 1847 —Secundo
946 1804 1022 1846 ex
1034 1786 1212 1846 dictis
1232 1785 1515 1861 infertur,
1534 1787 1678 1846 satis
1698 1786 2134 1846 convenienter

571 1879 694 1939 dici
740 1897 934 1957 posse,
967 1878 1170 1955 legem
1206 1884 1498 1939 aeternam
1528 1897 1657 1938 esse
1700 1879 2019 1938 decretum
2059 1877 2132 1936 li-

570 1970 789 2029 berum
818 1970 1152 2030 voluntatis
1183 1971 1291 2030 Dei
1332 1971 1655 2030 statuentis
1697 1970 1978 2030 ordinem
2007 1987 2134 2030 ser-

568 2063 876 2139 vandum,
902 2069 1011 2123 aut
1038 2063 1407 2141 generaliter
1433 2063 1512 2123 ab
1540 2064 1829 2123 omnibus
1856 2063 2134 2142 partibus

570 2157 843 2217 universi
886 2157 953 2216 in
995 2157 1211 2217 ordine
1252 2157 1330 2216 ad
1368 2175 1697 2217 commune
1737 2157 1995 2231 bonum,
2036 2158 2132 2219 vel

569 2249 924 2309 immediate
965 2248 1053 2308 illi
1098 2249 1469 2309 conveniens
1511 2248 1749 2309 ratione
1778 2251 1965 2310 totius
1994 2250 2134 2310 uni-

568 2343 749 2416 versi,
771 2341 870 2402 vel
892 2341 1108 2401 saltem
1125 2342 1363 2402 ratione
1382 2341 1768 2419 singularum
1790 2343 2133 2420 specierum

571 2435 723 2511 63113,
749 2438 858 2492 aut
885 2433 1226 2511 specialiter
1247 2433 1618 2494 servandum
1648 2452 1686 2493 a
1712 2435 2009 2495 creaturis
2037 2436 2134 2495 in-

569 2525 1018 2586 tellectualibus
1032 2525 1233 2603 quoad
1252 2524 1474 2585 liberas
1487 2526 1872 2603 operationes
1888 2545 2127 2587 earum.

572 2617 870 2678 Probatur
896 2617 1099 2696 primo
1126 2634 1204 2676 ex
1231 2616 1409 2676 dictis
1438 2617 1507 2677 in
1536 2616 1696 2677 libro
1732 2619 2127 2695 praecedenti,

570 2729 623 2770 c.
657 2711 714 2769 5.
748 2709 978 2768 Deinde
1006 2707 1150 2768 addi
1176 2713 1377 2785 potest
1417 2708 1722 2768 sententia
1750 2709 2127 2784 Damasceni,

569 2802 729 2863 libro
771 2804 810 2862 2
851 2802 926 2863 de
966 2802 1136 2875 Fide,
1167 2819 1300 2879 cap.
1335 2804 1444 2875 12,
1475 2801 1609 2876 ubi,
1641 2820 1784 2862 cum
1824 2802 2133 2864 retulisset

573 2895 944 2956 sententiam
984 2893 1264 2972 Gregorii
1303 2894 1699 2968 Nazianzeni,
1736 2900 1890 2954 orat.
1937 2898 1974 2954 2
1990 2939 2012 2970 ,
2055 2896 2132 2955 de

571 2987 894 3062 Paschate,
934 2987 1193 3046 dicentis
1225 2985 1564 3064 oportuisse
1604 2991 1744 3065 post
1785 2993 2133 3047 creaturam

571 3080 954 3160 spiritualem
991 3086 1052 3141 et
1090 3096 1442 3159 corpoream
1479 3079 1742 3141 condere
1785 3085 2132 3141 creaturam

572 3192 650 3234 ex
674 3180 932 3252 utraque
961 3172 1385 3252 compositam,
1418 3172 1626 3233 subdit
1655 3174 1784 3252 ipse
1811 3194 1826 3232 :
1860 3174 1998 3235 Hoc
2023 3192 2132 3235 au-

571 3274 687 3329 tem
717 3267 1016 3340 vocabulo,
1047 3266 1369 3344 oportebat,
1399 3266 1561 3327 nihil
1586 3267 1761 3327 aliud
1790 3283 1829 3327 a
1855 3284 1946 3327 mo
1972 3267 2134 3328 indi-

570 3365 745 3422 catwr
766 3376 946 3437 quam
965 3358 1205 3436 opificis
1225 3357 1522 3419 voluntas.
1550 3358 1629 3418 Η
1623 3375 1693 3419 ao
1714 3357 1868 3419 enim
1889 3375 1993 3419 neo
2013 3358 2128 3431 lex,

567 3470 671 3513 neo
705 3451 935 3513 sanctio
961 3450 1093 3511 ulla
1131 3454 1518 3527 commentor
1545 3450 1706 3527 finyi
1737 3451 2136 3528 earcoqitarive

564 3550 780 3623 potest,
808 3550 922 3604 etc.
955 3543 1125 3602 Facit
1161 3543 1348 3603 etiam
1386 3543 1550 3621 quod
1588 3543 1993 3620 AugustinuS,
2023 3544 2066 3603 l.
2094 3545 2134 3604 Ξ

568 3637 647 3698 de
675 3637 883 3711 civit„
910 3654 1045 3715 cap.
1075 3638 1174 3709 19,
1202 3634 1389 3694 dicit:
1424 3636 1508 3695 In
1541 3635 1754 3696 calesti
1784 3641 1838 3697 et
1861 3636 2133 3714 anqelica

567 3730 742 3792 ouria
768 3729 1045 3790 voluntas
1072 3728 1188 3789 Dei
1217 3727 1312 3787 leco
1339 3731 1446 3788 est.
1475 3726 1703 3786 Eadem
1739 3744 1886 3805 ergo
1910 3740 2001 3787 est
2032 3727 2132 3789 lex

568 3827 800 3882 aeterna
838 3820 1027 3880 totius
1065 3820 1360 3895 universi,
1398 3818 1541 3879 licet
1577 3819 1921 3897 specialiter
1957 3821 2131 3880 attri-

567 3914 794 3973 buatur
821 3911 1051 3974 coelesti
1079 3911 1288 3984 curiae,
1316 3910 1463 3989 quia
1489 3911 1575 3971 ibi
1614 3911 1722 3971 Dei
1749 3910 2034 3973 voluntas
2062 3913 2129 3971 in

566 4007 766 4086 seipsa
791 4005 1200 4083 cognoscitur,
1227 4009 1288 4064 et
1316 4003 1464 4082 quia
1486 4003 1593 4063 illa
1622 4009 1713 4064 est
1740 4004 2046 4082 proxima,
2066 4009 2130 4064 et

564 4099 920 4179 principalis
946 4096 1167 4175 regula
1191 4096 1486 4175 operandi
1513 4094 1803 4157 omnibus
1830 4096 2053 4156 Beatis.

645 4196 702 4253 7.
751 4193 1049 4252 Praeterea
1075 4208 1148 4250 eo
1173 4189 1354 4249 modo
1383 4205 1504 4268 quo
1527 4189 1688 4249 Deus
1716 4187 1945 4248 dicitur
1971 4207 2127 4268 prae-

563 4286 766 4364 cipere
818 4284 1001 4344 rebus
1049 4282 1366 4343 intellectu
1414 4280 1762 4343 carentibus
1778 4326 1799 4356 ,
1843 4300 1971 4342 non
2017 4301 2129 4361 per

563 4379 980 4451 intellectum,
1025 4377 1132 4437 sed
1166 4394 1278 4455 per
1323 4376 1708 4436 voluntatem
1741 4376 2024 4453 proxime
2065 4383 2128 4437 et

562 4472 921 4532 immediate
950 4468 1247 4547 praecipit,
1278 4469 1426 4547 quia
1451 4486 1578 4527 non
1620 4468 1895 4547 praecipit
1923 4470 2011 4528 eis
2038 4469 2126 4529 lo-

561 4564 839 4643 quendo,
903 4563 1008 4622 sed
1063 4560 1378 4635 faciendo;
1436 4566 1499 4621 at
1547 4559 1967 4622 immediatius
2014 4579 2126 4640 per

559 4656 967 4728 voluntatem,
1006 4671 1195 4732 quam
1233 4672 1344 4733 per
1382 4652 1766 4712 intellectum
1808 4660 2119 4731 operatur,

560 4755 632 4810 ut
658 4768 736 4810 ex
766 4752 796 4808 1
831 4753 1005 4827 parte
1034 4765 1311 4826 suppono
1326 4763 1346 4824 ;
1375 4764 1524 4824 ergo
1559 4745 1659 4805 lex
1686 4751 1938 4822 aeterna,
1969 4765 2121 4825 qua-

558 4848 740 4904 tenus
769 4843 927 4903 circa
950 4840 1083 4901 haec
1106 4840 1400 4901 inferiora
1422 4843 1723 4914 versatur,
1747 4844 1910 4899 recte
1938 4839 2123 4899 intel-

558 4936 777 5013 ligitur
821 4952 952 4996 esse
989 4934 1055 4994 in
1099 4933 1418 4996 voluntate
1457 4932 1566 4994 Dei
1605 4931 1950 4992 ordinantis
1980 4933 2121 4992 uni-

558 5029 774 5107 cuique
820 5028 968 5089 dare
1016 5025 1206 5087 talem
1254 5033 1576 5099 naturam,
1627 5024 2116 5099 inclinationem,

557 5122 767 5196 situm,
807 5127 923 5182 etc.
965 5120 1069 5195 Ut,
1110 5119 1285 5179 verbi
1326 5119 1546 5197 gratia,
1587 5116 1690 5177 lex
1726 5115 1836 5176 illa
1874 5117 1950 5176 (16
1999 5134 2119 5195 qua

556 5214 783 5275 dicitur
810 5214 1097 5276 Proverb.
1131 5216 1199 5275 8:
1225 5215 1319 5276 Et
1343 5214 1525 5291 leyem
1545 5212 1794 5290 ponebat
1822 5211 2023 5290 aquia,
2050 5228 2121 5272 ne

557 5308 890 5371 transirent
915 5308 1068 5384 fines
1095 5326 1256 5383 suos,
1289 5306 1672 5367 considerata
1711 5311 1781 5365 ut
1809 5310 2118 5383 tempora-

553 5399 651 5476 lia,
684 5407 747 5460 et
785 5404 957 5459 extra
1001 5399 1193 5458 Deum
1240 5399 1591 5474 constituta,
1623 5398 1781 5457 nihil
1823 5397 1992 5458 aliud
2028 5400 2120 5455 est

553 5512 742 5575 quam
773 5491 1076 5556 naturalis
1116 5490 1436 5554 inclinatio
1466 5491 1666 5553 indita
1704 5508 1880 5571 aquoe
1910 5489 1991 5550 ad
2030 5489 2120 5549 ita

1208 389 1326 440 ΠΒ.
1361 391 1421 441 11.
1460 391 1540 442 DE
1571 389 1732 442 LEGE
1765 386 2047 448 AETERNA,
2082 384 2162 436 ΕΤ
2193 386 2524 452 NATURALI,
2561 389 2640 441 Ac
2671 388 2821 440 JURE
2853 385 3143 440 GENTIUM.

2210 489 2649 568 quiescendum
2694 491 2760 550 in
2789 507 2900 548 suo
2927 489 3084 563 loco,
3122 493 3193 548 ut
3233 506 3359 549 non
3402 503 3647 547 sursum
3673 502 3760 545 as-
3861 502 3865 506 ’

2213 583 2457 657 cendat,
2489 584 2593 643 sed
2630 582 2912 644 terminis
2940 587 3178 641 naturae
3205 599 3331 641 suae
3357 581 3757 650 contineatur,

2211 682 2280 735 ut
2307 676 2421 735 Job
2448 678 2525 737 38
2554 683 2615 736 et
2646 675 2867 736 Psalm.
2905 676 3020 734 103
3048 673 3463 751 significatum
3496 689 3642 749 ergo
3665 671 3759 730 lex

2210 769 2339 843 illa,
2357 769 2510 828 utin
2539 769 2880 829 aeternitate
2903 769 3110 828 existit
3134 767 3202 826 in
3224 771 3434 826 mente
3457 765 3588 838 Dei,
3610 762 3760 822 nihil

2211 862 2382 923 aliud
2436 868 2528 923 est
2575 880 2762 941 quam
2807 861 3090 921 voluntas
3136 859 3282 934 Dei,
3328 878 3451 938 qua
3500 855 3762 918 decrevit

2211 975 2401 1034 aquas
2429 957 2797 1016 constituere
2837 954 2904 1013 in
2942 953 3053 1013 tali
3086 951 3244 1027 loco,
3277 959 3337 1013 et
3374 951 3565 1012 talem
3593 947 3761 1008 incli-

2211 1049 2527 1109 nationem
2560 1049 2647 1109 eis
2683 1047 2948 1120 tradere,
2977 1051 3048 1105 ut
3074 1063 3202 1105 non
3242 1044 3578 1105 transirent
3612 1042 3759 1104 fines

2211 1142 2327 1202 sibi
2373 1143 2780 1220 praescriptOS,
2812 1146 2873 1200 et
2911 1140 2998 1199 sic
3034 1139 3111 1200 de
3156 1139 3314 1199 aliis.
3350 1139 3448 1199 Sic
3480 1156 3627 1217 ergo
3667 1139 3760 1199 lex

2211 1239 2466 1308 aeterna,
2507 1232 2920 1312 metaphorice
2953 1234 3046 1308 (ut
3084 1232 3171 1291 sic
3210 1231 3438 1308 dicam)
3477 1239 3763 1310 concepta

2212 1328 2279 1388 in
2315 1326 2532 1387 ordine
2560 1326 2638 1387 ad
2668 1343 2765 1386 res
2805 1342 2973 1386 mere
3001 1323 3311 1385 naturales
3340 1329 3404 1384 et
3446 1323 3763 1383 irrationa-

2210 1420 2320 1494 leS,
2352 1425 2513 1479 recte
2542 1418 2611 1478 111
2634 1418 2950 1478 voluntate
2976 1416 3087 1477 Dei
3114 1416 3526 1478 constituitur.

2292 1515 2351 1574 8.
2387 1513 2674 1591 Idemque
2703 1516 2795 1571 est
2816 1511 2893 1570 de
2917 1509 3026 1569 illa
3052 1509 3213 1586 lege,
3236 1513 3541 1587 quatenus
3567 1508 3763 1586 dispo-

2213 1607 2337 1666 suit
2356 1606 2591 1684 aliquid
2621 1605 2782 1664 circa
2810 1609 3118 1663 creaturas
3151 1600 3595 1662 intellectuales
3627 1619 3763 1680 ope-

2214 1699 2360 1773 rari,
2396 1699 2527 1759 sine
2555 1698 2803 1757 illarum
2830 1696 3027 1755 libera
3053 1694 3502 1774 cooperatione,
3530 1698 3598 1753 ut
3628 1699 3765 1754 sunt

2213 1810 2288 1852 ea
2318 1810 2454 1869 quae
2486 1790 2584 1851 vel
2611 1789 2757 1864 illae,
2787 1794 2858 1848 ut
2895 1794 3131 1848 naturae
3158 1786 3439 1866 quaedam
3468 1792 3634 1859 sunt,
3660 1805 3765 1846 na-

2213 1883 2400 1943 turali
2428 1882 2789 1944 necessitate
2811 1886 3169 1960 operantur,
3212 1878 3312 1940 vel
3353 1879 3512 1939 Deus
3539 1879 3667 1957 ipse
3698 1879 3763 1938 in

2215 1976 2323 2050 eis,
2349 1976 2480 2036 sine
2503 1975 2749 2035 illarum
2777 1973 2971 2033 libera
3001 1971 3428 2051 cooperatione
3454 1976 3760 2050 operatur,

2213 2074 2284 2128 ut
2335 2067 2599 2128 creando
2640 2067 2795 2142 illas,
2844 2064 3275 2139 illuminando,
3322 2064 3617 2138 vocando,
3668 2062 3766 2123 vel

2214 2161 2336 2222 alio
2360 2160 2551 2221 simili
2577 2161 2764 2221 modo
2791 2157 3245 2238 praeveniendo,
3268 2162 3376 2218 aut
3399 2158 3586 2217 etiam
3614 2175 3768 2235 proe-

2215 2253 2490 2327 miaud0,
2538 2252 2636 2312 vel
2686 2251 3019 2332 puniendo,
3064 2249 3128 2311 Si
3169 2267 3313 2309 vero
3353 2248 3769 2310 consideretur

2215 2346 2323 2406 illa
2347 2345 2448 2406 lex
2474 2351 2707 2405 aeterna
2735 2350 2804 2404 ut
2832 2343 3270 2423 proprietatem
3296 2341 3451 2419 legis
3488 2340 3673 2400 habet
3701 2341 3767 2400 in

2214 2438 2430 2498 ordine
2453 2438 2530 2498 ad
2559 2436 2858 2498 moralem
2887 2435 3328 2513 obligationem
3349 2440 3770 2492 creaturarum

2212 2529 2722 2591 intellectualium
2746 2551 2765 2604 3
2803 2529 2891 2588 sic
2924 2529 3042 2588 erit
3070 2509 3355 2587 voruntas
3385 2525 3493 2585 Dei
3516 2531 3767 2602 aeterna,

2212 2625 2549 2686 secundum
2577 2642 2766 2703 quam
2790 2622 3031 2702 operari
3060 2622 3287 2683 debent
3308 2620 3656 2681 voluntates
3673 2640 3770 2682 ra-

2211 2718 2491 2791 tionales,
2524 2724 2594 2777 ut
2621 2717 2799 2778 bonae
2830 2717 2974 2777 sint.
3007 2717 3185 2790 Nam,
3216 2721 3287 2775 ut
3307 2714 3466 2774 dixit
3480 2714 3772 2791 Augusti-

2212 2827 2354 2884 nus,
2382 2808 2491 2870 lih.
2520 2810 2599 2870 83
2622 2810 2873 2883 Quaest.,
2899 2827 2960 2886 q.
2987 2808 3064 2867 27
3090 2828 3103 2866 :
3133 2808 3217 2868 In
3239 2807 3368 2869 sola
3395 2809 3543 2869 bona
3569 2807 3772 2868 volun-

2213 2907 2335 2963 tate
2361 2902 2674 2963 secundum
2707 2902 2889 2979 leyem
2917 2900 3189 2978 aqimvm
3219 2900 3286 2959 in
3318 2901 3548 2961 coeteris
3573 2904 3771 2960 autem

2214 2995 2524 3056 secundum
2564 2995 2745 3073 leqem
2778 2995 3046 3072 agimur,
3084 3011 3215 3054 cum
3250 2992 3346 3053 lea)
3379 2993 3518 3069 ipsa
3553 2993 3772 3052 incom-

2213 3086 2529 3151 mutabilis
2559 3091 2820 3161 maneat,
2861 3091 2975 3146 etc.
3020 3085 3095 3144 Et
3126 3084 3304 3162 juxta
3345 3083 3478 3146 haec
3521 3088 3775 3162 possunt

2213 3177 2315 3239 hic
2337 3178 2631 3258 applicari
2652 3196 2790 3256 quae
2819 3177 2896 3238 de
2927 3176 3043 3238 hac
3070 3176 3375 3237 sententia
3402 3175 3774 3254 generaliter

2213 3272 2373 3331 dicta
2404 3276 2548 3331 sunt
2570 3269 3077 3350 superiorilibro,
3110 3286 3243 3346 cap.
3272 3270 3333 3328 5.

2293 3364 2354 3422 9.
2385 3364 2469 3423 In
2492 3380 2602 3441 quo
2632 3368 2771 3424 actu
2797 3362 3128 3424 intellectus
3152 3361 3247 3422 lex
3273 3366 3499 3422 <eterna
3530 3365 3618 3423 est
3641 3377 3773 3423 oon-

2214 3454 2535 3523 scitum,
2559 3455 2617 3515 si
2643 3454 2712 3514 in
2730 3454 2903 3515 illius
2923 3454 3157 3517 actibus
3177 3453 3523 3530 formaliter
3550 3453 3777 3514 consis-

2215 3551 2326 3608 tat.
2359 3581 2439 3590 —
2468 3546 2532 3607 Si
2556 3546 2694 3624 quis
2721 3551 2953 3620 autem,
2982 3546 3163 3625 juxta
3193 3564 3267 3606 ea
3306 3562 3444 3623 quae
3473 3544 3562 3604 ibi
3602 3544 3773 3604 dixi-

2214 3657 2376 3714 muS,
2403 3639 2667 3700 voluerit
2693 3638 2854 3699 hanc
2897 3639 3098 3716 1636111
3125 3644 3423 3699 aeternam
3463 3638 3531 3697 in
3558 3639 3772 3698 divino

2211 3730 2529 3791 intellectu
2566 3731 2973 3806 considerare,
3002 3749 3128 3791 non
3155 3731 3272 3792 erit
3295 3729 3539 3790 difficile
3575 3730 3638 3789 id
3667 3747 3775 3790 ex-

2211 3822 2458 3902 plicare.
2504 3825 2755 3903 Oportet
2792 3829 3005 3885 tamen
3046 3829 3117 3883 ut
3152 3840 3291 3883 eam
3332 3822 3673 3882 consideret
3701 3821 3774 3881 in

2209 3913 2527 3974 intellectu
2567 3912 2802 3987 divino,
2853 3917 2922 3971 ut
2973 3912 3382 3990 subsequente
3428 3910 3775 3971 secundum

2206 4006 2512 4067 rationem
2542 4005 2776 4065 dictum
2797 4005 3111 4065 decretum
3139 4002 3473 4064 voluntatis
3494 4003 3625 4063 Dei.
3654 4003 3774 4062 Ne-

2208 4097 2345 4175 gari
2372 4098 2541 4158 enim
2582 4115 2709 4158 non
2746 4102 2945 4175 potest
2985 4097 3138 4176 quin
3164 4095 3319 4156 illud
3346 4094 3660 4155 decretum
3690 4092 3774 4151 sit

2211 4190 2402 4250 veluti
2431 4190 2643 4250 anima
2679 4195 2741 4250 et
2778 4188 2976 4249 virtus
3002 4187 3190 4265 hujus
3224 4186 3403 4265 legia,
3428 4205 3467 4246 a
3492 4203 3616 4265 qua
3638 4189 3774 4244 tota

2208 4284 2299 4342 vis
2321 4282 2418 4342 vel
2439 4281 2780 4359 obligandi,
2802 4281 2902 4342 vel
2925 4279 3264 4340 inclinandi
3287 4278 3613 4339 efficaciter
3633 4276 3772 4336 des-

2207 4375 2411 4436 cendit
2438 4393 2454 4434 ι
2483 4380 2693 4434 tamen
2718 4374 3030 4452 supposito
3057 4372 3166 4432 1110
3198 4372 3466 4444 decreto,
3501 4368 3773 4445 intelligi

2204 4473 2404 4546 potest
2426 4466 2492 4526 in
2518 4472 2726 4527 mente
2750 4466 2859 4525 Dei
2881 4465 3151 4543 cognitio
3168 4463 3335 4524 illius
3353 4462 3605 4536 decreti,
3626 4477 3772 4539 quae

2205 4561 2283 4622 ad
2304 4560 2458 4619 illud
2487 4559 2898 4638 subsequitur,
2912 4565 2974 4618 et
2993 4557 3155 4637 quod
3180 4558 3420 4617 ratione
3442 4554 3612 4614 illius
3629 4554 3772 4631 jam

2203 4653 2552 4714 intellectus
2599 4652 2847 4712 divinus
2885 4651 3119 4729 judicat
3158 4648 3589 4721 determinate,
3626 4661 3772 4723 quae

2202 4748 2360 4807 ratio
2400 4745 2669 4806 tenenda
2706 4745 2786 4805 sit
2821 4744 2888 4803 in
2917 4742 3363 4821 gubernatione
3389 4756 3624 4812 rerum,
3670 4743 3770 4797 at-

2202 4858 2320 4918 que
2349 4840 2437 4899 ita
2463 4840 2529 4898 in
2556 4856 2619 4898 se
2641 4837 3088 4916 praeconcipere
3114 4833 3335 4913 legem,
3353 4850 3490 4912 quae
3519 4830 3769 4892 unicui-

2202 4951 2322 5011 que
2349 4933 2440 4993 rei
2472 4951 2583 4992 suo
2623 4938 2902 5010 tempore
2934 4928 3385 5009 praescribenda
3417 4932 3531 4987 est.
3568 4927 3644 4985 Et
3678 4924 3774 4984 ita

2201 5026 2482 5102 intelligo
2501 5024 2667 5103 quod
2686 5026 2756 5084 D.
2779 5024 3068 5098 ThomaS,
3095 5022 3158 5082 d.
3182 5039 3245 5100 q.
3271 5023 3376 5096 92,
3406 5025 3525 5079 art.
3560 5022 3620 5091 1,
3649 5017 3769 5092 ait,

2201 5124 2534 5196 conceptum
2561 5116 2680 5178 Dei
2708 5120 3016 5189 oeternum,
3042 5115 3358 5177 secundum
3383 5112 3538 5192 quod
3564 5128 3604 5171 a
3639 5110 3773 5170 Deo

2200 5212 2519 5272 ordinatur
2540 5210 2620 5271 ad
2644 5208 3126 5287 qubernationem
3145 5223 3348 5270 rerum
3369 5205 3442 5265 ab
3472 5204 3602 5281 ipso
3619 5218 3776 5279 pro·

2199 5305 2562 5383 muitarum,
2605 5319 2725 5364 esse
2752 5302 2934 5381 leyem
2972 5301 3088 5363 Dei
3116 5305 3439 5365 oeternam,·
3476 5295 3625 5373 quia
3653 5291 3775 5352 illa

2200 5396 2507 5456 ordinatio
2549 5412 2675 5454 non
2717 5399 2810 5453 est
2843 5392 3010 5452 aliud
3056 5409 3243 5471 quam
3290 5391 3608 5451 decretum
3652 5401 3773 5445 vo-

2198 5488 2477 5564 luntatiS,
2500 5486 2666 5566 quod
2689 5486 3120 5565 explicuimus,
3148 5484 3315 5563 quod
3338 5489 3412 5544 ut
3437 5480 3776 5559 cognitum
