3976 6219
450 419 571 479 412

1354 414 1471 469 LIB.
1505 415 1564 467 V.
1601 416 1682 469 DE
1713 411 2069 468 VARm'rA‘rE
2099 408 2309 465 metm
2341 404 2750 461 nummum.

457 525 621 598 Cu».
678 522 938 596 XXIX.
1003 521 1250 597 Utrum
1283 544 1367 594 ea
1392 542 1548 617 quae
1572 519 1751 615 fiunt
1771 530 2018 591 contra
2096 513 2259 589 Cu».
2290 511 2581 585 XXXII.
2642 508 3005 598 Quomodo
3026 509 3138 581 lex
3153 508 3327 581 dans
3351 508 3665 606 formam

554 643 768 739 leqem
807 642 1220 716 canonicam
1271 639 1748 737 prohibentem
1805 660 2006 734 pure,

548 762 690 835 sint
715 761 864 857 ipso
886 760 1054 857 jure
1083 758 1421 834 invalida.

456 885 622 960 Car.
680 884 904 956 XXX.
968 882 1216 958 Utrum
1239 894 1634 954 contractus
1661 891 1906 952 contra
1925 879 2017 952 le-

447 1046 459 1060 ·
552 1032 706 1104 qem
766 1004 1044 1078 civilem
1091 1028 1266 1099 pure
1319 1002 1798 1100 prohibentem
1841 1001 2018 1097 facti

550 1132 693 1204 sint
726 1130 875 1226 ipso
890 1128 1058 1226 jure
1097 1127 1311 1200 irriti.

2196 637 2384 710 actui
2430 648 2497 709 et
2530 634 2796 707 addens
2838 632 3231 705 clausulam
3256 631 3660 708 irritantem

2194 757 2533 855 impediat
2565 757 2875 830 valorem
2903 768 3123 830 actus,

2094 881 2257 955 Cir.
2296 879 2620 952 XXXIII.
2681 875 2972 965 Quando
3016 877 3132 949 lex
3156 875 3444 949 irritans
3480 877 3663 950 inci-

2197 1003 2351 1099 piat
2389 1001 2673 1099 efficere
2719 1001 2900 1072 hunc
2950 999 3275 1098 effectum
3324 998 3663 1072 irritandi
3689 1095 3705 1108 .

2197 1139 2417 1199 actu-5.

452 1257 617 1331 Cn.
675 1253 932 1327 XXXI.
996 1250 1244 1325 Utrum
1299 1249 1411 1322 lex
1469 1249 1645 1322 dans
1709 1247 2018 1343 formam
2096 1244 2260 1319 Car.
2302 1244 2614 1319 XXXIV.
2679 1242 2926 1318 Utrum
2949 1242 3129 1338 leqes
3145 1240 3513 1337 punientes
3530 1240 3664 1314 ali-

557 1375 747 1450 actui
783 1375 1083 1448 humano
1119 1395 1394 1468 semper
1418 1369 1650 1443 irritet
1676 1368 1877 1441 illum
1896 1367 2018 1465 qui

547 1503 628 1600 fit
653 1502 804 1575 sine
834 1498 960 1573 tali
983 1499 1240 1595 forma.

2195 1388 2366 1465 quos
2443 1378 2639 1440 actus
2702 1363 3291 1460 comprehendant
3351 1361 3660 1437 invalide

2195 1488 2442 1584 factos·

1652 1847 1952 1937 LIBER
2014 1843 2469 1944 QUINTUS.

443 2224 1519 2406 VARIETATE
1635 2220 2294 2399 LEGUM
2421 2216 3661 2399 HUMANARUM

1330 2548 1458 2625 ET
1524 2541 2104 2626 PRAESERTIM
2166 2544 2297 2622 DE
2364 2541 2755 2625 ODIOSIS.

525 2933 806 2995 Diximus
818 2932 1121 2994 hactenus
1135 2930 1211 2992 de
1223 2930 1361 3010 lege
1373 2930 1653 3006 humana
1664 2930 1733 2991 in
1751 2947 2006 3009 genere,

442 3034 570 3089 tam
603 3027 770 3087 civili
801 3043 988 3105 quam
1016 3025 1351 3086 canonica:
1388 3025 1534 3103 quia
1572 3042 1719 3085 vero
1742 3024 1809 3085 in
1838 3030 2008 3084 utro-

443 3141 563 3203 que
603 3121 819 3182 ordine
846 3120 1068 3199 aliquae
1108 3123 1276 3194 sunt,
1321 3137 1459 3198 quae
1498 3118 1840 3179 secundum
1864 3137 2008 3180 suas

443 3215 781 3297 peculiares
822 3213 1114 3288 rationes,
1145 3210 1247 3272 vel
1286 3211 1714 3291 proprietates,
1759 3211 2008 3291 speciali

441 3310 629 3372 etiam
654 3308 1064 3369 declaratione
1089 3306 1400 3385 indigent,
1425 3305 1571 3385 quia
1593 3306 1872 3385 proprias
1896 3306 2008 3367 ha·

440 3404 589 3464 bent
616 3401 1046 3476 difficultates3
1077 3402 1305 3462 idcirco
1331 3417 1532 3479 operae
1557 3400 1827 3480 pretium
1853 3399 2007 3460 duxi

441 3498 509 3557 in
534 3496 654 3556 hoc
682 3494 864 3570 libro,
895 3500 959 3555 et
985 3493 1226 3554 duobus
1262 3491 1659 3572 sequentibus
1685 3491 1761 3553 de
1788 3491 1911 3552 illis
1937 3492 2007 3552 in

439 3586 801 3669 particulari
855 3584 1080 3647 dicere.
1139 3585 1431 3646 Doctrina
1482 3590 1694 3645 tamen
1756 3583 2009 3645 illorum

442 3679 792 3741 communis
825 3678 945 3739 erit
980 3677 1267 3738 civilibus
1309 3683 1372 3737 et
1403 3676 1713 3738 canonicis
1739 3676 2004 3755 legibue,

442 3773 592 3852 quia
617 3772 685 3831 in
712 3770 810 3831 his
842 3768 1186 3830 rationibus
1212 3768 1340 3830 fere
1368 3768 1760 3830 uniformiter
1787 3787 2010 3830 conve-

441 3865 650 3942 niunt3
683 3863 848 3943 quod
879 3863 932 3923 si
965 3862 1200 3941 aliquid
1228 3862 1535 3942 peculiare
1564 3862 1882 3924 interdum
1908 3881 2010 3924 oc-

440 3959 635 4020 currit
665 3958 734 4017 in
769 3955 978 4036 aliquo
1015 3956 1234 4018 ordine
1262 3958 1584 4037 utriusque
1613 3956 1794 4035 legis,
1824 3956 2008 4019 facile

436 4050 662 4133 poterit
678 4068 792 4130 per
807 4049 1189 4111 occasionem
1210 4049 1514 4112 adnotari.
1535 4050 1839 4124 Quoniam
1859 4068 2006 4111 vero

435 4152 566 4206 tam
614 4144 780 4223 leges
831 4143 1042 4205 civiles
1091 4160 1283 4222 quam
1341 4144 1652 4205 canonicae
1708 4145 1777 4205 in
1825 4144 2007 4223 plura

436 4237 717 4300 membra
761 4235 962 4298 solent
999 4236 1217 4312 dividi,
1262 4255 1401 4316 quse
1449 4237 1673 4316 maiori
1719 4256 1795 4298 ex
1831 4248 2005 4316 parte

439 4331 571 4392 solo
615 4330 894 4404 nomine,
933 4329 1032 4390 vel
1065 4330 1143 4391 ad
1185 4348 1500 4391 summum
1538 4329 1902 4391 accidentali
1941 4335 2006 4391 et

436 4422 744 4485 materiali
785 4421 1134 4484 differentia
1174 4441 1314 4503 quoe
1359 4423 1437 4483 ad
1479 4424 1824 4484 doctrinam
1869 4440 2003 4484 mo-

434 4518 629 4578 ralem
671 4516 829 4576 nihil
871 4516 1132 4591 confert,
1162 4516 1652 4595 distinguuntur,
1685 4516 1953 4577 idcirco
1936 4536 2003 4577 ιιι

432 4612 551 4672 hoc
581 4609 761 4670 initio
802 4610 1166 4689 partitiones
1196 4610 1358 4685 illas,
1399 4616 1461 4670 et
1492 4611 1698 4671 varias
1736 4610 2007 4691 appella·

434 4704 634 4764 tiones
661 4703 875 4781 legum
902 4703 1226 4781 utriusque
1248 4702 1484 4763 ordinis
1516 4721 1644 4783 prae
1672 4703 1863 4764 oculis
1894 4721 2007 4784 po-

431 4816 581 4860 nere
609 4797 877 4872 institui,
916 4802 979 4857 et
1005 4814 1084 4858 ex
1111 4796 1200 4856 eis
1228 4796 1366 4858 illas
1392 4797 1641 4875 eligere,
1678 4796 1753 4858 de
1782 4796 2005 4877 quibus

432 4892 500 4953 in
529 4892 647 4953 hoc
676 4896 737 4953 et
771 4890 1010 4953 duobus
1044 4891 1441 4972 sequentibus
1466 4892 1640 4954 libris
1667 4892 2002 4953 dicendum

435 4993 548 5049 est.

1041 5102 1291 5166 CAPUT
1331 5105 1378 5165 1.

645 5281 725 5328 DE
764 5279 1144 5328 mmmm(
1183 5279 1381 5326 mauu
1421 5278 1787 5326 vutm‘run.

516 5456 544 5513 1
559 5497 574 5512 .
635 5450 836 5518 Varioe
864 5450 1060 5530 layum
1092 5450 1506 5514 distinctiones
1527 5468 1629 5513 seu
1656 5451 2006 5515 denomina-

433 5548 625 5611 tiones
666 5562 738 5610 σω
774 5543 1092 5613 Gratiano.
1126 5575 1207 5591 —
1237 5544 1524 5638 Tradunt.
1545 5543 1747 5607 varias
1790 5544 2005 5623 legum

2087 2927 2511 2990 humanarum
2539 2925 2985 3003 distinctioneS,
3014 2944 3122 2988 seu
3150 2926 3355 3006 potius
3379 2925 3667 2988 denomi-

2086 3024 2393 3099 nationes,
2429 3022 2754 3100 utriusque
2776 3021 2936 3100 juris
2966 3026 3244 3081 auctores
3270 3026 3333 3081 et
3354 3020 3664 3100 exposito-

2087 3138 2209 3196 reS,
2242 3118 2405 3180 utin
2439 3119 2579 3198 jure
2615 3116 2911 3178 canonico
2938 3117 3214 3178 Gratian.
3248 3116 3391 3176 dist.
3434 3120 3493 3193 1,
3524 3118 3567 3175 2
3596 3120 3661 3177 et

2090 3215 2127 3274 3
2164 3230 2275 3293 per
2298 3217 2482 3289 totas,
2513 3229 2591 3273 ex
2617 3211 2850 3271 Isidoro
2879 3209 2989 3272 lib.
3023 3213 3062 3272 5
3093 3209 3363 3290 Etymol.
3380 3254 3401 3285 ,
3447 3227 3586 3289 cap.
3621 3213 3653 3270 1

2088 3311 2151 3368 et
2185 3311 2463 3386 sequent.
2471 3350 2493 3382 ,
2523 3310 2588 3366 et
2618 3304 2707 3364 ibi
2752 3303 3151 3385 expositores,
3187 3309 3249 3365 et
3276 3304 3345 3364 in
3372 3303 3545 3363 rubr.
3578 3303 3659 3364 de

2088 3400 2345 3461 Constit.
2380 3400 2451 3459 In
2471 3399 2615 3477 jure
2658 3403 2868 3459 autem
2913 3397 3082 3458 civili
3126 3397 3451 3477 Papinian.
3493 3397 3564 3457 ιιι
3604 3396 3651 3457 l.

2085 3494 2215 3557 Jus
2241 3492 2438 3567 civile,
2467 3491 2536 3553 ff.
2567 3492 2645 3553 de
2670 3492 2876 3552 Justit.
2908 3495 2971 3550 et
2994 3491 3150 3570 jur.;
3176 3495 3237 3551 et
3264 3492 3564 3569 Pompon.
3590 3491 3662 3550 in

2086 3585 2130 3648 l.
2177 3588 2238 3660 2,
2270 3585 2338 3646 ff.
2383 3584 2460 3645 de
2501 3584 2669 3663 Orig.
2710 3585 2870 3662 jur.;
2900 3588 2966 3644 et
2995 3582 3227 3645 Julian.
3264 3584 3335 3644 in
3373 3583 3420 3643 1.
3448 3584 3663 3663 Neque

2088 3679 2265 3758 leges,
2288 3678 2354 3739 ff.
2381 3677 2458 3739 de
2477 3678 2742 3756 Legibus
2754 3692 2775 3754 ;
2797 3681 2859 3737 et
2878 3676 3123 3755 Ulpian.
3153 3677 3221 3737 in
3239 3676 3286 3737 1.
3318 3678 3655 3751 Diutmo,

2088 3770 2225 3832 eod.
2233 3815 2255 3847 ,
2281 3776 2345 3831 et
2370 3770 2703 3831 Justinian.
2735 3770 3095 3849 imperator,
3122 3769 3318 3831 Instit.
3345 3769 3421 3830 de
3443 3769 3656 3830 Justit.

2088 3872 2151 3927 et
2184 3865 2312 3943 jur.
2322 3908 2343 3940 ‚
2368 3869 2430 3925 et
2469 3863 2546 3924 de
2584 3865 2720 3924 Jur.
2756 3868 2994 3939 natur„
3025 3869 3196 3941 gent.
3229 3869 3291 3924 et
3324 3862 3513 3937 civili,
3544 3881 3661 3943 per

2089 3960 2296 4039 plures
2321 3964 2547 4041 textus,
2569 3963 2631 4018 et
2644 3958 3009 4037 interpretes
3032 3957 3264 4019 eisdem
3285 3956 3457 4018 loeiS.
3483 3957 3561 4016 Et
3575 3974 3657 4017 ex

2084 4050 2386 4130 theologis
2423 4055 2652 4112 tractat
2690 4049 2816 4111 late
2856 4050 3087 4112 Anton.
3122 4054 3153 4110 1
3196 4064 3386 4128 part„
3416 4049 3513 4109 tit.
3550 4051 3654 4123 17,

2088 4146 2166 4207 18
2193 4149 2257 4206 et
2277 4148 2386 4222 193
2411 4143 2659 4205 brevius
2684 4144 2754 4205 D.
2788 4143 3009 4205 Thom.
3040 4147 3097 4207 1.
3121 4146 3183 4221 2,
3207 4162 3271 4223 q.
3302 4143 3405 4218 95,
3436 4148 3553 4203 art.
3587 4144 3655 4216 4,

2085 4239 2263 4317 cujus
2295 4237 2658 4298 methodum
2686 4237 2997 4317 sequendo
3045 4237 3270 4299 clarius
3307 4242 3370 4299 et
3407 4236 3659 4317 expedi-

2084 4331 2208 4391 tius
2225 4330 2540 4391 nonnullis
2561 4330 2997 4410 partitionibus
3019 4331 3234 4392 omnia
3250 4328 3659 4410 comprehen-

2084 4425 2325 4501 demus,
2356 4430 2419 4485 et
2446 4424 2915 4487 elucidabimus.

2165 4520 2224 4579 2.
2269 4518 2394 4579 Lem
2426 4518 2627 4596 primo
2656 4517 2956 4580 dividitur
2997 4517 3067 4580 in
3105 4516 3398 4597 scriptam
3440 4521 3493 4579 et
3535 4532 3664 4579 non

2085 4610 2693 4689 scriptam—Primo
2725 4629 2875 4690 ergo
2914 4613 2985 4673 D.
3020 4610 3290 4673 Thomas
3319 4609 3538 4672 dividit
3565 4610 3659 4671 le-

2086 4721 2231 4783 gem
2246 4703 2588 4764 humanam
2603 4703 2671 4764 in
2678 4704 2783 4782 jus
2802 4705 3084 4783 gentium
3099 4709 3162 4765 et
3176 4702 3379 4778 civile,
3395 4721 3504 4764 seu
3527 4702 3660 4763 hu-

2085 4814 2345 4858 manum
2366 4796 2638 4857 strictius
2660 4802 2998 4876 sumptum.
3018 4798 3140 4858 Nos
3160 4802 3371 4858 autem
3385 4796 3453 4856 in
3471 4813 3659 4875 supe-

2081 4889 2348 4952 rioribus
2370 4890 2491 4952 de
2466 4907 2606 4969 Jure
2633 4890 2917 4969 gentium
2940 4890 3234 4966 diximuS,
3267 4895 3331 4951 et
3352 4888 3440 4950 ita
3477 4888 3659 4948 illam

2080 4982 2450 5044 divisionem
2477 4982 2841 5059 omittimus,
2870 4984 3399 5065 supponimusque
3419 4999 3658 5043 sermo-

2079 5094 2225 5137 nem
2275 5093 2406 5138 esse
2448 5074 2524 5136 de
2573 5075 2709 5155 lege
2753 5062 3029 5156 positiva
3072 5077 3353 5138 humana
3404 5074 3661 5156 proprie

2080 5174 2350 5250 sumpta,
2395 5174 2467 5229 ut
2505 5187 2635 5231 esse
2672 5169 2827 5231 solet
2853 5170 3163 5248 distincta,
3195 5177 3260 5232 et
3300 5170 3371 5231 in
3397 5168 3663 5231 diversis

2083 5261 2396 5341 gentibuS,
2427 5263 2785 5342 provinciis,
2814 5282 2922 5326 seu
2949 5263 3325 5340 civitatibus,
3363 5268 3472 5324 aut
3508 5279 3660 5323 eon-

2084 5355 2548 5435 gregationibus
2592 5359 2926 5439 uuicuique
2958 5358 3230 5439 propria.
3272 5358 3416 5419 Haec
3457 5356 3660 5435 igitur

2083 5448 2187 5510 lex
2231 5448 2432 5528 primo
2474 5449 2668 5511 dividi
2718 5458 2918 5533 potest
2963 5452 3030 5513 in
3082 5451 3372 5531 scriptam
3417 5455 3481 5511 et
3523 5468 3659 5511 non

2088 5541 2402 5622 scriptam.
2450 5543 2625 5605 Prior
2665 5545 2935 5625 intelligi
2975 5545 3130 5607 solet
3174 5544 3430 5606 nomine
3467 5542 3653 5623 legia,
