3976 6219
831 416 966 470 CAP.
1002 415 1221 470 xxvm.
1256 415 1469 474 Unum
1499 416 1585 468 ssx
1616 415 1681 468 VI
1712 411 1883 468 sums
1912 413 2225 468 counimus
2255 416 2456 471 ACTUS
2488 417 2746 483 FACTUS,
2783 420 2919 472 ETC.

275 517 363 581 tis
388 516 717 580 habeancm·
736 539 763 586 ,·
790 521 851 575 et
879 533 954 576 ex
978 514 1101 575 illis
1123 532 1140 576 ι
1172 514 1301 579 Sed
1317 521 1370 578 et
1397 515 1628 595 siquid
1646 514 1841 592 fucrit

274 612 644 674 subsecutum
681 627 751 672 ex
792 627 877 684 eo,
907 609 1066 672 illud
1097 625 1317 689 quoque
1353 626 1611 683 cassum,
1669 613 1843 686 atque

276 703 493 765 inutile
543 719 665 763 esse
699 702 1124 780 perspicimus.
1169 700 1584 761 Nihilominus
1631 705 1842 761 tamen

276 796 414 856 dico
467 793 899 854 contrahentes
944 811 1071 853 non
1115 792 1378 871 obligari
1425 793 1533 853 illa
1573 793 1710 871 lege
1762 793 1842 853 ad

275 887 701 966 exequendam
724 886 791 945 in
820 903 884 946 se
917 885 1106 946 talem
1131 904 1405 964 poenam,
1437 904 1552 947 nec
1597 886 1676 946 ad
1715 903 1841 946 res·

274 981 652 1043 cindendum
689 985 1076 1041 contractum
1120 985 1266 1041 ante
1303 981 1698 1041 sententiam.
1747 980 1843 1040 Id-

273 1094 394 1154 que
428 1074 658 1136 clarius
692 1080 785 1136 est
821 1074 1072 1153 quando
1114 1074 1545 1135 contrahentes
1586 1091 1846 1135 consen-

275 1168 463 1243 tiunt,
495 1172 559 1227 et
600 1173 820 1228 neuter
844 1166 924 1227 ab
967 1166 1163 1228 altero
1195 1166 1350 1246 petit
1374 1166 1840 1229 dissolutionem

274 1279 385 1322 seu
416 1260 909 1321 annullationem
936 1265 1133 1335 actus,
1158 1260 1306 1339 quia
1326 1260 1428 1321 hic
1450 1265 1670 1322 neuter
1690 1260 1841 1321 alte-

272 1355 329 1415 ri
369 1354 560 1415 facit
544 1355 630 1432 mj
638 1354 866 1429 uriam,
910 1358 973 1414 et
1000 1358 1257 1432 uterque
1289 1354 1580 1415 videtur
1555 1354 1684 1433 Juri
1731 1371 1843 1413 suo

273 1447 512 1508 cedere.
560 1447 1032 1522 Verumtamen,
1058 1446 1301 1507 etiamsi
1344 1465 1508 1507 unus
1551 1447 1843 1552 privatim

273 1545 464 1619 petat,
501 1539 658 1600 alius
684 1556 810 1600 non
838 1539 1193 1601 tenebitur
1176 1558 1244 1600 m
1272 1540 1666 1615 conscientia,
1697 1539 1845 1618 quia

273 1639 497 1695 neuter
536 1638 784 1694 tenetur
818 1634 886 1693 in
931 1633 1309 1694 conscientia
1347 1651 1598 1713 poenam
1634 1632 1843 1694 subire

276 1725 376 1786 vel
417 1726 767 1802 admittere,
801 1727 996 1788 donee
1022 1745 1133 1806 per
1161 1726 1435 1805 judicem
1466 1731 1741 1805 cogatur,
1771 1730 1843 1786 ut

276 1817 345 1879 in
368 1819 558 1879 simili
585 1825 752 1881 recte
784 1819 942 1880 dixit
957 1821 1146 1895 Cast.,
1165 1819 1211 1880 l.
1237 1821 1276 1880 2
1299 1819 1376 1880 de
1399 1820 1560 1897 Lege
1582 1817 1811 1898 poenal.
1816 1863 1839 1895 ,

274 1929 405 1990 cap.
439 1915 501 1988 Ξ,
547 1912 734 1974 corol.
786 1914 843 1975 3.
892 1915 1104 1992 Neque
1145 1919 1497 1992 repugnant
1539 1911 1649 1973 illa
1692 1911 1839 1988 duo,

275 2005 527 2079 scilicet,
576 2005 924 2066 nullitatem
970 2007 1103 2086 ipso
1140 2006 1301 2067 facto
1333 2004 1573 2085 imponi
1611 2009 1674 2064 et
1711 2022 1841 2065 non

276 2096 551 2173 obligare
581 2098 648 2157 in
671 2098 1043 2159 conscientia
1065 2104 1209 2159 ante
1251 2097 1659 2171 sententiam3
1691 2114 1840 2156 nam

274 2188 340 2247 in
365 2191 561 2267 poenis
584 2191 927 2269 privativis,
950 2192 1218 2252 maxime
1239 2190 1489 2270 quando
1513 2190 1843 2269 requirunt

275 2282 578 2342 actionem
600 2285 731 2361 ejus
754 2285 864 2363 qui
891 2284 1168 2364 punitur,
1186 2283 1542 2362 frequenter
1562 2282 1693 2343 haec
1716 2282 1840 2343 duo

275 2376 757 2454 conjunguntur,
791 2382 863 2437 ιιι
898 2379 966 2436 ιιι
999 2377 1418 2456 superioribus
1447 2376 1650 2436 visum
1679 2380 1791 2435 est.

355 2473 412 2528 9.
452 2468 1019 2531 Conclusi0.—Dico
1062 2488 1209 2547 ergo
1252 2469 1442 2531 talem
1478 2475 1685 2529 actum
1716 2467 1838 2527 dici

274 2578 403 2621 esse
431 2561 675 2621 nullum
707 2562 838 2640 ipso
865 2562 1026 2622 facto
1051 2561 1152 2622 vel
1179 2563 1311 2641 ipso
1349 2562 1515 2638 jure,
1546 2562 1715 2639 quia,
1764 2579 1837 2622 eo

270 2654 404 2732 ipso
432 2655 598 2732 quod
637 2654 709 2715 fit
754 2660 968 2715 contra
1006 2654 1209 2732 legem
1241 2653 1694 2732 prohibentem,
1748 2658 1840 2714 est

275 2746 586 2824 subjectus
648 2748 1072 2810 retractationi
1128 2752 1192 2809 et
1247 2746 1519 2806 nullitati
1574 2746 1653 2806 ab
1707 2746 1839 2825 ipso

274 2845 503 2917 puncto
539 2840 607 2900 in
636 2858 759 2918 quo
795 2839 888 2915 fit,
933 2839 1023 2899 ita
1066 2844 1159 2914 ut,
1189 2838 1334 2898 licet
1379 2839 1575 2898 multo
1628 2844 1840 2917 postea

275 2936 551 3011 tempore
582 2933 817 2993 feratur
857 2930 1163 2991 sententia
1206 2935 1418 2990 contra
1443 2930 1716 2990 valorem
1743 2949 1841 2991 ac-

278 3028 379 3083 tus
384 3069 404 3099 ,
419 3024 825 3085 nihilominus
848 3023 1153 3083 sententia
1174 3021 1625 3083 retrotrahatur
1644 3040 1839 3100 usque

279 3118 356 3176 ad
396 3117 548 3177 illud
589 3124 833 3197 tempus
875 3117 942 3177 in
983 3134 1107 3195 quo
1151 3115 1349 3175 factus
1387 3119 1501 3189 est,
1538 3120 1600 3174 et
1632 3132 1842 3176 conse-

277 3215 538 3287 quenter
592 3214 841 3270 revocet
892 3214 954 3269 et
1004 3207 1287 3268 annullet
1335 3224 1548 3267 omnes
1593 3206 1843 3268 effectus

276 3301 430 3378 ejus,
479 3306 543 3362 et
590 3302 833 3362 auferat
877 3319 1091 3361 omnes
1139 3300 1389 3360 effectus
1435 3304 1499 3359 et
1547 3298 1843 3360 utilitates

278 3411 429 3472 quas
457 3395 827 3455 contrahens
854 3412 931 3454 ex
960 3393 1066 3453 illo
1095 3397 1237 3453 actu
1263 3397 1394 3452 toto
1419 3390 1527 3452 illo
1567 3397 1844 3470 tempore

277 3493 640 3548 consecutus
659 3494 772 3563 est,
799 3505 954 3566 quos
980 3491 1193 3546 tamen
1212 3490 1415 3564 posset
1433 3484 1502 3545 in
1530 3484 1845 3545 conscien-

276 3578 365 3638 tia
385 3580 654 3641 retinere
682 3581 734 3640 si
762 3585 977 3640 contra
994 3578 1173 3639 illum
1203 3582 1412 3637 actum
1440 3576 1601 3636 nihil
1627 3577 1693 3636 in
1726 3576 1843 3637 hu-

279 3689 465 3732 mano
514 3673 749 3751 judicio
795 3672 992 3734 fieret.
1034 3672 1208 3745 Quod
1235 3675 1443 3731 autem
1479 3668 1582 3729 hic
1625 3670 1844 3731 modus

277 3764 564 3825 irritandi
592 3771 797 3826 actum
826 3766 959 3845 ipso
989 3764 1155 3825 {acto
1181 3763 1264 3823 sit
1279 3761 1582 3842 possibilis
1612 3780 1722 3841 per
1752 3762 1841 3823 le-

277 3874 419 3934 gem
439 3857 805 3932 humanam,
827 3876 938 3936 per
962 3875 1025 3918 se
1054 3861 1276 3916 notum
1296 3854 1542 3915 videtur
1569 3871 1643 3913 ex
1663 3854 1842 3914 dictis

278 3949 353 4010 de
383 3969 566 4029 poena
601 3953 735 4030 ipso
774 3951 936 4011 facto
963 3949 1251 4028 imposita
1279 3965 1391 4025 per
1420 3946 1647 4022 legem,-
1694 3964 1843 4006 nam

277 4040 408 4103 haec
447 4043 713 4105 irritatio
753 4043 829 4103 de
861 4059 986 4121 qua
1031 4058 1200 4100 nunc
1246 4037 1559 4117 loquimur
1584 4038 1844 4116 poenalis

279 4139 372 4194 est
402 4179 422 4210 ,
477 4140 549 4195 ut
595 4134 926 4195 declaravi.
970 4132 1143 4206 Quod
1179 4148 1327 4193 vero
1357 4129 1433 4190 de
1469 4129 1588 4191 hoc
1622 4131 1841 4192 saltem

278 4225 461 4285 modo
482 4225 846 4286 irritationis
870 4225 1003 4304 ipso
1038 4224 1201 4285 facto
1235 4224 1524 4302 loquatur
1561 4222 1661 4283 lex
1696 4224 1774 4288 N
1770 4242 1844 4285 on

277 4317 547 4392 dubium,
575 4318 796 4395 colligo
822 4317 1023 4396 primo
1048 4334 1128 4377 ex
1154 4315 1278 4376 illis
1308 4315 1513 4376 verbis
1538 4332 1676 4394 quoe
1695 4321 1842 4377 sunt

276 4408 344 4469 in
371 4409 510 4488 lege
545 4410 854 4485 Thedosii,
890 4411 1117 4472 locatas
1144 4427 1239 4472 res
1264 4408 1404 4485 fisci
1439 4408 1672 4470 viribus
1713 4409 1842 4470 vin·

278 4503 502 4578 dicari,
537 4520 674 4581 quae
706 4502 889 4583 plane
917 4500 1195 4562 indicant
1221 4518 1320 4561 res
1350 4500 1487 4560 illas
1517 4499 1746 4561 locatas
1767 4518 1841 4562 eo

276 4594 410 4673 ipso
436 4613 688 4657 manere
702 4595 1059 4657 confiscatas
1077 4609 1099 4672 3
1119 4592 1472 4655 confiscatio
1485 4597 1696 4654 autem
1710 4595 1842 4673 ipso

276 4687 441 4748 facto
468 4688 827 4764 incurritur,
867 4689 1120 4767 ejusque
1161 4687 1255 4747 vis
1296 4691 1389 4747 est
1432 4693 1503 4746 ut
1539 4687 1843 4751 sententia

278 4780 652 4842 declarativa
676 4781 819 4843 talis
847 4781 1052 4843 delicti
1079 4798 1274 4859 usque
1303 4780 1382 4839 ad
1409 4783 1653 4858 tempus
1677 4797 1843 4845 oom-

276 4873 451 4934 missi
479 4874 688 4937 delicti
712 4874 1187 4950 retrotrahatur,
1216 4873 1364 4934 licet
1404 4878 1551 4933 ante
1596 4878 1840 4933 senten·

277 4968 430 5028 tiam
477 4987 592 5030 nec
638 4968 1077 5048 possessionem
1119 4965 1382 5041 auferat,
1425 4983 1541 5027 nec
1582 4966 1840 5027 omnino

276 5061 625 5122 dominium
650 5061 851 5137 tollat,
881 5079 990 5122 seu
1008 5060 1327 5139 impediat,
1361 5065 1425 5120 et
1465 5077 1839 5138 consequen·

276 5159 370 5215 ter
390 5172 589 5232 neque
619 5160 830 5214 actum
856 5153 1115 5214 omnino
1141 5151 1420 5213 annullet
1436 5151 1505 5212 in
1527 5152 1838 5213 conscien-

275 5246 384 5306 tia.
418 5246 720 5323 Secundo,
751 5245 817 5305 id
845 5245 1068 5323 colligo
1100 5263 1178 5306 ex
1203 5244 1325 5305 illis
1368 5244 1573 5307 verbis
1613 5244 1837 5305 utrius-

276 5356 396 5416 que
423 5339 683 5400 codicis:
709 5339 973 5404 Nullwm
992 5344 1259 5418 pactum,
1289 5343 1406 5400 etc.
1415 5383 1434 5414 ,
1465 5339 1658 5400 videri
1673 5337 1837 5400 volu-

275 5451 410 5494 mus
436 5434 808 5496 subsecutum
826 5456 853 5504 ;
880 5451 1017 5513 quae
1044 5432 1125 5493 ad
1160 5431 1369 5492 minus
1397 5431 1628 5492 habent
1666 5431 1834 5491 hunc

274 5543 546 5603 sensum,
569 5526 734 5608 quod
740 5526 937 5608 judex
954 5526 1043 5590 ita
1064 5525 1244 5598 debet
1250 5525 1533 5608 judicare
1550 5529 1614 5587 et
1632 5523 1832 5587 decla-

1919 530 2061 574 rare
2087 513 2267 575 illum
2296 522 2529 592 actum,
2558 535 2630 577 ac
2664 517 2716 577 si
2754 516 2964 579 nullus
3004 523 3351 583 contractus
3376 530 3487 585 aut

1922 608 2248 667 conventio
2269 627 2381 688 per
2414 609 2590 671 illum
2618 611 2780 672 facta
2811 627 2991 687 esset,
3021 618 3083 672 et
3108 628 3487 695 consequen-

1920 704 2019 759 ter
2042 698 2354 763 declarare
2391 702 2573 764 debet
2616 703 2856 765 nullam
2883 704 3322 782 obligationem
3350 708 3489 770 nul-

1922 790 2132 852 lumve
2174 794 2459 856 effectum
2491 795 2722 858 habere
2753 797 3062 877 potuisse3
3106 817 3351 862 necesse
3397 807 3490 864 est

1920 902 2072 962 ergo
2098 890 2169 945 ut
2194 887 2336 948 talis
2364 889 2669 950 sententia
2692 890 3167 967 retrotrahatur,
3198 893 3345 972 quia
3374 895 3487 956 de-

1923 976 2175 1039 claratio
2205 980 2403 1042 fertur
2425 981 2502 1043 de
2523 982 2656 1062 ipso
2684 997 2826 1043 actu
2854 982 3153 1060 absolute,
3190 991 3253 1046 et
3277 1003 3488 1049 couse-

1924 1077 2186 1148 quenter
2211 1073 2291 1134 ab
2322 1092 2396 1135 eo
2414 1081 2646 1155 puncto
2669 1075 2738 1136 in
2765 1094 2890 1155 quo
2913 1075 3113 1137 factus
3135 1083 3245 1141 est.

2008 1165 2105 1225 10.
2147 1166 2377 1243 Tertio,
2403 1167 2467 1228 id
2496 1168 2694 1247 magis
2721 1168 3068 1230 declaratur
3093 1169 3162 1229 in
3202 1170 3325 1232 illis
3354 1190 3491 1234 ver·

1922 1253 2019 1317 bis
2046 1279 2061 1317 z
2089 1259 2468 1338 Hujusmodi
2494 1263 2668 1339 facta
2692 1280 2812 1323 non
2854 1262 3046 1325 solwm
3071 1264 3347 1339 inutilia,
3389 1267 3493 1328 sed

1915 1366 2032 1429 pro
2063 1350 2312 1428 infectis
2347 1354 2529 1415 etiam
2555 1355 2922 1426 habitantum·
2946 1354 3235 1417 dicuntur
3275 1362 3489 1421 autem

1922 1445 2172 1508 inutilia
2202 1448 2348 1527 quia
2377 1448 2622 1510 nullum
2656 1449 2927 1511 fructum
2953 1469 3171 1531 parere
3191 1459 3451 1531 possunt
3463 1474 3484 1530 ς

1920 1540 2264 1600 revocanda
2297 1546 2442 1601 sunt
2464 1559 2613 1620 ergo
2641 1561 2679 1603 a
2699 1542 3025 1623 principio,
3053 1544 3204 1605 alias
3233 1564 3362 1606 non
3379 1564 3490 1627 pa-

1920 1650 2064 1692 rum
2091 1633 2270 1694 utilia
2298 1652 2426 1696 esse
2445 1640 2713 1714 possent.
2744 1637 2822 1696 Et
2841 1636 2960 1697 hoc
2983 1637 3322 1717 explicatur
3343 1657 3488 1701 cum

1923 1725 2174 1786 additur
2205 1748 2220 1786 ε
2277 1727 2425 1804 Sed,
2457 1734 2511 1791 et
2533 1729 2592 1791 si
2623 1729 2773 1808 quid
2785 1729 2981 1806 fuerit
3018 1731 3391 1794 subsecutum
3416 1750 3490 1796 σω

1924 1836 2009 1893 eo,
2037 1821 2129 1883 vel
2157 1820 2223 1881 ob
2251 1822 2323 1884 id
2348 1822 2505 1901 quod
2527 1821 2910 1884 interdicente
2944 1823 3179 1899 factm
3213 1829 3302 1887 cst
3337 1825 3483 1903 leae,

1921 1911 2083 1973 illud
2099 1930 2323 1992 quoqne
2349 1932 2582 1976 cassum
2611 1919 2786 1992 atque
2808 1914 3025 1976 inutile
3051 1933 3173 1978 esso
3191 1917 3489 1995 perspici-

1919 2022 2074 2066 mus.
2108 2007 2184 2066 Et
2224 2007 2438 2067 eadem
2474 2008 2715 2068 ratione
2754 2006 3048 2068 dicuntur
3086 2027 3199 2086 pro
3242 2008 3486 2071 infectis

1920 2097 2159 2175 haberi,
2195 2100 2341 2178 quia
2376 2101 2464 2160 ita
2496 2101 2573 2162 de
2605 2101 2729 2161 illis
2758 2100 3171 2178 judicandum
3207 2107 3298 2162 est
3324 2120 3396 2163 ae
3434 2103 3487 2164 si

1920 2208 2047 2250 non
2075 2198 2277 2252 essent
2303 2193 2486 2269 facta,
2518 2198 2581 2255 et
2605 2198 3049 2272 consequenter
3080 2211 3296 2254 omnes
3320 2194 3487 2255 fruc—

1920 2288 2020 2343 tus
2058 2283 2378 2346 auferendi
2424 2291 2591 2359 sunt,
2621 2291 2736 2346 etc.
2772 2285 2973 2363 Atque
3017 2284 3136 2345 hoc
3168 2286 3354 2346 modo
3380 2304 3486 2347 ex-

1919 2375 2186 2455 plicatur
2212 2377 2474 2437 verbum
2510 2376 2663 2438 illud
2689 2378 2758 2437 in
2784 2377 2827 2438 1.
2859 2379 2913 2440 J
2912 2378 3174 2451 uberum,
3218 2377 3255 2457 ξ
3291 2378 3483 2456 Sane,

1919 2486 1971 2529 c.
2006 2468 2082 2529 de
2112 2470 2347 2530 Sacros.
2378 2470 2568 2545 Eccl.,
2604 2470 2713 2530 ubi
2740 2469 3032 2531 alienatio
3056 2470 3362 2530 bonorum
3389 2488 3487 2533 ee-

1922 2559 2399 2623 clesiasticorum
2422 2563 2489 2623 in
2515 2562 2722 2623 debito
2742 2562 2928 2623 modo
2960 2562 3124 2622 facta
3150 2562 3247 2622 his
3280 2562 3486 2625 verbis

1919 2651 2202 2714 irritatur
2229 2677 2243 2715 ε
2298 2655 2414 2729 Qui
2441 2656 2549 2718 hoc
2580 2656 2918 2732 tentaverit,
2950 2674 3173 2718 omnem
3208 2658 3485 2732 fructum

1912 2748 2186 2823 proprioe
2228 2749 2588 2811 temeritatis
2629 2750 2906 2823 amittat,
2950 2753 3004 2811 et
3043 2750 3250 2826 pretia
3294 2749 3488 2812 lucris

1916 2838 2212 2901 Ecclesiae
2238 2842 2657 2919 acquirantwr,
2674 2845 2729 2902 ct
2741 2841 2978 2919 proedia
2999 2858 3131 2902 omn
3148 2842 3480 2918 fructibus,

1913 2930 2319 3006 pensionibus,
2343 2931 2772 2994 accessionibus
2798 2931 2986 2994 totius
3002 2931 3186 2993 medii
3202 2933 3487 3012 temporis

1920 3020 2318 3096 vindicentur,
2342 3028 2412 3084 ut
2431 3027 2720 3101 tanquam
2733 3025 2980 3100 ponitus
3005 3041 3043 3084 a
3072 3024 3236 3085 nullo
3264 3032 3481 3104 empta,

1919 3112 2012 3173 vel
2038 3113 2277 3175 vendita
2310 3120 2642 3176 teneantwr.
2676 3117 2837 3192 Ergo
2855 3115 3085 3177 habere
3111 3115 3346 3195 aliquid
3371 3135 3485 3198 pro

1922 3204 2155 3267 infecto
2181 3205 2346 3266 nihil
2366 3207 2537 3267 aliud
2566 3212 2659 3268 est
2685 3226 2874 3286 quam
2891 3208 3186 3270 incurisse
3208 3209 3341 3288 ipso
3360 3210 3487 3273 fac-

1922 3301 1988 3356 to
2026 3298 2403 3375 nullitatem,
2447 3299 2666 3361 saltem
2708 3300 2956 3361 fictione
2989 3302 3169 3380 juris.
3203 3303 3382 3379 Nam,
3413 3308 3487 3364 ut

1923 3388 2189 3451 advertit
2210 3392 2376 3453 Bart.
2401 3391 2468 3452 in
2484 3392 2648 3452 dicta
2674 3392 2716 3453 l.
2742 3393 2889 3459 Non
2907 3394 3174 3467 dubium,
3195 3393 3327 3455 haec
3347 3411 3486 3456 ver·

1922 3480 2004 3540 ba
2024 3500 2137 3559 pro
2169 3484 2416 3560 insectis
2450 3485 2681 3560 haberi,
2719 3486 2965 3560 censeri,
3008 3491 3071 3547 et
3096 3486 3344 3563 similia,
3392 3505 3487 3550 se-

1926 3574 2200 3634 cundum
2244 3575 2405 3653 juris
2457 3575 2773 3639 fictionem
2818 3577 3193 3656 significant,
3239 3583 3301 3639 et
3345 3578 3493 3641 ideo

1922 3683 2051 3726 non
2063 3673 2418 3745 repugnant
2443 3671 2713 3730 naturali
2736 3670 2932 3730 valori
2950 3676 3144 3746 actus,
3162 3671 3288 3731 imo
3308 3670 3486 3731 illum

1921 3764 2299 3839 supponunt,
2332 3778 2462 3822 non
2499 3761 2703 3822 solum
2730 3763 2934 3841 quoad
2972 3763 3356 3825 materialem
3388 3781 3487 3826 ac-

1921 3853 2158 3912 tionem
2173 3859 2517 3929 externam,
2528 3860 2601 3914 ut
2616 3857 2784 3917 Bart.
2802 3857 3198 3935 interpretari
3215 3857 3484 3935 videtur,

1923 3944 2032 4004 sed
2074 3944 2262 4003 etiam
2310 3945 2515 4023 quoad
2542 3946 2842 4007 moralem
2870 3948 3144 4009 valorem
3171 3967 3279 4009 seu
3304 3956 3458 4012 natu
3473 3984 3487 3997 ·

1921 4035 2120 4097 ralem
2156 4036 2629 4114 obligationem,
2660 4037 2712 4097 si
2743 4037 2868 4098 alia
2901 4040 3004 4099 via
3030 4058 3156 4100 non
3189 4041 3484 4121 excludit-5

1924 4128 2072 4207 quia
2084 4128 2275 4189 verba
2288 4128 2510 4206 rigoris
2533 4128 2861 4189 limitanda
2883 4137 3029 4191 sunt
3054 4132 3134 4192 ad
3164 4134 3485 4212 proprium

1923 4225 1987 4282 et
2014 4220 2423 4281 sufficientem
2444 4221 2752 4282 effectum.
2773 4223 2960 4284 Recte
2981 4241 3129 4302 ergo
3156 4227 3490 4304 exponitur

1922 4312 2029 4374 illa
2058 4312 2161 4373 lex
2189 4312 2265 4373 de
2293 4313 2638 4374 irritatione
2670 4315 2802 4393 ipso
2827 4315 3017 4392 facto,
3046 4317 3289 4377 etiamsi
3310 4325 3487 4382 actus

1921 4424 2050 4466 non
2076 4406 2155 4465 sit
2186 4406 2443 4467 omnino
2469 4406 2681 4467 nullus
2702 4407 2771 4468 in
2798 4425 2885 4482 se,
2916 4412 2979 4469 et
3004 4409 3207 4487 quoad
3234 4415 3488 4474 natum-

1921 4498 2048 4559 lem
2102 4497 2546 4576 obligationem
2571 4544 2592 4575 ‚
2648 4503 2712 4560 et
2755 4507 3199 4580 consequenter
3253 4503 3485 4581 optimo

1922 4590 2329 4651 conciliantur
2340 4636 2361 4666 ,
2385 4591 2554 4670 quod
2572 4591 2653 4652 sit
2674 4592 2889 4653 irritus
2902 4594 3038 4673 ipso
3053 4593 3219 4655 facto
3236 4595 3486 4658 fictione

1913 4683 2100 4762 juris,
2130 4688 2192 4744 et
2213 4683 2623 4746 nihilominus
2646 4703 2777 4746 non
2813 4685 3146 4747 inducatur
3188 4687 3486 4767 obligatis»

1920 4777 1990 4838 ιιι
2015 4776 2390 4838 conscientia
2422 4777 2504 4837 ad
2522 4777 2988 4860 dissolutionem
3020 4781 3154 4858 ejus
3181 4799 3441 4862 usque
3402 4800 3454 4845 a
3444 4781 3487 4843 l

1912 4870 2140 4949 judicis
2161 4870 2554 4931 sententiam.

2001 4966 2098 5024 11.
2137 4963 2257 5023 Sed
2283 4962 2467 5041 objici
2489 4968 2690 5050 potest
2709 4964 3004 5042 seeundo,
3031 4965 3179 5045 quia
3207 4967 3327 5028 isto
3353 4983 3472 5028 mo

1917 5056 1997 5117 do
2035 5056 2170 5142 Jam
2211 5061 2389 5117 erant
2428 5056 2591 5117 irriti
2632 5062 2806 5135 actus
2841 5058 2985 5119 facti
3021 5065 3233 5120 contra
3276 5060 3434 5139 lege·
3441 5077 3482 5120 ιι

1917 5141 2347 5229 prohibentem
2373 5167 2485 5228 per
2523 5149 2851 5229 antiquum
2884 5151 2987 5229 jus
3015 5158 3160 5212 ante
3200 5157 3486 5232 temposu

1917 5241 2245 5320 Theodosii
2273 5257 2294 5319 3
2339 5259 2486 5319 ergo
2514 5241 2816 5320 maiorem
2852 5243 3262 5305 irritationem
3305 5244 3455 5306 addi
3470 5275 3483 5288 ·

1916 5334 2010 5394 dit
2047 5335 2149 5420 lex
2188 5335 2336 5399 Non
2373 5324 2657 5412 dubium,
2678 5334 2830 5395 alias
2871 5335 3182 5416 superflua
3216 5337 3431 5398 fuisset
3459 5350 3478 5397 ε

1915 5445 2064 5505 ergo
2090 5445 2220 5487 non
2250 5431 2495 5488 tantum
2525 5426 2762 5488 inducit
2782 5427 3189 5490 irritationem
3221 5428 3481 5490 fictione

1913 5521 2091 5602 juris,
2117 5539 2227 5584 seu
2250 5520 2319 5583 in
2345 5521 2562 5585 ordine
2588 5521 2671 5585 ad
2696 5522 3343 5606 sententiamfiudicis,
3367 5519 3487 5604 ned,
