3976 6219
524 417 645 479 442

522 544 707 606 poena
725 529 958 590 censeri
984 533 1184 608 potest
1194 525 1527 606 jejunium,
1556 528 1701 606 quia
1720 526 1958 587 nullam
1982 543 2080 586 re-

523 621 714 698 quirit
736 623 1069 698 actionem,
1100 623 1207 682 sed
1237 620 1697 681 abstinentiam.
1715 621 1988 699 Denique
2012 621 2079 680 in

521 712 637 775 hoc
665 717 1042 778 conveniunt
1072 717 1168 776 hae
1191 732 1390 794 poenae
1431 732 1573 774 cum
1614 714 1812 792 poenis
1839 714 2076 787 activiS,

523 812 594 865 ut
627 807 711 868 sic
748 807 971 884 dicam,
997 808 1144 886 quia
1172 825 1300 867 non
1330 812 1582 885 possunt
1614 806 1829 867 inferri
1859 807 2082 866 imme-

522 898 686 959 diate
718 919 827 978 per
858 901 1063 979 legem
1090 900 1291 979 quoad
1317 898 1639 977 physicam
1670 899 2082 977 privationem

523 993 801 1071 actionis,
833 996 938 1056 sed
965 993 1044 1054 ad
1065 1010 1380 1054 summum
1409 997 1610 1070 potest
1635 991 1738 1053 lex
1763 993 2082 1071 imponere

524 1083 967 1163 obligationem
999 1087 1067 1146 in
1090 1085 1459 1146 conscientia
1486 1084 1564 1144 ad
1591 1085 1778 1146 talem
1804 1084 2083 1145 omissio·

525 1196 670 1237 nem
696 1200 710 1238 :
755 1198 902 1240 nam
943 1180 1046 1241 lex
1072 1181 1395 1258 imponens
1429 1196 1676 1256 poenam
1702 1179 1928 1257 jejunii
1956 1196 2084 1238 non

525 1276 725 1349 potest
738 1290 848 1351 per
865 1272 1061 1351 ipsam
1084 1289 1299 1350 cogere
1321 1271 1641 1331 hominem
1665 1277 1734 1330 ut
1756 1271 2082 1344 abstineat,

526 1364 624 1424 vel
642 1364 874 1425 invitus
882 1382 903 1442 3
924 1371 1123 1445 potest
1140 1370 1354 1424 tamen
1376 1362 1652 1442 obligare
1671 1365 1750 1424 ad
1773 1364 2088 1424 abstinen-

530 1456 717 1516 tiam:
769 1464 830 1518 et
873 1458 1158 1518 similiter
1201 1457 1301 1517 lex
1334 1456 1586 1535 privans
1626 1456 1919 1535 suffragio
1960 1474 2088 1516 non

526 1550 715 1611 infert
741 1551 936 1629 ipsam
961 1550 1352 1611 omissionem
1378 1549 1656 1627 suffragii
1662 1550 1799 1625 ,sed
1814 1550 1901 1610 ‚ad
1923 1566 2092 1608 sum-

528 1660 706 1703 mum
735 1648 933 1722 potest
962 1644 1281 1722 imponere
1311 1642 1752 1720 obligationem
1782 1642 1861 1701 ad
1889 1641 2085 1701 illam.

530 1738 996 1813 Verumtamen,
1043 1737 1186 1799 licet
1222 1739 1354 1798 haec
1390 1736 1822 1809 consideratiO,
1852 1741 1915 1796 et
1944 1735 2086 1795 sub-

536 1829 779 1904 divisi0,
806 1831 874 1890 in
903 1829 1322 1910 corporalibus
1341 1829 1538 1909 poenis
1566 1829 1754 1908 possit
1766 1847 1893 1888 esse
1919 1828 2087 1888 utilis

530 1922 611 1981 ad
649 1922 1125 2001 intelligentiam
1155 1924 1389 2002 legum,
1433 1923 1580 2001 quia
1612 1923 1709 1982 hae
1744 1922 2088 2000 corporales

530 2032 730 2094 poenae
756 2015 1123 2076 ordinantur
1149 2017 1227 2077 ad
1255 2016 1583 2095 positivam
1611 2016 1879 2094 corporis
1904 2014 2090 2074 afflic-

528 2109 784 2183 tionem,
817 2116 889 2170 ut
915 2115 1058 2171 sunt
1076 2110 1416 2189 Jejunium,
1458 2110 1559 2170 vel
1586 2108 1868 2169 absoluta
1905 2126 2090 2187 poena

530 2219 659 2262 non
687 2203 1064 2276 comedendi,
1088 2204 1188 2265 vel
1211 2222 1338 2264 non
1357 2202 1624 2263 exeundi
1647 2221 1685 2262 a
1709 2219 1974 2277 carcere,
1992 2201 2090 2262 vel

530 2313 569 2355 a
596 2296 802 2371 domn,
834 2303 943 2357 aut
968 2298 1251 2374 civitate;
1279 2297 1686 2357 nihilominus
1708 2297 1774 2355 in
1804 2295 2092 2373 spiritua-

529 2388 693 2450 libus
729 2392 926 2469 poenis
953 2391 1181 2452 similes
1209 2391 1585 2470 privationes
1625 2390 1939 2450 actionum
1975 2388 2091 2449 sub

531 2483 729 2560 poenis
761 2484 1078 2562 privativis
1105 2489 1563 2564 computantur,
1583 2488 1654 2542 ιιι
1676 2486 1846 2561 patet
1867 2483 1935 2541 in
1958 2499 2091 2541 sus-

531 2578 845 2655 pensionis
871 2596 1074 2656 poena,
1104 2585 1167 2639 et
1193 2596 1421 2656 magna
1443 2596 1519 2639 ex
1548 2582 1720 2656 parte
1750 2577 1818 2635 in
1847 2593 2092 2636 excom-

532 2670 952 2731 municatione
966 2688 1102 2749 quae
1115 2671 1318 2750 privat
1341 2670 1926 2740 communicatione,
1955 2685 2093 2745 qnoe

533 2760 602 2820 in
627 2762 973 2822 actionibus
1013 2763 1307 2823 humanis
1347 2763 1656 2835 consistit3
1688 2768 1751 2821 et
1793 2761 1958 2820 idem
2004 2767 2096 2820 est

534 2852 611 2912 de
641 2853 985 2932 privatione
1013 2855 1313 2932 suffragii,
1343 2855 1704 2934 praesertim,
1736 2852 1882 2931 quia
1912 2851 2097 2911 simul

536 2945 691 3007 solet
713 2947 814 3007 lex
837 2947 1181 3008 invalidare
1208 2947 1385 3022 illud,
1411 2946 1863 3007 inhabilitando
1890 2961 2097 3023 perso-

535 3057 707 3115 nam,
755 3041 918 3119 quod
948 3041 1214 3120 pertinet
1246 3042 1324 3100 ad
1364 3040 1664 3101 moralem
1696 3039 1983 3100 effectum
2026 3056 2097 3099 ac

536 3133 945 3212 privationem
994 3135 1150 3212 juris
1204 3153 1313 3196 seu
1356 3133 1666 3195 facultatis
1720 3132 1970 3192 moralis
2017 3132 2097 3192 ad

534 3225 903 3303 suffragium
925 3227 1273 3288 ferendum.

611 3319 671 3380 Δ.
720 3321 1051 3382 Dixtine-tio
1099 3323 1489 3384 terminorum
1525 3320 1741 3399 quibus
1784 3318 2100 3397 siqnifioa-

532 3417 637 3475 tur
657 3415 950 3475 sententia
970 3412 1489 3474 lata.—'l'andem
1516 3412 1895 3489 distinguere
1919 3427 2099 3488 opor-

532 3509 623 3565 tet
672 3505 874 3565 varios
919 3505 1238 3578 terminOS,
1289 3504 1515 3582 quibus
1559 3503 1893 3581 significari
1947 3503 2101 3562 solet

533 3597 839 3656 sententia
865 3595 991 3656 lata
1031 3614 1141 3675 per
1166 3596 1393 3673 legem,
1438 3601 1659 3673 praeter
1691 3613 1793 3654 eos
1822 3612 1975 3672 quos
2003 3613 2101 3654 ca-

532 3687 659 3767 pite
714 3688 1086 3766 praecedenti
1139 3688 1339 3748 obiter
1388 3688 1726 3766 tetigimus
1782 3688 2098 3747 Interdum

535 3780 703 3841 enim
732 3781 937 3858 ipsum
958 3781 1238 3857 verbum,
1257 3800 1378 3859 quo
1399 3780 1752 3860 praecipitur
1773 3798 1982 3860 poena,
2009 3786 2101 3840 ta-

534 3874 611 3933 lis
649 3873 820 3932 modi
866 3892 938 3934 ac
983 3873 1277 3953 temporis
1322 3878 1435 3949 est,
1486 3878 1556 3932 ut
1605 3890 1853 3951 poenam
1908 3872 2100 3932 latam

535 3966 787 4040 indicet,
816 3972 888 4026 ut
926 3966 1013 4026 ibi
1058 3967 1354 4041 diximus,
1386 3972 1448 4025 et
1482 3966 1585 4024 hic
1614 3964 1880 4042 amplius
1908 3964 2101 4043 expli-

535 4058 810 4120 cabimus
829 4080 842 4118 :
866 4059 1250 4138 frequentius
1271 4057 1462 4119 verbo
1481 4057 1769 4136 praecepti
1788 4057 2103 4116 adduntur

532 4154 757 4233 aliquae
778 4154 1113 4233 particulae,
1141 4154 1242 4215 vel
1259 4150 1960 4227 circumlocutiones,vel
1979 4149 2100 4210 cla-

534 4246 778 4307 rissima
807 4247 1016 4322 verba,
1049 4248 1275 4325 quibus
1292 4245 1597 4306 sententia
1613 4243 1740 4304 lata
1762 4262 1874 4324 per
1896 4244 2100 4322 legem

533 4341 842 4402 indicatur
866 4358 881 4401 ε
903 4341 1219 4420 particulae
1240 4344 1408 4413 sunt,
1419 4340 1550 4417 ipso
1566 4340 1749 4415 fa0t0,
1777 4339 1908 4415 ipso
1922 4339 2094 4414 jure,

535 4454 596 4498 eo
625 4437 779 4513 ipso.
822 4452 893 4496 ex
928 4451 1108 4508 num),
1138 4433 1240 4494 vel
1267 4451 1338 4494 ecc
1365 4438 1526 4506 cuno,
1560 4436 1622 4490 et
1661 4429 2099 4509 aequivalentes

536 4526 1122 4588 circumlocutiones
1158 4526 1363 4585 Poenae
1396 4522 1807 4584 communiter
1833 4540 1961 4582 esse
2005 4540 2100 4582 so-

534 4620 664 4680 lent
690 4637 801 4698 per
827 4619 1079 4679 effectus
1107 4617 1284 4694 legiS,
1315 4615 1562 4695 quando
1596 4615 1806 4675 statim
1845 4614 1981 4675 fieri
2008 4615 2101 4675 di-

536 4721 785 4787 cuntur,
816 4716 928 4772 ut:
973 4711 1195 4776 Vacare
1234 4715 1575 4778 comeatum
1604 4708 1757 4771 Sine
1795 4709 2104 4787 dispensa-

536 4807 694 4868 tione
736 4823 854 4866 non
898 4803 1163 4881 eliqatur
1174 4824 1200 4871 ,·
1227 4802 1302 4865 N
1300 4819 1373 4862 on
1417 4801 1615 4877 faciat
1654 4800 1899 4875 fructus
1938 4817 2100 4875 suos,

536 4900 684 4965 Non
714 4897 912 4975 possit
948 4913 1043 4957 eos
1073 4894 1328 4956 retinere
1356 4898 1490 4956 tuta
1520 4892 1876 4955 conscientia
1893 4916 1920 4963 ,·
1958 4893 2107 4957 Non

536 4992 757 5066 valeat,
790 4994 903 5050 etc.
914 5032 934 5063 ,
966 4985 1346 5065 clarioraque
1376 4989 1561 5047 erunt
1597 4984 1806 5058 verba,
1837 4984 1887 5043 si
1919 4984 2107 5044 adda-

537 5090 666 5159 tur,
703 5087 974 5146 teneatur
1014 5085 1151 5142 anto
1191 5079 1566 5153 sententiam,
1601 5077 1723 5152 vel,
1756 5082 1893 5138 ante
1920 5077 2108 5138 decla-

417 5188 428 5202 ·
538 5177 856 5251 rationem,
887 5173 1009 5249 vel,
1042 5177 1177 5236 ante
1206 5190 1431 5234 omnem
1456 5170 1859 5234 monitionem.
1891 5168 2109 5229 Claris-

539 5270 697 5329 sima
743 5267 1010 5346 denique
1052 5271 1256 5341 erunt,
1290 5265 1341 5325 si
1371 5264 1475 5325 lex
1518 5267 1610 5324 tot
1654 5262 1843 5324 verba
1887 5279 1965 5322 ex
2010 5261 2108 5321 his

542 5361 914 5435 accumulet,
944 5368 1015 5420 ut
1043 5360 1253 5420 nullus
1292 5356 1789 5437 tergiversationi
1815 5356 1996 5416 detur
2020 5355 2109 5415 lo-

543 5474 649 5516 cus
653 5500 672 5530 ,
703 5458 767 5514 et
793 5452 1133 5532 praesertim
1162 5453 1213 5513 si
1239 5452 1433 5512 dicat:
1467 5451 1689 5512 Statim
1716 5457 1777 5509 et
1804 5453 1949 5509 ante
1978 5465 2110 5508 om-

540 5567 690 5610 nem
725 5544 1240 5610 sententiamhoc
1277 5545 1480 5607 facere
1516 5545 1585 5604 in
1613 5541 1984 5603 conscientia
2012 5547 2110 5602 te-

1423 423 1539 475 LIB.
1574 423 1633 474 V.
1674 423 1753 475 DE
1786 421 2142 475 VARIETATE
2176 420 2384 475 LEGUH
2416 422 2828 476 HUMANARUM.

2158 531 2410 603 neatur3
2443 545 2685 607 semper
2712 532 2924 588 tamen
2964 533 3110 588 sunt
3135 534 3364 592 attente
3390 529 3726 610 spectanda

2159 620 2347 680 verba
2388 638 2610 699 poenae,
2659 621 2758 680 cui
2793 621 2890 681 hae
2917 622 3233 701 particulae
3272 624 3722 703 adjunguntur,

2161 720 2231 773 ιιι
2257 713 2411 773 illud
2439 719 2683 774 tantum
2718 732 3055 792 gravamen
3082 714 3467 794 intelligatur
3494 737 3610 796 per
3648 718 3728 777 le·

2161 824 2267 885 ges
2286 808 2417 886 ipso
2431 808 2569 886 jure
2590 807 2972 886 impositum,
2994 807 3157 887 quod
3179 826 3290 887 per
3306 810 3492 870 talem
3512 828 3726 871 vocem

2161 900 2232 959 in
2262 890 2523 979 propria'
2552 899 3026 977 significatione,
3076 901 3178 961 vel
3218 898 3555 962 secundum
3608 904 3728 981 jus,

2162 993 2262 1053 vel
2280 992 2621 1053 secundum
2635 1010 3033 1054 communem
3053 995 3562 1055 consuetudinem
3582 995 3733 1055 solet

2162 1085 2534 1163 significari3
2565 1086 2655 1145 ita
2683 1087 2851 1146 enim
2893 1086 3119 1147 debent
3147 1105 3346 1165 poenae
3391 1094 3456 1147 et
3498 1087 3733 1164 rigores

2165 1178 2478 1257 restringi,
2504 1184 2665 1258 ‘quae
2697 1179 3150 1242 animadversio
3187 1186 3398 1259 postea
3439 1180 3735 1260 exemplis

2166 1271 2389 1332 melius
2416 1271 2841 1351 explicabitur.

2249 1366 2310 1425 5.
2354 1366 2590 1443 Requla
2615 1364 3245 1444 ¹maanaim—Primo
3272 1367 3467 1444 igitur
3494 1366 3576 1427 de
3603 1384 3736 1446 poe-

2169 1458 2267 1518 nis
2299 1457 2674 1537 exequendis
2711 1477 2820 1538 per
2853 1458 3160 1519 actionem
3192 1460 3386 1539 ipsius
3414 1462 3507 1521 rei
3538 1462 3623 1521 sit
3648 1479 3739 1521 re-

2171 1553 2319 1631 gula
2351 1552 2689 1632 generalis:
2719 1553 2918 1613 solum
2946 1554 3035 1613 ita
3059 1554 3322 1632 imponi,
3348 1546 3605 1634 quando
3633 1573 3740 1632 per

2169 1645 2360 1706 verba
2388 1646 2545 1723 legis
2570 1651 2701 1706 tam
2728 1645 2887 1706 clare
2916 1640 3257 1725 explicatur
3282 1647 3409 1707 lata
3431 1648 3741 1708 sententia

2170 1738 2377 1798 statim
2410 1737 2693 1816 obligans
2731 1738 2799 1798 in
2832 1739 3238 1814 conscientia,
3270 1744 3342 1798 ut
3382 1741 3577 1799 vitari
3618 1759 3739 1800 non

2165 1831 2356 1910 possit
2385 1831 2517 1890 sine
2547 1830 2961 1910 corruptione,
2994 1831 3094 1891 vel
3123 1849 3352 1909 magna
3387 1833 3741 1893 extorsione

2167 1923 2499 1986 verborum
2543 1924 2720 2002 legis.
2773 1926 2946 1985 Hanc
2992 1925 3396 1986 assertionem
3441 1945 3627 1986 sumo
3666 1946 3741 1987 ex

2169 2018 2485 2075 communi
2515 2017 2821 2077 sententia
2863 2017 3185 2078 doctorum
3214 2037 3368 2096 quos
3406 2038 3543 2098 cap.
3583 2022 3623 2079 5
3651 2038 3742 2080 re-

2169 2109 2305 2169 tuli.
2336 2111 2489 2171 Nam
2520 2111 2627 2188 qui
2654 2115 2889 2188 negant
2914 2111 3025 2170 has
3054 2129 3268 2190 poenas
3296 2130 3473 2190 posse
3504 2112 3743 2190 imponi

2171 2203 2304 2281 ipso
2331 2203 2512 2278 fact0,
2538 2204 2827 2264 videntur
2853 2204 3026 2283 loqui
3052 2205 3128 2265 de
3157 2210 3459 2284 potestate
3493 2208 3745 2267 ordina-

2170 2297 2263 2356 ria
2295 2298 2388 2372 (ut
2415 2296 2500 2357 sic
2541 2297 2765 2374 dicam)
2797 2314 2906 2357 seu
2934 2298 3010 2358 de
3047 2298 3359 2358 ordinario
3387 2300 3564 2376 jure;
3598 2318 3747 2359 nam

2171 2388 2446 2450 absolute
2487 2391 2759 2451 fatentur
2799 2392 2865 2450 in
2903 2409 3047 2451 casu
3087 2411 3227 2452 raro
3264 2411 3440 2471 posse
3484 2392 3546 2451 id
3584 2393 3745 2467 fieri,

2171 2482 2338 2542 unde
2366 2501 2403 2542 a
2429 2482 2669 2543 fortiori
2691 2482 2899 2543 dicent
2921 2502 3243 2562 nunquam
3269 2502 3398 2544 esse
3428 2486 3520 2543 ita
3542 2484 3750 2563 legem

2171 2574 2665 2652 intelligendam,
2707 2576 2829 2635 nisi
2861 2576 3108 2654 quando
3139 2577 3397 2636 omnino
3424 2578 3626 2638 verba
3654 2596 3752 2637 oo-

2172 2672 2351 2745 gunt.
2383 2667 2505 2727 Alii
2535 2668 2722 2727 etiam
2760 2668 3025 2728 aliarum
3058 2669 3422 2748 opinionum
3463 2677 3755 2730 auctores

2173 2759 2449 2820 fatentur
2470 2759 2780 2829 difficilius
2806 2766 2868 2820 et
2893 2763 3095 2821 rarius
3122 2762 3361 2839 imponi
3392 2761 3508 2822 has
3534 2781 3756 2842 peenas

2176 2852 2307 2930 ipso
2327 2851 2510 2927 fact0,
2534 2870 2722 2931 quam
2749 2853 2900 2912 alias
2927 2854 3283 2931 privativaS,
3307 2854 3478 2914 unde
3508 2862 3755 2934 oportet

2174 2951 2245 3004 ut
2281 2945 2618 3006 clarissima
2658 2944 2847 3006 verba
2885 2947 3224 3024 requirant.
3256 2948 3413 3007 Nam
3440 2948 3497 3007 si
3540 2949 3609 3007 in
3640 2949 3755 3008 hoc

2177 3056 2403 3116 genere
2428 3056 2627 3118 poenae
2654 3038 2741 3098 sic
2770 3038 3146 3118 imponendo
3171 3040 3373 3119 major
3394 3046 3491 3099 est
3516 3041 3758 3101 acerbi-

2175 3137 2268 3191 tas
2286 3150 2361 3191 ex
2384 3149 2611 3209 genere
2638 3150 2771 3209 suo,
2792 3138 2854 3192 et
2877 3132 3015 3192 ideo
3044 3133 3249 3192 minor
3270 3138 3364 3192 est
3380 3133 3555 3193 illius
3579 3152 3754 3208 usuS,

2178 3229 2340 3285 certe
2368 3225 2779 3285 necessarium
2809 3230 2902 3285 est
2926 3230 2998 3284 ut
3023 3226 3164 3285 talis
3191 3226 3414 3286 modus
3443 3227 3754 3304 puniendi

2180 3318 2435 3377 omnino
2467 3319 2533 3377 in
2562 3318 2698 3395 lege
2743 3317 3111 3392 declaretur,
3143 3324 3205 3378 et
3242 3318 3394 3379 alias
3435 3338 3572 3379 non
3612 3337 3757 3379 cen-

2179 3414 2385 3469 seatur
2429 3426 2467 3469 a
2505 3409 2852 3487 legislatore
2896 3411 3194 3471 intentus.
3243 3411 3506 3483 Quando
3539 3418 3757 3471 autem

2179 3503 2279 3563 lex
2302 3503 2673 3564 sufficienter
2695 3501 2963 3563 declarat
2984 3503 3428 3580 obligationem
3453 3505 3539 3564 ad
3560 3504 3756 3564 talem

2179 3612 2451 3680 poenam,
2481 3596 2611 3654 sine
2645 3593 2830 3654 dubio
2864 3595 3118 3673 obligat,
3146 3598 3293 3675 quia
3318 3602 3599 3674 potestas
3633 3616 3759 3656 non

2180 3688 2383 3762 deest,
2430 3694 2502 3748 ut
2545 3688 2873 3768 probatum
2919 3694 3029 3750 est.
3081 3690 3501 3769 Supponimus
3542 3697 3759 3750 autem

2178 3779 2380 3858 legem
2413 3798 2539 3840 esse
2586 3781 2674 3840 ita
2704 3780 3111 3856 moderatam,
3154 3787 3225 3841 ut
3266 3801 3392 3842 non
3430 3784 3763 3843 contineat

2180 3869 2607 3934 crudelitatem
2648 3889 2763 3933 nec
2791 3878 3068 3952 apertam
3093 3874 3492 3952 injustitiam,
3525 3881 3592 3935 et
3620 3876 3761 3935 ideo

2182 3965 2549 4044 regulariter
2595 3964 2749 4024 tales
2794 3982 2992 4043 poenae
3036 3972 3182 4027 sunt
3231 3968 3653 4047 pecuniarias,
3700 3973 3761 4026 et

2180 4076 2305 4117 non
2345 4058 2419 4116 de
2449 4055 2737 4117 omnibus
2767 4057 2968 4133 bonis,
3002 4059 3107 4119 sed
3137 4059 3205 4119 in
3233 4061 3586 4138 quantitate
3629 4078 3763 4118 mo-

2179 4150 2391 4209 derata
2409 4194 2426 4225 ,
2479 4153 2588 4208 aut
2633 4149 2961 4210 tolerabili.
3017 4152 3292 4230 Denique
3342 4151 3763 4230 supponimus

2178 4242 2380 4320 legem
2421 4260 2551 4303 esse
2578 4248 2910 4321 receptam,
2963 4248 3028 4304 et
3071 4262 3198 4304 non
3242 4244 3615 4321 derogatam
3648 4262 3763 4322 per

2179 4336 2684 4396 consuetudinem
2735 4336 3111 4396 contrariam
3161 4337 3364 4415 quoad
3401 4337 3575 4396 hanc
3621 4354 3763 4415 par-

2178 4434 2329 4503 tem,
2347 4429 2511 4507 quod
2529 4429 2595 4487 in
2615 4429 2904 4489 omnibus
2916 4429 3158 4507 legibus
3173 4429 3527 4508 poenalibus
3547 4430 3761 4489 locum

2179 4521 2386 4581 habet.
2413 4520 2716 4599 Abrogari
2747 4521 2915 4581 enim
2943 4526 3196 4601 possunt
3218 4540 3329 4601 per
3356 4523 3767 4582 consuetudi-

2183 4632 2328 4674 nem
2359 4614 2560 4692 quoad
2603 4631 2873 4692 poenam,
2916 4614 3017 4674 vel
3051 4615 3304 4675 modum
3355 4633 3592 4693 poenas,
3622 4616 3769 4673 licet

2183 4707 2385 4786 quoad
2413 4706 2653 4784 reliqua
2675 4706 3101 4782 observentur,
3126 4712 3198 4766 ut
3222 4713 3446 4768 notant
3474 4707 3763 4785 Cajetan.

2185 4800 2253 4859 in
2295 4800 2503 4874 Sum.·‚
2534 4798 2706 4859 verb.
2752 4800 3348 4875 Eoeoommunioatio‚
3379 4817 3515 4878 cap.
3554 4803 3664 4874 75,
3708 4804 3771 4859 et

2186 4893 2366 4966 Nav.,
2395 4910 2526 4970 cap.
2556 4893 2657 4966 27,
2683 4909 2749 4949 ιι.
2780 4893 2921 4965 130,
2951 4896 3015 4951 et
3039 4890 3203 4951 infra
3236 4891 3539 4952 dicemus.
3577 4893 3656 4952 Et
3680 4892 3772 4950 ita

2188 4985 2254 5044 in
2297 4975 2586 5063 praesenti
2630 4989 2830 5061 posset
2883 4984 2983 5044 lex
3034 5001 3165 5045 esse
3209 4984 3508 5062 derogata
3558 4982 3774 5064 quoad

2189 5078 2317 5138 vim
2344 5076 2664 5154 obligandi
2691 5076 2901 5136 statim
2932 5077 3001 5137 in
3035 5077 3409 5139 conscientia
3442 5077 3525 5138 ad
3567 5094 3777 5158 poenae

2188 5171 2591 5246 solutionem3
2618 5169 2765 5248 quia
2801 5170 3181 5233 consuetudo
3221 5177 3419 5251 potest
3461 5170 3779 5249 derogare

2188 5263 2312 5341 legi
2344 5263 2413 5324 in
2439 5267 2681 5324 totum:
2712 5279 2861 5340 ergo
2894 5263 3084 5324 etiam
3109 5264 3178 5324 in
3212 5269 3385 5345 parte
3429 5263 3779 5343 separabili

2191 5357 2269 5417 ab
2298 5356 2459 5417 aliis.

2270 5453 2331 5511 6.
2375 5449 2679 5528 Exempla
2710 5447 2937 5527 reqaedoe
2965 5449 3290 5527 proedictoe.
3324 5483 3407 5496 --
3437 5451 3524 5510 Ut
3562 5456 3783 5511 autem

2190 5542 2322 5604 hoec
2376 5540 2591 5620 regula
2645 5540 2864 5603 melius
2919 5540 3338 5620 intelligatur,
3393 5542 3792 5624 faciliusque
