3976 6219
1089 407 1223 458 CAP.
1261 405 1342 457 m.
1380 404 1460 456 DE
1494 404 1913 457 NECESSITATE
1946 406 2028 456 ET
2059 406 2414 458 VARIETATE
2448 406 2675 465 LEGUM.
3402 400 3466 458 Η

283 511 488 589 aliquo
537 510 836 588 principio
890 510 1232 570 extrinseco
1284 508 1549 567 habente
1577 511 1841 582 potesta-

282 610 407 664 tem
453 606 649 682 posita
670 608 762 662 est
783 626 799 676 3
832 604 976 661 inde
1024 603 1188 661 enim
1232 601 1489 679 positiva
1526 601 1689 659 dicta
1724 603 1833 669 est,

282 698 458 775 quasi
480 697 687 756 addita
717 696 980 755 naturali
1011 696 1156 772 legi,
1186 713 1310 753 non
1333 712 1407 752 ex
1433 694 1539 752 illa
1567 710 1839 752 necessa-

280 789 374 848 rio
423 807 702 848 manans
749 789 919 848 Unde
965 788 1043 846 ab
1089 787 1395 865 aliquibus
1426 787 1539 863 jus
1575 788 1837 862 positum

281 887 555 955 vocatur,
597 888 665 940 ut
706 880 901 940 videri
940 886 1135 958 potest
1170 882 1236 939 in
1279 878 1686 951 Conimbrico,
1719 876 1762 936 1.
1803 881 1828 936 1

282 975 622 1034 Comment.
663 975 790 1050 jur.
830 971 989 1031 civil.
1000 1018 1020 1047 ,
1051 991 1180 1051 cap.
1211 973 1269 1031 8.
1314 973 1387 1030 Et
1413 972 1480 1031 in
1507 971 1707 1047 legem
1729 987 1837 1048 po-

279 1067 525 1127 sitivam
554 1067 638 1125 sic
667 1072 974 1143 sumptam
1000 1065 1308 1137 convenit,
1354 1063 1517 1141 quod
1546 1063 1836 1122 Aristote-

278 1158 387 1234 les,
428 1162 456 1218 1
515 1159 738 1233 Ethic.,
770 1176 901 1235 cap.
936 1162 995 1232 9,
1040 1159 1197 1217 dixit
1235 1158 1414 1235 leyem
1455 1174 1573 1217 esse
1616 1173 1842 1216 sermo·-

275 1270 404 1313 nem
431 1253 504 1311 ab
534 1252 741 1330 aliqua
777 1252 1122 1327 prudentia,
1163 1255 1219 1310 et
1246 1255 1433 1309 mente
1483 1251 1837 1325 profectum,

276 1362 410 1423 quoe
428 1344 551 1403 vim
581 1345 789 1404 habeat
810 1344 889 1403 ad
914 1345 1253 1420 cogendum.
1290 1342 1444 1399 Nam
1470 1340 1611 1400 licet
1640 1340 1742 1400 ille
1764 1340 1839 1399 de

276 1435 415 1513 lege
459 1435 738 1494 humana
771 1441 1011 1493 tantum
1061 1435 1370 1511 loquatur,
1410 1440 1618 1493 tamen
1648 1434 1838 1492 verba

280 1529 414 1604 ejus
451 1527 526 1585 de
557 1545 619 1586 se
648 1528 1029 1604 generaliora
1063 1532 1227 1601 sunt,
1265 1532 1324 1585 et
1354 1526 1440 1585 ita
1459 1527 1644 1585 etiam
1672 1526 1835 1604 posi—

278 1619 409 1678 tiva
435 1618 618 1678 latius
641 1626 827 1697 patet,
853 1637 1036 1699 quam
1064 1620 1355 1679 humana.

363 1713 462 1771 15.
494 1711 690 1789 Atque
735 1713 881 1771 hinc
912 1712 1175 1771 traditur
1223 1728 1259 1769 a
1312 1711 1612 1788 theologis
1652 1712 1834 1771 tertia

282 1802 502 1861 divisio
525 1804 677 1879 10315
703 1804 977 1881 positivae
1000 1804 1066 1861 in
1089 1804 1363 1862 divinam
1392 1809 1453 1862 et
1470 1804 1830 1863 humanam.

281 1894 404 1953 Lex
440 1895 699 1971 positiva
738 1895 949 1953 divina
993 1893 1234 1966 dicitur,
1278 1912 1415 1971 quae
1447 1895 1524 1954 ab
1549 1897 1680 1973 ipso
1714 1898 1836 1955 Deo

280 1986 637 2045 immediate
665 1987 791 2045 lata
810 1993 919 2059 est,
945 1992 1006 2045 et
1027 1986 1138 2044 toti
1164 1986 1287 2063 legi
1309 1987 1576 2045 naturali
1594 1987 1800 2045 addita
1818 2009 1835 2059 ;

279 2077 354 2136 de
383 2078 660 2137 humana
709 2080 915 2136 statim
962 2078 1260 2137 dicemus.
1296 2080 1521 2138 Praeter
1550 2079 1658 2137 has
1696 2095 1840 2137 vero

277 2188 405 2229 non
439 2175 636 2248 potest
680 2189 807 2230 esse
835 2171 954 2230 alia
983 2172 1244 2248 positiva
1273 2171 1369 2230 lex
1405 2177 1682 2249 respectu
1729 2171 1838 2229 ho-

277 2263 555 2336 minum,
602 2264 746 2341 quia
794 2281 918 2321 non
965 2269 1108 2321 sunt
1160 2263 1366 2340 plures
1412 2263 1833 2340 legislatores:

276 2356 496 2433 Angeli
538 2357 704 2415 enim
759 2374 883 2415 non
912 2356 1141 2416 habent
1174 2357 1335 2415 hanc
1368 2362 1730 2433 potestatem
1768 2358 1833 2417 in

277 2449 581 2522 1101111ηο5,
616 2450 761 2527 quia
816 2467 929 2507 nec
970 2448 1264 2508 naturalis
1300 2448 1419 2508 illis
1466 2458 1592 2522 est,
1634 2468 1745 2509 nec
1796 2470 1832 2510 a

278 2542 399 2599 Deo
419 2547 510 2601 est
533 2541 653 2600 illis
675 2559 954 2600 concessa
978 2557 992 2599 :
1020 2540 1175 2598 nulli
1204 2541 1371 2599 enim
1402 2541 1466 2600 id
1491 2540 1829 2599 revelatum

277 2634 499 2693 scimus
526 2652 540 2694 ε
589 2635 754 2694 unde
795 2652 908 2693 nec
957 2634 1235 2692 divinare
1284 2634 1432 2693 illud
1485 2652 1822 2711 possumus

276 2727 399 2786 Lex
440 2727 647 2804 itaque
690 2727 901 2785 divina
923 2727 989 2785 in
1017 2727 1301 2804 praesenti
1323 2744 1447 2784 non
1480 2726 1702 2785 dicitur
1729 2726 1827 2785 lex

277 2819 343 2876 in
385 2819 504 2877 Deo
546 2819 833 2892 existenS,
879 2817 981 2877 sed
1028 2835 1066 2875 a
1112 2820 1234 2877 Deo
1274 2836 1535 2877 manans
1581 2818 1828 2895 speciali

276 2912 539 2989 quodam
594 2912 812 2971 modo:
876 2930 998 2970 non
1056 2912 1223 2971 enim
1280 2913 1583 2989 significat
1627 2912 1828 2988 legem

277 3009 634 3082 conceptam
663 3050 681 3079 ,
735 3004 836 3063 sed
885 3004 1222 3063 exhibitam
1247 3050 1265 3078 ,
1312 3010 1372 3063 et
1414 3005 1479 3063 in
1521 3004 1635 3063 1100
1668 3005 1831 3063 111101

275 3095 397 3155 3113
445 3096 651 3157 differt
696 3117 732 3156 a
772 3097 907 3174 lege
938 3097 1170 3173 divina,
1216 3102 1397 3176 prout
1423 3097 1595 3156 illam
1634 3096 1833 3174 posuit

278 3188 467 3248 Plato.
489 3191 718 3249 Deinde
733 3190 937 3249 differt
960 3191 1091 3249 haec
1111 3190 1210 3249 lex
1236 3209 1273 3249 a
1292 3190 1561 3249 naturali
1589 3194 1833 3266 sumpta

277 3298 415 3339 cum
462 3282 631 3341 omni
672 3282 1045 3361 perfectione
1101 3300 1285 3360 supra
1325 3283 1653 3354 declarata,
1686 3282 1834 3359 quia

274 3373 372 3433 lex
409 3374 704 3434 naturalis
733 3394 857 3434 non
884 3375 1130 3434 additur
1152 3394 1188 3434 a
1209 3376 1333 3434 Deo
1356 3375 1698 3454 specialiter
1715 3375 1829 3452 ipsi

274 3471 534 3541 naturae,
564 3467 660 3527 vel
692 3470 941 3545 gratiae:
967 3469 1098 3528 haec
1124 3474 1333 3527 autem
1364 3469 1460 3527 lex
1489 3468 1830 3546 specialiter

271 3559 545 3636 ponitur,
578 3566 637 3619 et
668 3562 916 3620 additur
944 3562 1108 3620 ultra
1134 3561 1328 3621 illam.
1374 3561 1545 3620 Unde
1587 3561 1686 3620 lex
1719 3580 1829 3620 na-

273 3650 487 3710 turalis
512 3670 637 3711 non
666 3653 976 3712 confertur
996 3672 1105 3732 per
1135 3671 1198 3712 se
1215 3654 1439 3730 primo,
1470 3659 1539 3713 111
1567 3655 1827 3732 speciale

271 3745 505 3803 donum
547 3746 721 3822 10315,
767 3747 871 3805 sed
924 3752 1200 3806 censetur
1235 3747 1397 3806 idem
1441 3748 1697 3821 donum,
1728 3748 1826 3806 vel

272 3855 414 3896 011111
446 3838 578 3914 ipsa
601 3844 845 3913 natura,
878 3838 976 3898 vel
1010 3858 1150 3898 cum
1178 3840 1310 3917 ipsa
1350 3839 1470 3898 fide
1504 3846 1564 3899 et
1591 3842 1820 3918 gratia:

270 3948 417 3989 nam
445 3931 549 4008 qui
580 3931 685 3990 dat
712 3931 991 4005 formam,
1025 3932 1130 3992 dat
1157 3935 1590 4014 consequentia
1609 3934 1687 3993 ad
1707 3934 1827 3994 for-

272 4040 440 4081 mam
471 4039 491 4098 3
518 4023 649 4083 haec
684 4031 891 4084 autem
923 4024 1022 4084 lex
1036 4044 1146 4104 per
1175 4044 1236 4084 se
1259 4027 1461 4104 primo
1493 4026 1673 4085 datur
1693 4033 1828 4085 tan-

270 4133 457 4193 quam
482 4115 714 4175 donum
742 4118 1021 4177 additum
1042 4124 1104 4177 et
1123 4124 1383 4192 naturae,
1411 4125 1471 4178 et
1492 4120 1723 4194 gratiae.
1753 4121 1828 4177 Et

270 4206 414 4266 hinc
458 4208 688 4268 factum
725 4216 838 4284 est,
866 4216 934 4269 ut
966 4211 1097 4270 haec
1145 4210 1335 4269 soleat
1361 4210 1653 4287 appellari
1681 4210 1829 4269 sim-

269 4299 505 4378 pliciter
538 4301 658 4374 lex,
676 4308 747 4362 ut
774 4309 942 4381 patet
968 4322 1043 4362 ex
1068 4308 1197 4362 tota
1212 4302 1480 4380 Epistola
1508 4302 1586 4361 ad
1617 4303 1793 4362 Rom.
1802 4349 1822 4378 ,

270 4398 332 4451 et
358 4410 429 4452 ex
465 4395 600 4454 aliis
625 4396 950 4473 Scripturae
978 4396 1146 4468 locis,
1170 4414 1306 4473 quae
1330 4396 1538 4454 statim
1554 4395 1826 4455 insinua-

268 4484 489 4546 bimus,
516 4488 715 4565 Atque
753 4488 891 4547 ideo
923 4488 1022 4548 lex
1040 4488 1250 4547 divina
1276 4488 1633 4566 simpliciter
1662 4487 1824 4548 dicta

269 4577 422 4636 solet
442 4579 517 4638 de
540 4578 656 4639 hac
684 4580 945 4658 positiva
972 4580 1257 4657 intelligi,
1294 4587 1355 4640 et
1381 4582 1469 4640 ita
1495 4582 1682 4641 etiam
1710 4600 1823 4641 nos

268 4668 644 4747 frequentius
675 4672 1020 4750 loquemur.

353 4763 450 4821 16.
496 4764 582 4822 Ex
610 4782 732 4842 quo
761 4765 948 4823 etiam
980 4763 1158 4824 facile
1187 4769 1443 4838 constat,
1475 4783 1610 4842 quae
1640 4765 1827 4825 fuerit

268 4853 454 4932 hujus
482 4857 709 4916 divinae
732 4857 883 4935 legis
906 4858 1250 4917 necessitas,
1290 4859 1358 4916 In
1391 4876 1513 4936 qno
1547 4859 1826 4918 animad-

265 4948 630 5007 vertendum
668 4954 758 5008 est
782 4950 878 5030 (ne
900 4955 1147 5029 propter
1169 4949 1636 5027 ambiguitatem
1661 4952 1824 5011 vocis

266 5039 460 5118 decipi
505 5041 870 5118 contingat),
921 5043 988 5102 D.
1031 5043 1332 5101 Thomam
1382 5043 1447 5101 in
1483 5049 1698 5120 quaest.
1760 5047 1818 5118 1,

265 5139 381 5192 art.
406 5136 465 5207 4,
486 5140 748 5212 quatuor
776 5135 994 5195 afferre
1009 5135 1277 5194 rationes
1292 5135 1369 5193 ob
1390 5154 1540 5213 quas
1568 5136 1686 5194 fuit
1715 5155 1821 5196 ne-

266 5228 528 5285 cessaria
553 5227 652 5286 lex
678 5228 919 5302 divina3
939 5247 1087 5305 quas
1113 5229 1163 5287 si
1178 5229 1397 5307 aliquis
1417 5235 1647 5289 attente
1678 5248 1821 5288 0011-

265 5318 511 5392 sideret,
530 5320 803 5379 inveniet
837 5321 1032 5379 solum
1060 5321 1318 5398 probare
1345 5320 1419 5380 de
1449 5321 1583 5398 lege
1611 5320 1822 5381 divina

264 5409 364 5469 vel
407 5413 698 5486 naturali,
730 5414 825 5472 vel
865 5414 1336 5490 supernaturali,
1387 5420 1567 5492 prout
1596 5432 1821 5473 conna-

269 5504 483 5562 turalis
512 5511 603 5564 est
654 5506 866 5581 gratioe
892 5521 906 5563 ε
940 5524 1064 5565 11011
1089 5525 1233 5564 vero
1257 5507 1331 5566 de
1371 5506 1504 5583 lege
1533 5525 1823 5585 superna-

1921 508 2108 568 turali
2135 509 2418 585 positiva,
2449 513 2631 586 prout
2680 523 2844 565 nunc
2886 504 3221 583 loquimur.
3271 504 3477 564 Prima

1920 601 2078 658 ratio
2109 607 2220 673 est,
2266 607 2336 659 ut
2381 600 2612 675 dirigat
2640 599 2954 657 homiuem
2995 597 3074 655 ad
3111 603 3472 675 supernatu-

1918 692 2114 753 ralem
2187 693 2376 752 finem
2403 710 2422 769 ;
2480 692 2767 765 secunda,
2822 697 2891 749 ut
2934 691 3110 767 juvet
3158 689 3474 749 hominem

1920 787 2104 845 etiam
2135 787 2199 844 in
2224 786 2626 858 naturalibuS,
2654 802 2732 843 ne
2761 788 2944 853 erret;
2966 782 3168 854 tertia,
3191 787 3261 838 ut
3288 782 3474 840 etiam

1920 879 1995 937 de
2054 878 2447 938 interioribus
2492 877 2727 936 actibus
2778 875 2965 952 possit
3010 874 3359 951 praecipere,
3414 878 3475 932 et

1918 973 2205 1033 ordinare
2239 990 2254 1032 ε
2286 977 2527 1050 quarta,
2558 976 2627 1029 111
2655 988 2838 1030 0111110
2864 968 3094 1028 1113111111
3121 967 3474 1045 prohiberet

1918 1065 2082 1144 quod
2123 1065 2222 1124 lex
2249 1064 2524 1125 humana
2546 1082 2671 1122 non
2705 1067 2922 1141 potest.
2960 1063 3033 1119 Et
3060 1060 3138 1119 ad
3172 1060 3283 1118 has
3324 1077 3474 1136 qua-

1918 1163 2062 1216 tuor
2083 1158 2482 1235 proprietates
2495 1155 2920 1216 accommodat
2937 1152 3090 1211 illud
3110 1152 3335 1212 Psalm.
3362 1152 3467 1210 18:

1919 1250 2044 1311 Leoe
2086 1251 2333 1310 Domini
2371 1250 2779 1322 immaculata,
2835 1251 3169 1307 convertens
3207 1246 3469 1317 animas,

1921 1344 2320 1403 testimonium
2351 1343 2599 1402 Domini
2633 1341 2828 1416 fidele,
2873 1338 3233 1415 sapientiam
3271 1355 3472 1413 proes-

1919 1442 2058 1497 tans
2081 1437 2360 1514 parvulis
2379 1462 2401 1495 .·
2425 1453 2572 1495 nam
2600 1436 2666 1494 in
2705 1434 2822 1493 hoc
2854 1433 3074 1492 ultimo
3099 1430 3288 1490 verbo
3318 1448 3471 1489 con·

1915 1529 2148 1588 tinetur
2191 1529 2393 1607 prima
2438 1530 2618 1602 rati0,
2651 1527 2800 1604 quia
2839 1544 2949 1604 per
2980 1522 3345 1600 sapientiam
3373 1538 3473 1579 or-

1914 1622 2164 1681 dinatur
2203 1623 2392 1681 homo
2437 1621 2515 1680 ad
2552 1618 3081 1697 supernaturalem
3127 1614 3313 1674 fidem
3349 1631 3364 1673 :
3405 1614 3471 1672 in

1912 1715 2094 1774 tertia
2124 1721 2356 1787 31110111,
2390 1732 2496 1773 5011
2519 1713 2859 1791 penultima
2881 1709 3251 1788 proprietate
3282 1707 3473 1766 conti-

1915 1814 2096 1867 netur
2123 1808 2343 1867 ultima
2380 1808 2535 1867 ratio
2564 1828 2577 1866 :
2612 1824 2759 1865 nam
2787 1805 2932 1882 quia
2960 1803 3090 1862 haec
3113 1802 3212 1862 lex
3251 1800 3474 1859 nititur

1915 1901 1982 1959 in
2012 1901 2266 1960 veritate
2310 1901 2441 1973 Dei,
2466 1919 2591 1960 non
2620 1902 2820 1977 potest
2849 1897 3094 1956 subesse
3117 1893 3426 1954 erroribus
3440 1909 3466 1953 -:

1919 1992 2047 2050 imo
2075 2010 2309 2051 errores
2359 1998 2591 2051 naturae
2620 1997 2816 2069 potest
2843 1989 3170 2049 emendare
3199 1993 3261 2047 et
3305 1986 3472 2045 cohi-

1919 2082 2067 2141 bere
2101 2101 2116 2142 ε
2147 2088 2440 2160 praeterea
2491 2085 2555 2142 in
2590 2083 2857 2142 secunda
2904 2081 3272 2160 proprietate
3321 2078 3471 2138 insi-

1920 2181 2148 2234 nuatur
2169 2176 2326 2234 ratio
2348 2176 2569 2235 tertia:
2603 2192 2747 2233 nam
2779 2175 2925 2251 quia
2946 2172 3043 2233 lex
3073 2172 3283 2231 divina
3312 2171 3470 2230 inte-

1916 2269 2109 2327 riores
2137 2274 2306 2327 actus
2342 2269 2573 2344 dirigit,
2608 2267 2829 2326 merito
2853 2273 3205 2325 convertere
3233 2265 3470 2323 animas

1915 2360 2143 2419 dicitur
2175 2381 2188 2418 ε
2222 2379 2294 2420 30
2321 2362 2585 2438 denique
2615 2357 3010 2418 immaculata
3038 2357 3283 2430 dieitur,
3325 2357 3472 2433 quia

1912 2452 2156 2511 nullum
2187 2454 2417 2511 malum
2456 2452 2776 2530 permittit.
2827 2451 2906 2509 At
2932 2467 3079 2508 vero
3122 2450 3220 2508 hae
3259 2466 3472 2507 omnes

1910 2545 2178 2603 rationes
2218 2546 2484 2603 maxime
2530 2544 2796 2621 probant
2824 2542 2898 2600 de
2926 2542 3060 2618 1030
3089 2541 3302 2600 divina
3329 2560 3473 2601 con-

1909 2638 2176 2697 naturali
2218 2638 2452 2713 gratiae,
2484 2637 2826 2716 praesertim
2860 2636 3019 2694 ratio
3056 2633 3257 2712 prima
3287 2641 3346 2693 et
3378 2654 3470 2695 se·

1910 2729 2132 2802 cunda,
2169 2736 2239 2787 ut
2267 2748 2449 2806 supra
2474 2729 2658 2787 etiam
2693 2728 2889 2805 tetigi.
2929 2728 3083 2786 Nam
3108 2727 3264 2785 ratio
3288 2729 3469 2788 tertia

1910 2827 1969 2881 et
2011 2828 2229 2900 quarta
2259 2823 2445 2881 etiam
2489 2822 2555 2880 in
2584 2839 2742 2899 pura
2767 2821 2903 2897 lege
2950 2819 3218 2879 naturali
3260 2820 3466 2880 10011111

1908 2913 2161 2987 habent,
2194 2915 2341 2991 quia
2367 2914 2472 2973 1113
2497 2914 2767 2991 praecipit
2791 2914 2978 2972 etiam
2999 2913 3272 2971 internos
3299 2919 3467 2971 actus

1910 3005 2103 3065 bonos
2148 3012 2209 3065 et
2252 3007 2446 3065 malos
2493 3006 2799 3083 prohibet,
2850 3005 3214 3082 nullumque
3259 3011 3466 3064 actum

1911 3116 2175 3177 pravum
2205 3118 2270 3159 re
2296 3118 2442 3158 vera
2476 3099 2796 3176 permittit.
2832 3099 2960 3157 11110
2989 3097 3087 3157 lex
3115 3097 3326 3157 divina
3362 3115 3469 3176 po·

1912 3192 2112 3265 sitiva,
2155 3197 2335 3269 prout
2362 3210 2529 3250 nunc
2555 3191 2631 3250 de
2654 3191 2758 3250 illa
2786 3191 3123 3268 loquimur,
3159 3191 3467 3251 ordinarie

1913 3290 2191 3343 versatur
2227 3285 2387 3344 circa
2414 3291 2585 3344 actus
2612 3286 2963 3358 exterioreS,
2994 3290 3065 3342 ut
3090 3284 3298 3344 videre
3325 3285 3468 3346 licet

1911 3377 1976 3435 in
2005 3376 2139 3453 lege
2168 3378 2362 3436 veteri
2389 3385 2450 3437 et
2491 3379 2556 3436 111
2601 3395 2784 3451 nova,
2821 3383 3124 3455 quatenus
3154 3382 3244 3436 est
3273 3378 3348 3437 de
3373 3397 3467 3437 sa-

1910 3469 2238 3528 cramentis
2270 3476 2331 3529 et
2366 3471 2441 3529 de
2469 3470 2812 3529 hierarchia
2840 3470 3264 3529 ecclesiastica.
3315 3472 3466 3530 Item

1907 3580 2019 3639 per
2045 3562 2244 3639 legem
2268 3562 2592 3640 positivam
2615 3580 2738 3621 non
2763 3562 3049 3640 prohibet
3072 3563 3228 3622 Deus
3256 3564 3466 3622 omnia

1907 3654 2072 3714 mala
2089 3672 2107 3730 3
2140 3656 2245 3714 sed
2272 3657 2388 3715 hoc
2422 3661 2654 3734 spectat
2693 3656 2770 3715 ad
2805 3655 3079 3715 divinam
3106 3655 3305 3732 legem
3352 3674 3460 3715 na-

1906 3748 2171 3808 turalem
2216 3749 2537 3825 utriusque
2570 3749 2820 3824 ordiniS,
2848 3755 2917 3808 ut
2954 3767 3136 3827 supra
3163 3749 3466 3827 explicata

1907 3847 2019 3900 est.

1988 3937 2086 3993 17.
2132 3936 2479 3999 Nec-essitas
2501 3937 2652 4014 leqis
2680 3936 2900 3996 divinoe
2916 3953 3031 3995 non
3055 3941 3140 3997 est
3168 3936 3463 4010 absoluta,

1906 4029 2010 4088 sed
2037 4046 2106 4087 ea>
2128 4030 2642 4105 suppositione.—
2663 4028 2835 4088 Unde
2863 4027 3230 4103 colligimuS,
3262 4046 3463 4088 neces-

1908 4121 2154 4179 sitatem
2202 4120 2355 4196 legis
2393 4120 2618 4178 divinae
2654 4120 2930 4196 positivae
2969 4137 3095 4178 non
3140 4120 3325 4179 fuisse
3357 4139 3464 4180 ne-

1908 4210 2253 4270 cessitatem
2281 4211 2624 4268 absolutam
2664 4210 2733 4268 in
2773 4209 2989 4268 ordine
3022 4209 3100 4267 ad
3145 4209 3335 4268 finem
3365 4228 3464 4270 su-

1906 4301 2387 4380 pernaturalem,
2418 4301 2520 4360 sed
2559 4300 2745 4360 fuisse
2773 4300 3194 4359 necessitatem
3220 4319 3295 4360 ex
3323 4319 3464 4382 sup-

1906 4395 2210 4474 positione
2232 4394 2631 4454 institutionis
2654 4395 3020 4472 synagogae,
3041 4393 3140 4453 vel
3159 4393 3459 4470 Ecclesiae,

1903 4495 2182 4568 respectu
2212 4491 2387 4567 cujus
2439 4489 2674 4548 censeri
2715 4493 2916 4567 potest
2962 4488 3288 4546 necessitas
3318 4489 3462 4547 sim·

1904 4582 2166 4661 pliciter,
2196 4582 2339 4642 licet
2364 4588 2639 4659 respectu
2668 4582 2860 4660 ipsius
2894 4579 3031 4639 finis
3058 4580 3137 4638 sit
3158 4579 3362 4658 potius
3385 4582 3462 4640 ad

1904 4675 2128 4735 melius
2155 4693 2309 4749 esse,
2340 4681 2400 4734 et
2422 4675 2500 4734 ad
2529 4675 2828 4752 majorem
2855 4673 3182 4732 hominum
3204 4674 3462 4732 instruc-

1905 4767 2162 4841 tionem,
2190 4767 2287 4825 vel
2314 4773 2563 4845 propter
2585 4783 2799 4826 eorum
2830 4765 3091 4825 nimiam
3126 4766 3460 4826 caecitatem

1906 4866 1968 4920 et
1996 4861 2354 4937 depravatos
2394 4878 2617 4933 1110105,
2649 4859 2727 4919 ad
2769 4859 3139 4918 cohibendos
3171 4858 3330 4933 illos,
3362 4858 3456 4918 vel

1903 4958 2155 5031 propter
2195 4953 2493 5030 majorem
2525 4954 2959 5031 perfectionem
3007 4958 3068 5012 et
3111 4951 3346 5027 lumen,
3382 4952 3460 5013 ad

1902 5045 2341 5122 perfectionem
2385 5046 2628 5104 virtutis
2665 5051 2727 5104 et
2764 5045 3103 5103 sanctitatis
3136 5062 3461 5122 assequen-

1903 5137 2043 5196 dam
2075 5153 2090 5195 :
2119 5138 2275 5196 ratio
2297 5144 2408 5211 est,
2436 5138 2605 5215 quia,
2631 5137 2774 5196 licet
2802 5136 3010 5213 aliqua
3033 5136 3133 5195 lex
3164 5155 3457 5215 superna-

1902 5229 2142 5303 turalis,
2166 5231 2320 5288 sicut
2351 5229 2922 5306 etsupcrnaturalis
2951 5230 3241 5306 003111110,
3268 5230 3457 5292 fuerit

1903 5321 2266 5393 necessaria,
2303 5321 2579 5380 sufficere
2607 5327 2845 5399 poterat
2887 5321 2992 5379 illa
3019 5340 3156 5399 quae
3186 5327 3276 5380 est
3304 5339 3454 5380 con-
3553 5347 3556 5350 “

1902 5411 2199 5471 naturalis
2230 5412 2345 5488 ipsi
2372 5414 2588 5478 gratiae
2618 5429 2632 5471 :
2665 5414 2983 5472 necessitas
3010 5432 3157 5489 ergo
3189 5412 3456 5471 addendi

1902 5504 2159 5563 alteram
2188 5505 2390 5582 legoen
2419 5506 2740 5585 positivam
2777 5511 2913 5564 orta
2943 5511 3034 5564 est
3064 5522 3140 5564 ex
3164 5504 3455 5582 peculiari
