3976 6219
1204 434 1339 487 CAP.
1373 434 1411 487 l.
1448 434 1530 488 ΒΕ
1561 433 1954 489 manaan!
1985 432 2197 488 mauu
2227 431 2605 486 numum.

299 535 471 615 quia,
513 532 660 596 licet
697 539 958 615 utraque
1006 535 1086 598 sit
1131 554 1278 599 vera
1302 537 1427 615 lex,
1457 538 1866 600 nihilominus

300 644 529 689 nomen
554 626 707 707 legis
727 628 1016 691 humanae
1037 628 1400 709 simpliciter
1420 630 1730 709 prolatum
1751 649 1868 711 pro

299 718 440 799 lege
467 720 694 800 scripta
721 722 916 801 accipi
943 722 1116 784 solet.
1147 722 1321 784 Unde
1348 723 1558 785 Isidor.
1587 722 1709 783 ait:
1744 724 1868 786 Lem

301 818 390 875 est
413 814 759 876 constitutio
790 816 1062 895 scripta:
1093 814 1287 876 altera
1316 833 1459 878 vero
1487 817 1868 877 consuetudo

301 904 669 987 appellatur,
696 925 833 987 quae
863 908 1068 989 quoad
1099 908 1507 971 substantiam
1534 914 1596 971 et
1633 909 1868 989 obliga-

301 999 538 1059 tionem
561 1016 777 1061 veram
805 1000 962 1079 legis
980 1001 1286 1063 rationem
1311 1001 1522 1079 habet,
1542 1002 1688 1083 quia
1718 1020 1866 1064 vero

299 1089 489 1153 habet
514 1092 886 1172 peculiarem
915 1094 1172 1155 modum
1205 1094 1620 1175 generationis
1653 1096 1758 1173 (ut
1783 1096 1870 1156 sic

302 1183 528 1261 dicam)
563 1201 671 1244 seu
701 1184 1198 1263 introductionis,
1229 1192 1292 1249 et
1308 1187 1614 1264 efficaciae,
1643 1186 1872 1249 idcirco

303 1276 380 1337 de
411 1276 520 1337 illa
544 1277 614 1337 in
631 1278 988 1357 particulari
1015 1280 1288 1341 dicemus
1305 1281 1373 1341 in
1395 1280 1556 1342 libro
1581 1280 1867 1360 septim03

301 1387 471 1430 nunc
497 1386 643 1431 vero
673 1369 750 1431 de
782 1370 921 1450 lege
953 1372 1179 1453 scripta
1217 1378 1578 1450 tractamus,
1609 1391 1750 1451 quaa
1777 1374 1872 1433 in-

301 1461 550 1523 terdum
575 1462 967 1526 denominari
995 1465 1149 1526 solet
1184 1483 1222 1525 a
1253 1466 1536 1542 materia,
1560 1465 1660 1528 vel
1688 1463 1875 1525 modo

304 1572 428 1634 quo
455 1554 680 1633 scripta
720 1560 813 1617 est
854 1574 870 1617 ε
914 1557 1000 1617 sic
1046 1557 1214 1618 enim
1263 1557 1566 1619 solemnes
1619 1558 1876 1619 fuerunt

305 1646 472 1727 apud
517 1647 828 1708 Romanos
877 1647 1048 1727 leges
1096 1649 1418 1711 duodecim
1467 1649 1871 1726 Tabularum,

306 1757 446 1819 quae
465 1757 504 1800 a
523 1739 760 1816 decem,
786 1759 925 1820 quae
941 1741 1190 1803 fuerant
1209 1742 1377 1821 apud
1398 1743 1659 1819 Groec05‚
1683 1742 1875 1804 duxe-

305 1838 458 1893 runt
492 1832 822 1912 originem,
861 1834 1087 1914 quibus
1123 1836 1389 1897 Romani
1424 1836 1578 1899 duas
1619 1836 1876 1897 addide-

304 1932 478 2001 runt,
502 1930 574 1986 ut
592 1925 855 1987 habetur
880 1927 951 1988 in
975 1926 1020 1987 1.
1056 1931 1115 2004 1,
1142 1928 1210 1989 ff.
1241 1929 1318 1991 de
1341 1929 1508 2009 Orig.
1534 1930 1658 2009 jur.
1689 1931 1877 1991 Deca-

304 2017 481 2096 logus
495 2018 682 2079 etiam
705 2018 773 2079 in
790 2019 1030 2081 duabus
1043 2020 1272 2083 tabulis
1293 2023 1555 2102 scriptus
1571 2022 1716 2099 fuit,
1735 2021 1879 2085 licet

304 2110 452 2171 inde
469 2128 701 2172 nomen
731 2129 860 2172 non
885 2114 1212 2193 acceperit.
1245 2116 1352 2176 Est
1373 2133 1522 2194 ergo
1543 2114 1653 2177 illa
1682 2116 1874 2177 deno-

307 2204 567 2266 minatio
594 2206 1028 2283 accidentaria,
1054 2213 1118 2269 et
1138 2207 1216 2269 ad
1253 2208 1558 2271 rationem
1584 2208 1738 2289 legis
1769 2226 1877 2290 pa-

305 2314 449 2359 rum
469 2298 728 2360 confert.

387 2392 444 2453 3.
493 2390 766 2456 Secundo
820 2392 1120 2456 dividitur
1171 2394 1268 2457 leo:
1316 2411 1428 2475 por
1479 2395 1746 2457 ordinem
1797 2396 1882 2458 ad

301 2483 647 2564 principia,
676 2491 731 2548 et
765 2486 873 2550 hoo
902 2487 1329 2564 materialiter,
1361 2494 1470 2551 aut
1497 2489 1871 2565 formaliter.

307 2608 390 2623 —
413 2578 718 2654 Secundo,
744 2576 937 2639 dividi
964 2584 1224 2658 possunt
1249 2580 1419 2658 leges
1446 2580 1737 2642 humanae
1764 2598 1878 2661 per

305 2669 735 2733 habitudinem
761 2672 840 2732 ad
861 2671 1165 2751 principia
1191 2689 1230 2733 a
1252 2672 1478 2752 quihus
1498 2672 1839 2753 procedunt
1851 2689 1872 2750 ;

305 2762 394 2823 sic
417 2762 589 2823 enim
627 2763 1092 2841 distinguuntur
1122 2763 1292 2843 leges
1319 2766 1626 2826 canonicae
1654 2782 1693 2826 a
1724 2766 1874 2827 civi-

308 2853 497 2929 libus,
514 2859 576 2916 et
594 2854 663 2915 in
679 2856 955 2935 utrisque
971 2856 1289 2917 invenitur
1306 2857 1523 2918 eadem
1537 2857 1847 2918 distinctio
1849 2903 1871 2933 ,

306 2945 408 3007 vel
426 2945 785 3022 subdivisio,
809 2964 948 3026 quae
964 2946 1296 3026 aliquando
1315 2948 1722 3010 materialiter
1739 2955 1876 3009 tan-

307 3042 470 3113 tum,
504 3044 576 3098 ut
609 3038 696 3099 sic
721 3038 946 3113 dicam,
979 3039 1185 3117 datur,
1216 3040 1551 3120 aliquando
1590 3057 1738 3104 vero
1769 3059 1878 3122 po-

311 3133 428 3190 test
457 3131 804 3192 formaliter
833 3130 993 3192 dari.
1023 3133 1422 3194 Materialiter
1451 3150 1604 3194 voco
1630 3133 1879 3212 quando

311 3221 380 3282 in
409 3223 762 3285 auctoribus
786 3223 1000 3304 legum
1018 3225 1222 3287 solum
1241 3225 1658 3288 consideratur
1679 3226 1880 3287 diver-

311 3314 456 3378 sitas
493 3332 945 3396 personarum:
979 3317 1322 3379 formaliter
1360 3323 1574 3380 autem
1606 3336 1760 3382 voco
1785 3337 1882 3380 re-

311 3414 525 3486 spectu
551 3427 909 3485 munerum,
941 3409 1192 3488 quando
1218 3415 1530 3490 spectatur
1563 3410 1879 3473 distinctio

309 3501 723 3578 regiminum,
771 3520 844 3564 ac
894 3507 1298 3583 potestatum,
1347 3503 1632 3583 quamvis
1674 3509 1876 3566 totum

311 3592 432 3653 hoc
455 3593 712 3655 tandem
739 3595 1058 3658 materiale
1083 3595 1213 3657 fere
1231 3597 1312 3657 sit
1335 3602 1618 3677 respectu
1645 3596 1877 3676 obliga-

309 3685 500 3747 tionis
538 3687 812 3766 ipsarum
851 3688 1086 3767 legum.
1119 3689 1318 3751 Priori
1356 3690 1542 3750 modo
1575 3689 1876 3769 distingui

311 3777 510 3839 solent
536 3779 605 3840 in
630 3781 872 3860 legibus
913 3781 1221 3857 civilibus,
1247 3781 1416 3860 leges
1441 3783 1871 3862 Trysmegisti,

310 3872 601 3951 Lycurgi,
643 3874 908 3950 SoloniS,
951 3873 1433 3952 Rhadamanthi,
1475 3875 1721 3952 Minois,
1768 3877 1877 3937 Ce-

309 3966 488 4040 reris,
517 3971 582 4028 et
606 3967 873 4029 aliorum
900 3969 1066 4048 apud
1091 3969 1396 4029 Isidorum
1415 3985 1624 4048 supra,
1651 3974 1715 4030 et
1739 3968 1876 4030 Pla-

309 4065 444 4120 ton.
469 4059 538 4120 in
578 4060 817 4140 Dialog.
848 4062 1077 4137 Minoe,
1107 4067 1170 4124 et
1207 4061 1368 4123 Plin.
1401 4060 1512 4122 lib.
1546 4063 1582 4122 7
1615 4062 1870 4135 Hister„

310 4169 449 4232 cap.
481 4153 582 4228 35,
609 4159 673 4214 et
696 4153 950 4215 Aristot.
976 4171 1136 4234 soepe
1157 4153 1226 4214 in
1251 4153 1424 4214 libris
1445 4154 1716 4215 Ethicor.
1744 4154 1876 4214 Imo

309 4244 625 4314 interdum
656 4245 1143 4308 denominantur
1171 4245 1272 4306 hae
1305 4245 1474 4325 leges
1505 4263 1634 4307 non
1674 4245 1874 4306 solnm

310 4337 392 4399 ab
431 4339 809 4417 auctoribus,
846 4339 954 4402 sed
1003 4339 1193 4402 etiam
1237 4357 1276 4400 a
1323 4339 1768 4415 collectoribuS,
1805 4344 1878 4400 ut

311 4430 578 4492 sumitur
604 4431 681 4493 de
704 4433 844 4512 jure
871 4433 1222 4513 Papyriano
1244 4437 1308 4494 et
1331 4431 1607 4494 F'lavian.
1638 4451 1716 4495 ex
1739 4433 1784 4494 1.
1811 4435 1874 4506 2,

312 4522 380 4583 ff.
427 4523 504 4586 de
537 4525 704 4604 Orig.
748 4525 872 4604 jur.
921 4525 1023 4587 Sic
1061 4526 1256 4588 etiam
1296 4526 1735 4589 denominatur
1775 4527 1880 4588 lex

312 4616 660 4693 Hortensia,
699 4618 888 4697 Papia
917 4623 981 4678 et
1019 4617 1290 4694 Juliana,
1325 4624 1388 4680 et
1421 4619 1508 4680 sic
1551 4627 1696 4682 sunt
1721 4620 1880 4682 varii

311 4707 504 4787 tituli,
540 4708 605 4772 ff.
641 4710 721 4771 ad
750 4710 872 4790 leg.
903 4710 1266 4787 Falcidiam,
1295 4715 1360 4772 et
1385 4711 1638 4773 similes.
1666 4713 1878 4774 Poste-

312 4800 467 4861 riori
498 4808 710 4865 autem
741 4804 928 4864 modo
958 4803 1430 4882 distinguuntur
1455 4804 1622 4884 leges
1661 4823 1876 4867 secun-

313 4893 467 4955 dum
499 4897 703 4958 varias
727 4896 998 4959 rationes
1028 4895 1420 4975 gubernandi
1446 4896 1746 4974 civitates,
1775 4899 1878 4960 vel

313 4984 643 5065 simplices,
671 4989 772 5051 vel
796 4989 1046 5064 mixtas,
1075 4993 1140 5050 et
1162 4987 1252 5049 sic
1283 4988 1352 5050 in
1375 4988 1620 5068 legibus
1647 4990 1880 5052 Roma-

314 5095 544 5140 norum
579 5081 1047 5161 distinguuntur
1085 5080 1255 5160 leges
1291 5081 1433 5143 latoe
1460 5100 1498 5143 a
1526 5083 1776 5162 populo,
1821 5089 1884 5145 et

314 5177 620 5234 vocantur
644 5174 991 5251 plebiscita,
1015 5179 1078 5236 ct
1111 5174 1252 5236 latae
1280 5193 1319 5236 a
1351 5180 1570 5236 senatu
1595 5175 1884 5238 dicuntur

316 5265 880 5344 senatusconsulta,
905 5273 970 5329 et
989 5268 1139 5348 quia
1158 5268 1229 5329 in
1251 5274 1470 5329 senatu
1491 5269 1716 5349 aliquis
1737 5287 1884 5331 con-

317 5357 414 5418 sul
441 5360 830 5437 praesidebat,
858 5379 1087 5423 nomen
1116 5362 1250 5440 ejus
1280 5361 1596 5423 interdum
1636 5368 1886 5424 notatur

316 5447 387 5509 in
414 5449 548 5529 ipso
573 5451 730 5532 legis
755 5454 1034 5530 nomine,
1051 5458 1124 5513 ut
1147 5471 1292 5516 cum
1317 5453 1575 5516 dicitur:
1595 5455 1690 5516 Ad
1706 5473 1888 5518 sena-

315 5545 772 5612 tusconsultum
789 5545 1200 5627 Velleianum,
1220 5551 1330 5611 aut
1345 5547 1886 5628 Macedonianum,

3398 422 3519 487 413

1946 542 2065 600 etc.
2094 536 2296 616 Atque
2326 534 2451 596 huc
2475 532 2694 596 referri
2718 531 2909 595 etiam
2936 538 3137 613 potest
3159 532 3266 612 jus
3294 537 3521 613 praeto-

1945 630 2137 706 rium,
2177 628 2345 709 quod
2389 647 2428 689 a
2469 632 2732 707 praetore
2775 626 3111 703 ferebatur,
3156 632 3219 687 et
3250 625 3518 687 honora·

1945 723 2117 784 rium
2158 721 2347 783 etiam
2392 720 2617 782 dicitur
2650 720 2720 781 in
2766 719 2811 782 l.
2862 722 2898 781 7
2946 725 3009 781 et
3045 721 3106 796 8,
3156 720 3226 783 ff.
3279 720 3355 780 de
3398 719 3516 779 Le-

1947 815 2150 895 gibus.
2194 815 2349 875 Item
2388 814 2493 893 jus
2541 812 2775 875 dictum
2801 812 3246 889 Tribunitium,
3291 813 3441 892 quia
3482 828 3523 871 a

1951 907 2217 969 tribunis
2244 912 2379 969 erat
2406 905 2629 981 latum,
2663 909 2729 967 et
2764 905 2851 967 sic
2889 906 2966 968 de
3002 905 3165 981 aliis,
3190 906 3373 984 juxta
3414 921 3521 983 po-

1946 1004 2236 1062 testatem
2297 998 2633 1078 unicuique
2696 998 3088 1078 magistratui
3139 1013 3517 1059 concessam.

1949 1095 2255 1155 Praeterea
2276 1092 2401 1153 huc
2424 1096 2705 1170 spectant
2724 1109 3015 1171 responsa
3034 1090 3436 1171 prudentum,
3458 1087 3522 1148 id

1952 1193 2069 1262 est,
2113 1183 2712 1266 jurisconsultorum,
2747 1201 2885 1264 quse
2916 1184 3044 1245 vim
3081 1182 3395 1246 habebant
3436 1184 3523 1245 le-

1953 1296 2133 1358 gum,
2163 1277 2412 1359 quando
2448 1276 2537 1338 eis
2574 1277 2905 1339 auctoritas
2930 1277 3227 1358 principis
3268 1281 3378 1337 aut
3402 1275 3523 1339 rei-

1954 1372 2217 1452 publicae
2246 1369 2609 1432 accedebat:
2638 1369 2739 1431 vel
2768 1370 3205 1433 antecedenter
3230 1370 3407 1432 illam
3436 1370 3523 1431 eis

1955 1464 2399 1526 committendo
2413 1509 2434 1542 ,
2470 1463 2571 1525 vel
2605 1470 3051 1544 consequenter
3090 1463 3199 1525 illa
3244 1481 3521 1525 commu-

1953 1558 2121 1619 niter
2166 1555 2544 1636 acceptando
2559 1601 2581 1631 ,
2630 1562 2693 1618 et
2732 1554 2853 1617 hoc
2889 1558 2995 1635 jus
3044 1556 3362 1617 interdum
3409 1575 3522 1637 per

1954 1651 2447 1712 antonomasiam
2468 1655 2723 1711 vocatur
2743 1651 2847 1729 jus
2872 1650 3076 1712 civile.
3098 1653 3287 1731 Leges
3308 1655 3521 1712 autem

1954 1761 2095 1824 quae
2136 1743 2495 1804 ferebantur
2541 1742 2622 1804 ab
2671 1742 3143 1822 imperatoribus
3157 1790 3178 1819 ,
3231 1742 3523 1804 dicuntur

1954 1837 2423 1899 constitutiones
2448 1836 2824 1916 principum,
2849 1835 2970 1897 diei
2992 1841 3247 1915 possunt
3266 1836 3373 1913 jas
3396 1837 3519 1896 Im-

1952 1930 2357 2011 peratorium.
2390 1931 2565 1992 Nunc
2594 1934 2806 1990 autem
2835 1934 3132 2008 utrasque
3157 1929 3325 2007 leges
3354 1946 3520 1989 com-

1954 2023 2242 2104 plectitur
2274 2024 2379 2103 jus
2424 2040 2754 2084 commune
2794 2022 2996 2097 civile,
3038 2020 3204 2101 quod
3245 2019 3521 2083 absolute

1954 2116 2189 2178 dictum
2228 2116 2380 2177 solet
2407 2115 2603 2195 accipi
2641 2133 2757 2195 pro
2790 2115 2933 2193 jure
2972 2113 3418 2190 Romanorum,
3450 2118 3524 2173 ut

1956 2206 2181 2270 dicitur
2206 2208 2275 2269 in
2300 2207 2339 2287 g
2368 2208 2496 2273 Sed
2510 2208 2647 2286 jus,
2678 2208 2874 2268 instit.
2905 2206 2982 2267 de
3010 2207 3146 2267 Jur.
3169 2211 3377 2267 natur.
3384 2222 3406 2283 3
3429 2204 3524 2267 illi

1956 2318 2103 2364 vero
2130 2300 2457 2382 respondet
2481 2302 2552 2361 in
2590 2300 2851 2378 singulis
2881 2299 3091 2378 regnis
3119 2300 3221 2378 jus
3248 2299 3517 2378 regium.

2038 2397 2099 2456 4.
2132 2396 2276 2456 Hoec
2304 2400 2511 2455 autem
2530 2393 2795 2454 varietas
2813 2410 3057 2468 vocum,
3079 2391 3222 2453 licet
3242 2392 3521 2453 conferat

1956 2487 2038 2548 ad
2065 2486 2541 2565 intelligendum
2571 2487 2677 2563 jus
2706 2484 2903 2560 civile,
2938 2485 3017 2546 ad
3043 2484 3371 2546 formalem
3398 2484 3523 2545 dis-

1954 2580 2321 2641 tinct10nem
2352 2580 2564 2658 legum
2594 2595 2819 2658 parum
2861 2584 2955 2638 est
2986 2579 3352 2654 necessaria,
3383 2578 3525 2639 licet

1955 2690 2099 2733 cum
2152 2672 2549 2751 proportione
2608 2670 2690 2731 ad
2750 2669 2953 2731 varias
3010 2672 3481 2732 communitates
3498 2715 3520 2746 ‚

1953 2770 2139 2843 prout
2166 2763 2573 2826 diversimode
2590 2762 3045 2841 gubernantur,
3067 2764 3361 2843 applicari
3385 2782 3525 2843 pos-

1955 2858 2057 2917 sit.
2086 2858 2162 2917 Et
2188 2854 2471 2917 similiter
2504 2871 2647 2916 cum
2668 2855 3066 2934 proportione
3100 2860 3302 2934 potest
3330 2855 3526 2936 appli-

1957 2950 2089 3011 cari
2118 2949 2200 3009 ad
2226 2948 2393 3027 leges
2420 2948 2783 3025 canonicas;
2813 2965 2962 3008 nam
2990 2946 3157 3028 leges
3196 2948 3527 3026 pontificias

1955 3046 2106 3103 sunt
2152 3042 2621 3103 constitutiones
2666 3041 3049 3121 principum,
3098 3046 3162 3102 et
3208 3040 3526 3103 interdum

1958 3135 2364 3197 nominantur
2387 3153 2426 3195 a
2453 3135 2582 3195 suis
2608 3133 2981 3210 auctoribus,
3001 3139 3074 3195 ut
3098 3133 3523 3210 Clementinae,

1959 3233 2079 3289 etc.
2086 3243 2108 3305 3
2144 3227 2312 3306 leges
2351 3232 2562 3288 autem
2594 3225 2966 3306 episcopales
3011 3227 3245 3288 censeri
3272 3231 3529 3306 possunt

1959 3319 2141 3398 quasi
2181 3320 2285 3399 jus
2314 3318 2700 3398 proetorium,
2742 3317 2843 3380 vel
2881 3317 3319 3396 honorarium3
3360 3318 3527 3397 leges

1957 3417 2170 3472 autem
2218 3410 2617 3472 conciliorum
2654 3410 2833 3489 quasi
2854 3410 3382 3472 senatusconsulta
3408 3433 3426 3486 3
3457 3412 3528 3472 in

1956 3501 2197 3580 legibus
2244 3510 2457 3564 autem
2500 3503 2811 3564 canonicis
2856 3521 2985 3562 non
3037 3500 3272 3564 habent
3319 3502 3527 3564 locum

1955 3594 2297 3675 plebiscita,
2328 3595 2478 3673 quia
2516 3599 2783 3674 potestas
2819 3593 3060 3656 ferendi
3083 3594 3251 3673 leges
3276 3595 3527 3656 canoni·

1955 3705 2057 3748 cas
2089 3705 2205 3748 nec
2230 3687 2297 3747 in
2322 3685 2551 3767 populo
2582 3692 2697 3764 est,
2726 3704 2930 3766 neque
2966 3686 3047 3748 ab
3084 3686 3193 3748 illo
3221 3687 3522 3749 manavit.

2036 3781 2097 3841 5.
2149 3779 2359 3842 Tertio
2398 3779 2755 3842 dividwntm·
2784 3779 2941 3860 loyes
2978 3779 3050 3841 in.
3076 3781 3280 3843 oraim
3312 3781 3397 3842 ad
3430 3797 3527 3843 eos

1955 3875 2041 3936 ad
2056 3891 2204 3954 quos
2223 3873 2851 3951 formum—Tertio,
2870 3873 3065 3935 dividi
3084 3879 3339 3954 possunt
3359 3874 3525 3953 leges

1955 3982 2036 4027 ex
2076 3969 2251 4044 parte
2278 3981 2498 4026 eorum
2537 3964 2619 4025 ad
2658 3983 2813 4043 quos
2850 3964 3159 4043 feruntur,
3190 3972 3253 4028 et
3286 3966 3369 4027 ad
3406 3966 3527 4028 hoc

1954 4056 2305 4137 dupliciter,
2330 4055 2581 4131 scilicet,
2611 4056 2713 4118 vel
2739 4057 3081 4118 secundum
3116 4059 3527 4121 communita-

1953 4155 2047 4211 tes
2092 4150 2349 4211 omnino
2394 4147 2740 4223 distinctas,
2790 4147 2893 4210 vel
2936 4149 3273 4211 secundum
3320 4157 3526 4230 partes

1955 4241 2237 4321 ejusdem
2278 4239 2761 4317 communitatis,
2796 4247 3097 4321 quatenus
3138 4242 3307 4306 intra
3348 4243 3525 4306 illam

1958 4335 2201 4397 diversa
2223 4335 2457 4398 habent
2487 4335 2728 4411 munia,
2757 4338 2822 4398 et
2848 4353 2961 4398 suo
2987 4336 3173 4400 modo
3208 4337 3527 4401 distinctas

1957 4431 2431 4492 communitates
2460 4430 2661 4509 magis
2691 4430 3092 4510 particulares
3120 4439 3524 4512 componunt.

1960 4523 2158 4584 Priori
2176 4523 2363 4584 modo
2384 4522 2855 4601 distinguuntur
2870 4523 3037 4604 leges
3062 4526 3521 4606 AEgyptiorum‚

1957 4616 2493 4692 Lacedaemonum,
2509 4614 3007 4694 Atheniensium,
3023 4635 3131 4680 seu
3144 4618 3521 4694 Graeeorum,

1956 4708 2525 4789 Longohardorum,
2563 4714 2627 4769 et
2669 4708 3119 4785 Romanorum,
3162 4715 3234 4772 ut
3270 4716 3527 4772 notatur

1957 4803 2028 4863 in
2072 4801 2111 4882 ἓ
2153 4801 2282 4866 Sed
2304 4802 2441 4881 jus,
2472 4801 2740 4862 Institut.
2772 4801 2851 4864 de
2892 4803 3027 4863 Jur.
3060 4804 3311 4880 Natat„
3349 4808 3519 4881 gent.

1957 4901 2023 4958 et
2048 4894 2213 4956 civil.
2238 4895 2316 4954 Et
2340 4899 2489 4954 tunc
2514 4892 2701 4954 ctiam
2730 4893 3169 4974 distinguimus
3194 4896 3363 4974 leges
3388 4896 3527 4956 His-

1959 5005 2267 5069 panorum
2306 5005 2344 5049 a
2386 4985 2629 5065 legibus
2666 4986 3007 5062 Gallorum,
3047 4994 3162 5050 etc.
3195 4987 3526 5050 Posteriori

1960 5089 2173 5146 autem
2199 5082 2385 5144 modo
2420 5081 2587 5142 intra
2622 5081 2790 5142 idem
2824 5099 3112 5161 regnum,
3141 5083 3241 5143 vel
3266 5101 3526 5163 rempu-

1961 5176 2216 5250 blicam,
2256 5172 2728 5250 distinguuntur
2766 5173 2935 5252 leges
2972 5191 3086 5252 per
3126 5174 3427 5252 civitates,
3464 5180 3528 5237 et

1962 5269 2131 5330 intra
2186 5266 2469 5328 eamdem
2518 5264 2834 5327 civitatem
2884 5283 2995 5344 per
3055 5266 3528 5329 communitates

1962 5359 2387 5441 particulareS,
2418 5362 2483 5418 et
2511 5355 2598 5417 sic
2637 5357 3102 5436 distinguuntur
3136 5359 3237 5438 jus
3269 5360 3529 5421 munici-

1963 5453 2105 5536 pale
2144 5458 2209 5514 et
2249 5467 2599 5526 commune,
2637 5455 2701 5512 et
2729 5451 3132 5531 municipalia
3170 5453 3531 5515 dividuntur

1960 5549 2143 5630 juxta
2169 5545 2429 5610 modum
2462 5546 2525 5606 et
2554 5544 2813 5608 nomina
2847 5544 3191 5622 civitatum,
3220 5552 3331 5608 aut
3354 5563 3527 5610 com-
