3976 6219
784 392 919 447 GAP.
953 390 1107 445 XXX.
1142 391 1356 446 mmm
1388 393 1514 448 LEX
1547 394 1810 450 Imma
1839 398 1920 451 ET
1953 397 2176 453 clvms
2205 399 2418 455 Possrr
2449 400 2774 466 OBLIGARE,
2805 400 2941 455 me.

795 574 1046 635 CAPUT
1084 575 1271 637 XXX.

252 751 455 798 UTRUM
494 749 609 794 LEX
648 748 902 795 HUMANA
941 750 1019 794 ΕΤ
1059 750 1264 795 GIVILIS
1304 753 1491 800 Possrr
1530 756 1816 803 013qu

332 845 414 890 AD
471 844 563 888 sm
619 842 1112 890 OBSERVATIONEM
1150 844 1268 889 clm
1310 848 1584 895 PERIGULO
1624 851 1820 896 cums-

330 935 564 988 GUMQUE
578 934 914 981 NOGUMEN'H
931 937 1314 1000 TEMPonALIS,
1341 940 1530 987 Em
1552 943 1782 989 MORTIS.

335 1070 363 1126 1
379 1111 393 1126 .
444 1064 903 1125 Declaravimus
949 1065 1205 1126 modum
1245 1067 1636 1148 obligationis
1664 1072 1818 1151 legis

183 1235 195 1245 ⁶
249 1156 548 1220 humanae
572 1157 771 1235 quoad
812 1157 1181 1235 gravitatem
1215 1152 1390 1239 ejus3
1424 1182 1591 1224 nunc
1628 1165 1821 1243 expli-

251 1252 485 1313 candus
537 1256 627 1311 est
666 1251 868 1329 quoad
909 1250 1203 1330 rigorem,
1246 1259 1316 1313 ut
1342 1255 1429 1316 sic
1456 1257 1680 1332 dicam,
1719 1257 1819 1319 vel

249 1343 569 1405 lenitatem
614 1344 768 1421 ejus,
812 1348 874 1404 et
922 1351 1367 1424 consequenter
1413 1349 1819 1428 explicabitur

251 1436 454 1515 quoad
472 1436 863 1496 durationem
879 1437 1010 1516 ejus
1014 1482 1035 1513 ,
1047 1437 1145 1497 vel
1165 1440 1564 1502 cessationem
1579 1444 1816 1505 ratione

250 1528 594 1589 occurentis
632 1528 985 1603 occasionis,
1011 1547 1149 1608 quae
1189 1532 1460 1595 maxime
1495 1552 1622 1595 esse
1663 1535 1818 1597 solet

152 1660 157 1664 -
252 1622 504 1702 quando
545 1621 842 1681 damnum
874 1622 1124 1702 aliquod
1162 1644 1351 1703 grave
1384 1632 1447 1687 et
1472 1628 1814 1706 periculum

252 1716 385 1793 ejus
411 1714 696 1776 imminet
717 1733 795 1776 ex
812 1714 1239 1779 observatione
1260 1718 1436 1797 legis,
1474 1726 1535 1781 et
1558 1721 1695 1783 ideo
1719 1723 1815 1783 in-

252 1807 556 1887 quirimus
601 1826 680 1867 an
727 1806 794 1867 in
847 1808 1203 1887 hujusmodi
1252 1814 1566 1875 occasione
1625 1823 1816 1878 cesset

251 1899 547 1978 obligatio
586 1899 762 1979 legis,
807 1900 896 1962 ita
940 1908 1011 1963 ut
1062 1904 1307 1966 nullum
1375 1916 1697 1987 peccatum
1736 1911 1816 1971 sit

246 1992 420 2054 illam
439 2012 568 2054 non
588 2011 854 2057 servare.

325 2087 388 2145 2.
434 2085 754 2150 Sententia
812 2106 1041 2168 myans
1085 2091 1347 2155 absolute
1401 2111 1573 2172 posse
1634 2093 1817 2173 leqem

245 2180 570 2242 humanam
598 2180 865 2260 obliyare
893 2200 1024 2244 cam
1061 2186 1312 2247 mortali
1345 2188 1614 2264 periculo
1648 2189 1813 2251 vitoe.

243 2271 536 2332 —Prima
574 2274 883 2334 sententia
914 2274 1196 2337 absolute
1228 2277 1406 2338 docet
1450 2278 1653 2358 legem
1702 2282 1820 2342 hu-

245 2381 499 2426 manam
526 2380 652 2424 non
682 2383 858 2444 posse
882 2366 1157 2446 obligare
1202 2387 1340 2429 eum
1380 2372 1627 2432 mortali
1650 2375 1817 2452 peri-

249 2457 389 2520 culo
431 2459 595 2535 vitae,
638 2458 737 2519 vel
781 2458 906 2519 alio
952 2460 1163 2521 simili.
1197 2463 1390 2523 Tenet
1421 2463 1691 2526 Almain.
1745 2468 1814 2528 in

249 2551 599 2624 moralibus»,
633 2556 810 2612 tract.
863 2556 917 2626 1,
953 2571 1088 2632 cap.
1138 2556 1199 2628 3,
1246 2555 1502 2616 inclinat
1545 2559 1808 2637 Sylvest.

245 2643 419 2706 verb.
452 2647 676 2721 Metus,
706 2649 835 2725 q.7.
858 2645 1356 2709 Fundamentum
1382 2651 1647 2730 est,quia
1663 2653 1811 2716 dare

243 2736 435 2800 vitam
464 2743 715 2818 propter
741 2757 893 2819 opus
910 2756 1099 2818 perse
1132 2758 1260 2802 non
1290 2743 1701 2805 necessarium
1729 2746 1809 2807 ad

245 2830 507 2892 salutem
521 2830 621 2891 vel
636 2830 1047 2908 honestatem,
1061 2838 1152 2893 est
1168 2852 1323 2914 opus
1346 2835 1804 2915 difficillimum,

246 2930 310 2985 et
332 2923 890 3003 supererogationis
920 2946 934 2984 :
974 2923 1076 2986 lex
1111 2932 1320 2987 autem
1357 2928 1634 2990 humana
1681 2949 1806 2992 non

242 3023 445 3098 potest
469 3017 827 3096 hujusmodi
848 3036 1034 3097 opera
1060 3021 1389 3100 praeeipere
1417 3038 1432 3082 :
1461 3040 1630 3101 ergo.
1653 3025 1809 3086 Con-

242 3111 554 3186 firmatnr,
587 3112 736 3191 quia
781 3130 1141 3173 conservare
1185 3113 1378 3175 vitam
1427 3122 1517 3176 est
1558 3117 1635 3178 de
1673 3118 1809 3197 lege

240 3213 482 3265 naturae
506 3221 527 3281 3
555 3222 703 3283 ergo
730 3204 904 3265 nulla
929 3204 1029 3265 lex
1069 3205 1344 3267 humana
1376 3214 1577 3288 potest
1598 3217 1810 3272 contra

237 3296 358 3358 hoc
384 3298 752 3377 praecipere:
783 3298 951 3358 unde
979 3301 1048 3359 D.
1081 3298 1347 3360 Thomas
1376 3303 1436 3361 2.
1466 3304 1527 3377 2,
1559 3321 1620 3380 q.
1666 3305 1804 3379 104,

239 3390 414 3451 artie.
469 3392 530 3465 5,
576 3389 736 3449 dixit
776 3391 844 3450 in
872 3389 969 3450 his
994 3408 1131 3469 quae
1169 3391 1249 3453 ad
1281 3395 1806 3456 conservationem

242 3482 512 3563 corporis
538 3488 834 3563 spectant,
856 3483 1175 3546 hominem
1195 3503 1322 3546 non
1343 3487 1544 3548 teneri
1565 3485 1805 3549 homini

241 3575 516 3637 obedire.

324 3669 381 3728 3.
430 3667 708 3731 Secunda
733 3671 1047 3745 seruientia,
1086 3670 1269 3749 leqom
1294 3670 1619 3736 humanam
1652 3674 1798 3736 obli-

239 3777 389 3841 gare
414 3762 482 3823 in
502 3761 869 3833 universum,
893 3763 1305 3826 nonobstante
1341 3765 1551 3843 quovis
1585 3767 1800 3828 mortis

235 3853 839 3933 pericula—Altera
865 3857 1169 3917 sententia
1199 3860 1313 3931 est,
1345 3854 1548 3935 legem
1575 3857 1799 3919 huma-

241 3964 392 4008 nam
449 3946 518 4006 in
570 3947 934 4008 universum
977 3948 1250 4028 obligare
1271 3996 1288 4023 ‚
1338 3968 1464 4009 non
1513 3950 1797 4013 obstante

242 4057 631 4119 quocumque
658 4040 933 4121 periculo
983 4041 1219 4103 mortis.
1271 4042 1362 4102 Ita
1410 4042 1584 4103 docet
1627 4043 1801 4121 Caje-

241 4137 374 4193 tan.
414 4136 470 4194 1.
504 4135 565 4207 2,
597 4139 811 4213 quaest.
849 4135 952 4209 96,
975 4134 1156 4204 artic,
1186 4136 1260 4211 43
1291 4139 1353 4195 et
1378 4136 1439 4194 2.
1470 4136 1532 4208 2,
1560 4153 1622 4214 q.
1657 4137 1797 4211 125,

242 4225 419 4287 artic.
454 4228 512 4287 3.
539 4227 706 4287 Idem
741 4227 928 4288 sentit
949 4226 1204 4288 Adrian.
1228 4227 1295 4286 in
1322 4229 1385 4302 4,
1418 4234 1632 4307 quaest.
1664 4229 1701 4288 3
1724 4228 1801 4289 de

245 4319 566 4397 Clavihus3
597 4321 874 4397 Henric„
902 4327 1082 4382 tract.
1130 4322 1207 4382 de
1251 4321 1483 4400 Synod.
1517 4322 1796 4402 Episcop.

243 4417 388 4493 post
415 4413 452 4472 3
491 4417 675 4491 part„
716 4413 895 4475 artic.
931 4418 989 4490 1,
1020 4433 1197 4475 num.
1239 4416 1380 4489 271,
1428 4415 1495 4475 in
1523 4420 1676 4476 tom.
1722 4417 1802 4476 13

242 4510 645 4581 tractatuum,
678 4513 833 4585 part.
872 4509 932 4568 2.
976 4508 1477 4569 Fundamentum
1514 4513 1629 4583 est,
1654 4509 1804 4587 quia

242 4599 408 4679 quod
460 4603 554 4659 est
588 4605 804 4660 contra
841 4599 1044 4678 legem
1077 4601 1419 4661 humanam
1448 4606 1539 4663 est
1567 4602 1802 4663 malum

245 4699 311 4755 et
352 4699 697 4772 peccatum,
736 4699 807 4754 ut
832 4713 909 4756 ex
938 4713 1124 4773 supra
1156 4693 1336 4756 dictis
1379 4701 1548 4775 patet
1583 4711 1600 4755 ε
1654 4713 1802 4773 ergo

243 4786 435 4848 etiam
475 4791 725 4865 propter
775 4792 1039 4848 mortem
1081 4787 1400 4848 vitandam
1451 4787 1801 4849 faciendum

242 4897 375 4940 non
399 4885 513 4954 est,
540 4897 671 4959 cap.
707 4881 817 4942 Ita
845 4899 935 4958 ne,
965 4882 1065 4957 32,
1086 4900 1149 4961 q.
1175 4882 1234 4956 3,
1261 4899 1339 4942 ex
1359 4882 1622 4960 August.
1649 4881 1803 4942 Con-

242 4972 533 5035 firmatur
552 4973 779 5053 primo,
803 4974 951 5054 quia
971 4974 1207 5036 bonum
1236 4993 1567 5040 commune
1589 4974 1805 5054 praefe-

242 5065 511 5128 rendum
534 5071 627 5127 est
644 5067 911 5147 privat0,
933 5074 995 5130 et
1020 5068 1208 5129 homo
1230 5073 1476 5130 tenetur
1496 5085 1609 5148 pro
1638 5084 1804 5128 eom-

241 5159 422 5220 muni
464 5159 631 5220 bono
658 5160 853 5222 vitam
897 5160 1153 5240 perdere
1185 5182 1200 5221 :
1240 5161 1344 5222 sed
1379 5161 1657 5222 humana
1703 5159 1805 5221 lex

242 5257 495 5332 propter
522 5270 853 5315 commune
892 5253 1126 5315 bonum
1167 5254 1464 5333 ponitur:
1496 5270 1643 5331 ergo
1676 5270 1805 5313 ser-

244 5346 453 5407 vanda
471 5353 588 5421 est,
610 5364 738 5407 non
753 5347 1033 5408 obstante
1053 5347 1197 5407 vitae
1221 5345 1515 5426 periculo.
1529 5346 1807 5407 Tandem

243 5438 654 5501 confirmatur
690 5439 1071 5516 inductione,
1095 5440 1245 5519 quia
1285 5458 1414 5501 non
1441 5446 1640 5521 potest
1667 5437 1808 5518 quis

245 5539 505 5615 propter
548 5540 790 5598 metum
821 5535 1037 5598 mortis
1063 5534 1425 5598 contrahere
1472 5551 1616 5597 cum
1662 5550 1809 5595 con-

1898 503 2242 581 sanguinea
2281 503 2350 566 in
2396 506 2596 585 gradu
2622 503 2931 585 prohibito
2957 521 3068 585 per
3110 501 3316 584 legem
3344 505 3464 567 hu·

1898 613 2177 674 manam,
2210 615 2324 659 nec
2348 604 2552 679 potest
2592 598 2817 678 aliquis
2864 605 3116 679 propter
3140 598 3460 660 vitandam

1899 691 2166 750 mortem
2214 709 2458 752 sacrum
2486 692 2688 753 facere
2728 692 2861 753 sine
2901 691 3173 753 vestibus
3217 693 3404 752 sacris
3437 738 3458 768 ,

1901 801 2045 843 cum
2069 789 2282 845 tamen
2309 786 2372 846 id
2403 786 2604 847 solum
2639 787 2719 847 sit
2751 784 2828 846 de
2859 785 2995 864 lege
3016 785 3314 846 humana.
3347 787 3463 847 De-

1899 875 2093 955 nique
2124 895 2253 938 non
2281 884 2481 957 potest
2520 879 2658 957 quis
2697 879 3152 939 communicare
3184 897 3326 939 cum
3358 897 3461 939 ex-

1902 970 2355 1031 communicato
2380 978 2635 1052 propter
2654 971 2976 1032 vitandam
3009 977 3297 1048 mortem,
3321 990 3455 1052 cap.

1905 1062 2152 1137 Sacris,
2175 1062 2252 1125 de
2282 1065 2360 1125 Iis
2380 1083 2517 1144 quae
2539 1066 2627 1139 vi,
2649 1070 2767 1126 etc.

1980 1159 2044 1217 4.
2088 1158 2248 1220 Esse
2264 1162 2616 1236 potestatem
2665 1160 2733 1219 in
2761 1159 3134 1236 maqistratu
3181 1157 3375 1234 civili,
3407 1163 3463 1221 et

1900 1251 2179 1312 canonico
2207 1251 2291 1312 ad
2316 1251 2697 1329 obiiqandam
2726 1251 2858 1313 sais
2888 1251 3118 1330 leqibas
3145 1268 3276 1312 oum
3293 1251 3461 1329 peri-

1898 1343 2029 1404 culo
2055 1343 2429 1405 vitm—Est
2460 1344 2527 1405 in
2554 1342 2858 1422 republica
2892 1344 3231 1405 necessaria
3265 1349 3462 1422 potes-

1898 1442 1997 1500 tas
2018 1438 2102 1498 ad
2122 1452 2296 1498 suam
2311 1437 2808 1499 conservationem
2832 1441 2887 1497 et
2905 1453 3204 1498 commune
3224 1436 3455 1497 bonam.

1895 1528 2416 1604 —Nihilominu8,
2438 1527 2769 1590 dicendum
2793 1535 2887 1591 est
2912 1529 3113 1608 primo
3141 1546 3267 1589 non
3288 1529 3461 1589 dees-

1893 1639 1956 1683 se
1984 1626 2350 1700 potestatem
2394 1621 2463 1681 in
2508 1622 2878 1699 magistratu
2903 1621 3093 1696 civili,
3129 1626 3193 1681 et
3228 1620 3397 1681 idem
3420 1640 3459 1681 a

1894 1711 2134 1775 fortiori
2166 1713 2243 1775 de
2288 1713 2718 1790 ecclesiastico,
2763 1714 2844 1774 ad
2891 1713 3297 1792 obligandum
3330 1714 3459 1774 suis

1892 1804 2133 1885 legibus
2172 1813 2236 1868 et
2270 1825 2414 1868 cum
2438 1808 2712 1887 periculo
2759 1807 2925 1884 vitae,
2970 1808 3023 1868 si
3075 1826 3325 1870 necesse
3352 1808 3451 1870 sit.

1895 1899 2214 1960 Sententia
2245 1907 2336 1961 est
2357 1901 2725 1972 communis,
2746 1912 2808 1963 et
2824 1899 2983 1962 mihi
3000 1907 3190 1978 certa,
3223 1907 3285 1962 et
3302 1919 3457 1981 prae-

1893 1997 1993 2053 ter
2035 1999 2315 2055 auctores
2369 1994 2654 2055 secundae
2704 1995 3035 2075 opinioniS,
3074 2000 3288 2056 tenent
3316 2013 3455 2057 eam

1900 2087 2069 2163 Soto,
2099 2085 2209 2148 lib.
2244 2090 2274 2148 1
2308 2086 2385 2148 de
2411 2087 2875 2167 Justit.,quaest.
2904 2089 2965 2163 6,
2996 2095 3113 2147 art.
3136 2087 3284 2163 4,in
3303 2086 3452 2163 fine3

1898 2185 1961 2241 et
1994 2182 2061 2240 in
2089 2182 2150 2256 4,
2179 2180 2450 2242 distinct.
2482 2183 2585 2256 22,
2620 2186 2838 2261 quaest.
2866 2186 2926 2256 1,
2950 2180 3125 2241 artic.
3157 2181 3228 2255 43
3259 2184 3324 2241 et
3347 2180 3458 2239 Le-

1898 2274 2112 2335 desma
2139 2278 2177 2336 2
2206 2283 2390 2355 part„
2417 2282 2634 2355 quaest.
2670 2275 2767 2349 10,
2800 2279 2919 2333 art.
2944 2275 3006 2348 5,
3029 2278 3092 2334 et
3109 2276 3323 2351 quaest.
3351 2273 3453 2347 25,

1897 2377 2018 2434 art.
2042 2372 2112 2448 33
2143 2372 2357 2432 Covar.
2391 2370 2501 2450 qui
2550 2368 2704 2429 alios
2743 2366 2953 2444 refert,
2997 2368 3065 2427 in
3104 2384 3238 2446 cap.
3270 2365 3457 2427 Alma

1893 2469 2112 2540 mater,
2151 2467 2178 2526 1
2220 2468 2410 2544 part..
2438 2462 2475 2542 ξ
2506 2463 2565 2537 3,
2598 2480 2663 2520 n.
2697 2462 2760 2536 9,
2791 2465 2853 2550 et
2876 2460 2984 2520 alii
3011 2459 3174 2520 infra
3201 2458 3449 2521 citandi.

1893 2557 2075 2618 Ratio
2094 2562 2208 2632 est,
2235 2555 2384 2634 quia
2405 2556 2471 2615 in
2494 2553 2811 2633 republica
2833 2559 2925 2613 est
2951 2559 3218 2632 potestas
3243 2570 3452 2613 neces-

1892 2650 2056 2712 saria
2102 2650 2180 2710 ad
2231 2666 2407 2709 suam
2458 2647 2987 2708 conservationem
3019 2653 3081 2707 et
3123 2663 3453 2707 commune

1889 2743 2168 2820 bonum3
2203 2741 2307 2802 sed
2335 2740 2414 2802 ad
2440 2741 2553 2801 hos
2586 2739 2741 2801 fines
2783 2745 2875 2800 est
2901 2739 3220 2800 moraliter
3245 2757 3452 2800 neces-

1887 2837 2120 2898 sarium
2156 2840 2530 2914 praeceptum
2557 2832 2838 2910 obligans
2873 2832 2952 2893 ad
3003 2832 3237 2911 aliquid
3264 2849 3455 2910 agen·

1888 2929 2062 3004 dum,
2108 2927 2208 2988 vel
2254 2927 2334 2988 ad
2371 2926 2887 3007 perseverandum
2916 2926 2984 2986 in
3024 2925 3231 3005 aliquo
3272 2925 3410 2986 loco
3425 2970 3448 3001 ,

1887 3041 2016 3083 non
2040 3021 2321 3081 obstante
2348 3019 2619 3099 periculo
2649 3020 2864 3079 mortis
2892 3034 2908 3078 ε
2941 3036 3088 3096 ergo
3134 3018 3299 3079 cadit
3334 3017 3453 3079 hoe

1889 3115 2005 3176 sub
2058 3114 2401 3174 humanam
2457 3118 2848 3192 potestatem.
2900 3112 3101 3173 Minor
3156 3116 3396 3172 constat
3427 3156 3448 3187 ,

1890 3207 2143 3287 quando
2190 3205 2603 3266 necessarium
2653 3210 2745 3266 est
2794 3222 2975 3282 agere
3029 3203 3449 3282 periculosum

1888 3299 2126 3362 bellum
2172 3299 2252 3359 ad
2297 3297 2752 3359 defendendam
2796 3295 3241 3374 rempublicam
3265 3342 3286 3372 ,
3349 3295 3450 3357 vel

1885 3410 2280 3476 perseverare
2307 3396 2584 3470 tempore
2624 3392 2809 3472 pestis
2843 3390 2910 3450 in
2949 3389 3158 3468 aliquo
3190 3388 3325 3450 loco
3370 3389 3449 3450 ad

1885 3484 2337 3567 procurandam
2360 3501 2755 3545 communem
2787 3483 3071 3557 salutem,
3105 3482 3206 3543 vel
3242 3483 3295 3544 si
3341 3501 3450 3544 ne-

1886 3598 2051 3642 cesse
2078 3579 2157 3639 sit
2179 3583 2430 3657 propter
2455 3576 2598 3637 fidei
2647 3576 2949 3637 honorem
2985 3576 3220 3654 aliquid
3262 3595 3448 3656 agere

1879 3691 2026 3740 cum
2046 3673 2192 3733 vitas
2218 3669 2594 3731 discrimine.
2624 3670 2822 3749 Major
2848 3674 3057 3730 autem
3082 3687 3192 3749 per
3210 3688 3273 3732 se
3296 3678 3446 3732 nota

1877 3770 2124 3833 videtur
2159 3783 2236 3827 ex
2261 3763 2545 3826 terminis
2569 3809 2584 3832 ,
2625 3764 2774 3843 quia
2814 3762 2967 3823 alias
3006 3762 3449 3825 insufficienter

1877 3861 2194 3945 provisum
2222 3866 2380 3919 esset
2416 3857 2854 3935 gubernationi
2891 3861 2952 3916 et
3000 3858 3448 3918 conservationi

1876 3955 2253 4037 reipublicae.
2283 3951 2403 4012 Sed
2421 3949 2540 4010 dici
2567 3955 2766 4029 potest
2784 3950 2851 4010 in
2872 3949 2971 4009 his
2985 3950 3226 4010 casibus
3243 3951 3447 4030 legem

1878 4048 2231 4113 naturalem
2268 4044 2542 4121 obligare
2565 4089 2584 4117 ‚
2636 4052 2699 4104 et
2745 4043 2884 4104 ideo
2935 4062 3061 4105 non
3107 4062 3239 4105 esse
3287 4045 3447 4105 hane

1879 4140 2324 4220 obligationem
2342 4136 2629 4216 praecepti
2654 4135 2941 4209 humani,
2962 4134 3069 4195 sed
3083 4136 3259 4216 quasi
3275 4155 3446 4197 coac-

1879 4233 2118 4293 tionem
2164 4228 2242 4290 ad
2304 4227 2671 4287 servandam
2718 4225 3069 4287 naturalem
3117 4226 3444 4306 obligatio-

1881 4336 2050 4388 nem.
2091 4319 2514 4400 Respondetur
2555 4319 2781 4400 primo,
2828 4319 2974 4380 licet
3007 4318 3262 4382 fortasse
3289 4339 3448 4401 prae·

1884 4423 2129 4499 ceptum
2178 4413 2462 4476 naturale
2502 4418 2651 4474 tunc
2696 4411 2927 4491 obliget
2971 4414 3442 4502 rempublicam,

1884 4510 1983 4572 vel
2027 4510 2189 4571 cives
2213 4508 2281 4568 in
2335 4506 2674 4583 communi,
2715 4524 2842 4566 non
2890 4512 3102 4567 tamen
3154 4506 3319 4567 hunc
3347 4507 3446 4569 vel

1882 4604 2063 4664 illum
2094 4596 2501 4671 determinate
2532 4621 2548 4660 :
2584 4616 2733 4677 ergo
2775 4599 3085 4679 applicare
3124 4599 3446 4679 obligatio-

1880 4713 2029 4758 nem
2065 4696 2145 4757 ad
2176 4695 2288 4756 has
2326 4690 2428 4754 vel
2473 4692 2610 4754 illas
2649 4711 2962 4772 personaS,
3006 4699 3099 4754 est
3134 4694 3450 4772 potestatis

1881 4789 2197 4864 humanae,
2232 4794 2294 4850 et
2318 4787 2409 4848 ita
2446 4787 2535 4847 ibi
2563 4788 2898 4848 intervenit
2929 4805 3148 4848 verum
3183 4805 3449 4868 praecep-

1880 4890 2018 4945 tum
2062 4883 2433 4943 humanum.
2475 4881 2744 4941 Dicimus
2794 4881 2983 4941 etiam
3020 4899 3148 4941 non
3206 4900 3450 4961 semper

1882 4995 2014 5039 esse
2043 4980 2278 5037 certam
2297 4971 2739 5053 obligationem
2769 4974 3138 5049 naturalem,
3162 4974 3268 5035 sed
3288 4993 3448 5054 soepe

1883 5089 2013 5132 esse
2044 5086 2218 5150 posse
2247 5085 2382 5129 rem
2411 5067 2666 5128 dubiam
2695 5072 2757 5127 et
2779 5065 3232 5145 dependentem
3252 5086 3328 5129 ex
3349 5064 3451 5146 ju-

1883 5163 2047 5223 dicio
2073 5160 2441 5242 prudentiae,
2491 5177 2597 5232 an,
2643 5157 2897 5232 seilicet,
2937 5159 3258 5218 communi
3283 5159 3449 5222 bono

1887 5254 2172 5334 expediat
2206 5252 2326 5312 hoc
2357 5251 2453 5312 vel
2483 5250 2590 5311 illo
2632 5250 2838 5311 medio
2869 5250 2962 5311 uti
2989 5251 3056 5311 in
3083 5257 3257 5312 tanto
3288 5253 3450 5333 peri-

1887 5347 2068 5408 culo:
2097 5350 2246 5404 tunc
2285 5348 2495 5404 autem
2533 5342 2982 5404 interveniente
3020 5343 3250 5423 judicio
3281 5345 3449 5423 prin-

1887 5440 2041 5520 cipis
2068 5456 2176 5500 seu
2207 5435 2471 5508 Praelati,
2503 5436 2758 5515 ejusque
2780 5442 3106 5517 praecepto,
3137 5436 3453 5497 inducitur

1888 5537 2057 5596 certa
2077 5515 2396 5611 obligatio,
2426 5546 2564 5610 quae
2591 5546 2721 5591 non
2751 5535 2951 5611 potoet
2980 5529 3106 5592 dici
3149 5529 3303 5609 legis
3329 5546 3448 5590 na·-
