3976 6219
559 468 766 551 ligiosi
809 468 936 531 sint
981 468 1277 550 exempti,
1327 468 1734 535 nihilominus
1781 479 1928 535 sunt
1977 493 2123 555 pars

563 565 740 626 istius
787 561 1272 640 communitatis,
1319 569 1383 627 et
1419 564 1560 627 ideo
1603 572 1854 647 propter
1889 567 2124 629 unifor-

563 656 844 719 mitatem
891 660 1183 719 tenentur
1227 658 1600 719 conformari
1639 660 1707 719 in
1747 659 1844 719 his
1883 660 2125 738 legibus

563 754 627 812 et
649 748 1104 829 moribuS,quia
1119 747 1316 829 turpis
1333 757 1427 811 est
1447 769 1588 831 pars
1613 769 1754 831 quae
1779 770 1820 813 a
1838 758 1970 813 toto
2002 753 2127 813 dis-

565 841 810 920 cordat3
864 859 1012 995 σιξ-39
1062 859 1141 903 ex
1177 842 1295 905 hoc
1335 844 1640 925 principio
1683 844 1785 907 lex
1829 846 2127 909 naturalis

566 934 801 1013 obligat
829 954 898 997 re
921 935 1149 1015 igiosos
1187 935 1268 997 ad
1311 935 1475 997 hane
1515 936 2029 1015 uniformitatem,
2064 945 2128 1001 et

566 1036 1008 1110 consequenter
1033 1031 1114 1091 ad
1135 1030 1627 1094 observationem
1650 1032 1868 1095 talium
1889 1034 2125 1114 legum,

568 1122 789 1185 saltem
812 1122 1015 1202 quoad
1042 1121 1174 1185 vim
1197 1122 1581 1202 directivam,
1607 1143 1716 1187 seu
1737 1127 1808 1189 in
1833 1126 1968 1189 foro
1985 1146 2129 1189 con·

567 1216 863 1293 scientiae,
901 1217 1186 1297 quamvis
1202 1234 1328 1279 non
1363 1218 1568 1297 quoad
1595 1219 1726 1281 vim
1763 1221 2125 1295 coactivam,

569 1311 718 1391 quia
745 1315 997 1393 propter
1018 1312 1477 1391 exemptionem
1508 1311 1645 1391 cogi
1681 1330 1814 1375 non
1841 1318 2133 1393 poterunt

569 1420 681 1481 per
707 1403 1035 1483 Episcopus
1059 1403 1141 1465 ad
1163 1422 1266 1467 eas
1287 1404 1641 1481 servandas,
1663 1423 1778 1467 nec
1805 1406 2133 1467 incurrunt

572 1514 877 1574 censuras,
903 1496 1147 1559 etiamsi
1176 1514 1286 1578 per
1309 1516 1414 1559 eas
1437 1496 1580 1559 latae
1599 1498 1744 1558 sint.

653 1591 752 1652 10.
799 1589 1017 1653 Solwm
1053 1592 1239 1655 teneri
1263 1592 1580 1671 reliqioeos
1617 1596 1910 1670 exemptos
1935 1592 2019 1653 ad
2038 1593 2132 1655 vi-

571 1685 824 1747 tandum
873 1686 1222 1749 scandalum
1255 1684 1418 1749 circa
1455 1703 1656 1761 mm,
1685 1685 1778 1746 vd
1811 1684 2131 1749 observan-

573 1779 728 1840 tiam
741 1778 964 1841 talium
987 1780 1206 1859 layum,
1221 1780 1494 1843 maeotim
1510 1784 1720 1859 partes
1745 1779 2135 1858 moroqmoe

575 1872 848 1935 ducenda
897 1878 1040 1937 sunt
1094 1874 1308 1953 royda
1359 1873 1714 1936 «universali.
1729 1906 1814 1921 —
1833 1872 2135 1935 Existimo

577 1968 788 2026 tamen
838 1965 1040 2027 solum
1075 1965 1275 2027 teneri
1323 1966 1641 2047 religiosos
1677 1970 1999 2047 exemptos
2054 1966 2135 2027 ad

575 2056 900 2121 vitandum
935 2059 1308 2125 scandalum.
1333 2060 1499 2121 circa
1534 2078 1744 2135 usum,
1785 2058 1888 2121 vel
1932 2058 2137 2121 obser·-

576 2150 855 2215 vantiam
875 2152 1101 2215 talium
1120 2152 1332 2232 legum
1354 2168 1371 2213 2
1397 2152 1504 2213 illo
1521 2157 1729 2213 autem
1751 2151 1991 2213 secluso
2008 2169 2137 2213 non

575 2260 851 2325 peccare,
901 2246 1042 2307 11193
1067 2265 1197 2309 non
1235 2246 1559 2323 servando,
1602 2247 1726 2307 nisi
1763 2245 1872 2307 ubi
1916 2264 2037 2307 usu
2076 2254 2139 2309 et

577 2340 1022 2402 consuetudine
1067 2340 1206 2402 illas
1245 2341 1718 2420 acceptaverint,
1761 2344 1828 2401 et
1865 2356 1977 2399 suo
2009 2338 2138 2418 juri

575 2433 890 2495 cesserint.
949 2435 1025 2497 Et
1066 2434 1188 2495 hoc
1225 2438 1438 2513 aperte
1477 2435 1762 2495 sentiunt
1808 2432 2021 2495 Palud.
2077 2438 2141 2493 et

575 2524 876 2587 Antonin.
906 2525 1016 2588 ubi
1046 2541 1272 2608 supra:
1304 2527 1464 2589 ratio
1489 2544 1636 2588 vero
1667 2531 1779 2601 31,
1809 2524 1956 2605 quia
1991 2543 2139 2587 con-

573 2617 864 2691 sideratio
903 2619 1011 2681 illa
1049 2620 1494 2681 uniformitatis
1518 2637 1647 2681 non
1675 2618 1898 2679 sufficit
1917 2618 1993 2679 ad
2021 2619 2139 2679 hu·

567 2710 842 2788 jusmodi
871 2711 1334 2790 obligationem.
1377 2714 1456 2775 Et
1479 2712 1790 2792 imprimis
1817 2711 1982 2791 quod
2008 2729 2139 2773 non

577 2802 843 2864 sufficiat
887 2803 968 2864 ad
1015 2804 1457 2882 obligationem
1495 2804 1610 2865 sub
1636 2804 1908 2879 mortali,
1937 2809 2139 2865 osten-

578 2894 786 2955 dimus
809 2913 1017 2976 supra,
1046 2903 1110 2957 et
1135 2897 1410 2959 dicemus
1435 2896 1602 2959 infra
1617 2898 1684 2957 in
1705 2897 1992 2959 terminis
2017 2897 2141 2959 for·

509 3048 518 3057 ,
575 2987 862 3065 tioribus,
909 2990 1230 3052 tractando
1280 2991 1358 3052 de
1405 2990 1862 3070 dispensatione
1913 2990 2142 3051 harum

577 3080 812 3162 legum.
845 3083 1020 3158 Quod
1041 3102 1187 3147 vero
1212 3083 1315 3146 hic
1349 3084 1524 3146 nulla
1549 3084 1628 3145 sit
1651 3082 1792 3146 talis
1818 3082 2137 3162 obligatio,

575 3182 748 3256 patet
786 3195 866 3239 ex
904 3178 1261 3241 diversitate
1289 3184 1482 3242 status
1517 3177 1792 3257 religiosi
1825 3196 1866 3238 9
1889 3175 2144 3256 reliquis

575 3271 1006 3335 saecularibus:
1036 3292 1184 3336 nam
1211 3291 1289 3336 ex
1315 3292 1428 3336 sua
1447 3278 1676 3334 natura
1697 3273 1791 3350 (ut
1809 3271 1895 3331 sic
1914 3269 2141 3349 dicam)

576 3365 844 3427 includit
865 3368 1202 3446 quamdam
1221 3367 1718 3428 difformitatem:
1739 3382 1886 3443 ergo
1903 3382 2035 3426 non
2052 3369 2143 3425 est

581 3478 692 3523 cur
715 3463 992 3540 requirat
1027 3461 1214 3522 talem
1243 3459 1756 3522 uniformitatem.
1790 3457 2145 3518 Declaratur

581 3553 866 3633 exemplo
893 3553 1339 3633 philosophico,
1363 3569 1512 3614 nam
1538 3553 1607 3612 in
1628 3567 1881 3630 corpore
1900 3549 2143 3612 hetero-

581 3664 780 3726 geneo
794 3665 922 3708 non
939 3652 1032 3708 est
1063 3646 1404 3708 necessaria
1427 3644 1816 3706 uniformitas
1837 3643 2147 3706 membro·

583 3739 925 3802 1-11111.1109
965 3744 1177 3800 autem
1224 3755 1442 3817 corpus
1487 3737 1752 3799 civitatis
1788 3739 2031 3798 constat
2069 3753 2149 3798 ex

584 3831 780 3908 laicis,
810 3829 1043 3892 clericis
1061 3836 1127 3892 et
1149 3831 1474 3911 religiosis,
1503 3835 1799 3909 tanquam
1839 3846 1916 3890 ex
1952 3847 2149 3890 mem-

587 3925 716 3987 bris
757 3925 1219 4006 heterogeneis.
1261 3944 1410 4006 ergo
1443 3943 1574 3988 non
1611 3923 1883 4006 postulat
1909 3924 2148 3984 unifor-

1563 369 1681 423 us.
1711 370 1798 423 lv,
1830 368 1914 423 DE
1943 370 2106 425 11AE
2133 370 2423 425 roefflvA
2449 370 2779 425 monim.

2202 476 2483 539 mitatem
2502 476 2669 538 inter
2692 492 2799 537 eos
2824 473 2895 537 in
2924 471 3036 537 his
3054 488 3203 551 qum
3222 470 3469 551 propn'a
3486 480 3634 550 311111,
3651 480 3731 540 scd

2202 574 2450 631 tantum
2482 569 2551 631 in
2570 568 2671 630 his
2698 586 2836 648 quae
2860 566 3119 629 habent
3146 565 3524 642 communia,
3546 572 3607 627 ut
3624 580 3735 633 sunt

2204 661 2557 737 Christiani,
2593 660 2693 723 vel
2735 660 3031 721 membra
3068 656 3400 719 Ecclesiae:
3444 657 3539 719 hae
3569 668 3735 724 autem

2204 754 2372 833 leges
2390 754 2715 835 synodales
2736 771 2847 833 per
2864 772 2931 815 39
2952 752 3207 815 dantur
3231 766 3351 829 pro
3374 751 3737 832 mulas-ibus,

2204 848 2304 909 vel
2332 865 2445 927 pro
2470 848 2567 909 his
2600 848 2709 927 qui
2734 846 3104 909 subduntur
3130 843 3479 923 Episcopis:
3496 864 3603 906 non
3618 866 3741 927 ergo

2204 946 2446 1020 oportet
2488 940 2810 1019 religiosos
2856 939 2951 1001 eis
3016 935 3434 999 conformari.
3486 938 3742 1001 Declarari

2206 1033 2395 1095 etiam
2438 1039 2639 1113 potest
2676 1032 2961 1113 exemplo
2996 1028 3241 1093 morali
3267 1029 3348 1089 de
3384 1030 3610 1091 novitiis
3630 1033 3742 1093 reli·

2208 1127 2491 1205 gionum,
2535 1126 2667 1207 qni,
2713 1125 2861 1189 licet
2904 1139 3335 1187 communem
3374 1122 3555 1183 vitam
3590 1132 3742 1201 agant

2208 1236 2353 1281 cum
2374 1219 2610 1281 caeteris
2630 1218 2953 1299 religiosis,
2976 1213 3413 1279 nihilominus
3434 1232 3553 1275 non
3570 1219 3742 1277 tenen-

2208 1317 2313 1373 tur
2337 1312 2406 1372 in
2431 1313 2497 1373 vi
2520 1313 2813 1392 procepti
2832 1312 2915 1373 ad
2942 1308 3275 1373 servanda
3296 1312 3525 1368 statuta
3544 1308 3743 1387 religio-
3873 1322 3874 1325 ’

2210 1420 2389 1481 num,
2432 1405 2679 1467 etiamsi
2708 1404 2859 1465 talia
2898 1404 3057 1479 sint,
3108 1419 3257 1481 quae
3296 1399 3453 1461 alios
3487 1400 3745 1478 religiosos

2208 1497 2491 1576 obligent
2512 1498 2581 1559 in
2606 1497 3005 1572 oenoeientia3
3034 1494 3200 1575 quia
3214 1511 3331 1573 per
3346 1511 3413 1553 se
3434 1509 3555 1552 non
3577 1498 3744 1554 tenen-

2210 1597 2337 1668 tur,
2360 1592 2508 1671 quia
2526 1592 2801 1672 religiosi
2824 1609 2955 1653 non
2982 1594 3170 1665 311111,
3192 1592 3261 1649 91
3286 1588 3379 1649 119
3398 1586 3559 1648 deest
3575 1587 3634 1647 in
3652 1587 3742 1648 illis
3872 1626 3875 1687 ἶ

2210 1687 2689 1749 fundamentum
2710 1686 2877 1749 illius
2891 1681 3343 1763 obligationis,
3364 1680 3527 1761 quod
3548 1686 3629 1742 est
3644 1682 3742 1742 vin-

2210 1781 2421 1843 culum
2464 1780 2860 1861 professionis
2903 1784 2971 1841 et
3020 1776 3165 1839 voti
3214 1774 3573 1839 obedientiae
3598 1797 3615 1849 3
3657 1793 3740 1835 nec

2210 1868 2503 1937 tenentur
2537 1875 2781 1936 ratione
2812 1870 3308 1945 uniformitatis,
3344 1868 3492 1949 quia
3524 1868 3598 1929 ad
3618 1868 3741 1929 hanc

2214 1986 2343 2029 non
2372 1973 2665 2029 tenentur
2706 1984 2787 2029 ex
2826 1967 2892 2027 vi
2922 1970 3133 2027 status
3150 1984 3169 2023 ε
3202 1966 3357 2024 sunt
3398 1962 3559 2024 enim
3592 1960 3665 2021 ibi
3688 1967 3739 2021 ut

2214 2060 2576 2141 probentur,
2601 2078 2729 2123 non
2746 2065 2819 2120 ut
2834 2058 2977 2121 aliis
2992 2059 3067 2119 in
3096 2056 3399 2119 omnibus
3416 2053 3742 2115 conformen-
3872 2092 3874 2151 ἶ

2215 2158 2341 2228 tur,
2366 2152 2473 2215 sed
2500 2152 2847 2215 secundum
2870 2152 3141 2213 modum
3170 2163 3398 2209 suum:
3426 2146 3606 2209 multo
3626 2164 3739 2223 ergo

2214 2247 2423 2309 minus
2436 2251 2729 2307 tenentur
2736 2245 3013 2325 religiosi
3022 2242 3415 2305 conformari
3426 2240 3584 2301 laicis
3594 2240 3741 2299 etiam

2216 2338 2287 2399 in
2321 2337 2611 2417 operibus
2646 2338 2851 2415 bonis,
2878 2343 2942 2398 et
2972 2334 3397 2397 observantiis
3434 2330 3738 2411 specialibus

2218 2449 2455 2494 eorum.
2483 2432 2765 2493 Tandem
2781 2431 3039 2507 aceedit,
3070 2428 3247 2509 quod
3270 2427 3411 2489 ideo
3434 2426 3501 2487 hi
3522 2424 3739 2502 1911ῤοί

2218 2526 2601 2601 eximuntur,
2634 2526 2785 2605 quia
2814 2524 3053 2587 habent
3086 2522 3347 2603 propria
3372 2537 3571 2595 onera,
3604 2524 3656 2579 ct
3678 2535 3735 2577 nc

2218 2625 2519 2698 cogantur
2560 2618 2685 2679 9119
2722 2618 3047 2693 sustinere,
3091 2615 3223 2677 nisi
3268 2632 3405 2693 qum
3444 2610 3733 2684 Pontifices,

2216 2712 2317 2775 vel
2352 2730 2570 2773 eorum
2596 2711 2841 2773 Praelau
2868 2712 2957 2773 eis
2986 2708 3446 2791 imposuerint:
3476 2721 3607 2783 ergo
3634 2702 3733 2762 haee

2218 2806 2355 2886 ipsa
2390 2806 2701 2886 exemptio
2726 2805 3001 2867 declarat
3030 2822 3175 2866 non
3218 2820 3353 2865 esse
3386 2798 3732 2861 necessariam

2217 2900 2393 2962 illam
2418 2899 2934 2961 uniformitatem.
2964 2897 3395 2961 Nihilominus
3412 2910 3487 2955 ex
3508 2888 3730 2952 decentia

2220 2994 2491 3073 quadam
2516 2997 2685 3055 recte
2720 2992 2951 3053 sacient
2982 2989 3296 3071 religiosi,
3326 2988 3436 3049 has
3460 2985 3609 3063 leges
3640 2998 3732 3042 ser-

2220 3086 2447 3164 vando,
2466 3085 2578 3147 ubi
2602 3086 2736 3148 sine
2757 3103 2988 3166 magno
3009 3101 3209 3148 onere
3232 3078 3552 3164 potuerint.
3574 3076 3637 3136 Et
3650 3070 3729 3132 uhi

2220 3179 2411 3242 fuerit
2440 3179 2821 3241 consuetudo
2850 3180 2989 3240 11193
3026 3175 3329 3240 servandi
3352 3180 3621 3251 tanquam
3650 3183 3729 3226 ne·

2220 3274 2511 3336 cessarias
2520 3318 2543 3350 ,
2592 3273 3036 3352 obligabantur
3074 3289 3161 3334 ex
3200 3270 3267 3332 vi
3310 3258 3723 3331 consuetudinis,

2222 3385 2349 3427 non
2398 3385 2545 3428 vero
2594 3385 2669 3430 ex
2718 3366 2857 3426 aliis
2896 3365 3231 3446 capitibus.
3275 3363 3353 3423 Et
3388 3359 3513 3420 11199
3552 3352 3727 3414 dixisse

2222 3457 2487 3520 sufficiat
2531 3459 2609 3520 de
2652 3458 2791 3538 lege
2822 3457 3167 3520 canonica:
3214 3472 3363 3518 1193
3401 3455 3595 3512 caetera
3622 3457 3725 3521 ⁴1¹1ae

2222 3552 2557 3614 desiderari
2584 3557 2841 3632 possunt
2866 3550 3232 3612 communia
3258 3550 3400 3610 sunt
3422 3540 3536 3620 legi
3552 3539 3725 3598 huma-

2228 3663 2327 3706 noe
2356 3651 2662 3724 quatenus
2686 3645 2827 3706 talis
2852 3649 2963 3718 est,
2992 3643 3265 3725 ideoque
3290 3657 3366 3702 ex
3388 3635 3533 3698 libro
3548 3642 3725 3710 plaeoe·

2228 3739 2403 3800 denti
2435 3739 2703 3844 petenda
2744 3742 2913 3813 sunt,
2966 3743 3030 3798 et
3068 3738 3153 3798 ob
3208 3733 3481 3798 eamdem
3526 3735 3721 3784 eausam

2226 3832 2304 3894 de
2332 3833 2505 3894 varia
2526 3831 2690 3894 1111113
2708 3833 3052 3894 mutatione
3082 3832 3157 3893 in
3176 3831 3338 3892 libro
3362 3829 3559 3887 octavo
3596 3813 3723 3874 dice·

2228 3943 2386 3989 mus,

1881 4143 2033 4194 rmls
2072 4143 2224 4190 LIBRI
2262 4143 2500 4197 Quan'rt.
