3976 6219
875 431 1011 485 CAP.
1046 432 1240 484 xxvn.
1276 432 1488 487 mmm
1520 433 1848 487 OBLIGATIO
1878 432 2058 487 LEGIS
2089 432 2298 496 Quom
2330 429 2751 495 GRAVITATEM,
2784 430 2924 485 ETC.

238 557 247 562 ·
290 533 409 596 hoc
435 533 598 595 inter
628 533 794 612 leges
828 534 1041 597 civiles
1065 540 1126 596 et
1153 536 1500 612 canonicas,
1547 537 1694 617 quia
1733 536 1856 597 dis-

292 645 503 688 cursus
531 626 730 686 factus
758 627 948 688 etiam
975 628 1042 688 in
1071 627 1312 706 legibus
1333 629 1615 689 civilibus
1646 647 1854 709 proce·

216 749 227 758 ·
292 720 422 780 dit:
453 736 601 779 nam
623 719 699 779 de
723 719 847 780 illis
878 725 1191 780 ostensum
1220 726 1311 781 est
1349 721 1613 782 verbum
1644 722 1853 800 praeci-

290 812 502 892 piendi
546 811 823 872 absolute
871 812 1181 891 prolatum
1231 831 1360 875 esse
1411 813 1717 875 sufficiens
1771 815 1852 876 ad

290 904 784 966 constituendam
806 905 1071 965 formam
1109 905 1287 984 legis.
1325 907 1479 968 Item
1517 907 1593 968 de
1621 906 1854 969 eisdem

291 1003 607 1059 ostensum
635 1001 726 1057 est
760 996 1035 1075 obligare
1063 997 1131 1058 in
1157 999 1527 1060 conscientia
1549 1006 1854 1079 quantum

291 1090 372 1152 ad
394 1090 459 1151 id
491 1088 656 1170 quod
691 1089 970 1151 absolute
1009 1090 1394 1170 praecipiunt.
1446 1083 1723 1172 Denique
1776 1091 1855 1154 de

292 1183 523 1245 eisdem
558 1182 746 1243 etiam
774 1200 993 1244 verum
1033 1188 1125 1243 est
1161 1183 1327 1262 quod
1366 1183 1646 1262 obligant
1679 1186 1854 1263 quasi

291 1276 682 1352 naturaliter,
709 1282 772 1338 et
801 1284 1105 1356 quantum
1132 1283 1390 1358 possunt
1415 1279 1595 1356 juxta
1621 1279 1857 1358 capaci-

292 1375 483 1432 tatem
506 1369 811 1444 materian
839 1387 988 1447 ergo
1007 1370 1074 1429 in
1098 1370 1186 1430 eis
1208 1369 1468 1430 verbum
1494 1372 1855 1451 praecipien-

292 1463 358 1524 di
375 1462 647 1523 absolute
671 1461 944 1541 positum
965 1461 1043 1522 de
1072 1479 1136 1522 se
1159 1462 1392 1522 indicat
1409 1462 1853 1540 obligationem

293 1556 409 1617 sub
446 1554 716 1630 mortali,
761 1555 812 1614 si
852 1554 1114 1615 materia
1159 1558 1251 1615 est
1302 1572 1494 1634 capax
1532 1555 1716 1616 illius.
1749 1554 1854 1618 Se-

294 1648 523 1724 cundo,
570 1647 769 1709 infero
796 1646 966 1707 idem
1013 1647 1344 1707 dicendum
1372 1664 1502 1709 esse
1543 1648 1620 1709 de
1649 1648 1854 1710 verbis

293 1740 683 1822 prohibendi,
715 1745 952 1801 servata
982 1739 1402 1819 proportione,
1434 1746 1496 1801 et
1533 1741 1610 1802 de
1650 1742 1852 1802 omni-

292 1833 408 1894 bus
427 1832 961 1912 aequivalentibus,
981 1833 1161 1913 juxta
1172 1832 1517 1894 doctrinam
1539 1851 1727 1912 supra
1746 1834 1854 1895 da-

291 1929 424 1985 tam
453 1925 530 1985 de
564 1924 767 1985 forma
792 1925 947 2003 legis
985 1925 1275 1985 humanas
1324 1942 1434 1986 seu
1463 1925 1683 2000 civiliS‚
1716 1945 1854 2005 quae

289 2014 393 2075 hic
439 2014 810 2094 applicanda
852 2022 963 2077 est.
1008 2018 1167 2078 Nam
1210 2017 1414 2097 primo
1461 2022 1523 2079 et
1548 2019 1853 2099 praecipue

290 2107 698 2186 spectandum
742 2114 833 2169 est
855 2127 991 2187 quae
1018 2108 1207 2170 verba
1241 2109 1619 2170 constituant
1651 2110 1854 2189 legem

290 2200 357 2260 in
385 2218 514 2262 esse
552 2201 708 2281 legis
756 2223 770 2261 :
805 2218 954 2262 nam
992 2202 1229 2263 illamet
1273 2204 1655 2265 constituunt
1681 2203 1854 2265 illam

290 2293 358 2356 in
384 2295 624 2356 ratione
660 2296 951 2375 praecepti
980 2294 1264 2357 habentis
1292 2295 1424 2355 vim
1443 2295 1761 2375 obligandi
1786 2298 1853 2358 in

292 2389 683 2464 conscientia,
714 2393 776 2449 et
809 2392 1255 2467 consequenter
1297 2405 1374 2448 ex
1414 2395 1588 2467 parte
1638 2388 1854 2451 verbo-

292 2499 435 2541 rum
461 2481 603 2542 talis
644 2481 820 2561 legis,
869 2481 922 2542 si
964 2479 1242 2541 absoluta
1269 2479 1395 2539 sint
1420 2485 1482 2541 et
1530 2499 1659 2542 non
1689 2481 1854 2543 limi-

292 2578 527 2649 tentur,
539 2573 836 2654 obligabit
856 2573 995 2635 talis
1006 2573 1109 2634 lex
1130 2578 1435 2652 quantum
1454 2578 1654 2652 potest
1676 2575 1855 2655 juxta

291 2665 567 2726 materiae
619 2668 1043 2747 capacitatem,
1072 2671 1136 2727 et
1174 2671 1619 2745 consequenter
1664 2667 1853 2728 etiam

290 2757 406 2819 sub
429 2759 678 2820 mortali
704 2760 757 2820 si
782 2759 1042 2821 materia
1063 2759 1144 2819 sit
1160 2776 1374 2838 capax.
1399 2758 1629 2833 Tertio,
1659 2758 1851 2820 infer-

290 2856 393 2912 tur
440 2852 752 2931 quomodo
796 2849 1201 2929 intelligenda
1234 2849 1357 2911 sint
1386 2849 1554 2912 dicta
1591 2852 1736 2930 jura
1783 2852 1852 2912 in

291 2944 592 3007 Clement.
618 2946 845 3008 Excivit
871 2950 933 3006 et
963 2962 1019 3005 8.
1065 2944 1275 3020 Exiit,
1303 2961 1447 3004 cum
1478 2944 1693 3005 dicunt
1713 2963 1851 3006 ver-

290 3037 374 3100 ba
400 3040 769 3120 praeceptiva
810 3040 878 3100 in
899 3038 1115 3119 regula
1141 3038 1335 3099 sancti
1360 3038 1669 3098 Francisci
1689 3037 1849 3098 indi-

292 3151 432 3194 care
477 3132 922 3211 obligationem
967 3133 1082 3193 sub
1131 3131 1380 3193 mortali
1427 3147 1444 3192 ε
1497 3131 1853 3210 intelligunt

290 3226 461 3287 enim
499 3225 619 3286 hoc
660 3216 963 3306 quantum
1005 3231 1099 3286 est
1146 3243 1220 3286 ex
1259 3243 1356 3300 se,
1388 3242 1500 3285 seu
1537 3224 1855 3303 supposita

290 3318 567 3379 materiae
597 3319 956 3398 capacitate,
983 3335 1172 3398 quam
1219 3316 1306 3377 ibi
1344 3315 1667 3377 Pontifices
1711 3336 1853 3396 sup-

291 3428 519 3492 ponere
542 3410 658 3471 visi
685 3416 851 3472 sunt.
879 3412 955 3471 Et
985 3410 1075 3471 ita
1099 3409 1314 3489 regula
1333 3427 1458 3488 qua
1477 3408 1567 3469 ibi
1590 3413 1854 3471 utuntur

291 3503 615 3566 Pontifices
662 3502 970 3582 generalis
1010 3508 1102 3564 est
1136 3502 1215 3564 ad
1259 3502 1413 3564 alias
1461 3501 1628 3582 leges
1648 3547 1669 3577 ,
1722 3521 1851 3564 non

290 3603 537 3658 tantum
550 3596 897 3671 canonicae„
922 3596 1029 3657 sed
1046 3595 1235 3656 etiam
1254 3593 1465 3656 civiles
1487 3612 1504 3657 ε
1530 3613 1658 3656 non
1683 3595 1852 3656 enim

290 3695 556 3751 utuntur
606 3689 715 3751 illa
749 3689 965 3769 regula
1011 3692 1260 3768 propter
1294 3688 1620 3768 specialem
1663 3688 1850 3748 ratio-

292 3802 437 3845 nem
465 3802 606 3864 quae
634 3784 704 3843 in
734 3782 954 3862 regula
983 3781 1181 3842 sancti
1210 3780 1527 3866 ,Francisci
1573 3781 1852 3842 invenia-

292 3881 413 3953 tur,
444 3895 561 3937 nec
604 3879 854 3955 propter
897 3873 1171 3954 aliquam
1210 3891 1349 3954 quae
1399 3874 1743 3953 reperiatur
1784 3873 1853 3933 in

291 3968 531 4047 legibus
548 3968 1007 4043 EcclesiasticiS,
1025 3967 1132 4028 sed
1149 3973 1401 4046 propter
1414 3967 1853 4047 proprietatem

292 4061 624 4124 verborum
646 4059 1064 4142 praecipiendi.
1113 4060 1324 4138 Neque
1368 4060 1538 4120 enim
1591 4058 1698 4118 illa
1747 4058 1854 4119 de-

294 4160 459 4216 creta
489 4153 878 4216 constitutiva
903 4156 1049 4213 sunt
1070 4151 1217 4212 novi
1251 4151 1432 4231 juriS,
1454 4151 1560 4213 sed
1587 4150 1855 4212 declara·

293 4247 424 4309 tiva
449 4247 590 4308 talis
618 4246 851 4327 regulae
874 4264 952 4307 ex
974 4245 1123 4324 'jure
1149 4244 1429 4324 antiquo,
1455 4243 1724 4305 naturali
1746 4263 1854 4324 po-

293 4341 440 4418 tius,
485 4360 673 4422 quam
699 4341 962 4421 positivo
985 4340 1303 4409 canonico,
1328 4341 1659 4419 Nunquam
1686 4339 1855 4399 enim

295 4433 625 4497 Pontifices
669 4434 1043 4496 addiderunt
1088 4432 1417 4512 specialem
1462 4432 1594 4493 vim
1652 4430 1857 4493 verbis

295 4528 420 4591 illis
440 4546 554 4609 pro
573 4529 813 4608 legibus
841 4526 1174 4602 canonicis,
1207 4526 1313 4587 scd
1350 4544 1428 4587 ex
1470 4527 1769 4606 primaeva
1795 4530 1858 4587 et

297 4623 551 4703 propria
582 4620 1029 4701 significatione
1051 4619 1273 4679 talium
1302 4619 1656 4697 verborum,
1690 4624 1755 4681 et
1780 4636 1859 4682 ex

296 4715 617 4778 communi
645 4733 763 4777 usu
783 4713 957 4777 illam
984 4717 1363 4794 supponunt.

816 4889 1063 4966 CAPUT
1102 4888 1342 4953 XXVII.

298 5100 505 5149 uranu
548 5099 853 5149 ommno
904 5099 1070 5147 mass
1103 5098 1392 5160 numm,
1427 5097 1619 5152 onom
1644 5096 1860 5145 anaw-

379 5194 587 5241 nm
611 5194 771 5255 Esus,
800 5194 885 5242 nx
909 5191 1263 5242 mannonis
1290 5190 1693 5239 mersurom
1719 5191 1861 5239 rsu-

377 5288 558 5335 mur.

383 5463 415 5522 1
429 5505 444 5521 .
488 5459 908 5541 supponimus
930 5452 1341 5523 intentionem
1375 5457 1691 5539 obligandi
1734 5475 1862 5520 esse

301 5552 381 5617 de
405 5553 649 5619 ratione
669 5553 851 5636 legis,
877 5559 949 5618 ιιι
970 5571 1155 5638 supra
1172 5558 1488 5618 ostensum
1509 5557 1602 5617 est
1610 5567 1633 5634 3
1658 5552 1864 5634 inqui-

3378 424 3496 487 277

1934 536 2133 599 rimus
2160 542 2372 597 autem
2419 554 2504 596 an
2558 534 2825 613 gravitas
2869 530 3263 612 obligationis
3290 531 3493 610 quoad

1934 630 2195 691 mortale
2254 634 2362 689 aut
2404 627 2648 689 veniale
2695 627 2961 707 pendeat
3008 644 3083 687 ex
3126 624 3493 703 legislatoris

1932 722 2299 783 intentione.
2354 719 2585 781 Deinde
2639 727 2711 780 ut
2757 718 3142 798 intelligatur
3194 722 3495 796 punctum

1932 814 2310 892 quaestionis,
2341 813 2746 892 supponimus
2771 812 2959 872 variis
2982 810 3182 872 modis
3208 827 3385 889 posse
3412 809 3498 873 le-

1933 905 2287 985 gislatorem
2318 924 2382 967 se
2418 905 2647 966 habere
2668 906 2736 966 in
2763 904 3017 966 ferenda
3065 903 3239 982 lege3
3268 904 3495 983 prim0,

1932 1003 2006 1060 ut
2031 999 2391 1079 simpliciter
2412 998 2695 1060 intendat
2713 998 2919 1076 legem
2945 996 3105 1058 ferre
3128 997 3291 1057 circa
3306 995 3497 1058 talem

1934 1092 2284 1168 materiam,
2315 1097 2378 1153 et
2426 1109 2555 1152 non
2587 1090 2893 1170 amplius:
2929 1089 3219 1165 secundo,
3245 1094 3317 1149 ut
3340 1088 3498 1150 defi-

1935 1184 2067 1245 nite
2085 1184 2238 1246 velit
2260 1185 2422 1246 ferre
2444 1184 2671 1262 legem,
2689 1189 2750 1245 et
2767 1202 2879 1263 per
2900 1182 3074 1244 illam
3095 1183 3163 1243 in
3185 1182 3498 1243 conscien-

1933 1277 2023 1338 tia
2070 1277 2366 1357 obligare,
2413 1296 2542 1338 non
2570 1276 3041 1338 determinando
3085 1275 3497 1355 quantitatem
3589 1272 3605 1286 “

1934 1361 2364 1448 obligationis3
2394 1370 2602 1445 tertio,
2633 1375 2706 1430 ut
2735 1369 2889 1431 velit
2914 1369 3076 1431 ferre
3097 1367 3302 1447 legem
3329 1385 3498 1430 mere

1932 1461 2268 1541 poenalem,
2318 1467 2380 1523 et
2401 1480 2530 1523 non
2557 1461 2940 1540 obligantem
2972 1461 3040 1522 in
3067 1461 3444 1522 conscientia
3476 1482 3491 1521 :

1933 1559 2177 1632 quarto,
2208 1560 2282 1615 ut
2301 1555 2451 1615 velit
2478 1553 2732 1616 definite
2759 1554 3035 1631 obligare
3084 1553 3201 1613 sub
3244 1557 3495 1633 peccato

1934 1647 2209 1723 mortali,
2249 1652 2312 1709 et
2335 1666 2464 1709 non
2499 1653 2748 1710 tantum
2771 1648 2885 1709 sub
2907 1647 3159 1719 veniali,
3183 1651 3247 1707 et
3290 1663 3325 1708 e
3352 1663 3499 1706 con-

1932 1740 2127 1802 trario
2177 1745 2251 1800 ut
2301 1740 2452 1802 velit
2495 1746 2742 1803 tantum
2796 1739 2911 1801 sub
2947 1738 3203 1814 veniali,
3236 1743 3298 1799 et
3324 1737 3497 1798 nullo

1930 1832 2118 1894 modo
2146 1831 2262 1893 sub
2293 1833 2566 1909 mortali,
2609 1839 2672 1894 et
2697 1833 2774 1894 de
2800 1831 2919 1892 hoc
2967 1831 3189 1892 ultimo
3215 1828 3498 1891 membro

1930 1929 2177 1985 tantum
2212 1930 2304 1984 est
2331 1924 2540 2004 aliqua
2588 1924 3026 2000 controversia,
3075 1929 3299 1985 caetera
3325 1922 3497 1983 enim

1932 2016 2102 2078 clara
2128 2023 2275 2078 sunt
2296 2035 2373 2078 ex
2398 2018 2598 2081 dictis.
2630 2020 2787 2080 Nam
2823 2019 2891 2079 in
2918 2019 3120 2099 primo
3147 2016 3332 2077 modo
3361 2016 3497 2076 sine

1935 2107 2124 2170 dubio
2150 2109 2254 2171 lex
2272 2109 2505 2189 obligat
2522 2111 2593 2172 in
2615 2111 3015 2186 conscientia,
3050 2109 3196 2189 quia
3224 2127 3372 2170 vera
3395 2108 3498 2168 lex

1933 2208 2161 2263 natura
2181 2221 2296 2264 sua
2314 2203 2504 2265 habet
2530 2203 2698 2265 hunc
2720 2203 3029 2280 effectum,
3064 2203 3267 2263 sinon
3292 2202 3500 2263 exclu-

1935 2293 2161 2372 datur3
2185 2296 2375 2371 unde,
2407 2313 2480 2356 eo
2503 2296 2634 2375 ipso
2674 2296 2841 2375 quod
2884 2295 3148 2356 intentio
3197 2293 3394 2355 fertur
3419 2293 3500 2354 ad

1932 2405 2149 2448 veram
2174 2387 2400 2467 legem,
2426 2394 2491 2449 et
2516 2389 2619 2450 hic
2655 2389 2908 2449 effectus
2952 2406 3082 2448 non
3127 2386 3494 2462 excluditur,

1933 2488 2026 2542 est
2047 2481 2427 2543 sufficienter
2443 2483 2742 2559 intentus,
2770 2488 2833 2544 et
2857 2482 3122 2543 efficitur
3141 2499 3253 2561 per
3263 2481 3488 2560 legem.

1931 2574 2142 2657 Neque
2172 2580 2265 2635 est
2285 2593 2531 2655 semper
2556 2576 2897 2637 necessaria
2928 2574 3205 2635 formalis
3233 2574 3495 2636 intentio

1933 2665 2254 2745 obligandi
2285 2669 2353 2728 in
2370 2669 2768 2744 conscientia,
2787 2668 2888 2730 vel
2914 2667 3027 2728 sub
3052 2666 3334 2743 mortali3
3370 2668 3497 2728 imo

1928 2777 2076 2821 vero
2120 2758 2240 2820 hoc
2268 2760 2376 2821 vix
2401 2762 2574 2823 venit
2606 2762 2677 2822 in
2713 2767 2989 2822 mentem
3016 2760 3382 2839 legislatoris
3410 2762 3496 2820 ci-

1930 2852 2093 2927 vilis,
2126 2857 2188 2914 et
2214 2854 2485 2916 maxime
2521 2855 2590 2915 in
2620 2853 2996 2929 infidelibus,
3036 2853 3112 2916 de
3145 2851 3368 2932 quibus
3405 2858 3498 2913 est

1932 2944 2151 3006 eadem
2172 2946 2351 3008 ratio.
2392 2949 2565 3008 Idem
2592 2953 2684 3008 est
2714 2947 2784 3007 in
2804 2953 2949 3008 voto
2976 2952 3040 3007 et
3067 2945 3492 3026 promissione,

1935 3037 2105 3117 quia,
2146 3038 2198 3098 si
2241 3037 2418 3115 fiant,
2450 3040 2659 3100 statim
2683 3038 2962 3119 obligant
3001 3039 3070 3099 in
3093 3037 3490 3114 conscientia,

1932 3131 2077 3191 licet
2105 3132 2473 3211 promittens
2497 3133 2657 3193 nihil
2693 3132 2770 3194 de
2795 3130 3169 3193 conscientia
3188 3132 3496 3209 cogitave-

1931 3224 2052 3285 rit:
2083 3224 2251 3285 idem
2276 3243 2424 3304 ergo
2442 3231 2534 3286 est
2558 3227 2627 3286 in
2644 3225 2804 3305 lege,
2833 3244 3036 3305 neque
3064 3230 3159 3286 est
3185 3223 3316 3285 ulla
3334 3225 3493 3284 ratio

1934 3334 2047 3378 cur
2067 3318 2413 3398 expressior
2433 3318 2695 3379 intentio
2714 3319 3057 3380 necessaria
3072 3320 3172 3380 sit.

2012 3411 2074 3471 2.
2115 3412 2193 3471 Et
2235 3411 2404 3473 idem
2432 3429 2576 3472 cum
2604 3412 3002 3492 proportione
3029 3416 3122 3472 est
3157 3410 3495 3471 dicendum

1931 3504 2001 3565 in
2028 3505 2295 3566 secundo
2340 3506 2525 3566 modo
2555 3506 2919 3566 intentionis
2955 3527 2969 3565 :
3003 3523 3152 3566 nam
3189 3504 3276 3565 ibi
3303 3504 3493 3566 etiam

1930 3604 2022 3660 est
2067 3598 2366 3678 implicite
2404 3599 2644 3660 intenta
2679 3599 2947 3679 gravitae
2987 3598 3400 3678 obligationis,
3432 3604 3496 3659 et

1928 3711 2059 3753 non
2085 3693 2442 3772 impeditur,
2479 3692 2580 3755 vel
2619 3692 2800 3755 aliter
2833 3693 3181 3754 excluditur
3221 3692 3497 3754 efficacia

1929 3784 2095 3846 illius
2120 3785 2485 3846 intentionis
2511 3806 2526 3845 z
2560 3804 2708 3865 ergo
2735 3786 2881 3847 satis
2904 3791 3017 3847 est.
3044 3787 3123 3847 Et
3147 3785 3287 3847 ideo
3306 3803 3495 3865 supra

1931 3879 2282 3940 notavimus
2322 3878 2488 3958 quod
2519 3878 2573 3938 si
2617 3879 2877 3940 materia
2928 3880 3011 3939 sit
3056 3897 3272 3958 capax,
3305 3884 3368 3940 et
3392 3878 3495 3940 lex

1931 3968 2168 4032 feratur
2195 3969 2472 4031 absoluto
2499 3970 2688 4032 verbo
2713 3972 3132 4051 praecipiendi,
3154 3962 3383 4031 etcum
3412 3971 3494 4031 si-

1933 4062 2072 4124 mili
2099 4062 2352 4124 confusa
2377 4063 2744 4138 intentione,
2775 4062 3071 4142 obligatio
3099 4068 3191 4124 est
3221 4064 3300 4123 ad
3330 4081 3495 4123 mor-

1931 4156 2080 4231 tale,
2109 4159 2479 4233 argumento
2510 4153 2807 4215 Clement.
2838 4155 3091 4230 Exim,
3116 4155 3282 4233 quod
3305 4155 3495 4215 etiam

1935 4248 2123 4309 tradit
2151 4248 2295 4309 Soto
2325 4246 2368 4308 1.
2404 4250 2433 4308 1
2476 4246 2553 4307 de
2574 4247 2730 4308 Just.
2764 4265 2827 4325 q.
2851 4247 2953 4322 62,
2975 4265 3034 4307 a.
3066 4248 3129 4321 4,
3160 4264 3373 4307 versus
3423 4247 3495 4308 fi-

1936 4358 2082 4402 nem
2095 4356 2115 4418 3
2143 4340 2290 4419 quia
2329 4339 2383 4400 si
2419 4338 2734 4424 legislator
2771 4338 2907 4399 vult
2949 4338 3245 4417 obligare,
3278 4345 3340 4400 et
3367 4358 3495 4400 non

1936 4433 2309 4496 determinat
2329 4433 2705 4509 modum,·ex
2732 4433 2994 4494 materia
3019 4432 3487 4508 determinatur,

1937 4528 2080 4608 quia
2105 4528 2174 4589 in
2200 4546 2267 4589 re
2285 4546 2413 4588 non
2435 4532 2636 4607 potest
2656 4526 2794 4588 fieri
2812 4527 2946 4588 sine
2969 4525 3177 4605 aliqua
3203 4525 3492 4587 determi-

1939 4621 2214 4696 natione,
2236 4626 2299 4682 et
2323 4620 2455 4681 haec
2479 4638 2607 4681 non
2625 4625 2826 4700 potest
2843 4618 3094 4680 aliunde
3120 4619 3284 4679 sumi
3302 4634 3324 4695 ;
3345 4624 3497 4680 tunc

1937 4729 2086 4793 ergo
2128 4712 2271 4773 talis
2296 4713 2559 4774 intentio
2605 4713 2854 4789 sufficit,
2906 4712 3058 4791 quia
3087 4711 3367 4773 materiae
3398 4730 3498 4773 ac-

1937 4806 2366 4867 commodatur
2386 4823 2459 4868 ac
2485 4824 2597 4886 per
2617 4805 2789 4867 illam
2814 4804 3282 4867 determinatur.

2019 4900 2079 4960 3.
2123 4899 2425 4960 Praeterea
2457 4898 2624 4959 idem
2667 4896 2998 4960 dicendum
3029 4903 3123 4960 est
3167 4915 3311 4960 cum
3355 4915 3500 4977 pro-

1937 4992 2223 5073 portione
2254 4992 2322 5053 in
2346 4993 2529 5054 tertio
2556 4992 2766 5068 modo,
2807 4990 3058 5071 quando
3112 4990 3379 5052 intentio
3412 4989 3499 5051 le-

1938 5084 2244 5166 gislatoris
2294 5101 2574 5165 expresse
2606 5088 2699 5145 est
2746 5084 2824 5144 de
2863 5082 3119 5144 ferenda
3160 5082 3297 5161 lege
3345 5101 3499 5162 pure

1939 5176 2173 5258 poenali
2203 5198 2219 5238 ε
2255 5194 2403 5237 nam
2432 5180 2524 5255 (ut
2544 5194 2732 5255 supra
2766 5175 2916 5252 dixi)
2944 5175 3052 5235 illa
3071 5175 3335 5236 intentio
3357 5193 3498 5236 mu-

1940 5271 2241 5331 tationem
2289 5267 2435 5330 facit
2466 5269 2534 5329 in
2562 5268 2823 5329 materia
2847 5266 3024 5346 legis,
3067 5285 3207 5347 quae
3233 5269 3499 5330 mutatio

1942 5368 2036 5426 est
2060 5363 2128 5423 in
2156 5366 2453 5441 potestate
2483 5360 2889 5440 legislatoris:
2921 5378 3068 5421 nam
3113 5367 3312 5441 potest
3337 5361 3501 5421 hanc

1941 5456 2042 5519 vel
2066 5455 2241 5517 illam
2265 5454 2615 5530 materiam,
2653 5459 2762 5516 aut
2786 5454 3215 5532 determinate,
3246 5459 3356 5515 aut
3379 5453 3502 5514 dis-

1938 5549 2228 5634 junctim,
2251 5553 2360 5614 aut
2374 5546 2674 5628 absolute,
2703 5551 2814 5614 aut
2837 5547 2952 5614 sub
2974 5547 3326 5612 conditione
3345 5564 3501 5630 prae-
