3976 6219
529 337 611 396 64

530 441 719 502 refert
747 440 912 518 quod
937 437 1250 499 interdum
1303 438 1528 498 dicitur
1577 439 1679 499 lex
1730 440 2093 518 praecipiens

528 539 737 593 actum
764 531 1090 610 prohibere
1136 532 1529 592 omissionem
1581 547 1597 590 ε
1644 550 1791 592 nam
1817 533 1924 592 illa
1952 551 2091 611 pro·

530 625 750 686 bibitio
800 625 866 682 in
917 623 1391 683 affirmationem
1419 624 1758 698 reducitur,
1810 626 1955 702 quia
2002 630 2094 684 est

532 718 779 796 negatio
823 733 959 793 quae
987 716 1053 774 in
1090 717 1485 794 negationem
1529 717 1715 791 cadit,
1746 717 1999 790 scilicet,
2025 717 2093 776 in

533 810 927 870 omissionem
962 824 979 866 ε
1009 813 1070 867 et
1093 809 1180 867 ita
1198 808 1335 868 duae
1364 810 1720 887 negationes
1754 810 2089 869 affirmant.

532 903 742 979 Neque
771 901 958 961 etiam
999 901 1198 960 obstat
1225 900 1390 978 quod
1432 900 1531 959 lex
1580 902 1940 980 praecipiens
1995 919 2093 961 ac·

532 999 666 1052 tum
696 992 804 1053 tali
839 998 1113 1070 tempore
1159 991 1528 1067 faciendum,
1556 994 1782 1052 virtute
1810 991 2097 1071 probibet

531 1084 759 1144 habere
811 1084 1220 1162 propositum,
1267 1089 1374 1142 aut
1402 1084 1785 1144 voluntatem
1818 1102 1943 1142 non
2005 1083 2094 1143 fa·

532 1177 738 1237 ciendi
771 1176 1058 1237 eumdem
1085 1182 1292 1235 actum
1321 1194 1432 1255 pro
1476 1176 1582 1236 illo
1632 1183 1934 1256 tempore,
1965 1176 2095 1237 sive

532 1270 656 1330 tale
682 1269 1064 1347 propositum
1098 1268 1164 1326 in
1197 1268 1414 1328 eodem
1441 1275 1741 1348 tempore,
1771 1269 1897 1330 sive
1926 1268 2097 1346 prius

534 1361 871 1437 habeatur3
907 1378 1146 1439 semper
1176 1360 1344 1421 enim
1385 1362 1503 1421 erit
1528 1361 1683 1439 legis
1711 1360 1981 1435 violatio,
2018 1360 2098 1419 si-

538 1459 642 1512 cut
668 1452 857 1512 etiam
878 1451 979 1512 lex
1001 1452 1336 1531 prohibens
1355 1452 1626 1531 aliquem
1653 1459 1857 1512 actum
1886 1450 2099 1530 praeci-

535 1545 628 1623 pit
652 1544 965 1604 interdum
1010 1550 1219 1604 actum
1244 1545 1578 1622 positivum
1606 1544 1960 1618 voluntatis,
2001 1543 2099 1603 vel

536 1641 884 1711 externum,
932 1636 983 1695 si
1033 1636 1409 1696 necessarius
1438 1635 1626 1696 fuerit
1651 1636 1730 1695 ad
1775 1634 2099 1695 vitandum

537 1733 746 1787 actum
787 1727 1193 1807 prohibitum,
1222 1734 1292 1788 ut
1318 1728 1419 1787 lex
1450 1746 1580 1787 non
1614 1727 1961 1786 fornicandi
1990 1726 2101 1785 ali-

537 1821 786 1899 quando
814 1820 1046 1899 obligat
1072 1821 1152 1880 ad
1196 1821 1552 1881 babendum
1595 1821 1927 1898 positivum
1956 1837 2100 1899 pro-

538 1914 807 1990 positum
836 1931 961 1973 non
990 1912 1359 1987 fornicandi,
1388 1913 1440 1972 si
1480 1913 1890 1972 necessarium
1914 1913 1993 1971 sit
2020 1911 2100 1971 ad

540 2005 907 2064 vincendam
946 2005 1250 2065 rationem
1288 2004 1379 2063 illi
1430 2002 1555 2080 legi
1582 2005 1976 2078 contrariam,
2005 2001 2102 2062 vel

540 2095 776 2173 obligat
839 2096 918 2156 ad
971 2096 1298 2175 fugiendas
1351 2096 1696 2156 occasiones
1715 2143 1736 2172 ,
1789 2103 1906 2156 etc.
1958 2097 2101 2155 Haec

541 2190 873 2267 (inquam)
903 2207 1030 2249 non
1075 2189 1342 2263 obstant,
1387 2187 1533 2266 quia
1579 2195 1722 2249 sunt
1757 2188 1956 2248 solum
1994 2206 2101 2266 per

539 2282 868 2358 quamdam
895 2281 1409 2354 consecutionem,
1434 2281 1496 2339 in
1530 2289 1833 2359 quantum
1861 2280 1962 2341 lex
1991 2279 2103 2340 ali-

537 2374 686 2451 quid
705 2375 1015 2452 imperans
1042 2379 1487 2452 consequenter
1512 2373 1746 2450 obligat
1767 2373 1845 2432 ad
1869 2392 1943 2433 ea
1965 2391 2104 2451 quoe

540 2467 884 2527 necessaria
899 2467 1142 2526 suntad
1179 2467 1264 2540 id,
1287 2466 1450 2545 quod
1475 2466 1768 2543 primario
1797 2472 1888 2525 est
1908 2466 2104 2544 impe-

540 2566 769 2621 ratum.
802 2560 911 2621 Illa
931 2566 1140 2621 autem
1177 2561 1300 2620 duo
1338 2559 1619 2620 membra
1635 2560 2106 2638 distinguuntur

542 2670 618 2712 ex
636 2654 823 2712 rebus
841 2671 993 2731 quas
1016 2670 1125 2731 per
1145 2671 1210 2713 se
1228 2653 1429 2731 primo
1444 2652 1775 2730 imperant,
1798 2671 1934 2730 quae
1958 2658 2103 2712 sunt

542 2760 725 2819 agere
756 2744 855 2804 vel
883 2763 1010 2803 non
1038 2763 1244 2822 agere,
1284 2750 1347 2804 et
1371 2745 1461 2804 ita
1496 2762 1818 2822 nunquam
1853 2749 2106 2824 possunt

542 2835 884 2896 coincidere
918 2835 984 2895 in
1006 2837 1289 2897 eamdem
1316 2836 1541 2913 legem.

624 2929 682 2988 3.
729 2930 1014 3009 Effectus
1047 2930 1341 3008 puniendi
1383 2930 1661 3008 quomodo
1698 2948 1923 3008 semper
1964 2948 2102 2993 con-

526 3020 823 3098 junqilur
845 3039 977 3082 cum
1014 3023 1175 3082 omni
1215 3022 1547 3101 leym—Sic
1573 3039 1719 3101 ergo
1761 3022 1948 3101 primi
1976 3022 2101 3082 duo

542 3113 792 3174 effectus
820 3134 946 3175 non
973 3115 1350 3176 conveniunt
1377 3115 1636 3194 singulis
1664 3116 1924 3196 legibus.
1954 3118 2102 3177 Ter-

541 3206 665 3266 tius
692 3213 902 3268 autem
947 3208 1056 3286 qui
1083 3213 1175 3268 est
1216 3209 1478 3287 punitio,
1514 3226 1755 3287 semper
1777 3209 2103 3288 conjungi-

540 3303 644 3358 tur
670 3299 881 3378 aliquo
907 3300 1092 3360 modo
1120 3316 1263 3360 cum
1286 3299 1550 3378 singulis
1576 3300 1840 3379 legibuS,
1871 3307 1934 3362 et
1957 3319 2101 3362 cum

540 3389 757 3469 primis
778 3389 1015 3450 duobus
1038 3389 1375 3465 effectibus,
1397 3391 1616 3453 saltem
1638 3399 1941 3472 quatenus
1967 3412 2103 3454 om·

541 3483 639 3541 nis
658 3481 815 3560 legis
846 3484 1248 3559 transgressio
1275 3484 1350 3545 de
1393 3502 1481 3557 se,
1515 3489 1576 3546 et
1617 3503 1727 3564 per
1752 3486 2102 3547 naturalem

541 3576 1039 3636 consecutionem
1059 3574 1208 3637 facit
1230 3576 1491 3654 dignum
1526 3595 1732 3655 poena,
1759 3585 1830 3638 ut
1865 3578 2103 3641 dictum

543 3673 664 3744 est3
704 3684 834 3727 non
879 3673 1091 3728 tamen
1118 3668 1320 3729 omnis
1349 3668 1451 3729 lex
1481 3669 1748 3749 imponit
1774 3671 2102 3750 specialem

543 3777 816 3838 poenam,
869 3766 939 3821 ut
981 3777 1093 3839 per
1136 3779 1201 3822 se
1238 3766 1497 3837 constat,
1539 3762 1646 3823 sed
1678 3763 1793 3823 hoc
1834 3769 1928 3824 est
1962 3782 2103 3842 pro-

544 3853 751 3931 prium
778 3852 1129 3931 aliquarum
1157 3853 1396 3933 legum:
1435 3859 1497 3915 et
1531 3855 1679 3933 quia
1704 3873 1904 3935 poenae
1929 3863 2103 3918 taxa-

543 3950 622 4004 tae
650 3962 763 4024 pro
788 3946 919 4004 vita
944 3945 1155 4006 futura
1180 3947 1497 4025 pertinent
1517 3946 1596 4006 ad
1628 3946 1833 4009 forum
1865 3950 1997 4024 Dei,
2027 3950 2103 4011 de

542 4037 666 4097 illis
713 4055 840 4097 non
885 4038 1165 4115 agimus,
1214 4038 1363 4117 quia
1409 4039 1586 4099 nobis
1635 4039 1704 4099 in
1747 4042 2105 4120 particulari

544 4128 774 4207 ignotae
790 4135 953 4190 sunt.
974 4131 1224 4209 Proprie
1247 4149 1395 4210 ergo
1417 4132 1711 4193 tribuitur
1726 4133 1829 4193 hic
1853 4134 2105 4195 effectus

544 4221 853 4300 aliquibus
877 4221 1118 4300 legibus
1145 4222 1459 4300 humanis,
1494 4242 1633 4303 quae
1661 4226 1951 4304 speciales
1975 4245 2106 4306 poe-

545 4332 657 4373 nas
697 4315 1050 4392 imponunt,
1085 4320 1149 4377 et
1195 4315 1335 4376 ideo
1372 4318 1644 4395 poenales
1680 4318 1997 4394 dicuntur,
2032 4318 2109 4380 de

546 4406 767 4482 quibus
788 4407 953 4467 infra
973 4407 1297 4486 specialem
1319 4426 1667 4470 sermonem
1691 4410 2105 4475 instituemus.

548 4498 811 4569 Quartus
852 4498 1118 4575 denique
1167 4500 1585 4576 permissionis
1621 4499 1869 4562 effectus
1913 4503 2110 4562 multo

547 4589 756 4649 minus
774 4591 1064 4650 convenit
1080 4590 1338 4668 singulis
1354 4591 1627 4670 legibus:
1643 4594 1772 4654 imo
1793 4612 1971 4655 rarus
1992 4601 2106 4672 est,

547 4687 608 4742 et
649 4699 859 4759 paucae
903 4688 1048 4742 sunt
1088 4682 1284 4760 leges,
1339 4701 1478 4762 quae
1517 4685 1599 4747 ad
1643 4686 2111 4765 permissionem

546 4778 795 4834 tantum
817 4774 1270 4835 concedendam
1308 4774 1610 4853 ferantur,
1641 4784 1711 4839 ut
1734 4796 1848 4858 per
1874 4797 1937 4840 se
1967 4796 2113 4840 con-

548 4870 688 4927 stat.

628 4958 690 5017 4.
733 4958 883 5037 Leyi
918 4965 1170 5038 sumptoe
1200 4958 1488 5021 collective
1514 4978 1708 5023 omnes
1739 4964 1990 5043 effectus
2023 4963 2111 5026 le·-

550 5052 650 5127 9is
679 5053 1046 5114 conveniunt.
1071 5084 1154 5098 -
1180 5052 1510 5131 Loquendo
1537 5058 1747 5114 autem
1775 5055 1850 5115 de
1877 5055 2016 5134 lege
2043 5057 2110 5116 in

550 5142 744 5219 priori
770 5142 1112 5219 significato
1135 5143 1472 5220 collectivo,
1503 5147 1589 5205 sic
1613 5163 1827 5207 omnes
1847 5148 1916 5207 hi
1934 5148 2112 5209 effec-

551 5238 651 5291 tus
681 5239 936 5310 possunt
963 5235 1250 5295 omnibus
1277 5242 1339 5296 et
1371 5237 1631 5315 singulis
1666 5238 1903 5317 legibus
1931 5242 2112 5300 attri-

552 5323 683 5399 bui,
714 5327 1052 5403 praesertim
1076 5328 1127 5386 si
1155 5330 1619 5404 permissionem
1643 5331 2018 5409 accipiamus
2045 5334 2111 5391 in

550 5415 660 5476 illa
687 5414 1117 5495 amplitudine,
1155 5419 1224 5479 in
1264 5438 1388 5500 qua
1413 5421 1493 5482 ab
1533 5423 1764 5484 Isidoro
1792 5429 1855 5485 et
1894 5442 1932 5484 a
1968 5425 2113 5486 divo

1529 340 1645 392 LIB.
1682 342 1719 392 1.
1753 341 1833 392 ΒΕ
1864 340 2120 392 NATURA
2151 341 2332 394 LEGIS
2366 341 2429 394 IN
2462 335 2755 391 connum.

2172 440 2408 499 Thoma
2453 443 2701 516 sumpta
2746 442 2859 497 est.
2910 436 3082 509 Quod
3123 435 3264 496 ideo
3303 437 3464 512 dico,
3491 439 3637 517 quia
3664 440 3729 500 iu
3781 474 3785 478 -

2172 533 2573 610 permissione
2598 536 2690 590 est
2714 530 2921 608 aliqua
2954 528 3312 590 difficultas:
3345 549 3492 591 nam
3515 532 3591 593 de
3620 551 3730 592 οω-

2172 626 2319 684 teris
2344 625 2541 684 tribus
2567 622 2882 683 effectibus
2913 621 3057 680 satis
3090 639 3166 681 ex
3195 621 3375 681 dictis
3404 630 3640 684 constat
3667 625 3731 683 iu

2173 717 2346 776 omni
2369 715 2583 776 ordine
2602 715 2811 791 legum
2836 712 3064 773 babere
3089 713 3323 773 locum:
3348 716 3582 774 namin
3605 734 3730 775 om-

2174 810 2241 868 ni
2273 808 2491 869 ordine
2516 807 2728 884 legum
2752 811 2842 865 est
2872 807 3285 865 necessarium
3313 805 3546 884 aliquid
3580 825 3729 885 prae-

2175 902 2376 979 cipere
2406 907 2467 960 et
2497 906 2727 973 vetare,
2772 902 2834 959 et
2876 916 3018 957 cum
3066 898 3238 957 omni
3283 898 3419 976 lege
3462 904 3551 959 est
3591 918 3732 959 con-

2171 994 2385 1072 juncta
2408 993 2500 1052 vis
2519 1009 2765 1070 cogenS‚
2789 1009 2912 1068 qua
2929 989 3117 1049 faciat
3139 996 3577 1068 trangressores
3598 1009 3731 1051 reos

2174 1103 2391 1165 poenae.
2446 1085 2573 1144 Illis
2613 1101 2760 1162 ergo
2798 1081 3117 1142 effectibus
3147 1082 3412 1156 omissis,
3454 1085 3617 1161 quod
3653 1083 3728 1142 ad

2176 1178 2640 1256 permissionem
2664 1176 2886 1235 attinet
2917 1176 3074 1250 (ut‘a
3096 1173 3454 1233 clarioribus
3488 1175 3731 1254 incipia-

2176 1272 2337 1346 mus)
2381 1270 2457 1329 de
2488 1267 2730 1347 legibus
2774 1266 3055 1327 civilibus
3084 1272 3319 1326 constat
3351 1266 3545 1326 multa
3593 1285 3729 1345 per-

2178 1362 2447 1436 mittere,
2469 1362 2595 1421 sive
2618 1358 3003 1420 concedendo
3034 1357 3222 1433 bona,
3254 1376 3363 1418 seu
3389 1359 3727 1438 privilegia,

2179 1456 2306 1516 sive
2356 1453 2769 1534 permittendo
2797 1457 3079 1531 peccata:
3123 1451 3240 1510 hoc
3279 1451 3449 1511 enim
3489 1470 3615 1511 non
3647 1459 3735 1512 est

2179 1554 2391 1608 contra
2412 1545 2723 1625 justitiam
2750 1544 2891 1604 talis
2917 1544 3071 1622 legis
3097 1543 3411 1618 humanae,
3438 1543 3585 1621 quia
3611 1562 3734 1603 non

2180 1644 2410 1717 spectat
2436 1638 2514 1698 ad
2544 1637 2739 1711 illam,
2773 1654 2888 1697 nec
2914 1635 2994 1697 ad
3024 1634 3214 1695 finem
3242 1635 3397 1713 ejuS,
3428 1635 3731 1709 cohibere,

2179 1730 2279 1791 vel
2307 1731 2528 1810 punire
2551 1728 2763 1790 omnia
2788 1728 2958 1800 vitia,
2989 1733 3058 1786 ut
3079 1726 3336 1786 tradidit
3362 1727 3734 1806 Augustinus

2183 1827 2212 1883 1
2247 1824 2323 1883 de
2361 1823 2539 1884 liber.
2591 1821 2814 1894 Arbit„
2853 1839 2983 1898 cap.
3017 1821 3055 1880 5
3082 1826 3145 1880 et
3189 1822 3251 1895 G,
3289 1826 3353 1880 et
3378 1820 3543 1879 infra
3569 1820 3735 1880 vide-

2180 1915 2408 1989 bimuS,
2448 1920 2511 1974 et
2549 1913 2832 1992 exempla
2859 1919 3005 1973 sunt
3034 1913 3102 1973 in
3128 1911 3547 1992 superioribus
3572 1911 3733 1971 suffi-

2180 2009 2411 2069 cienter
2438 2007 2658 2086 posita.

2262 2102 2319 2161 5.
2366 2101 2491 2162 Lex
2508 2098 2873 2178 permis-siva
2894 2114 3003 2176 per
3020 2098 3254 2157 modum
3281 2097 3665 2158 concessionis
3685 2102 3736 2158 et

2181 2192 2647 2270 dispensationis
2691 2208 2808 2250 non
2850 2206 3181 2267 supponens
3221 2188 3457 2265 culpam
3498 2189 3565 2248 in
3596 2189 3738 2264 jure

2184 2285 2460 2345 canonico
2489 2300 2642 2361 soepc
2669 2281 2990 2360 reperitur.
3034 2311 3116 2325 —
3155 2281 3238 2339 De
3270 2279 3509 2357 legibus
3531 2286 3737 2340 autem

2183 2376 2519 2450 canoniciS,
2540 2375 2775 2435 clarum
2800 2383 2889 2434 est
2911 2373 3181 2433 inveniri
3199 2373 3266 2431 in
3283 2373 3426 2450 jure
3450 2373 3739 2432 canonico

2182 2469 2349 2548 leges
2393 2468 2781 2548 permissivas
2809 2466 3156 2544 aliquarum
3198 2483 3408 2525 rerum
3435 2483 3574 2543 quae
3614 2483 3740 2524 non

2184 2562 2511 2622 includunt
2537 2560 2805 2639 culpam,
2838 2561 2942 2620 sed
2978 2559 3427 2619 concessionem
3461 2576 3572 2637 per
3611 2575 3740 2618 mo-

2183 2654 2335 2715 dum
2373 2653 2864 2734 dispensationiS,
2912 2671 3040 2713 non
3072 2651 3354 2712 obstante
3391 2650 3598 2729 aliquo
3638 2651 3742 2711 de-

2181 2747 2345 2808 fectu
2394 2748 2683 2822 naturali,
2726 2745 2825 2807 vel
2869 2745 3090 2806 morali
3136 2746 3263 2823 jam
3296 2743 3604 2823 praeterito
3621 2790 3634 2815 ‚
3674 2748 3745 2802 ut

2181 2841 2415 2900 dictum
2442 2844 2533 2901 est
2569 2840 2645 2900 de
2688 2857 2831 2900 casu
2868 2857 3005 2918 cap.
3056 2838 3174 2912 Qui
3204 2838 3467 2916 partim,
3502 2836 3649 2895 dict.
3681 2835 3737 2914 ξ.

2181 2932 2350 2992 Idem
2377 2932 2496 2992 dici
2534 2936 2733 3010 potest
2759 2932 2835 2992 de
2873 2929 3208 2991 canonibus
3250 2928 3744 3008 permittentibus

2181 3024 2453 3104 aliquem
2482 3025 2867 3103 neophytum
2904 3023 3202 3098 ordinari,
3237 3021 3338 3082 vel
3377 3037 3742 3081 conversum

2180 3118 2260 3179 ab
2284 3118 2504 3179 hoeresi
2525 3118 2859 3196 aliquando
2887 3118 2954 3177 in
2983 3116 3235 3177 honoris
3262 3116 3525 3196 gradum
3565 3116 3741 3175 resti-

2181 3210 2298 3285 tui,
2338 3216 2398 3270 et
2425 3210 2750 3271 similibus,
2798 3210 2883 3270 De
2913 3209 3312 3288 permissione
3345 3214 3553 3268 autem
3583 3207 3743 3286 posi·

2180 3303 2311 3363 tiva
2336 3303 2569 3381 peccati
2593 3320 2720 3363 non
2742 3300 2989 3363 videtur
3006 3301 3212 3362 solere
3236 3300 3372 3362 fieri
3401 3318 3508 3378 per
3522 3300 3625 3378 jus
3643 3318 3745 3361 ca-

2181 3395 2496 3455 nonicum.
2539 3395 2686 3455 Dico
2706 3399 2929 3477 'autem
2959 3393 3243 3472 positiva,
3273 3392 3421 3472 quia
3459 3393 3745 3471 negative

2180 3485 2428 3549 infinita
2473 3493 2620 3549 sunt
2664 3492 2913 3566 peccata
2958 3504 3096 3565 quae
3137 3486 3582 3565 permittuntur
3606 3485 3745 3565 jure

2182 3578 2500 3655 canonico,
2544 3580 2609 3639 id
2651 3585 2764 3655 est,
2808 3598 2947 3658 quae
2991 3598 3119 3639 non
3164 3578 3592 3658 prohibentur,
3634 3584 3748 3639 aut

2181 3670 2549 3751 puniuntur,
2600 3671 2848 3751 speciali
2881 3672 3022 3750 jure
3060 3671 3378 3746 canonico,
3412 3670 3519 3731 sed
3560 3668 3747 3730 relin-

2184 3770 2462 3844 quuntur
2487 3782 2613 3825 suae
2653 3770 2929 3825 naturae:
2964 3765 3069 3825 sed
3103 3765 3236 3843 jam
3268 3764 3538 3825 diximus
3576 3763 3749 3823 hunc

2182 3856 2440 3917 modum
2466 3855 2884 3935 permissionis
2910 3874 3036 3917 non
3059 3874 3187 3917 esse
3213 3856 3533 3936 proprium
3558 3853 3749 3915 effec-

2183 3955 2320 4010 tum
2343 3950 2517 4028 legis,
2550 3949 2685 4009 Non
2715 3949 3004 4010 videntur
3035 3955 3244 4009 autem
3277 3950 3421 4028 jura
3451 3947 3750 4008 canonica

2183 4042 2442 4121 positive
2479 4040 2804 4120 disponere
2830 4041 2905 4102 de
2933 4041 3142 4120 aliquo
3179 4042 3330 4101 vitio
3365 4040 3433 4101 in
3481 4039 3753 4119 particu-

2182 4133 2323 4209 lari,
2368 4139 2439 4193 ut
2480 4151 2609 4193 non
2649 4134 2945 4212 puniatur
2976 4151 3085 4212 per
3118 4134 3400 4194 Ecclesiae
3432 4131 3749 4206 PraelatoS,

2188 4231 2298 4287 aut
2333 4225 2497 4305 quod
2529 4225 2786 4306 impune
2813 4227 3230 4307 permittatur,
3273 4226 3421 4305 quia
3462 4225 3581 4285 hoc
3621 4242 3752 4284 non

2188 4318 2434 4379 videtur
2458 4326 2938 4379 consentaneum
2974 4317 3087 4378 fini
3121 4318 3288 4393 illius
3311 4318 3491 4397 juris,
3521 4316 3631 4394 qui
3659 4321 3756 4376 est

2188 4410 2434 4488 integra
2459 4409 2621 4470 salus
2648 4412 3024 4485 animarum,
3052 4415 3115 4471 et
3157 4410 3294 4470 ideo
3333 4410 3623 4470 videntur
3654 4425 3759 4468 re-

2189 4502 2471 4581 linquere
2508 4503 2853 4582 prudentiae
2881 4502 3280 4564 Praelatorum
3305 4501 3406 4563 vel
3433 4500 3760 4562 correctio-

2190 4612 2360 4670 nem,
2409 4595 2507 4655 vel
2553 4594 2947 4656 tolerantiam
2990 4613 3208 4655 eorum
3239 4600 3630 4674 peccatorum
3677 4592 3760 4653 de

2190 4686 2415 4767 quibus
2442 4688 2590 4766 jura
2619 4688 2916 4748 canonica
2945 4687 3105 4748 nihil
3150 4687 3487 4766 disponunt
3497 4702 3518 4762 ;
3558 4690 3621 4769 et
3667 4684 3764 4745 ita

2191 4780 2443 4859 propria
2472 4779 2796 4858 permissio
2818 4780 3084 4859 positiva
3105 4780 3339 4859 peccati
3361 4797 3490 4839 non
3508 4777 3766 4839 videtur

2191 4888 2319 4932 esse
2351 4870 2602 4932 effectus
2633 4870 2790 4949 legis
2818 4875 3150 4933 canonicas.

2270 4965 2332 5024 6.
2385 4965 2510 5027 Lex
2545 4965 2753 5026 divina
2778 4964 3158 5043 Evanyclica
3182 4983 3302 5027 non
3328 4965 3584 5028 continet
3600 4962 3771 5039 leges

2192 5057 2433 5136 aliquas
2452 5058 2873 5136 permissivus,
2894 5058 3192 5136 prescipue
3207 5053 3643 5137 peccati—An
3664 5054 3773 5115 lex

2191 5156 2358 5211 vetus
2404 5149 2650 5227 aliquod
2681 5157 2991 5226 peccatum
3023 5145 3683 5230 panniacum—Unde
3727 5163 3774 5204 a

2192 5239 2434 5300 fortiori
2472 5247 2709 5300 constat
2733 5259 2858 5301 non
2887 5242 3155 5302 inveniri
3184 5242 3372 5302 talem
3408 5239 3773 5318 permissio-

2192 5350 2339 5391 nem
2369 5331 2437 5394 in
2472 5332 2609 5410 lege
2629 5333 2840 5393 divina
2870 5336 3109 5411 gratias,
3142 5338 3206 5394 in
3231 5352 3355 5413 qua
3383 5350 3579 5411 pauca
3610 5336 3776 5391 sunt

2192 5425 2455 5506 positiva
2479 5432 2785 5507 praecepta
2820 5428 3196 5508 pertinentia
3236 5426 3315 5488 ad
3354 5427 3513 5487 ritus
3553 5443 3778 5486 essen-
