3976 6219
794 443 930 495 CAP.
965 444 1049 496 IX.
1085 443 1249 495 APUD
1281 442 1439 506 Quos
1472 442 1570 495 SIT
1601 441 1914 494 POTESTAS
1946 441 2256 496 coNnENm
2290 441 2483 495 LEGES
2513 439 2770 505 ClVILES,
2808 443 2942 495 ETC.

262 543 590 618 munitate,
623 542 723 603 vel
766 551 1070 624 praecepta
1114 545 1389 606 humana
1430 544 1817 625 temporalia,

3345 439 3461 498 207

1900 550 2265 607 sentaneum
2289 551 2379 606 est
2406 551 2478 606 ut
2509 544 2630 607 illis
2656 546 2844 606 fuerit
2874 545 3087 606 relicta
3109 545 3240 606 haec
3267 551 3465 623 potes·

260 639 419 698 sicut
468 642 611 698 sunt
656 644 962 717 praecepta
1021 639 1477 717 patrisfamilias
1518 640 1583 699 in
1635 640 1820 700 domo
1898 643 2013 714 tas,
2045 657 2184 717 quae
2233 645 2463 717 spectat
2497 639 2576 699 ad
2605 656 2817 700 rerum
2841 638 3231 718 propriarum
3270 637 3464 698 admi-

261 749 393 807 sua,
424 736 578 791 teste
606 732 674 790 D.
699 732 960 807 Thoma,
986 750 1047 811 q.
1070 734 1171 804 90,
1203 739 1319 793 art.
1359 736 1431 810 33
1461 751 1589 793 non
1610 740 1820 794 tamen

259 828 548 904 poterunt
581 823 811 885 habere
852 823 1007 903 legis
1059 826 1532 905 perpetuitatem
1578 845 1650 887 ac
1697 826 1822 887 vir-

261 921 481 978 tutem.

345 1012 441 1072 18.
489 1012 573 1072 De
600 1010 951 1073 civitatibus
993 1017 1203 1073 autem
1252 1012 1538 1072 maximis
1580 1012 1827 1074 videtur

262 1104 644 1183 frequentius
699 1111 1017 1184 receptum
1089 1123 1265 1184 posse
1315 1105 1577 1166 condere
1633 1104 1822 1182 leges,

264 1198 420 1257 Nam
457 1198 589 1258 inl.
628 1197 840 1260 Omnes
862 1197 1094 1276 populi,
1128 1196 1196 1257 ff.
1229 1197 1306 1258 de
1331 1197 1536 1258 Justit.
1570 1202 1633 1258 et
1663 1197 1828 1275 jure,

267 1289 493 1350 dicitur
515 1307 1021 1369 unumquemque
1049 1289 1349 1369 populum
1367 1307 1542 1368 posse
1582 1289 1700 1349 sibi
1732 1291 1833 1368 jus

269 1384 659 1443 constituere.
694 1382 869 1456 Quod
902 1382 1093 1443 etiam
1121 1381 1388 1443 habetur
1413 1381 1481 1441 in
1509 1380 1546 1461 ἓ
1572 1383 1627 1444 J
1626 1401 1699 1444 us
1725 1401 1834 1444 au-

269 1478 383 1536 tem
399 1476 590 1547 civile,
608 1477 804 1535 Instit.
829 1475 904 1535 de
927 1474 1073 1535 Jure
1097 1480 1300 1551 natur.
1308 1520 1329 1549 ,
1356 1475 1661 1553 gentium,
1684 1479 1828 1552 etc.;

271 1584 418 1644 ergo
444 1568 714 1628 maxime
742 1567 922 1629 debet
940 1567 1170 1629 habere
1196 1568 1402 1628 locum
1425 1567 1493 1627 in
1513 1566 1609 1627 his
1639 1585 1831 1646 popu-

270 1658 344 1719 lis
363 1661 470 1738 qui
485 1667 628 1721 sunt
645 1661 1010 1741 metropoles
1023 1661 1366 1721 civitatum.
1380 1662 1456 1720 Et
1471 1660 1648 1738 juvat
1667 1661 1832 1739 quod

273 1750 497 1811 dicitur
526 1753 592 1812 in
618 1752 662 1812 l.
691 1755 754 1828 9,
784 1753 851 1813 ff.
887 1753 961 1814 de
988 1753 1275 1832 LegibuS,
1328 1771 1445 1814 non
1500 1754 1833 1832 ambiqitur

274 1849 543 1905 senatum
565 1846 681 1924 jus
728 1848 928 1922 facere
957 1864 1149 1924 posse.
1190 1847 1634 1905 Verumtamen
1662 1845 1834 1906 nulla

275 1936 549 2013 specialis
574 1938 733 1998 ratio
764 1938 832 1998 in
859 1940 1061 2017 rigore
1084 1939 1399 1999 invenitur
1420 1940 1486 1997 in
1513 1937 1610 1998 his
1638 1940 1833 1999 maxi-

272 2029 390 2087 mis
417 2029 766 2091 civitatibus
786 2031 984 2110 magis
1006 2049 1193 2110 quam
1222 2031 1287 2090 in
1313 2031 1670 2110 majoribus,
1699 2050 1835 2110 quae

270 2127 545 2198 respectu
581 2121 832 2183 illarum
883 2124 1154 2183 minores
1198 2129 1374 2198 sunt3
1411 2124 1578 2203 quod
1616 2125 1837 2184 attinet

272 2210 349 2271 ad
376 2218 739 2290 potestatem
767 2232 845 2275 ex
866 2216 931 2275 vi
954 2216 1134 2295 juriS,
1165 2215 1309 2276 licet
1329 2216 1394 2275 in
1422 2216 1580 2276 facto
1603 2225 1664 2277 et
1692 2235 1838 2276 con-

271 2304 590 2365 suetudine
626 2306 816 2385 possit
849 2308 1151 2385 assignari
1180 2307 1427 2386 aliquod
1476 2308 1832 2383 discrimen,

273 2402 341 2456 ut
371 2397 664 2460 dicemus.
716 2399 909 2476 Igitur
953 2399 1233 2459 absolute
1266 2399 1342 2460 de
1369 2400 1655 2460 omnibus
1690 2419 1834 2479 pro-

271 2492 424 2570 priis
454 2491 803 2551 civitatibus
827 2497 916 2551 est
938 2492 1288 2552 communis
1306 2493 1629 2567 sententia,
1661 2510 1835 2572 posse

274 2584 535 2645 condere
598 2585 699 2663 jus
738 2582 1113 2663 municipale
1159 2584 1323 2662 quod
1378 2584 1640 2662 propriis
1680 2584 1835 2663 legi-

275 2674 389 2735 bus
417 2681 653 2737 constet
684 2691 699 2734 3
731 2676 1068 2736 dummodo
1096 2676 1220 2736 sint
1242 2674 1394 2735 tales
1420 2675 1588 2753 leges
1602 2676 1678 2736 de
1703 2694 1835 2737 ma·

274 2770 430 2830 teria
475 2769 936 2849 proportionata
976 2769 1305 2846 unicuique
1333 2768 1586 2842 civitati,
1627 2769 1690 2829 id
1713 2774 1827 2845 est,

276 2868 522 2942 propria
553 2861 744 2936 illius,
782 2867 845 2923 et
868 2880 997 2922 non
1025 2860 1341 2922 communi
1369 2878 1508 2919 cum
1536 2859 1692 2934 aliis,
1719 2877 1833 2920 nec

274 2961 485 3016 contra
525 2956 720 3016 bonos
760 2972 993 3030 mores,
1036 2973 1149 3015 nec
1190 2958 1500 3016 reservata
1546 2947 1830 3032 principi,

273 3053 381 3108 aut
405 3048 535 3127 juri
563 3046 732 3107 civili
759 3047 1088 3107 contraria.
1147 3048 1239 3106 lta
1280 3045 1409 3106 fere
1450 3045 1607 3105 Abb.
1661 3046 1728 3104 in
1778 3063 1830 3106 c.

276 3140 446 3214 Quod
469 3142 724 3216 clmcis,
749 3141 825 3202 (18
863 3142 1019 3201 Foro
1045 3146 1335 3218 compet„
1370 3157 1435 3198 n.
1465 3138 1577 3198 ult.
1587 3183 1606 3213 ,
1637 3137 1743 3197 ubi
1772 3138 1839 3197 in

272 3234 556 3295 eamdem
583 3235 954 3294 sententiam
986 3235 1173 3295 refert
1184 3233 1362 3293 Joan.
1389 3232 1582 3292 Andr.
1615 3238 1677 3292 et
1694 3232 1838 3311 Spe·

273 3327 455 3388 culat.
512 3326 770 3387 Videtur
823 3327 1013 3387 etiam
1071 3326 1239 3386 idem
1288 3324 1518 3385 sentire
1569 3323 1832 3403 Sylvest.

272 3419 442 3481 verb.
493 3419 638 3493 Lex,
678 3437 742 3498 q.
787 3421 847 3479 4.
882 3418 1002 3479 Sed
1033 3436 1102 3479 re
1128 3435 1276 3479 vera
1316 3435 1443 3478 non
1471 3416 1736 3496 persistit
1770 3416 1838 3476 in

156 3538 165 3544 ·
274 3512 402 3573 illa.
452 3514 522 3573 In
564 3529 703 3573 eam
744 3510 935 3572 etiam
982 3511 1243 3571 inclinat
1269 3510 1522 3589 Gregor.
1571 3511 1720 3588 Lop.
1769 3508 1838 3569 in

274 3603 321 3664 1.
357 3605 455 3678 12,
485 3604 583 3663 tit.
615 3607 681 3680 1,
710 3604 916 3682 partit.
964 3606 1024 3678 1,
1057 3603 1275 3664 saltem
1298 3601 1502 3682 quoad
1546 3619 1648 3662 eas
1670 3601 1838 3679 leges

279 3714 418 3775 quae
443 3701 722 3775 spectant
741 3695 819 3755 ad
846 3712 1055 3756 rerum
1078 3695 1557 3774 uniuscujusque
1576 3693 1841 3754 civitatis

281 3788 898 3849 administrationem.
927 3787 1174 3848 Probari
1205 3794 1415 3848 autem
1446 3786 1599 3848 solet
1625 3786 1839 3865 praeci·

281 3900 403 3961 pue
440 3882 571 3942 haec
611 3880 914 3942 sententia
941 3898 1019 3941 ex
1063 3880 1229 3940 dicta
1273 3879 1317 3939 1.
1355 3879 1565 3942 Omnes
1603 3880 1839 3958 populi,

283 3992 421 4054 quae
449 3974 724 4054 loquitur
756 3974 1103 4035 indistincte
1149 3976 1253 4051 (ut
1286 3973 1577 4052 expendit
1616 3973 1840 4033 Panor-

282 4069 469 4144 mit.),
524 4073 587 4128 et
627 4067 766 4128 ideo
807 4065 883 4127 de
912 4066 1199 4126 omuibus
1235 4064 1585 4125 civitatibus
1618 4063 1843 4124 intelli-

283 4162 487 4241 genda
512 4168 626 4222 est.
657 4162 826 4222 Idem
853 4161 1072 4241 probat
1091 4158 1128 4239 ξ
1146 4161 1248 4222 sed
1276 4159 1615 4232 naturalia,
1642 4157 1840 4218 Instit.

283 4257 360 4317 de
381 4257 415 4316 J
421 4275 528 4316 ure
554 4261 761 4318 natur.
794 4254 881 4314 ibi
918 4271 934 4315 ε
967 4254 1092 4327 Εα,
1140 4271 1272 4333 quoe
1302 4253 1437 4332 ipsa
1464 4253 1582 4314 sibi
1606 4268 1847 4331 quoeque

285 4349 502 4412 civitas
552 4349 887 4411 constituit.
931 4347 1006 4405 Et
1033 4345 1096 4405 in
1131 4344 1321 4425 §Jus
1369 4351 1567 4406 autem
1608 4343 1840 4403 dictum

282 4439 486 4501 iuerat
507 4440 627 4500 tale
647 4457 775 4500 esse
797 4440 899 4517 jus
913 4437 1396 4516 uniuscujusque
1424 4435 1710 4510 civitatis,
1732 4452 1842 4496 vo-

283 4534 529 4613 carique
562 4534 662 4612 jus
703 4531 881 4593 civile
926 4530 1104 4609 quasi
1151 4530 1252 4608 jus
1301 4528 1620 4608 proprium
1650 4528 1842 4607 ipsius

286 4628 571 4687 civitatis.
603 4626 783 4686 Ratio
810 4623 979 4685 reddi
1016 4628 1237 4703 potest,
1278 4623 1426 4701 quia
1456 4639 1842 4699 unaquoequc

284 4719 498 4780 civitas
525 4719 765 4798 indiget
806 4719 920 4778 hac
965 4720 1286 4797 potestate,
1317 4714 1463 4794 quia
1493 4731 1603 4793 per
1643 4713 1842 4773 solum

285 4830 612 4873 commune
636 4814 741 4890 jus
765 4829 893 4871 non
919 4815 1118 4888 potest
1142 4807 1515 4868 sufficienter
1534 4805 1844 4884 provideri

284 4905 749 4967 necessitatibus
775 4902 1062 4964 omnibus
1088 4918 1224 4980 quae
1274 4900 1342 4960 in
1388 4898 1646 4960 diversis
1693 4896 1845 4958 locis

285 5017 401 5080 pro
434 5016 649 5059 eorum
691 4996 865 5059 varia
895 4995 1189 5074 qualitate
1213 4998 1275 5054 et
1313 4992 1710 5071 dispositione
1743 5009 1848 5051 oc-

289 5097 579 5167 currunt3
613 5109 761 5170 ergo
803 5094 1042 5169 oportet
1086 5093 1155 5149 ut
1190 5087 1308 5146 hoc
1337 5085 1695 5164 suppleatur
1739 5101 1848 5163 per

280 5185 389 5264 jus
413 5183 808 5263 municipale.
853 5179 1262 5242 Confirmatur
1306 5195 1322 5238 ε
1373 5195 1521 5239 nam
1561 5175 1849 5255 quaelibet

289 5279 504 5340 civitas
533 5285 815 5339 censetur
847 5273 1258 5336 communitas
1306 5271 1578 5351 perfecta
1624 5287 1847 5330 secun-

291 5371 441 5432 dum
493 5369 880 5433 Aristotelem
914 5384 930 5427 ε
978 5384 1127 5444 ergo
1173 5383 1282 5446 per
1330 5381 1396 5424 se
1441 5367 1640 5442 potest
1682 5361 1850 5440 leges

1901 731 2350 792 nistrationem.

1988 827 2086 886 19.
2133 824 2252 886 Sed
2296 825 2364 885 in
2405 824 2522 886 hoc
2574 833 2805 907 puncto
2861 824 3180 906 probanda
3223 825 3467 887 videtur

1905 915 2188 977 doctrina
2214 917 2388 978 Baldi
2420 918 2486 978 in
2511 918 2676 979 dicta
2696 918 2743 979 1.
2779 919 2991 981 Omnes
3020 918 3253 997 populi,
3279 937 3468 999 quam
3573 994 3579 998 .

1905 1009 2093 1070 etiam
2121 1010 2308 1071 refert
2330 1016 2391 1071 et
2417 1011 2695 1090 sequitur
2717 1011 2977 1091 Sylvest.
3011 1029 3220 1090 supra,
3253 1011 3467 1072 videli-

1907 1107 2027 1179 cet,
2057 1121 2563 1183 unamquamque
2598 1104 2913 1166 civitatem
2956 1110 3203 1165 tantum
3241 1104 3470 1167 habere

1913 1196 1988 1257 de
2031 1202 2328 1276 potestate
2374 1197 2677 1257 condendi
2723 1196 2948 1275 legem,
2997 1197 3097 1257 vel
3142 1203 3466 1271 statutum,

1912 1295 2217 1369 quantum
2246 1289 2432 1350 habet
2459 1289 2536 1349 de
2572 1289 3018 1369 jurisdictione.
3062 1290 3137 1351 Et
3182 1292 3339 1351 ratio
3369 1310 3471 1352 su·

1911 1383 2105 1443 mitur
2132 1401 2208 1443 ex
2230 1381 2430 1457 dictis,
2468 1382 2613 1461 quia
2659 1388 2923 1462 potestas
2963 1382 3265 1443 condendi
3305 1382 3471 1463 leges

1914 1479 2005 1554 (ut
2043 1476 2154 1536 lib.
2190 1479 2244 1550 1,
2279 1493 2415 1554 cap.
2449 1477 2486 1535 8
2514 1481 2576 1535 et
2611 1475 2718 1536 lib.
2749 1478 2810 1550 2,
2839 1494 2972 1556 cap.
3013 1480 3072 1551 1,
3098 1476 3250 1552 dixi)
3283 1478 3473 1556 juris-

1911 1569 2195 1629 dictionis
2222 1574 2312 1628 est
2328 1584 2349 1646 ;
2381 1586 2531 1647 ergo
2557 1587 2670 1649 pro
2707 1587 2996 1630 mensura
3025 1568 3473 1647 jurisdictionis

1912 1678 2102 1739 quam
2122 1660 2334 1721 civitas
2362 1659 2668 1735 habuerit,
2687 1661 3098 1739 judicandum
3118 1661 3237 1722 erit
3260 1661 3336 1722 de
3360 1662 3475 1722 hac

1912 1758 2236 1833 potestate.
2277 1751 2453 1814 Unde
2483 1753 2562 1814 ad
2589 1753 2753 1814 hanc
2778 1752 3239 1829 resolutionem,
3269 1772 3383 1833 per
3408 1771 3473 1814 se

1910 1846 2223 1925 loquendo
2244 1891 2263 1920 ,
2312 1865 2441 1906 non
2485 1847 2752 1907 multum
2801 1845 2994 1906 refert
3041 1847 3350 1907 distinctio
3396 1847 3473 1908 de

1914 1940 2193 2001 maxima
2219 1938 2318 2000 vel
2354 1940 2574 2018 majori
2611 1940 2877 2011 civitate,
2921 1939 3070 2017 quia
3107 1939 3243 1999 fieri
3272 1944 3475 2019 potest
3551 1991 3577 2001 a

1916 2039 1987 2093 ut
2032 2032 2247 2092 civitas
2292 2031 2542 2092 secundi
2589 2032 2821 2091 ordinis
2848 2030 3074 2091 habeat
3098 2032 3259 2091 hanc
3278 2033 3474 2109 juris-

1917 2125 2275 2201 dictionem,
2304 2129 2365 2185 et
2390 2142 2517 2184 non
2548 2123 2819 2184 maxima
2837 2123 3075 2183 civitas.
3100 2123 3306 2184 Potius
3328 2142 3475 2203 ergo

1915 2218 2319 2296 spectandum
2365 2221 2457 2277 est
2486 2234 2568 2276 an
2595 2216 2807 2287 civitas
2833 2216 3096 2275 retineat
3138 2217 3205 2275 in
3257 2234 3320 2277 se
3366 2217 3477 2278 ali·

1915 2328 2103 2389 quam
2136 2314 2498 2389 potestatem
2525 2326 2826 2388 supremae
2854 2307 3227 2386 reipublicae,
3267 2314 3328 2368 et
3368 2327 3479 2388 per

1915 2402 2087 2462 illam
2118 2403 2381 2480 seipsam
2412 2401 2737 2479 gubernet,
2773 2400 2873 2462 vel
2901 2399 3073 2460 illam
3096 2401 3480 2461 transtulerit

1914 2495 2273 2574 simpliciter
2295 2495 2361 2555 in
2390 2494 2661 2572 aliquem
2693 2493 3057 2572 principem,
3080 2493 3179 2553 vel
3206 2494 3480 2572 quolibet

1914 2588 2035 2648 alio
2077 2589 2244 2666 justo
2282 2586 2463 2647 titulo
2491 2587 2790 2647 translata
2815 2587 2915 2646 sit.
2964 2586 3175 2646 Omnis
3207 2605 3355 2666 ergo
3398 2589 3481 2648 ci-

1913 2682 2074 2742 vitas
2101 2680 2320 2760 prioris
2347 2679 2581 2740 ordinis
2614 2685 2813 2758 potest
2838 2678 2972 2739 sine
2999 2678 3190 2740 dubio
3217 2682 3477 2742 condere

1909 2772 2101 2850 leges,
2144 2773 2294 2852 quia
2341 2771 2530 2832 habet
2578 2789 2933 2850 supremam
2978 2771 3474 2849 jurisdictionem

1909 2866 2090 2944 juxta
2113 2865 2418 2944 principia
2440 2864 2640 2944 posita
2667 2864 2731 2923 iu
2760 2863 2947 2942 priori
2976 2863 3155 2925 libro.
3184 2866 3261 2926 Et
3282 2866 3358 2926 de
3382 2866 3478 2927 his

1913 2956 2158 3037 populis
2191 2956 2399 3017 liberis
2424 2956 2699 3035 loquitur
2720 2955 2885 3016 dicta
2907 2956 2954 3016 1.
2996 2956 3207 3019 Omnes
3235 2960 3473 3037 populi.

1919 3050 2075 3111 Nam
2093 3049 2369 3127 loquitur
2388 3049 2464 3109 de
2478 3050 2617 3128 jure
2641 3047 2808 3108 civili
2836 3054 3019 3127 prout
3038 3050 3481 3130 condistingui·

1919 3149 2024 3203 tur
2052 3161 2089 3202 a
2107 3143 2248 3220 jure
2274 3143 2587 3221 gentium:
2614 3143 2713 3220 Jus
2737 3147 2945 3202 autem
2967 3142 3146 3203 civile
3166 3143 3273 3203 illo
3292 3144 3493 3205 modo·

1918 3240 2235 3314 sumptum
2260 3252 2386 3295 non
2409 3243 2500 3295 est
2525 3240 2771 3295 tantum
2804 3235 2907 3313 jus
2937 3235 3329 3315 municipale,
3371 3254 3479 3298 seu

1916 3325 2292 3407 particulare
2325 3327 2584 3404 alicujus
2613 3327 2825 3406 populi
2849 3349 2866 3402 ;
2894 3327 3001 3389 sed
3037 3332 3129 3389 est
3166 3328 3482 3408 quodlibet

1911 3421 2015 3498 jus
2043 3420 2362 3500 proprium
2390 3420 2576 3479 unius
2606 3420 2834 3498 gentis,
2867 3420 2965 3481 vel
2994 3420 3349 3500 provinciae,
3381 3422 3479 3483 vel

1915 3512 2128 3589 regni,
2172 3511 2271 3572 vel
2314 3510 2643 3589 cujuslibet
2683 3513 3144 3573 communitatis
3195 3513 3481 3576 habentis

1918 3622 1987 3664 su
1994 3603 2776 3682 premamjurisdictionem
2787 3605 3477 3685 temporalem.Tamen,

1919 3697 2063 3774 quia
2107 3695 2224 3757 hoc
2265 3697 2365 3774 jus
2390 3697 2575 3776 coepit
2600 3715 2639 3758 a
2674 3697 3026 3759 civitatibus
3065 3701 3389 3778 supremis,
3420 3705 3483 3761 et

1919 3787 1999 3848 ab
2030 3787 2151 3848 illis
2181 3806 2412 3849 nomen
2443 3789 2726 3868 sumpsit,
2772 3791 2911 3852 ideo
2939 3791 3006 3850 in
3031 3790 3194 3852 dicta
3221 3791 3357 3871 lege
3389 3792 3483 3852 di-

1921 3880 2084 3941 citur
2145 3898 2275 3942 esse
2345 3883 2669 3960 proprium
2734 3884 3217 3963 uniuscujusque
3271 3885 3484 3966 populi

1923 3974 2028 4052 qui
2057 3973 2289 4051 leyibus
2316 3978 2370 4034 et
2397 3975 2665 4035 moribus
2691 3976 2951 4052 παίδων,
2985 3974 3052 4035 id
3084 3981 3196 4051 est,
3235 3981 3341 4055 qui
3377 3996 3484 4057 po·

1924 4069 2043 4124 test
2069 4064 2186 4124 sibi
2214 4065 2536 4142 proprium
2560 4066 2662 4142 jus
2689 4066 3059 4126 constituere
3086 4073 3308 4145 praeter
3328 4069 3483 4130 illud

1923 4156 2088 4234 quod
2115 4154 2399 4215 omnibus
2418 4155 2705 4233 gentibus
2723 4161 2815 4216 est
2831 4173 3188 4232 commune;
3210 4158 3485 4238 loquitur

1925 4265 2074 4325 ergo
2114 4247 2191 4307 de
2237 4248 2479 4327 populis
2531 4246 2776 4323 liberis,
2830 4254 2901 4307 ut
2941 4255 3119 4309 erant
3145 4252 3481 4331 Romanus,

1925 4341 2335 4416 Atheniensis,
2361 4347 2424 4402 et
2448 4341 2697 4416 similes,
2722 4341 2790 4401 in
2813 4340 3036 4420 quibus
3050 4344 3254 4421 posuit
3279 4363 3486 4408 exem-

1922 4433 2094 4513 plum
2117 4435 2457 4514 Imperator
2478 4433 2543 4493 in
2573 4432 2672 4514 §2
2695 4440 2758 4494 et
2783 4435 2843 4509 3,
2877 4434 3072 4495 Instit.
3101 4435 3179 4496 de
3204 4436 3237 4496 J
3244 4454 3351 4498 ure
3378 4458 3483 4500 na-

1922 4527 2130 4603 turali,
2173 4527 2456 4605 gentium
2483 4533 2545 4587 et
2579 4527 2763 4588 civili.
2796 4529 2871 4587 Et
2896 4527 2972 4588 de
3005 4528 3236 4589 eisdem
3277 4529 3486 4593 liberis

1922 4620 2163 4700 populis
2192 4620 2431 4681 locutus
2472 4626 2565 4681 est
2606 4621 2794 4680 etiam
2836 4621 3046 4681 Isidor.
3085 4621 3154 4682 in
3194 4640 3330 4703 cap.
3361 4626 3413 4688 J
3414 4644 3487 4687 us

1925 4714 2120 4785 civile,
2148 4713 2290 4773 dist.
2318 4718 2378 4789 1,
2408 4719 2478 4772 ut
2505 4712 2592 4772 ibi
2622 4718 2794 4774 notat
2824 4713 3067 4775 Cardin.
3099 4714 3398 4778 Alexand.
3426 4725 3488 4778 et

1924 4807 2141 4866 Decius
2187 4807 2253 4865 in
2298 4825 2433 4886 cap.
2484 4807 2796 4881 Ecclesia,
2841 4808 2917 4867 de
2969 4807 3221 4868 Constit.
3268 4829 3332 4870 n.
3382 4812 3481 4872 24.

1923 4900 2290 4978 Loquuntur
2310 4900 2479 4960 enim
2498 4898 2606 4959 illa
2620 4900 2763 4978 jura
2783 4900 2860 4960 de
2884 4902 3128 4979 populis
3153 4904 3488 4964 secundum

1927 5009 1991 5052 se
2019 4993 2326 5071 spectatis,
2348 4999 2411 5054 et
2432 4991 2775 5054 secundum
2792 5011 2968 5053 suam
2993 4995 3353 5074 primaevam
3381 5015 3490 5057 na-

1926 5089 2159 5145 turam.

2008 5179 2108 5238 20.
2152 5178 2233 5238 At
2267 5196 2413 5240 vero
2460 5178 2663 5239 omnis
2703 5177 2941 5254 civitaS,
2977 5180 3106 5241 sive
3145 5182 3346 5261 major
3385 5183 3487 5261 sit,

1928 5270 2059 5331 sive
2099 5271 2395 5347 maxima,
2434 5289 2570 5349 quae
2610 5269 2856 5330 subdita
2889 5276 2980 5332 est
3005 5290 3290 5353 supremo
3324 5279 3492 5356 prin-

1932 5363 2055 5442 cipi
2075 5363 2142 5422 in
2166 5381 2351 5442 quem
2379 5363 2590 5442 populi
2615 5368 2885 5442 potestas
2906 5367 3203 5429 translata
3222 5375 3333 5443 est,
3360 5371 3492 5449 jam

291 5464 557 5525 condere
573 5479 594 5539 ;
626 5460 733 5523 sed
762 5461 925 5522 circa
949 5477 1045 5520 res
1075 5457 1352 5537 proprias
1398 5454 1621 5515 melius
1654 5459 1853 5534 potest
1932 5474 2060 5518 non
2089 5460 2288 5535 potest
2314 5455 2575 5516 condere
2602 5455 2769 5535 leges
2802 5477 2912 5538 per
2941 5477 3006 5520 se
3033 5460 3185 5537 sola,
3206 5479 3282 5522 ex
3308 5463 3370 5520 vi
3398 5480 3494 5523 so-

291 5573 679 5641 unaquoeque
705 5554 919 5617 civitas
946 5558 1246 5626 statuere3
1273 5566 1421 5629 ergo
1452 5548 1681 5610 rationi
1712 5565 1856 5610 con-

1934 5548 2055 5610 lius
2085 5549 2405 5629 potestatis
2434 5550 2723 5630 propriae,
2757 5553 2903 5634 quia
2921 5554 3056 5633 jam
3088 5572 3153 5617 se
3184 5553 3493 5619 abdicavit
