3976 6219
486 411 605 472 314

482 522 679 597 potest
700 534 811 596 per
838 519 1210 581 sententiam
1242 519 1463 601 punire
1482 519 1769 580 clericum
1796 521 2046 596 propter

482 609 728 688 aliquod
755 609 1051 672 delictum
1078 634 1092 671 ε
1127 631 1275 690 ergo
1302 632 1416 674 nec
1456 631 1566 692 per
1599 613 1821 690 legem.
1869 609 2043 668 Dices

482 704 598 763 hoc
625 720 754 763 esse
787 720 1006 764 verum
1035 704 1111 766 de
1146 707 1452 768 sententia
1499 724 1635 785 quac
1682 722 1794 784 per
1840 702 2042 763 homi-

483 814 651 871 nem,
683 800 747 856 et
773 803 1012 858 servato
1032 798 1193 876 juris
1222 799 1461 875 ordine,
1483 798 1736 859 ferenda
1750 800 1842 857 est
1852 811 1873 873 3
1891 811 2039 855 nam

483 888 589 949 illa
621 889 1010 968 praerequirit
1041 892 1421 952 coactionem
1448 909 1559 972 per
1584 890 1905 951 hominem
1943 888 2041 948 in-

481 981 800 1043 serendam
829 1003 843 1042 ε
873 1001 1047 1044 secus
1065 1002 1213 1045 vero
1238 985 1315 1046 de
1346 984 1650 1046 sententia
1676 983 1800 1043 lata
1827 1000 1938 1060 per
1955 980 2043 1041 le-

485 1092 650 1154 gem,
681 1093 819 1154 quae
845 1094 1196 1156 processum
1244 1083 1353 1138 aut
1373 1077 1706 1157 juridicam
1741 1073 2041 1152 cognitio-

484 1186 629 1229 nem
655 1187 851 1230 causae
879 1189 1007 1231 non
1028 1171 1314 1251 requirit,
1348 1171 1452 1233 sed
1480 1176 1726 1233 tantum
1754 1185 2040 1230 consum-

482 1263 818 1323 mationem
872 1263 1076 1324 delicti
1098 1309 1119 1339 ,
1171 1283 1310 1344 quae
1363 1265 1479 1345 ipsi
1533 1261 1920 1343 delinquenti
1971 1261 2040 1321 in

482 1355 855 1416 conscientia
870 1356 1213 1418 innotescat
1224 1373 1243 1433 ;
1263 1357 1431 1418 unde
1447 1357 1579 1417 sine
1598 1356 1847 1436 propria
1869 1371 2041 1414 coac-

484 1447 649 1508 tione
668 1449 1011 1527 imponitur
1036 1468 1147 1530 per
1174 1450 1617 1528 obligationem
1647 1449 1714 1508 in
1730 1446 2042 1507 conscien-

479 1540 570 1600 tia
591 1539 672 1601 ad
702 1542 1121 1622 exequendam
1147 1542 1336 1603 talem
1367 1559 1641 1621 poenam,
1665 1539 1719 1600 si
1741 1538 2040 1599 delictum

481 1632 613 1708 fiat,
639 1639 710 1694 ut
737 1635 899 1696 infra
930 1635 1249 1697 tractando
1278 1635 1353 1696 de
1376 1635 1513 1714 lege
1544 1632 1777 1714 poenali
1804 1630 2041 1693 videbi-

481 1744 640 1788 mus.
687 1728 1116 1807 Respondetur
1142 1729 1218 1789 de
1262 1735 1523 1807 utraque
1550 1725 1855 1788 sententia
1896 1741 2040 1803 pro-

481 1819 695 1879 cedere
738 1821 1044 1881 rationem
1083 1820 1310 1881 factam
1338 1843 1353 1881 :
1395 1826 1534 1881 tum
1583 1820 1731 1898 quia
1778 1823 2041 1896 utraque

480 1911 746 1990 pertinet
772 1913 850 1973 ad
879 1914 1007 1973 vim
1048 1915 1388 1974 coactivam
1407 1959 1428 1989 ,
1477 1918 1541 1974 et
1585 1910 2042 1990 quodammodo

480 2005 681 2083 major
697 2006 930 2067 coactio
957 2005 1027 2066 fit
1054 2024 1165 2087 per
1194 2007 1562 2067 sententiam
1583 2004 1794 2083 legum
1822 2003 2038 2078 latam,

481 2098 626 2176 quia
658 2116 865 2159 secum
915 2099 1095 2160 affert
1120 2099 1569 2174 executionem,
1614 2103 1676 2158 et
1701 2114 1829 2157 non
1857 2096 2042 2156 datur

480 2189 651 2250 locus
672 2190 1013 2253 defensioni
1031 2218 1046 2269 3
1064 2198 1197 2252 tum
1214 2193 1401 2252 etiam
1421 2192 1568 2270 quia
1581 2190 1784 2250 omnis
1797 2194 2042 2250 senten-

479 2282 568 2342 tia
589 2281 716 2343 lata
733 2301 770 2344 a
792 2303 918 2345 non
950 2285 1155 2364 judice
1182 2285 1356 2345 nulla
1378 2290 1504 2362 est3
1534 2283 1639 2345 illa
1667 2301 1813 2344 vero
1840 2282 2040 2342 fertur

479 2393 517 2436 a
548 2393 676 2437 non
696 2375 904 2452 judice
945 2383 1226 2457 respectu
1255 2376 1480 2437 clerici.
1513 2376 1748 2450 Quare,
1778 2374 1921 2434 licet
1949 2372 2037 2433 le-

479 2456 731 2547 gislator
779 2470 974 2530 civilis
1003 2470 1195 2549 possit
1238 2469 1557 2548 imponere
1597 2466 2040 2545 obligationem

478 2559 546 2620 in
569 2561 941 2623 conscientia
966 2562 1168 2641 quoad
1192 2579 1435 2622 morum
1456 2560 1858 2620 directionem
1874 2575 2042 2618 com-

478 2670 738 2713 munem
765 2653 1053 2714 omnibus
1101 2652 1375 2729 civibus,
1424 2671 1550 2713 non
1593 2658 1803 2711 tamen
1835 2650 2038 2729 quoad

479 2763 806 2824 poenarum
834 2745 1261 2820 inflictionem,
1281 2746 1426 2824 quia
1443 2745 1540 2804 hae
1555 2763 1665 2823 per
1690 2744 1842 2805 alios
1873 2737 2056 2805 com·'

480 2842 758 2916 petentes
778 2836 1018 2914 judices
1046 2838 1284 2916 imponi
1306 2842 1582 2917 possunt.

562 2931 661 2991 18.
706 2931 781 2990 Et
822 2931 961 2992 ideo
1008 2929 1355 2992 addidimus
1395 2929 1654 2991 alteram
1678 2935 1914 3007 partem
1946 2947 2041 2990 as-

479 3024 785 3102 sertionis,
816 3023 1067 3102 scilicet,
1093 3043 1267 3105 posse
1296 3025 1733 3087 ecclesiasticas
1751 3042 2042 3103 personas

478 3134 519 3177 a
558 3118 682 3178 suis
732 3118 1002 3180 Praelatis
1036 3119 1244 3199 puniri
1284 3124 1532 3198 propter
1559 3117 2042 3195 trangressiones

478 3210 699 3272 talium
721 3212 973 3292 legum3
1012 3231 1149 3293 quae
1196 3211 1373 3273 facile
1409 3211 1726 3291 probatur,
1757 3210 1904 3290 quia
1932 3210 2042 3270 illa

478 3307 883 3383 transgressio
938 3311 1029 3367 est
1079 3305 1369 3366 delictum
1441 3303 1818 3365 contrarium
1874 3302 2039 3363 bono

479 3399 795 3459 communi
809 3414 829 3475 3
887 3415 1035 3476 ergo
1096 3402 1294 3476 potest
1346 3414 1456 3475 per
1508 3400 1869 3474 potestatem
1931 3393 2043 3454 ali-

478 3508 666 3569 quam
689 3491 923 3569 puniri,
949 3508 1076 3550 non
1096 3508 1207 3568 per
1232 3488 1476 3549 civilem
1489 3505 1508 3564 ;
1549 3506 1698 3567 ergo
1721 3507 1831 3567 per
1852 3488 2042 3549 eccle-

477 3582 804 3643 siasticam.
836 3585 1012 3656 Item,
1042 3581 1151 3641 illa
1182 3581 1427 3659 punitio
1470 3586 1563 3640 est
1593 3580 1911 3641 moraliter
1931 3599 2042 3642 ne-

478 3675 741 3735 cessaria
788 3674 867 3734 ad
913 3691 1240 3734 commune
1289 3673 1544 3748 bonum,
1594 3690 1741 3732 nam
1773 3673 1845 3732 ad
1885 3672 2040 3734 illud

478 3767 728 3846 expedit
769 3785 849 3828 ne
893 3765 1043 3827 talia
1098 3766 1321 3826 delicta
1362 3771 1658 3826 maneant
1688 3766 1999 3845 impunita
2017 3782 2039 3844 3

479 3878 629 3939 ergo
683 3878 794 3939 per
844 3859 1192 3939 legitimum
1237 3859 1612 3939 superiorem
1654 3858 1790 3920 fieri
1815 3865 2037 3939 potest.

476 3954 615 4016 Dixi
643 3962 849 4016 autem
870 3960 1020 4035 tunc
1047 3971 1174 4015 esse
1205 3953 1647 4033 imponendam
1670 3971 1917 4033 poenam
1944 3972 2042 4015 ar-

476 4048 663 4111 bitrio
691 4048 953 4124 Proelati,
1006 4054 1077 4109 ut
1113 4047 1517 4123 insinuarem,
1562 4047 1705 4108 licet
1740 4065 1850 4125 per
1875 4046 2044 4125 leges

475 4142 685 4204 civiles
707 4143 787 4203 sit
802 4160 987 4222 poena
1008 4141 1327 4221 designata
1356 4160 1470 4221 pro
1500 4140 1611 4201 tali
1639 4140 1883 4217 delicto,
1912 4159 2042 4202 non

474 4235 672 4297 teneri
697 4236 1025 4297 Praelatum
1047 4236 1526 4296 ecclesiasticum
1541 4235 1713 4295 illam
1724 4235 2042 4314 imponere

474 4329 694 4390 clerico
712 4327 1189 4407 transgredienti
1205 4328 1429 4407 legem.
1458 4329 1548 4388 Ita
1567 4327 1807 4389 notavit
1820 4329 2035 4389 Covar.

473 4422 583 4484 lib.
618 4421 945 4484 Praeticar.
973 4422 1324 4501 quaestion.,
1355 4439 1488 4501 cap.
1522 4422 1624 4498 33,
1661 4421 1729 4481 in
1755 4420 1881 4483 fine
1913 4444 1931 4497 3
1977 4427 2042 4483 et

473 4516 707 4578 Salced.
755 4516 822 4576 in
850 4516 1103 4577 Praetic.
1142 4515 1413 4591 crimin„
1446 4533 1578 4595 cap.
1611 4516 1691 4577 66
1720 4530 1741 4592 ;
1786 4520 1847 4576 et
1880 4516 2040 4577 ratio

474 4614 591 4685 est,
616 4608 763 4688 quia
786 4608 889 4670 lex
920 4608 1050 4683 illa,
1076 4606 1280 4687 quoad
1305 4607 1477 4669 illam
1496 4614 1733 4688 partem
1756 4626 1892 4688 quac
1910 4627 2040 4689 poe-

475 4719 622 4762 nam
651 4700 956 4780 designat,
980 4701 1115 4780 jam
1143 4700 1413 4779 pertinet
1427 4699 1507 4760 ad
1523 4701 1654 4762 vim
1677 4701 2035 4777 coactivam,

474 4799 537 4856 et
568 4794 707 4855 ideo
729 4812 857 4855 non
879 4793 1067 4855 habet
1092 4793 1221 4853 vim
1244 4793 1307 4852 in
1338 4792 1649 4856 clericum.
1678 4795 1754 4855 Et
1776 4794 2042 4873 explica-

475 4890 579 4946 tur
621 4886 909 4966 ampliuS,
940 4886 1085 4964 quia
1105 4884 1346 4963 judices
1375 4885 1766 4947 ecclesiastici
1793 4905 1921 4947 non
1947 4891 2039 4947 te-

474 4985 704 5040 nentur
740 4977 1022 5059 judicare
1062 4979 1404 5040 secundum
1452 4978 1619 5058 leges
1658 4979 1891 5056 civiles,
1932 4979 2041 5040 sed

473 5073 813 5134 secundum
844 5091 1149 5148 canones3
1182 5077 1244 5133 et
1269 5072 1380 5134 ubi
1408 5072 1499 5133 illi
1536 5073 1760 5134 desunt
1786 5077 2043 5152 possunt

474 5184 589 5227 suo
621 5167 875 5228 arbitrio
901 5167 1016 5243 uti,
1059 5166 1580 5228 accommodando
1610 5184 1824 5246 poenas
1858 5184 2044 5228 cano·

474 5258 645 5319 nicas
673 5270 733 5319 et
764 5277 891 5319 non
919 5259 1169 5322 civiles:
1220 5260 1409 5336 unde,
1441 5260 1587 5339 quia
1620 5277 1886 5321 canones
1913 5278 2042 5321 non

474 5357 718 5432 ponunt
745 5351 1217 5414 determinatam
1245 5370 1495 5432 poenam
1511 5349 1635 5434 'pro
1661 5353 1772 5414 tali
1795 5353 2040 5428 delicto,

475 5456 548 5511 ut
591 5453 850 5519 constat,
902 5448 1158 5509 arbitrio
1178 5448 1401 5529 judicis
1428 5449 1813 5510 ecclesiastici
1844 5438 2048 5527 impo'ss,

476 5543 685 5612 nenda
710 5544 849 5612 erit.
900 5541 1212 5623 Quinimo,
1257 5541 1541 5606 nonnulli
1568 5542 1804 5627 Juristae
1829 5541 2047 5603 dicunt

1490 416 1606 469 ΠΒ.
1642 416 1728 469 111.
1764 413 1845 466 nt:
1877 409 2039 464 LEGE
2071 410 2334 464 nuum».
2363 412 2444 465 ET
2475 412 2683 466 clvlu.

2123 533 2246 575 non
2278 534 2449 594 posse
2476 521 2628 576 tune
2653 513 2929 594 judicem
2974 513 3454 576 ecclesiasticum
3495 515 3713 595 impo-

2123 627 2272 670 nere
2300 609 2545 670 subdito
2578 628 2826 688 poenam
2852 609 3008 687 legis
3034 609 3250 684 civilis,
3290 628 3369 670 ne
3413 609 3717 670 videatur

2122 701 2416 762 clericum
2462 701 2727 783 judicari
2777 720 2950 763 more
2990 701 3314 777 laicorum,
3364 708 3473 762 aut
3513 702 3717 780 juxta

2121 794 2420 856 laicorum
2462 795 2799 875 judicium,
2851 800 3066 856 contra
3114 813 3248 874 cap.
3302 796 3341 854 2
3384 795 3461 854 de
3488 795 3709 856 Judic.

2120 888 2238 949 Sed
2266 889 2333 949 in
2381 888 2499 950 hoc
2524 888 2700 950 nulla
2728 893 2821 950 est
2848 887 3187 967 prohibitio
3214 906 3329 948 nec
3367 886 3711 966 obligatio,

2118 999 2231 1061 per
2255 1001 2318 1043 se
2337 982 2649 1062 loquendo
2673 997 2694 1059 ;
2717 999 2863 1043 nam
2886 981 3092 1060 potius
3124 987 3217 1042 est
3242 980 3519 1061 prudens
3551 999 3717 1041 cou-

2120 1074 2328 1135 silium
2370 1082 2434 1136 et
2467 1073 2809 1136 canonibus
2856 1079 3362 1148 consentaneum,
3412 1078 3485 1132 ut
3532 1073 3714 1150 judi-

2120 1184 2220 1228 ces
2247 1168 2637 1229 ecclesiastici
2676 1167 3001 1227 imitentur
3027 1166 3193 1244 leges
3231 1167 3434 1244 justas
3460 1166 3711 1241 civiloe,

2118 1260 2228 1320 ubi
2276 1279 2541 1322 canones
2595 1260 2840 1321 desunt.
2882 1259 3093 1321 Solum
3143 1276 3291 1337 ergo
3321 1258 3388 1318 id
3441 1258 3713 1320 habebit

2118 1354 2347 1431 locum,
2389 1354 2638 1434 quando
2686 1371 2873 1434 poena
2910 1358 3069 1414 esset
3099 1351 3434 1432 corporalis
3467 1359 3534 1412 et
3572 1371 3708 1413 non

2121 1444 2341 1507 decens
2388 1445 2862 1508 ecclesiasticam
2912 1463 3260 1524 personam,
3301 1444 3405 1506 vel
3447 1446 3708 1524 quando

2119 1557 2228 1617 per
2255 1540 2537 1601 accidens
2564 1545 2923 1618 sequeretur
2940 1537 3329 1608 scandalum,
3364 1536 3469 1598 vel
3501 1539 3709 1618 suspi-

2106 1631 2214 1715 ⁸cio
2268 1633 2494 1711 agendi
2538 1637 2754 1693 contra
2804 1631 3277 1693 ecclesiasticam
3332 1631 3707 1691 immunita-

2119 1727 2270 1786 tem.

2202 1819 2302 1879 19.
2346 1817 2510 1879 Bene
2523 1834 2699 1895 posse
2721 1817 2981 1896 aliquem
3015 1815 3204 1877 teneri
3233 1815 3558 1894 proeeeptis
3577 1816 3702 1877 ali-

2121 1912 2295 1991 cujus
2323 1929 2362 1972 a
2386 1929 2497 1991 quo
2519 1911 2726 1990 nequit
2753 1910 2884 1989 σορκ·
2906 1926 3016 1987 per
3032 1926 3294 1987 pennam.
3324 1941 3410 1953 —
3427 1908 3500 1967 Et
3517 1909 3695 1985 juxta

2121 2005 2254 2065 haec
2295 2004 2471 2065 facile
2528 2009 2618 2064 est
2668 2003 3037 2082 respondere
3060 2001 3138 2062 ad
3167 2002 3437 2063 alteram
3459 2016 3692 2080 partem

2119 2099 2377 2159 rationis
2400 2097 2724 2157 dubitandi
2727 2143 2748 2173 ,
2792 2115 2897 2158 seu
2914 2095 3292 2176 :objectionis
3310 2096 3526 2174 positae
3550 2113 3698 2155 con·

2118 2197 2216 2252 tra
2249 2191 2519 2271 priorem
2571 2191 2993 2250 assertionem.
3040 2191 3319 2267 Negatur
3377 2190 3546 2248 enim
3606 2207 3699 2249 se-

2120 2285 2300 2365 quela
2332 2301 2468 2363 quae
2500 2282 2572 2343 fit
2599 2300 2637 2343 a
2667 2283 2730 2343 vi
2758 2283 3053 2344 directiva
3073 2282 3153 2343 ad
3198 2283 3568 2358 coactivam,
3598 2281 3701 2342 vel

2121 2396 2156 2439 e
2197 2377 2529 2451 contrario,
2573 2376 2649 2436 de
2680 2394 2803 2456 quo
2844 2376 3023 2454 plura
3069 2374 3346 2436 dicemus
3375 2376 3578 2454 capite
3604 2393 3699 2436 se-

2120 2470 2358 2550 quenti.
2403 2471 2678 2545 Negatur
2726 2469 2916 2528 etiam
2966 2486 3094 2528 esse
3149 2467 3532 2548 impossibile
3585 2468 3700 2528 ali-

2119 2579 2306 2641 quem
2364 2561 2562 2622 teneri
2618 2561 2938 2640 praeceptis
2983 2561 3249 2639 alicujus
3304 2580 3343 2622 a
3393 2580 3518 2640 quo
3560 2580 3695 2621 non

2120 2655 2311 2733 possit
2338 2655 2476 2732 cogi
2516 2671 2627 2732 per
2667 2671 2942 2734 poenam,
2982 2659 3091 2714 aut
3132 2655 3350 2734 puniri,
3377 2655 3429 2713 si
3455 2654 3692 2714 inobe-

2119 2747 2296 2807 diens
2315 2747 2412 2807 sit.
2448 2747 2626 2822 Nam,
2656 2745 2800 2807 licet
2833 2752 3094 2824 utraque
3116 2752 3366 2825 potestas
3390 2764 3684 2807 necessa-

2119 2840 2214 2900 ria
2241 2839 2322 2900 sit
2359 2839 2440 2899 ad
2483 2839 2816 2899 efficaciam
2843 2838 3018 2916 legiS,
3055 2857 3186 2899 non
3210 2845 3298 2900 est
3326 2845 3524 2899 tamen
3556 2857 3672 2899 ne-

2121 2933 2449 2994 cessarium
2477 2937 2548 2991 ut
2578 2950 2820 3010 semper
2842 2937 3103 3011 utraque
3121 2932 3203 2992 sit
3227 2933 3293 2991 in
3310 2932 3518 2994 eadem
3537 2951 3675 3011 per-

2120 3043 2292 3086 sona.
2336 3025 2628 3098 Quamvis
2679 3024 2850 3085 enim
2903 3024 3295 3103 regulariter,
3344 3031 3407 3085 et
3449 3031 3684 3085 attento

2120 3118 2250 3180 solo
2277 3117 2592 3178 ordinario
2616 3118 2776 3196 jure,
2800 3118 2887 3178 ita
2900 3118 3000 3193 sit,
3023 3117 3430 3178 nihilominus
3443 3126 3692 3197 propter

2122 3228 2451 3272 commune
2487 3209 2721 3270 bonum
2754 3216 3011 3289 possunt
3037 3210 3355 3271 interdum
3393 3213 3688 3289 separari,

2121 3310 2184 3365 et
2209 3304 2298 3364 ita
2335 3303 2567 3363 factum
2616 3308 2708 3363 est
2741 3304 2809 3363 in
2853 3303 3208 3380 hujusmodi
3237 3303 3505 3383 legibuS.
3537 3305 3693 3364 Nam

2120 3396 2362 3476 legibus
2381 3395 2663 3456 civilibus
2693 3396 2907 3456 relicta
2936 3406 3027 3456 est
3054 3396 3312 3457 directio
3344 3398 3695 3458 necessaria

2122 3489 2310 3550 etiam
2347 3488 2549 3567 quoad
2573 3506 2863 3567 personas
2902 3488 3268 3549 clericorum
3305 3490 3370 3549 in
3400 3488 3502 3549 his
3525 3508 3690 3569 quae,

2122 3582 2461 3643 secundum
2489 3598 2885 3642 communem
2923 3581 3230 3642 rationem
3268 3582 3503 3642 civium
3522 3627 3543 3657 ,
3584 3599 3694 3643 ne-

2121 3675 2382 3735 cessaria
2410 3679 2555 3735 sunt
2581 3673 2662 3735 ad
2688 3691 3014 3735 commune
3041 3674 3277 3735 bonum
3303 3675 3596 3750 civitatiS,
3632 3679 3696 3736 et

2122 3767 2410 3827 omnibus
2432 3766 2670 3828 civibus
2689 3768 3046 3829 communia
3073 3773 3239 3830 sunt.
3276 3769 3351 3828 Et
3369 3767 3694 3829 nihilomi-

2121 3878 2242 3921 nus
2268 3860 2500 3921 coactio
2530 3860 2873 3921 necessaria
2900 3861 3089 3922 etiam
3120 3879 3232 3940 pro
3269 3860 3499 3921 talibus
3536 3861 3693 3939 legi-

2121 3953 2238 4016 bus
2284 3953 2595 4015 servandis
2635 3959 2874 4014 servata
2900 3960 2995 4015 est
3020 3954 3440 4015 ecclesiasticis
3460 3955 3691 4034 judici-

2121 4047 2261 4124 bus,
2291 4053 2540 4127 propter
2565 4047 2888 4121 honorem,
2918 4053 2980 4109 et
3008 4048 3351 4110 decentiam
3379 4047 3693 4110 ecclesias-

2123 4141 2230 4203 tici
2261 4145 2476 4211 status,
2507 4147 2572 4201 et
2616 4141 2856 4221 majora
2900 4141 3065 4203 mala
3090 4142 3365 4203 vitanda.
3398 4142 3576 4203 Unde
3609 4142 3691 4203 ad

2122 4236 2517 4315 magistratus
2543 4235 2754 4297 civiles
2780 4237 3113 4314 pertinebit
3147 4236 3477 4316 implorare
3516 4237 3691 4297 auxi·

2120 4331 2275 4392 lium
2305 4330 2704 4391 Praelatorum
2745 4329 3026 4390 Ecclesiae
3044 4375 3065 4405 ,
3105 4336 3175 4391 ut
3206 4335 3432 4409 cogant
3478 4328 3688 4389 subdi-

2118 4431 2212 4486 tos
2239 4442 2381 4486 suos
2403 4425 2599 4504 justas
2620 4423 2787 4502 leges
2814 4441 3081 4500 servare,
3112 4424 3278 4502 quod
3303 4424 3422 4502 ipsi
3448 4440 3564 4502 pro
3591 4423 3690 4484 sui

2118 4520 2391 4580 muneris
2419 4517 2795 4595 obligatione
2817 4517 3017 4579 facere
3039 4517 3438 4578 tenebuntur.

2199 4613 2302 4673 ΞΟ.
2351 4611 2596 4685 Quando
2633 4611 2792 4687 fiant
2825 4612 2980 4689 loyes
3011 4612 3215 4674 civiles
3241 4613 3413 4686 tales,
3443 4616 3514 4673 ut
3542 4610 3687 4673 obli-

2118 4710 2259 4785 gent
2280 4704 2725 4768 ecclesiasticos.
2754 4737 2835 4748 —
2863 4704 3272 4782 interrogabit
3305 4719 3517 4766 autem
3568 4704 3689 4766 for·

2117 4804 2277 4860 tasse
2306 4797 2530 4877 aliquis
2555 4796 2780 4876 quibus
2807 4797 3000 4875 signis
3017 4803 3126 4859 aut
3144 4797 3375 4876 regulis
3402 4798 3686 4876 cognosci

2119 4890 2310 4971 possit
2341 4890 2588 4968 quando
2613 4888 2780 4968 leges
2806 4889 3016 4951 civiles
3042 4890 3196 4951 tales
3225 4892 3371 4966 sint,
3403 4896 3475 4950 ut
3498 4889 3687 4951 ecele-

2121 4983 2395 5043 siasticas
2419 5000 2709 5061 personas
2749 4981 3025 5061 obligent
3063 4982 3144 5043 ad
3182 4983 3279 5043 sui
3317 4982 3686 5044 observatio-

2121 5093 2290 5136 nem.
2335 5076 2421 5137 De
2453 5075 2569 5136 hac
2595 5074 2766 5136 enim
2810 5092 2878 5136 re
2905 5074 3104 5136 multa
3135 5075 3412 5136 scribunt
3427 5076 3689 5155 jurispe-

2123 5169 2249 5244 riti,
2282 5174 2346 5230 et
2389 5186 2518 5229 non
2543 5172 2674 5228 tam
2707 5166 3060 5246 generalem
3090 5168 3371 5247 regulam
3406 5168 3684 5245 tradunt,

2124 5280 2313 5341 quam
2363 5279 2476 5342 per
2523 5261 2727 5322 varios
2761 5278 2938 5321 casus
2978 5261 3353 5336 discurrunt,
3391 5266 3465 5321 ut
3492 5261 3688 5322 videri

2124 5360 2325 5435 potest
2369 5355 2435 5414 in
2482 5353 2752 5430 Bartolo,
2793 5354 3133 5414 Panormit.
3194 5358 3255 5415 et
3299 5354 3541 5431 Felin.;
3585 5354 3687 5415 sed

2126 5447 2278 5508 illud
2311 5464 2468 5526 pene
2509 5446 2826 5507 infinitum
2854 5452 2970 5523 est,
3014 5452 3075 5508 et
3102 5452 3402 5527 proeterea
3445 5446 3690 5508 difficile

2126 5547 2217 5606 est
2247 5559 2326 5605 ex
2349 5539 2472 5604 illis
2499 5539 2735 5624 aliquid
2759 5544 3000 5605 certum
3033 5540 3345 5622 colligere.
3375 5540 3691 5617 Quantum
