3976 6219
868 430 1005 485 GAP.
1038 431 1147 485 ΧΠ.
1181 430 1396 486 mmm
1425 431 1742 487 POTESTAS
1771 432 2248 487 ECCLESIASTIGA
2278 432 2666 497 flmmeum,
2686 430 2823 485 ETG.
3330 426 3446 487 377

213 538 302 595 et
321 532 522 594 Deum
551 547 568 593 ε
594 530 663 591 in
687 528 824 590 foro
850 534 1060 591 autem
1087 529 1379 591 exteriori
1400 549 1584 593 causa
1604 532 1814 610 agitur
1884 534 2087 613 potuit
2113 531 2192 594 ad
2218 538 2390 594 actus
2420 533 2715 594 internos.
2735 529 3115 605 Declaratur,
3143 529 3292 609 quia
3314 529 3449 592 haec

208 624 517 687 hominis
540 624 619 686 ad
644 623 987 684 hominem.
1033 623 1190 684 Hinc
1227 641 1374 703 ergo
1402 623 1499 700 fit,
1533 630 1604 685 ut
1641 624 1812 705 prior
1884 631 2153 707 potestas
2181 625 2327 687 data
2353 632 2445 686 est
2471 644 2510 687 a
2533 627 2658 687 Deo
2678 624 2760 685 ad
2780 622 3220 685 remittendum
3248 624 3449 684 nomi·

212 724 513 800 potestas
549 718 737 797 possit
772 717 1006 778 versari
1048 717 1214 778 circa
1239 724 1411 779 actus
1438 719 1763 780 interiores
1787 765 1807 795 ,
1884 737 1965 780 ne
1992 719 2128 797 ejus
2168 717 2612 796 obligationem
2655 716 2746 778 illi
2787 717 3015 777 factam
3042 733 3153 794 per
3179 715 3453 777 hominis

216 812 375 872 imo
408 810 548 871 illos
591 809 902 890 potissime
955 810 1243 899 respiciat
1257 855 1278 886 ,
1330 811 1478 890 quia
1515 829 1629 892 per
1677 811 1815 873 illos
1884 812 2385 892 promissionem,
2415 819 2478 873 et
2517 813 2605 872 ita
2630 812 2766 890 ejus
2787 816 2960 871 actus
3005 814 3288 870 versatur
3313 815 3452 871 tan-

221 902 519 964 maxime
571 901 894 963 ordinatur
918 900 1108 963 homo
1144 902 1223 963 ad
1257 905 1475 979 Deum,
1506 910 1568 966 et
1598 903 1667 965 in
1692 905 1817 966 illis

226 994 524 1056 consistit
569 993 816 1054 interna
856 992 1023 1054 salus
1067 994 1453 1074 singulorum
1503 994 1814 1073 fidelium,

226 1094 500 1168 propter
527 1104 714 1167 quam
743 1086 1016 1148 maxime
1043 1085 1176 1148 haec
1201 1093 1471 1168 potestas
1516 1089 1719 1152 datur.
1741 1092 1819 1151 Et

233 1181 331 1242 ob
363 1180 648 1242 eamdem
677 1198 929 1242 causam
953 1186 1126 1242 actus
1174 1180 1362 1260 hujus
1397 1183 1716 1262 potestatis
1737 1183 1819 1244 ad

228 1273 742 1353 jurisdictionem
789 1273 1132 1353 pertinent,
1168 1291 1359 1354 quam
1409 1275 1656 1337 Juristae
1710 1293 1818 1338 vo-

201 1377 209 1382 ·
237 1370 396 1426 cant
415 1365 854 1440 voluntariam,
902 1383 1042 1445 quae
1083 1371 1406 1427 exercetur
1433 1366 1501 1427 in
1537 1383 1814 1428 commo-

241 1458 406 1518 dum
424 1458 676 1534 subditi,
695 1476 805 1519 seu
830 1457 943 1534 rei,
975 1462 1039 1519 et
1054 1457 1135 1518 ad
1162 1458 1546 1536 petitionem,
1562 1458 1662 1520 vel
1674 1477 1819 1521 con-

240 1568 503 1611 sensum
531 1552 686 1629 ejus,
722 1551 870 1629 quia
901 1549 1158 1611 interior
1185 1550 1349 1612 salus
1376 1556 1438 1611 et
1463 1551 1819 1613 reconcilia-

242 1644 344 1704 tio
371 1661 515 1704 cum
544 1645 667 1704 Deo
683 1643 1035 1704 voluntaria
1061 1661 1192 1704 esse
1215 1643 1418 1705 debet.
1455 1644 1573 1717 Qui
1607 1650 1818 1706 autem

243 1741 425 1798 actus
456 1735 534 1796 ad
559 1736 722 1796 hanc
752 1741 1115 1815 potestatem
1140 1735 1513 1815 pertineant,
1543 1737 1709 1798 infra
1726 1738 1820 1798 di-

246 1834 430 1890 cetur
447 1850 465 1903 ;
483 1834 720 1888 certum
734 1834 826 1890 est
841 1835 1053 1889 autem
1067 1828 1518 1907 legislationem
1542 1847 1667 1890 non
1690 1846 1819 1891 esse

244 1925 463 1981 actum
497 1919 686 2000 hujus
707 1922 1047 2001 potestati3‚
1074 1925 1135 1981 et
1160 1920 1299 1981 ideo
1340 1920 1419 1982 ab
1442 1920 1549 1982 illa
1575 1921 1820 1982 nullum

246 2014 420 2074 sumi
446 2019 910 2092 argumentum.
934 2013 1014 2074 At
1045 2031 1193 2075 vero
1214 2019 1483 2094 potestas
1509 2014 1822 2076 ecclesias-

242 2106 399 2180 tica,
426 2110 732 2184 quatenns
759 2105 1169 2184 gubernativa
1208 2112 1300 2168 est
1329 2107 1520 2167 totius
1542 2124 1820 2167 commu-

245 2198 491 2273 nitatis,
541 2204 612 2257 ιιι
652 2199 762 2273 sic,
810 2197 998 2259 habet
1041 2200 1231 2260 etiam
1276 2217 1453 2260 suam
1492 2201 1819 2261 materiam

243 2290 805 2371 proportionatam,
840 2290 1162 2366 nimirum,
1194 2298 1367 2352 actus
1413 2298 1699 2353 externos
1741 2292 1820 2352 ad

248 2383 771 2462 gubernationem
794 2383 982 2443 etiam
993 2383 1278 2445 Ecclesiae
1296 2385 1664 2446 exteriorem
1682 2402 1821 2464 per-

248 2477 546 2550 tinenteS,
568 2483 629 2537 et
648 2476 727 2537 ad
754 2476 921 2535 hunc
948 2476 1227 2536 ordinem
1254 2478 1525 2555 pertinet
1555 2483 1820 2556 potestas

254 2568 686 2644 ecclesiastica,
716 2574 788 2629 ut
810 2567 1152 2645 legislativa
1187 2574 1298 2630 est.
1334 2571 1513 2644 Nam,
1543 2571 1686 2631 licet
1715 2587 1819 2630 ec-

253 2660 602 2721 clesiasticae
619 2660 785 2739 leges
810 2661 997 2721 etiam
1019 2661 1386 2722 ordinentur
1402 2662 1480 2722 ad
1507 2661 1700 2723 finem
1722 2680 1821 2723 su·

253 2754 741 2834 pernaturalem,
772 2760 835 2815 et
864 2754 941 2815 ad
982 2755 1300 2816 internum
1325 2756 1559 2816 bonum
1581 2757 1820 2817 anima·

254 2865 423 2923 rum,
467 2864 596 2907 non
633 2852 846 2907 tamen
879 2847 1236 2908 immediate
1280 2850 1591 2927 operando
1639 2849 1819 2925 illud,

258 2939 368 3000 sed
396 2939 600 3000 media
616 2939 936 2999 honestate
954 2944 1205 3000 actuum
1222 2945 1641 3017 externorum,
1662 2942 1826 3003 circa

261 3049 414 3112 quos
441 3032 723 3113 proxime
751 3035 1093 3092 versantur.

347 3127 416 3185 11
429 3170 443 3184 .
467 3124 563 3184 Ad
582 3123 1028 3198 inductionem,
1054 3140 1195 3203 quae
1220 3125 1289 3183 in
1315 3126 1695 3186 contrarium
1716 3125 1826 3186 fie-

264 3216 394 3292 bat,
419 3216 619 3278 facilis
649 3216 838 3277 etiam
866 3221 957 3276 est
983 3233 1060 3277 ex
1087 3217 1262 3277 dictis
1304 3218 1637 3296 responsio.
1669 3220 1826 3279 Nam

263 3309 467 3388 primo
494 3309 703 3387 aliqua
738 3326 816 3369 ex
841 3308 938 3369 his
961 3326 1098 3388 quse
1131 3308 1221 3369 ibi
1245 3316 1665 3387 recensentur,
1695 3329 1825 3372 non

260 3401 577 3481 pertinent
597 3401 674 3461 ad
704 3401 866 3461 hanc
897 3406 1260 3479 potestatem
1290 3402 1723 3481 legislativam‚
1745 3403 1822 3465 de

261 3510 386 3573 qua
414 3492 681 3570 agimus,
711 3491 818 3554 sed
845 3492 924 3552 ad
955 3492 1454 3570 jurisdictionem
1481 3495 1601 3554 fori
1627 3494 1820 3556 inter-

259 3586 351 3660 ni,
377 3590 447 3645 ut
471 3584 775 3645 absolutio
802 3602 841 3645 a
872 3585 1161 3665 peccatis,
1195 3604 1333 3665 quoe
1359 3587 1631 3648 maxime
1654 3604 1821 3666 spec-

261 3682 354 3738 tat
378 3676 458 3737 ad
474 3676 967 3754 jurisdictionem
997 3677 1118 3737 fori
1152 3678 1631 3755 sacramentalis,
1654 3679 1821 3758 quod

266 3776 357 3832 est
388 3771 659 3831 maxime
695 3769 1035 3831 internum.
1065 3771 1436 3850 Quanquam
1484 3789 1558 3832 eo
1608 3772 1814 3848 modo,

265 3881 387 3944 quo
418 3863 491 3923 fit
529 3863 692 3924 inter
707 3863 1014 3940 homines,
1057 3865 1396 3925 necessario
1430 3864 1698 3945 postulet
1723 3871 1817 3942 ιιι,

262 3956 404 4017 licet
428 3961 677 4036 peccata
715 3956 840 4016 sint
878 3957 1135 4017 omnino
1177 3957 1447 4032 interna,
1481 3974 1595 4036 per
1624 3963 1824 4018 exter-

265 4067 412 4110 nam
423 4048 865 4110 confessionem
887 4048 967 4109 ad
984 4048 1107 4109 tale
1116 4047 1420 4127 judicium
1441 4048 1818 4110 deferantur.

267 4141 437 4215 Quod
463 4140 626 4202 solus
642 4141 918 4202 Christus
925 4140 1249 4202 instituere
1276 4146 1339 4201 et
1357 4141 1653 4221 primario
1671 4159 1824 4220 prse-

267 4235 464 4313 cipere
512 4233 735 4313 potuit.
784 4234 1104 4307 Quomodo
1161 4239 1370 4295 autem
1418 4233 1824 4296 ecclesiastica

267 4327 451 4388 etiam
468 4326 572 4387 lex
596 4326 665 4386 in
689 4325 807 4387 hac
832 4326 1094 4388 materia
1118 4327 1350 4388 versari
1375 4326 1589 4407 possit,
1624 4327 1693 4387 in
1725 4345 1822 4388 ca-

268 4419 391 4499 pite
417 4418 697 4498 sequenti
727 4418 974 4480 dicitur.

344 4514 441 4573 12.
488 4513 581 4574 De
604 4512 1040 4591 dispensatim
1079 4511 1586 4574 votorum—Illa
1627 4516 1821 4590 potcs-

269 4609 361 4668 tas
384 4621 503 4667 non
533 4608 621 4667 cst
660 4604 945 4680 coactiva,
982 4604 1087 4666 scd
1112 4603 1576 4682 jurisdictionis
1617 4604 1824 4665 volun·

272 4697 466 4760 tarioe.
486 4729 569 4743 —
586 4694 940 4757 Secundum
969 4695 1324 4776 exemplum
1347 4701 1482 4757 erat
1517 4695 1594 4757 de
1624 4701 1822 4774 potes-

268 4792 389 4849 tate
414 4786 808 4867 dispensandi
850 4788 919 4849 in
945 4788 1127 4864 votis,
1163 4787 1408 4850 etiamsi
1455 4786 1583 4848 sola
1614 4792 1821 4850 mente

271 4880 524 4941 interius
570 4878 733 4941 facta
776 4880 920 4941 sint.
964 4879 1059 4941 Ad
1107 4898 1259 4960 quos
1302 4879 1643 4959 respondeo
1695 4898 1823 4941 non

271 4991 395 5035 esse
443 4972 710 5034 similem
748 4974 1076 5035 rationem.
1123 4974 1353 5049 Primo,
1397 4974 1547 5054 quia
1576 4973 1684 5035 illa
1715 4991 1823 5053 po-

269 5070 447 5126 testas
487 5081 617 5125 non
643 5070 738 5126 est
775 5066 1074 5142 coactiva,
1106 5066 1213 5127 sed
1233 5065 1684 5145 jurisdictionis
1714 5083 1821 5127 vo-

269 5156 568 5233 luntariae,
605 5162 667 5218 et
703 5157 841 5218 ideo
868 5158 1102 5220 mirum
1131 5175 1259 5219 non
1286 5163 1378 5218 est
1417 5158 1582 5237 quod
1632 5158 1822 5219 etiam

271 5250 422 5311 circa
462 5255 634 5311 actus
674 5250 951 5312 internos
1000 5251 1147 5313 data
1197 5251 1294 5313 sit.
1334 5251 1638 5327 Secundo,
1674 5251 1821 5330 quia

269 5342 391 5404 haec
416 5347 683 5422 potestas
710 5344 910 5423 magis
933 5344 1186 5425 respicit
1211 5342 1418 5406 forum
1440 5345 1687 5420 animae,
1713 5363 1821 5406 seu

269 5435 392 5513 ejus
418 5435 678 5512 bonum,
707 5453 897 5515 quam
947 5442 1268 5498 externam
1305 5435 1817 5516 gubernationem

269 5527 561 5607 Ecclesiae,
585 5533 650 5591 et
673 5528 815 5592 ideo
843 5547 922 5593 ex
955 5528 1073 5592 hac
1095 5534 1273 5612 parte
1302 5529 1524 5593 merito
1567 5528 1818 5593 extendi

1885 912 2022 967 tum
2049 906 2214 966 inter
2230 905 2565 967 'hominem
2604 911 2669 967 et
2710 906 2931 980 Deum,
2961 905 3223 983 ideoque
3257 904 3328 964 in
3353 922 3451 965 ac-

1885 1005 2023 1060 tum
2055 999 2412 1060 interiorem
2440 999 2624 1060 cadit.
2659 999 2812 1073 Imo,
2842 998 2893 1058 si
2922 1002 3158 1059 attente
3184 1015 3283 1059 res
3306 1015 3452 1058 con·

1886 1091 2211 1168 sideretur,
2234 1091 2482 1171 propria
2513 1091 2640 1152 voti
2667 1090 2986 1169 obligatio,
3014 1108 3152 1169 quae
3182 1107 3292 1169 per
3320 1089 3455 1169 ejus

1888 1184 2411 1264 dispensationem
2453 1183 2715 1258 tollitur,
2747 1200 2858 1261 per
2881 1188 3090 1242 actum
3137 1182 3454 1243 internum

1888 1276 2202 1338 inducitur
2235 1298 2250 1337 ε
2292 1293 2439 1338 nam
2481 1275 2749 1337 exterior
2795 1273 3056 1354 prolatio
3083 1274 3210 1335 voti
3256 1274 3456 1354 magis

1890 1374 2005 1445 est,
2037 1374 2109 1430 ut
2155 1368 2517 1430 hominibus
2565 1369 2910 1429 innotescat
2950 1366 3246 1445 obligatio
3298 1366 3451 1441 voti,

1891 1478 2081 1540 quam
2127 1462 2292 1541 apud
2341 1463 2539 1524 Deum
2578 1460 2754 1521 illam
2784 1460 3061 1535 inducat,
3094 1460 3245 1539 quia
3296 1460 3456 1520 Deus

1890 1571 2017 1614 non
2047 1554 2286 1633 indiget
2307 1554 2487 1632 signo
2519 1557 2798 1629 externo,
2818 1558 2890 1613 ιιι
2917 1557 3245 1630 cognoscat
3276 1557 3338 1613 et
3358 1569 3460 1612 ac-

1892 1650 2094 1724 ceptet
2119 1645 2610 1724 promissionem,
2641 1650 2705 1706 et
2730 1644 2871 1706 ideo
2895 1645 3035 1706 talis
3056 1649 3324 1725 potestas
3344 1661 3457 1723 per

1892 1755 1956 1798 se
1983 1738 2237 1817 respicit
2264 1736 2439 1797 illam
2462 1736 2928 1815 obligationem,
2955 1738 3083 1798 sive
3106 1755 3218 1817 per
3254 1735 3457 1797 solum

1893 1834 2105 1890 actum
2154 1829 2495 1903 internum,
2546 1830 2677 1890 sive
2704 1846 2849 1889 cum
2898 1834 3154 1890 externo
3202 1827 3458 1890 inducta

1891 1921 1994 1982 sit.
2029 1921 2343 1983 Moraliter
2369 1928 2581 1984 autem
2614 1921 2947 2001 loquendo,
2987 1939 3230 2001 semper
3250 1939 3458 1982 neces·

1891 2014 2126 2075 sarium
2153 2020 2244 2075 est
2266 2020 2336 2074 ut
2352 2020 2570 2076 votum
2592 2014 2912 2076 internum
2940 2014 3210 2075 exterius
3237 2031 3458 2093 propo-

1892 2114 2081 2170 natur
2122 2109 2427 2187 superiori
2453 2156 2470 2182 ,
2524 2114 2597 2169 ut
2639 2109 2796 2170 illud
2825 2107 3030 2170 valeat
3077 2108 3452 2187 dispensare.

1894 2203 2075 2277 Nam,
2103 2200 2247 2262 licet
2292 2202 2548 2280 cogitari
2576 2206 2779 2281 posset
2823 2219 3000 2262 casus
3026 2201 3095 2260 in
3126 2218 3251 2279 quo
3278 2218 3459 2279 supe-

1894 2296 2046 2370 rior,
2081 2300 2295 2355 votum
2340 2295 2654 2373 ignorans,
2703 2293 2818 2354 sub
2846 2293 3196 2354 conditione
3237 2293 3402 2354 dicat
3436 2309 3453 2355 τ

1894 2388 2027 2464 Ego
2052 2393 2258 2448 tecum
2292 2387 2600 2467 dispenso,
2631 2388 2684 2448 si
2710 2387 2869 2447 forte
2914 2392 3129 2446 votum
3175 2385 3454 2462 emisisti,

1896 2478 2086 2539 etiam
2114 2478 2245 2539 sola
2274 2485 2516 2556 mente3
2543 2485 2755 2540 tamen
2781 2479 2897 2538 hoc
2927 2496 3056 2538 non
3098 2482 3298 2556 potest
3325 2495 3457 2538 mo-

1893 2571 2110 2633 rah‘ter
2127 2573 2521 2648 considerari,
2542 2574 2690 2653 quia
2710 2571 3083 2651 dispensatio
3105 2571 3235 2632 voti
3251 2572 3460 2650 requi-

1894 2663 1979 2723 rit
2000 2665 2417 2743 cognitionem
2440 2683 2661 2740 causae,
2693 2671 2754 2725 et
2779 2670 3228 2743 consequenter
3250 2665 3460 2742 cogni-

1896 2756 2133 2816 tionem
2150 2758 2426 2818 materiae
2440 2758 2573 2835 ejus
2577 2803 2598 2833 ‚
2614 2763 2677 2817 et
2689 2756 2971 2837 periculi,
2986 2773 3123 2836 quoe
3138 2756 3242 2816 vix
3259 2761 3462 2835 potest

1896 2848 2163 2927 intelligi
2186 2849 2501 2910 moraliter
2526 2849 2657 2910 sine
2683 2849 2905 2909 notitia
2922 2848 3076 2910 voti.
3109 2848 3340 2908 Verum
3368 2852 3461 2908 est

1895 2945 2108 3001 tamen
2137 2941 2257 3002 hoc
2289 2960 2418 3003 non
2455 2941 2726 3002 multum
2754 2941 3007 3016 referre,
3038 2941 3187 3022 quia
3220 2957 3462 3019 semper

1898 3038 2075 3093 actus
2095 3033 2282 3114 hujus
2310 3035 2780 3114 dispensationis
2793 3033 2992 3095 fertur
3009 3033 3078 3095 in
3099 3036 3303 3115 ipsum
3326 3033 3461 3092 vin-

1901 3125 2139 3201 culum,
2185 3132 2249 3188 et
2292 3128 2609 3188 internum
2651 3132 2884 3203 actum,
2912 3126 3061 3188 licet
3086 3127 3355 3189 exterior
3380 3126 3462 3186 si-

1901 3217 2217 3296 gnificatio
2239 3218 2408 3279 illius
2434 3218 2760 3299 praecedat.

1982 3313 2083 3371 13.
2128 3313 2220 3373 Dc
2245 3314 2693 3375 commutatione
2726 3312 2872 3374 voti.
2915 3343 2998 3357 —
3035 3310 3267 3386 Tertio,
3292 3310 3460 3371 idem

1898 3402 2232 3464 dicendum
2257 3409 2350 3464 est
2381 3404 2458 3466 de
2485 3404 2968 3465 commutatione
2993 3403 3158 3479 voti3
3193 3421 3341 3463 nam
3369 3408 3460 3464 est

1900 3495 2179 3572 ejusdem
2229 3497 2565 3573 potestatis,
2618 3500 2921 3575 quatenus
2963 3495 3459 3573 jurisdictionem

1899 3586 2141 3648 Proelati
2158 3589 2442 3667 requirit,
2470 3589 2922 3667 aliqualemque
2938 3588 3460 3666 dispensationem

1895 3680 2114 3741 saltem
2139 3680 2464 3759 partialem
2489 3680 2776 3756 includit,
2808 3685 2880 3740 ut
2913 3685 3092 3741 tract.
3125 3680 3202 3742 de
3232 3679 3461 3758 Relig.,
3576 3704 3579 3707 ·

1895 3770 2006 3834 lib.
2036 3772 2099 3848 6,
2131 3790 2264 3852 cap.
2294 3776 2335 3835 9
2358 3779 2421 3834 et
2448 3791 2572 3853 seq.
2599 3773 2837 3834 dictum
2858 3778 2971 3834 est.
3003 3774 3089 3835 De
3118 3772 3464 3834 irritatione

1895 3881 2045 3924 vero
2070 3864 2194 3925 alia
2220 3871 2311 3926 est
2330 3866 2513 3941 ratio,
2540 3866 2687 3944 quia
2714 3883 2843 3926 non
2865 3866 3211 3927 necessario
3237 3871 3329 3926 est
3350 3882 3461 3944 po-

1896 3957 2131 4017 testatis
2156 3956 2627 4035 jurisdictionis,
2657 3957 2764 4018 sed
2784 3957 3205 4033 dominativae,
3247 3962 3319 4017 ιιι
3343 3957 3462 4018 ibi-

1898 4048 2043 4109 dem
2069 4049 2220 4109 dixi.
2243 4049 2343 4110 Fit
2370 4058 2579 4110 autem
2606 4048 2953 4129 dupliciter,
2976 4049 3228 4123 scilicet,
3255 4050 3357 4110 vel
3388 4067 3463 4110 ex

1898 4146 2073 4219 parte
2111 4142 2413 4217 materiae‚
2458 4141 2558 4201 vel
2595 4158 2673 4201 ex
2714 4140 3095 4220 subjectione
3129 4140 3466 4203 voluntatis

1896 4234 2197 4296 voventis,
2222 4235 2396 4295 Prior
2413 4234 2633 4295 modus
2649 4238 2799 4294 tunc
2816 4233 3005 4294 habet
3017 4233 3152 4294 locu
3158 4252 3245 4311 m,
3267 4253 3465 4314 quan-

1898 4327 1979 4388 do
2008 4327 2268 4388 materia
2295 4332 2389 4388 est
2415 4327 2530 4388 sub
2558 4325 2813 4387 alterius
2837 4324 3113 4386 dominio
3153 4331 3217 4386 et
3248 4332 3460 4406 potes·

1897 4423 2049 4495 tate,
2071 4425 2135 4480 et
2161 4419 2301 4481 ideo
2327 4437 2571 4481 necesse
2598 4424 2693 4480 est
2718 4424 2790 4479 ut
2816 4419 2898 4479 sit
2921 4419 3182 4480 materia
3202 4420 3462 4481 sensibi-

1895 4510 1972 4571 lis
1999 4527 2016 4572 :
2064 4529 2212 4573 nam
2243 4512 2350 4573 illa
2379 4518 2627 4574 tantum
2662 4511 2753 4572 ita
2778 4528 2907 4572 esse
2934 4516 3133 4590 potest
3159 4510 3275 4571 sub
3304 4510 3462 4573 alte-
3586 4541 3593 4547 ·

1896 4604 2029 4664 rius
2074 4610 2372 4684 potestate
2386 4650 2407 4681 ,
2456 4609 2527 4665 ut
2575 4604 2765 4682 possit
2819 4602 3013 4663 libere
3061 4620 3245 4664 usum
3289 4603 3458 4665 illius

1895 4696 2247 4777 prohibere,
2289 4704 2352 4759 et
2393 4698 2483 4758 ita
2528 4714 2606 4759 ex
2647 4696 2766 4758 hac
2809 4701 2987 4777 parte
3014 4694 3154 4756 talis
3193 4696 3458 4757 irritatio

1896 4788 2127 4851 directe
2147 4794 2425 4852 versatur
2444 4789 2603 4852 circa
2629 4788 2958 4850 materiam
2988 4787 3368 4866 sensibilem,
3400 4795 3463 4851 et

1894 4878 2194 4955 indirecte
2213 4900 2287 4943 ac
2315 4901 2427 4961 per
2452 4882 2946 4944 consecutionem
2960 4879 3124 4942 tollit
3139 4880 3459 4942 internum

1895 4974 2219 5039 vinculum
2235 4975 2388 5037 voti.
2431 4975 2496 5036 Si
2524 4980 2735 5036 autem
2774 4974 2899 5036 tale
2926 4978 3087 5035 esset
3111 4979 3353 5050 votum,
3389 4980 3460 5035 ut

1895 5085 2026 5142 non
2056 5068 2256 5130 solum
2296 5072 2469 5129 actus
2509 5069 2640 5148 ipse
2674 5065 3075 5147 promittendi
3103 5070 3260 5127 esset
3285 5081 3461 5126 men-

1894 5159 2058 5235 talis,
2075 5160 2181 5222 sed
2198 5160 2389 5222 etiam
2408 5160 2671 5221 materia
2685 5157 2987 5239 promissa
3010 5165 3170 5218 esset
3187 5157 3457 5234 interna,

1894 5256 1966 5313 ιιι
2010 5258 2222 5313 sancta
2260 5252 2573 5330 cogitatio,
2613 5251 2713 5312 vel
2745 5249 3033 5311 mentalis
3062 5250 3282 5325 oratio,
3330 5267 3460 5310 non

1897 5349 2100 5425 posset
2129 5362 2207 5405 ex
2250 5350 2426 5425 parte
2453 5344 2728 5405 materioe
2752 5342 3007 5417 irritari,
3052 5342 3174 5403 nisi
3200 5348 3458 5419 remote,

1894 5437 2306 5517 praecipiendo
2328 5435 2630 5498 nimirum
2657 5435 2904 5514 aliquod
2927 5453 3081 5515 opus
3107 5440 3457 5511 externum,

1892 5530 2060 5614 quod
2104 5529 2273 5592 aliud
2318 5530 2638 5594 internum
2676 5527 3028 5613 impediret.
3057 5527 3139 5589 At
3171 5543 3321 5590 vero
3345 5543 3458 5610 per
