3976 6219
821 410 958 461 CAP.
991 410 1164 464 xxvl.
1200 408 1415 465 mmm
1445 408 1567 463 LEx
1600 404 1862 461 numam
1891 404 1976 462 UT
2009 404 2271 464 onmem*
2302 412 2418 465 SUB
2449 408 2741 481 nonum,
2774 414 2909 471 ETC.

3334 414 3453 479 273

238 513 471 589 potest,
529 506 677 569 licet
719 507 1036 589 legislator
1078 510 1392 572 humanus
1450 529 1576 572 non
1625 510 1816 591 possit
1897 508 2227 570 certiorem
2254 511 2535 589 regulam
2558 515 2745 576 tradi.
2778 517 2921 578 Haec
2949 520 3202 581 assertio
3228 520 3295 583 in
3322 542 3455 587 ma-

229 601 522 693 pbligare
566 599 682 661 sub
713 602 966 664 mortali
999 603 1068 664 in
1107 605 1371 665 materia
1419 604 1565 680 levi,
1620 604 1816 666 Deum
1901 601 2056 662 teria
2088 601 2166 662 de
2192 604 2455 681 peccatis
2482 607 2803 668 tractanda
2832 615 2923 670 est
2959 632 2975 671 t
3020 630 3168 673 nam
3197 620 3290 676 est
3312 634 3453 695 pro—

241 693 451 773 ipsum
478 710 676 773 posse.
693 694 1160 771 Verumtamen,
1186 714 1329 758 cum
1354 697 1635 757 divinum
1656 714 1816 777 prae-

1896 695 2037 773 pria
2062 694 2229 755 illius
2257 694 2400 772 loci,
2437 698 2776 780 eademque
2803 702 3021 782 regula
3046 724 3159 785 pro
3181 706 3318 787 lege
3342 729 3453 772 na-

242 792 498 867 ceptum
545 804 673 847 non
699 788 892 866 possit
919 806 1046 849 non
1075 807 1206 849 esse
1229 788 1489 868 justum,
1519 786 1656 849 fieri
1686 805 1815 847 non
1895 786 2087 847 turali
2118 793 2181 849 et
2209 788 2422 850 divina
2452 790 2605 852 solet
2632 793 2960 873 assignari,
3002 804 3074 858 ut
3100 798 3170 859 in
3195 805 3457 866 materia

240 883 448 957 potest
469 880 625 958 quin
640 880 721 940 sit
738 881 1015 941 materiae
1033 882 1591 961 proportionatum,
1612 881 1701 941 ita
1716 887 1810 957 ut,

243 971 298 1031 si
317 971 434 1033 sub
459 972 710 1033 mortali
736 971 994 1051 obligat,
1016 973 1192 1035 cadat
1210 974 1276 1035 in
1292 975 1616 1036 materiam
1635 992 1814 1053 capa-

242 1080 384 1124 cem
409 1063 552 1125 talis
577 1064 992 1143 obligationis»,
1027 1083 1099 1127 ac
1122 1065 1384 1127 subinde
1415 1084 1671 1146 gravem
1694 1066 1812 1128 sal·

241 1162 376 1217 tem
391 1155 759 1233 formaliter,
785 1162 848 1218 et
873 1163 945 1218 ut
961 1158 1284 1220 ordinatur
1307 1158 1389 1220 ad
1415 1158 1606 1221 finem
1634 1178 1672 1220 a
1687 1160 1812 1221 Deo

242 1250 584 1310 intentum.
623 1248 794 1310 Alias
838 1256 1153 1330 peccatum
1186 1252 1445 1313 mortale
1485 1261 1548 1313 et
1574 1252 1813 1313 veniale

242 1340 564 1405 differrent
582 1347 830 1404 tantum
844 1360 922 1404 ex
937 1343 1257 1406 voluntate
1276 1344 1490 1405 divina
1502 1350 1565 1406 et
1578 1363 1707 1406 non
1734 1362 1813 1406 ex

243 1441 470 1496 natura
511 1436 649 1511 rei,
689 1436 856 1515 quod
881 1436 1105 1497 falsum
1142 1442 1253 1499 est.
1307 1437 1453 1498 Dico
1487 1455 1638 1516 ergo
1656 1455 1810 1517 prae-

245 1535 496 1609 ceptum
541 1528 690 1589 Adae
730 1530 1092 1610 impositum
1137 1530 1328 1591 fuisse
1367 1529 1444 1591 de
1485 1548 1554 1591 re
1607 1530 1802 1610 gravi,

243 1624 394 1703 quia
433 1623 542 1685 illa
585 1624 960 1685 abstinentia
1002 1643 1043 1684 a
1089 1625 1226 1686 cibo
1279 1625 1470 1686 vetito
1523 1624 1812 1704 imposita

239 1716 364 1776 fuit
385 1715 455 1776 in
483 1717 968 1796 recognitionem
995 1717 1366 1779 obedientioe
1407 1718 1530 1777 Deo
1561 1715 1807 1793 debitae,

242 1815 308 1870 et
337 1809 515 1888 quasi
545 1809 614 1870 in
645 1809 948 1871 tributum
974 1809 1267 1871 humanae
1298 1809 1694 1889 subjectionis
1728 1809 1810 1870 ad

241 1904 467 1979 Deum,
489 1908 553 1964 et
569 1903 649 1963 ad
672 1904 1128 1983 reprimendam
1154 1904 1426 1965 hominis
1451 1904 1807 1980 elationem,

241 1995 700 2076 quodammodo
726 1995 1110 2075 subjiciendo
1137 1996 1316 2057 1110111
1342 1996 1622 2057 inferiori
1641 2014 1810 2057 crea-

243 2096 401 2149 turae
429 2087 498 2149 in
521 2087 885 2168 obsequium
918 2089 1049 2164 Dei,
1080 2088 1196 2149 sub
1217 2089 1440 2167 0011100
1464 2090 1810 2151 rationibus

243 2186 621 2261 praeceptum
647 2180 802 2242 illud
828 2180 1265 2260 gravissimum
1292 2186 1442 2242 erat.

317 2275 378 2336 6.
426 2275 802 2353 Praeceptum
840 2274 1108 2353 positum
1141 2274 1250 2336 sub
1293 2273 1546 2336 mortali
1587 2273 1656 2337 in
1681 2290 1809 2336 ma-

241 2368 404 2428 toria
435 2367 574 2441 levi,
609 2366 874 2446 obliyare
899 2367 1007 2429 sub
1052 2366 1300 2428 veniali.
1326 2398 1410 2413 -
1435 2365 1554 2427 Sed
1577 2384 1812 2445 quaeres

243 2477 326 2520 an
361 2466 742 2542 praeceptum
792 2460 909 2542 sub
957 2460 1208 2521 mortali
1243 2460 1600 2540 impositum
1631 2460 1700 2521 in
1742 2479 1812 2522 re

243 2553 392 2629 levi,
428 2553 662 2633 obliget
685 2554 901 2615 saltem
929 2553 1044 2614 sub
1072 2553 1324 2615 veniali.
1361 2552 1622 2615 Videtur
1643 2555 1813 2615 00110

245 2644 406 2706 nihil
427 2647 684 2707 omnino
711 2645 1007 2725 obligare,
1037 2645 1184 2726 quia
1227 2651 1318 2707 est
1357 2646 1680 2724 injustum.
1711 2646 1814 2706 Ni-

244 2738 588 2800 hilominus
639 2739 844 2803 verius
885 2739 1131 2800 videtur
1186 2737 1460 2817 obligare
1508 2744 1811 2818 quantum

245 2832 511 2893 materia
555 2837 648 2893 est
694 2849 910 2911 capax,
957 2848 1032 2891 ac
1085 2830 1346 2892 subinde
1386 2829 1503 2891 sub
1555 2830 1806 2892 veniali.

245 2924 382 2986 Duo
408 2924 580 2986 enim
615 2925 848 2985 suntin
874 2923 984 2985 1110
1014 2929 1317 3003 praecepto
1347 2922 1806 3002 distinguenda,

245 3034 453 3077 000111
479 3021 572 3077 001
593 3015 783 3077 talem
805 3032 938 3076 rem
960 3014 1234 3095 praecipi,
1247 3013 1418 3075 aliud
1448 3020 1543 3076 est
1559 3014 1810 3094 praecipi

243 3107 368 3169 sub
409 3107 524 3168 tali
567 3106 957 3186 obligatione,
1011 3106 1112 3168 vel
1153 3125 1339 3187 poena
1368 3122 1385 3167 z
1417 3106 1692 3187 primum
1720 3108 1813 3184 (ut

245 3199 680 3281 supponimus)
707 3217 833 3260 non
859 3205 952 3261 est
989 3200 1315 3279 injustum,
1353 3201 1502 3279 quia
1522 3200 1813 3278 ponimus

247 3293 578 3356 materiam
604 3293 892 3373 praecepti
917 3291 1278 3373 simpIIciter
1302 3292 1628 3354 honestam
1653 3310 1810 3368 esse,

249 3393 312 3448 et
355 3387 424 3447 in
449 3404 562 3448 000
589 3386 788 3465 gradu
805 3387 1041 3465 justam
1071 3392 1134 3447 et
1162 3403 1451 3467 capacem
1477 3386 1808 3466 praecepti:

249 3479 588 3540 secundum
602 3484 814 3541 autem
855 3479 1158 3558 injustum
1203 3484 1315 3542 001.
1359 3478 1441 3539 At
1469 3496 1640 3555 vero,
1683 3496 1811 3539 non

251 3571 532 3634 obstante
559 3571 866 3651 injustitia
899 3577 962 3633 et
1008 3571 1294 3632 nullitate
1342 3571 1547 3650 quoad
1597 3589 1811 3632 secun-

250 3664 430 3741 dnm,
453 3671 654 3745 potest
683 3670 1058 3745 111-0100111010
1083 3663 1285 3725 valere
1300 3663 1501 3742 quoad
1513 3664 1807 3744 primum,

249 3757 420 3838 quod
444 3759 682 3837 justum
709 3763 803 3818 est
824 3772 846 3834 3
871 3762 1007 3818 tum
1034 3758 1182 3836 quia
1215 3755 1369 3816 illud
1397 3762 1487 3817 est
1504 3755 1676 3837 prius
1703 3773 1813 3816 na-

245 3855 394 3912 tura
416 3852 511 3928 (01
531 3851 620 3911 010
643 3850 869 3928 dicam)
897 3855 960 3912 et
981 3867 1058 3910 ex
1078 3867 1143 3910 se
1179 3848 1516 3928 separabile
1534 3867 1574 3910 a
1597 3866 1814 3911 secun-

249 3944 357 4019 do,
383 3949 521 4006 tum
544 3943 732 4007 etiam
752 3943 900 4022 quia
924 3942 994 4004 in
1025 3941 1125 4004 his
1141 3959 1278 4022 quae
1294 3941 1651 4022 hujusmodi
1667 3947 1813 4004 sunt

247 4036 402 4098 utile
445 4055 558 4116 per
587 4035 810 4098 inutile
851 4053 982 4097 non
1007 4036 1286 4097 vitiatur.
1317 4036 1526 4115 Neque
1549 4036 1812 4096 intentio

245 4130 660 4210 praecipientis
683 4128 1057 4208 intelligitur
1083 4146 1214 4191 0000
1253 4129 1694 4205 conditionata,
1724 4129 1815 4189 ita

249 4228 324 4284 ut
345 4222 527 4284 nollit
555 4223 886 4303 praecipere
919 4222 1086 4302 quod
1113 4227 1334 4301 potest,
1373 4222 1426 4283 si
1459 4240 1587 4282 000
1615 4226 1815 4302 potest

248 4315 526 4394 obligare
539 4321 842 4395 quantum
877 4315 1134 4396 appetit,
1165 4315 1273 4376 sed
1292 4314 1498 4395 potius
1537 4315 1814 4376 absolute

247 4408 524 4473 intendit
575 4409 942 4489 proecipere3
993 4414 1056 4470 et
1080 4408 1342 4470 volendo
1371 4407 1645 4487 obligare
1672 4407 1814 4489 plus

247 4519 442 4582 00010
465 4507 686 4582 potest,
712 4507 1158 4582 consequenter
1174 4502 1364 4564 etiam
1383 4501 1518 4562 vult
1539 4501 1813 4580 obligare

243 4601 556 4674 quantum
578 4600 800 4675 potest.
829 4597 908 4656 Et
932 4595 1022 4656 ita
1043 4613 1260 4657 censeo
1285 4596 1409 4658 tale
1439 4603 1812 4677 praeceptum

243 4705 383 4749 esse
403 4689 681 4753 validum
715 4689 920 4769 quoad
951 4688 1393 4769 obligationem
1423 4707 1813 4759 commensu-

245 4786 482 4858 ratam,
523 4789 586 4843 et
622 4781 1151 4862 proportionatam
1178 4785 1454 4846 materiae
1472 4783 1630 4863 ejus,
1667 4783 1814 4862 quia

245 4873 459 4952 quoad
486 4872 660 4935 illam
698 4891 827 4937 000
862 4875 1033 4936 (10001
1074 4875 1339 4937 10100110
1377 4875 1809 4955 praecipientia,

243 4970 312 5026 et
343 4963 510 5026 011111
525 4965 696 5027 011οᾶ
722 4971 814 5028 001
838 4966 1007 5046 quod
1028 4967 1118 5028 ibi
1149 4968 1545 5031 desideretur.

327 5060 394 5120 7.
441 5057 818 5129 Gravitatem
837 5061 1112 5125 matoria
1132 5061 1535 5138 sufficientem
1557 5061 1640 5122 ad
1661 5075 1812 5138 yra-

243 5169 380 5214 vem
401 5151 824 5232 obligatimwm
845 5153 1236 5232 colliaendam
1262 5171 1382 5216 esse
1397 5153 1684 5232 prudenti
1709 5169 1814 5214 aa·-

245 5243 462 5319 bitrio,
495 5249 622 5307 tam
643 5245 712 5307 in
732 5245 854 5324 leae
885 5244 1082 5320 civili,
1112 5262 1293 5326 quam
1311 5245 1815 5309 ecclesiastica.—

249 5336 539 5398 secundo
559 5382 581 5414 ,
625 5336 956 5399 dicendum
996 5343 1090 5398 est
1128 5339 1496 5418 gravitatem
1539 5338 1816 5398 materiae

251 5429 669 5492 sufficientem
730 5430 810 5491 ad
858 5448 1114 5509 gravem
1161 5431 1316 5510 legis
1373 5430 1816 5510 obligationem

1895 880 2084 941 etiam
2102 879 2179 941 (10
2202 882 2359 942 Voto
2383 887 2445 943 et
2460 883 2495 942 J
2498 892 2821 947 uramento
2840 888 3211 967 dictumest,
3245 900 3308 956 et
3329 896 3451 959 dici

1893 972 2050 1033 solet
2075 972 2143 1033 in
2169 975 2431 1035 materia
2470 975 2545 1037 de
2578 977 2768 1039 Furto
2786 1024 2808 1056 ,
2845 985 2907 1041 et
2934 981 3257 1046 similibus.
3294 989 3451 1061 Quia

1890 1081 2110 1125 revera
2152 1082 2281 1126 000
2328 1070 2529 1146 potest
2573 1068 2696 1129 alia
2755 1072 3080 1150 specialior
3142 1077 3401 1155 cogitari
3425 1126 3445 1157 ,

1891 1174 2029 1235 0001
2074 1156 2174 1217 vel
2218 1174 2354 1227 rem
2392 1158 2693 1236 declaret,
2728 1162 2829 1223 vel
2860 1169 3026 1224 certa
3058 1165 3180 1245 sit3
3228 1171 3447 1234 eadem

1891 1254 2102 1310 autem
2129 1251 2287 1311 ratio
2315 1255 2408 1311 est
2426 1251 2504 1311 de
2532 1254 2793 1314 materia
2817 1254 2973 1335 legis
2995 1259 3293 1338 positivae,
3315 1264 3444 1328 sive

1890 1341 2111 1418 civilis,
2162 1344 2290 1403 sive
2329 1342 2519 1405 etiam
2555 1346 2976 1410 ecclesiasticae
3006 1371 3021 1410 ε
3067 1370 3217 1414 00111
3242 1360 3445 1436 quoad

1888 1433 2009 1495 1100
2036 1435 2317 1496 0001ᾶο10
2340 1438 2647 1498 rationem
2673 1442 3067 1523 participant,
3083 1450 3155 1506 ut
3182 1456 3442 1529 constat,

1889 1533 1953 1589 et
1996 1534 2208 1608 aperte
2252 1537 2611 1609 supponunt
2650 1533 2839 1611 Cajet.
2890 1541 2954 1597 et
2990 1537 3253 1617 Sylvest.
3296 1543 3444 1607 locis

1889 1621 2110 1693 citatis,
2145 1629 2210 1682 et
2230 1620 2340 1681 alii
2366 1624 2577 1685 statim
2598 1625 2848 1688 citandi.
2875 1628 2972 1689 Ad
2988 1630 3314 1697 ferendum
3333 1656 3443 1698 au-

1888 1719 2017 1774 tem
2052 1712 2169 1774 1100
2206 1714 2593 1794 prudentiale
2628 1718 2934 1795 judicium
2975 1723 3097 1784 duo
3137 1728 3444 1808 praecipue

1889 1806 1957 1866 in
1983 1805 2121 1883 1030
2143 1806 2587 1869 consideranda
2603 1815 2770 1886 sunt,
2792 1829 2991 1873 unum
3013 1816 3271 1879 est-finis
3288 1820 3445 1899 legis

1889 1900 2228 1979 praesertim
2271 1902 2589 1981 proximus
2606 1948 2629 1979 ,
2679 1905 2921 1967 ratione
2964 1909 3137 1987 cujus
3187 1915 3449 1977 materia

1891 1997 2198 2077 praecepta
2224 1999 2507 2055 censetur
2534 1996 2823 2057 constitui
2848 2017 2962 2079 per
2984 2000 3189 2081 legem
3224 2006 3293 2067 in
3328 2007 3446 2071 hac

1887 2084 1986 2145 vel
2029 2084 2137 2145 illa
2178 2087 2377 2164 specie
2414 2088 2700 2166 virtutis3
2744 2091 2914 2152 aliud
2952 2096 3294 2176 aequalitas,
3335 2121 3446 2164 seu

1887 2178 2201 2257 proportio
2236 2179 2429 2239 medii
2468 2183 2757 2261 praecepti
2787 2184 2855 2244 in
2895 2185 3112 2248 ordine
3146 2190 3228 2251 ad
3254 2192 3445 2256 talem

1887 2269 2102 2346 finem,
2130 2277 2192 2331 et
2212 2289 2289 2332 ex
2308 2271 2405 2331 1110
2428 2271 2667 2333 (1001100
2688 2275 2977 2354 prudenti
3001 2278 3255 2362 arbitrio
3278 2304 3448 2365 spec-

1889 2362 2033 2422 tatis
2058 2361 2403 2441 colligenda
2429 2372 2523 2425 est
2548 2368 2820 2428 materiae
2849 2371 3137 2445 gravitas.

1969 2456 2031 2516 8.
2081 2454 2245 2533 Opus
2274 2472 2395 2518 esse
2419 2462 2491 2519 ut
2522 2457 2673 2534 finis
2701 2458 2853 2537 lepis
2871 2463 3171 2540 pertineat
3202 2468 3285 2531 ad
3310 2472 3445 2532 vir-

1893 2552 2078 2609 tutem
2104 2547 2374 2627 aliquam
2397 2566 2469 2611 ex
2495 2550 2882 2628 flavioribus
2895 2597 2916 2628 ,
2961 2560 3018 2617 ot
3043 2556 3447 2641 investiyatm·

1891 2657 2167 2720 quoenam
2218 2640 2343 2702 sint
2385 2640 2535 2703 ilzoe.
2587 2674 2672 2687 —
2718 2644 2930 2723 110000
2979 2647 3285 2728 imprimis
3338 2674 3447 2718 ne-

1892 2731 2227 2793 cessarium
2258 2737 2349 2793 est
2387 2736 2460 2792 ut
2488 2731 2631 2794 finis
2663 2734 2819 2813 legis
2856 2739 3161 2816 pertineat
3200 2744 3281 2803 ad
3322 2748 3447 2808 vir-

1890 2829 2092 2885 tutem
2172 2823 2447 2903 aliquam
2524 2843 2601 2885 ex
2672 2828 3078 2905 gravioribus.
3148 2834 3448 2916 Multique

1890 2916 2174 2977 indicant
2241 2916 2601 2995 hujusmodi
2674 2921 2933 2983 virtutes
2998 2930 3246 2987 tantum
3318 2948 3448 2993 esse

1889 3008 2028 3070 illas
2064 3026 2203 3088 quae
2239 3009 2581 3089 respiciunt
2620 3011 2730 3072 Dei
2760 3030 3037 3076 amorem
3079 3024 3144 3080 et
3181 3020 3444 3100 cultum,

1890 3101 1993 3164 vel
2034 3102 2223 3162 etiam
2261 3100 2399 3162 11100
2436 3119 2515 3164 ex
2557 3103 2782 3184 0011100
2822 3107 3051 3186 pendet
3064 3155 3086 3187 ,
3130 3114 3449 3178 moraliter

1890 3195 2199 3273 loquendo
2218 3240 2239 3271 ,
2272 3195 2547 3256 amicitia
2576 3197 2737 3257 inter
2769 3201 3083 3278 proximos
3102 3248 3125 3280 ,
3167 3205 3266 3266 vel
3290 3224 3444 3285 pax,

1891 3294 1955 3350 et
1977 3303 2309 3348 commune
2334 3287 2569 3348 bonum
2596 3289 2953 3368 reipublicae
2966 3340 2989 3368 ,
3034 3300 3108 3355 ut
3132 3306 3277 3359 sunt
3304 3299 3447 3360 reli-

1891 3382 2017 3460 gio,
2039 3380 2278 3460 justitia
2304 3385 2367 3441 et
2390 3380 2679 3456 charitas.
2710 3383 2803 3444 Ita
2822 3386 3010 3447 sentit
3034 3387 3263 3451 Anton.
3292 3393 3331 3452 2
3353 3411 3413 3472 p.
3422 3438 3443 3470 ,

1889 3474 1987 3536 tit.
2032 3475 2095 3549 4,
2128 3492 2183 3535 c.
2222 3474 2286 3549 2,
2328 3472 2366 3553 ἓ
2406 3475 2467 3549 3,
2508 3474 2618 3535 ubi
2662 3475 2857 3536 solam
2896 3477 3069 3542 illam
3118 3485 3445 3548 materiam

1891 3567 2181 3647 praecepti
2207 3572 2415 3628 censet
2434 3585 2562 3629 esse
2585 3585 2863 3648 gravem,
2891 3589 3030 3652 0001
3056 3581 3149 3636 001
3175 3595 3449 3641 necessa-

1890 3661 1985 3722 ria
2010 3660 2090 3721 ad
2121 3659 2512 3736 charitatem,
2548 3661 2651 3723 vel
2678 3663 3006 3743 justitiam,
3027 3668 3136 3730 ‘vel
3170 3670 3446 3735 divinam

1891 3753 2323 3815 reverentiam.
2378 3753 2549 3816 Idem
2608 3758 2887 3836 sequitur
2946 3758 3211 3840 Sylvest.
3271 3765 3443 3828 verb.

1890 3847 2265 3927 Praeoeptum
2297 3889 2318 3921 ,
2370 3864 2434 3926 q.
2483 3847 2541 3908 3.
2586 3848 2935 3930 Parumque
2976 3851 3183 3918 differt
3233 3859 3448 3937 regula

1891 3939 2111 4018 Cajet.,
2134 3944 2286 4002 tom.
2320 3941 2351 4001 1
2379 3939 2623 4018 opusc„
2653 3945 2830 4002 tract.
2862 3945 2964 4020 25,
2996 3963 3057 4024 q.
3094 3950 3155 4022 1,
3187 3949 3448 4013 dicentis

1889 4038 2042 4093 tunc
2069 4030 2397 4093 materiam
2427 4047 2557 4091 esse
2583 4047 2863 4109 gravem,
2900 4037 3150 4114 quando
3178 4043 3449 4119 pertinet

1890 4143 1965 4190 ac
2024 4121 2363 4186 necessaria
2415 4127 2510 4184 est
2573 4122 2656 4183 ad
2709 4125 3097 4205 charitatem,
3133 4131 3243 4194 Dei
3270 4179 3293 4211 ,
3349 4135 3448 4198 vel

1892 4217 2186 4300 proximi.
3062 4271 3067 4276 .
3132 4225 3139 4233 '

1971 4313 2034 4374 9.
2080 4311 2201 4372 Sed
2226 4310 2359 4372 haec
2390 4327 2520 4371 non
2550 4309 2697 4374 satis
2724 4328 2859 4372 rem
2888 4312 3218 4393 explicant.
3267 4315 3445 4398 Quia',

1892 4404 1947 4468 si
1990 4403 2141 4464 dicti
2193 4408 2476 4464 auctores
2529 4402 2800 4464 sentiant
2847 4405 3005 4466 solas
3060 4407 3197 4469 illas
3246 4418 3449 4476 mate-

1891 4498 2017 4558 rias
2046 4513 2314 4576 quarum
2352 4496 2641 4558 honestas
2677 4496 3018 4561 formaliter
3057 4519 3128 4576 ac
3169 4504 3450 4583 proxime

1890 4591 2165 4674 pertinet
2211 4589 2291 4651 ad
2338 4589 2449 4650 has
2490 4591 2751 4654 virtutes
2773 4637 2796 4669 ,
2854 4610 2983 4654 esse
3027 4611 3244 4674 graves
3266 4643 3289 4675 ,
3334 4598 3451 4661 fal-

1891 4703 2033 4746 sum
2063 4684 2326 4760 docent3
2358 4682 2513 4744 alias
2538 4689 2784 4744 tantum
2811 4693 3116 4768 praecepta
3135 4689 3451 4754 charitatis

1890 4779 2023 4862 Dei,
2048 4777 2149 4841 vel
2174 4777 2464 4858 proximi,
2494 4776 2594 4839 vel
2621 4778 2941 4858 religionis
2967 4787 3029 4843 et
3051 4783 3329 4862 justitiae,
3350 4787 3451 4849 vel

1892 4873 1974 4934 ad
2015 4887 2331 4932 summum
2359 4874 2606 4931 tantum
2641 4889 2715 4932 ea
2741 4889 2881 4952 quae
2921 4874 3263 4938 formaliter
3301 4878 3452 4940 diri-

1892 4969 2053 5045 gunt
2069 4963 2150 5025 ad
2170 4965 2366 5025 Deum
2368 5009 2389 5040 ,
2410 4963 2511 5025 vel
2532 4965 2911 5046 proximum,
2937 4967 3239 5030 haberent
3254 4978 3450 5033 mate-

1890 5059 2051 5120 riam
2080 5075 2354 5137 3101οω,
2389 5062 2454 5118 01
2480 5062 2726 5137 possent
2752 5056 3025 5136 obligare
3056 5060 3139 5120 ad
3162 5062 3445 5124 mortale.

1892 5150 2282 5228 Consequens
2331 5154 2424 5209 est
2474 5149 2701 5209 falsum
2714 5193 2736 5225 ,
2772 5151 2921 5229 quia
2960 5151 3150 5213 etiam
3190 5153 3453 5218 virtutes

1893 5261 2033 5325 0010
2071 5260 2199 5302 000
2244 5255 2388 5302 sunt
2428 5240 2508 5301 ad
2548 5241 2813 5302 alterum
2857 5241 3090 5305 habent
3104 5249 3456 5312 „materiam

1897 5352 2174 5417 gravem,
2196 5339 2268 5394 ut
2294 5337 2385 5395 est
2404 5333 2715 5412 jejunium
2737 5335 2805 5394 in
2825 5339 3086 5399 materia
3106 5344 3457 5420 temperan-

1896 5431 2039 5492 11011
2064 5445 2209 5489 0010
2213 5473 2233 5504 ,
2247 5428 2431 5507 juxta
2448 5446 2845 5492 communem
2874 5451 3124 5494 sensum
3148 5435 3455 5512 Ecclesiae,

243 5523 552 5604 prudenti
589 5523 846 5586 arbitrio
868 5524 1274 5606 judicandam
1302 5541 1456 5603 esse,
1497 5542 1612 5587 nec
1643 5541 1819 5606 posse
1899 5528 2275 5606 praeceptum
2292 5522 2521 5612 jejunii
2543 5522 2656 5584 sub
2681 5525 2931 5588 mortali
2948 5527 3206 5607 obligat,
3237 5533 3299 5591 et
3320 5546 3460 5612 gra-

653 5646 723 5720 t·

2983 5635 3063 5698 18
