3976 6219
780 382 915 433 CAP.
939 378 1021 431 Vl.
1058 375 1141 429 AN
1170 374 1482 428 PO‘rl-:STAS
1514 375 1596 426 AD
1624 372 1943 426 FBRENDAS
1970 373 2166 427 LEGES
2194 375 2431 428 CIVILES
2459 374 2856 437 ossLlGANTEs
2884 377 3018 429 ETC.

295 497 508 542 omnes
543 478 683 542 illos
722 497 852 541 esse
879 482 1194 555 exemptos
1230 475 1369 554 jure
1410 472 1621 533 divino
1664 490 1702 533 a
1737 472 1856 532 tri-

295 574 589 634 butorum
643 574 977 635 solutione:
1036 587 1234 648 neque
1285 567 1445 627 ullus
1489 568 1858 628 Sanctorum

297 666 386 726 ita
411 666 565 728 illud
597 666 900 747 exposuit,
930 664 1034 724 sed
1064 660 1442 722 contrarium
1476 659 1593 738 ipsi
1633 658 1860 718 docue-

299 764 448 818 runt
497 778 643 820 cum
700 758 891 820 Paulo
945 758 1124 817 Rom.
1176 756 1275 829 13,
1329 758 1736 814 consentanee
1780 751 1860 811 ad

301 851 524 913 Christi
565 852 910 913 doctrinam
952 850 1018 909 in
1059 847 1194 908 aliis
1233 846 1403 918 10010,
1437 851 1507 904 01
1548 851 1861 906 0010000111

301 949 414 1004 001.
466 945 564 1005 An
599 963 746 1007 vero
776 943 869 1004 ibi
910 940 1336 1020 comprehensi
1381 938 1613 1000 fuerint
1658 937 1861 999 clerici

302 1054 517 1098 omnes
542 1038 642 1098 vel
677 1036 1063 1109 immediate,
1098 1032 1195 1094 vel
1223 1031 1440 1092 saltem
1469 1031 1536 1090 in
1564 1032 1766 1106 Petr0,
1794 1030 1861 1091 in

302 1135 563 1190 tractatu
602 1131 680 1192 de
719 1129 1115 1190 immunitate
1155 1123 1558 1186 ecclesiastica
1591 1124 1861 1202 disputa-

301 1226 436 1282 tum
476 1228 588 1283 est.
621 1223 716 1283 Ad
748 1220 1113 1293 secundum,
1161 1217 1389 1277 dicitur
1433 1216 1742 1276 Christum
1775 1215 1863 1275 ibi

300 1334 424 1375 non
447 1313 774 1395 prohibere
800 1312 1139 1393 temporale
1165 1329 1456 1390 regnum,
1477 1310 1584 1371 sed
1613 1328 1863 1371 monere

300 1408 631 1488 discipulos
671 1426 812 1469 suos
829 1453 851 1485 ,
878 1413 1017 1467 tum
1048 1411 1120 1466 ut
1149 1404 1560 1484 principatum
1583 1421 1711 1464 non
1734 1422 1865 1464 am-

302 1499 513 1576 biant3
535 1506 694 1576 tum,
716 1508 787 1561 ut
810 1501 863 1561 si
889 1498 1214 1578 praesidere
1234 1502 1558 1575 cogantur,
1585 1515 1709 1557 non
1738 1497 1864 1557 sint

303 1598 601 1671 tanquam
629 1593 1037 1666 dominantes,
1060 1592 1168 1652 sed
1192 1590 1393 1670 potius
1416 1595 1487 1650 ut
1505 1591 1862 1650 ministran-

304 1690 421 1745 tes·
453 1686 584 1744 Duo
619 1685 787 1745 enim
817 1684 893 1745 de
929 1683 1176 1761 regibus
1212 1682 1489 1760 gentium
1517 1682 1858 1761 proposuit,

304 1795 527 1852 unum,
563 1777 724 1855 quod
762 1795 890 1837 non
929 1793 1167 1854 regere,
1211 1775 1317 1835 sed
1361 1774 1670 1834 dominari
1696 1779 1759 1835 et
1794 1774 1862 1833 in

305 1870 662 1930 servitutem
712 1870 994 1947 redigere
1043 1868 1316 1928 subditos
1358 1866 1617 1942 volunt3
1668 1865 1860 1940 aliud,

303 1961 469 2038 quod
496 1962 705 2022 titulos
733 1962 984 2023 honoris
1026 1966 1088 2022 et
1118 1959 1493 2021 excellentiae
1530 1959 1860 2019 affectant:

315 2052 427 2117 Vos
459 2058 655 2114 autem
685 2055 931 2132 (inquit)
976 2071 1094 2115 non
1139 2053 1251 2127 sic,
1290 2053 1392 2114 sed
1419 2052 1523 2130 qai
1550 2052 1750 2131 major
1780 2054 1868 2112 est

300 2144 368 2205 in
393 2144 559 2206 vobis
585 2146 701 2222 fiat
728 2149 887 2208 sicut
917 2148 1141 2220 minor,
1183 2151 1237 2207 et
1274 2147 1378 2224 qui
1405 2161 1730 2222 prcecessor
1755 2149 1863 2219 est,

300 2236 459 2299 sicat
486 2238 892 2300 ministrator.
928 2237 1169 2298 Similia
1206 2236 1398 2296 habet
1432 2236 1649 2297 Matth.
1684 2238 1764 2296 ΞΟ
1802 2240 1865 2296 01

301 2328 488 2389 Marc.
520 2330 615 2404 10,
639 2334 700 2389 et
727 2329 955 2408 ubique
984 2329 1378 2408 reprehendit
1403 2329 1665 2387 nimiam
1693 2329 1862 2406 cupi-

302 2420 557 2482 ditatem
586 2422 969 2497 dominandi,
1004 2438 1268 2500 pravum
1307 2438 1515 2494 usum,
1551 2438 1680 2480 non
1710 2419 1861 2497 legi-

301 2515 526 2575 timum
544 2516 895 2595 imperium,
934 2521 996 2577 et
1027 2517 1114 2575 ita
1145 2520 1463 2594 exponunt
1493 2515 1560 2574 in
1581 2514 1860 2575 illislocis

302 2608 683 2684 Ambrosius,
715 2609 1125 2687 Hieronymus
1153 2614 1216 2669 et
1242 2608 1731 2686 chrysostomus,

383 2702 480 2761 11.
526 2701 619 2761 Ad
647 2702 921 2777 tertium,
958 2720 1036 2761 ex
1056 2701 1274 2763 Matth.
1302 2699 1504 2761 ultim.
1532 2699 1862 2780 responde-

302 2799 405 2853 tur
428 2794 654 2873 prim0,
683 2793 993 2856 Christum
1021 2794 1306 2869 dicendo,
1328 2796 1586 2857 docentes
1610 2814 1702 2857 eos
1730 2812 1862 2857 ser-

301 2903 444 2948 vare
470 2888 671 2948 omnia
691 2904 1064 2968 quaecumque
1088 2887 1371 2949 mandavi
1396 2887 1582 2962 vobis,
1607 2905 1736 2947 non
1759 2905 1864 2947 ex-

303 2977 552 3040 clusisse
589 2978 733 3055 alia,
756 2980 861 3040 sed
893 2998 966 3041 ea
998 2997 1481 3040 commemorase
1503 2997 1639 3058 quae
1667 2980 1863 3040 maxi-

303 3089 403 3133 me
429 3073 772 3134 necessaria
805 3079 1004 3150 erant,
1050 3090 1310 3154 quaeque
1344 3074 1478 3153 jam
1508 3079 1659 3134 tunc
1689 3077 1865 3135 erant

303 3165 591 3227 stabilita.
608 3168 840 3229 Deinde
868 3168 1004 3229 dico
1019 3168 1107 3228 ibi
1129 3168 1196 3228 in
1219 3169 1445 3229 virtute
1463 3168 1865 3247 comprehen-

304 3258 462 3319 disse
490 3259 755 3339 reliqua,
791 3262 940 3341 quia
971 3262 1102 3340 ipse
1125 3261 1402 3341 praecipit
1440 3278 1684 3322 servare
1705 3261 1863 3322 inte-

306 3369 416 3430 gre
442 3351 643 3430 legem
664 3354 1035 3429 naturalem,
1072 3359 1134 3414 et
1156 3354 1302 3414 dare
1340 3353 1676 3433 unicuique
1697 3353 1863 3433 quod

306 3462 490 3505 suum
528 3451 643 3520 est,
683 3452 746 3507 et
791 3446 989 3507 facere
1044 3446 1182 3506 aliis
1232 3446 1396 3524 quod
1437 3445 1862 3524 unusquisque

304 3536 441 3599 vult
464 3537 583 3598 sibi
606 3537 685 3597 ab
708 3538 846 3599 aliis
866 3539 1001 3600 fieri
1023 3555 1041 3598 2
1067 3539 1135 3599 in
1156 3539 1253 3600 his
1288 3543 1497 3598 autem
1540 3537 1863 3618 principiis

304 3629 605 3691 fundatur
630 3631 797 3710 quod
845 3633 925 3692 sit
976 3629 1391 3694 obediendum
1445 3631 1863 3710 superioribus

304 3724 711 3803 potestatibus
738 3725 805 3785 in
830 3744 1216 3805 quocumque
1260 3726 1477 3787 ordine
1516 3744 1531 3783 ε
1581 3724 1746 3786 unde
1794 3725 1863 3784 in

305 3818 431 3879 illis
483 3820 688 3880 verbis
728 3822 1077 3882 continetur
1125 3820 1290 3901 quod
1336 3819 1547 3880 fideles
1598 3818 1862 3880 debeant

306 3910 553 3971 obedire
579 3912 959 3990 parentibus,
1004 3919 1066 3974 et
1111 3913 1272 3974 servi
1307 3912 1594 3987 dominis,
1625 3917 1688 3973 et
1719 3911 1863 3971 sub-

304 4002 418 4062 diti
441 4003 744 4076 Praelatis3
765 4006 917 4066 alias
935 4007 1116 4086 juxta
1134 4006 1566 4066 haeretieorum
1586 4021 1860 4079 sensum,

304 4096 505 4156 omnis
531 4097 902 4175 obedientia,
934 4098 1291 4159 hominibus
1308 4096 1678 4178 praestanda,
1707 4101 1865 4157 esset

304 4187 544 4250 sublata
568 4207 680 4268 per
712 4190 821 4250 illa
847 4190 1037 4252 verba
1067 4190 1317 4267 Christi,
1342 4188 1504 4269 quod
1532 4195 1624 4249 est
1651 4195 1864 4250 contra

305 4299 558 4343 omnem
615 4285 920 4345 rationem
971 4289 1033 4345 et
1082 4289 1298 4344 contra
1349 4281 1537 4343 verba
1589 4281 1863 4361 ejusdem

306 4374 528 4435 Christi
576 4375 752 4437 Lucae
799 4379 915 4438 10:
950 4375 1070 4451 Qui
1096 4395 1199 4439 vos
1230 4376 1402 4438 audit
1448 4392 1539 4437 me
1578 4374 1773 4451 audit,
1809 4379 1866 4436 et

309 4468 414 4546 qui
440 4488 542 4530 vos
568 4469 800 4547 spernit
826 4488 916 4533 me
947 4470 1405 4549 spernit,·q11ae‚
1439 4467 1582 4530 11001
1604 4468 1680 4529 (10
1709 4469 1865 4529 Ρ100-

306 4558 450 4621 10110
476 4562 754 4623 Ecclesiae
782 4563 1087 4643 praecipue
1116 4563 1277 4624 dicta
1306 4562 1449 4631 sint,
1485 4563 1552 4622 in
1580 4561 1867 4623 omnibus

305 4654 721 4733 superioribus
746 4655 1039 4735 legitimis
1062 4674 1206 4718 cum
1237 4656 1634 4736 proportione
1660 4655 1866 4715 locum

305 4745 562 4824 habent,
595 4749 775 4829 juxta
813 4750 970 4811 illud
997 4749 1077 4811 ad
1105 4750 1300 4811 Colos.
1335 4751 1412 4810 3:
1445 4749 1630 4813 Sicut
1658 4749 1867 4809 Domi-

305 4858 404 4915 no,
443 4848 499 4904 et
525 4861 644 4904 non
683 4844 1041 4918 hominibus,
1077 4848 1192 4904 etc.
1240 4843 1317 4902 Et
1365 4840 1570 4901 infra:
1609 4841 1867 4902 Domino

312 4931 554 4996 Christo
579 4935 838 4996 servite:
867 4941 929 4996 et
950 4935 1171 4996 clarius
1199 4935 1276 4995 ad
1299 4935 1521 5014 EpheS.
1553 4935 1633 4994 6:
1661 4932 1868 5010 Servi,

309 5025 529 5088 obedite
557 5028 816 5089 dominis
845 5029 1190 5090 carnalibus
1240 5046 1370 5090 cum
1412 5027 1625 5088 timore
1663 5031 1719 5087 et
1754 5032 1873 5088 tre-

305 5135 467 5179 more
492 5119 560 5179 in
581 5120 973 5197 simplicitate
996 5122 1191 5183 cordis
1214 5120 1402 5183 vestri
1419 5120 1577 5182 sicat
1601 5117 1875 5190 Christo,-

306 5214 421 5272 011
450 5212 612 5272 Petr.
638 5214 677 5271 2
701 5228 717 5271 z
744 5212 953 5288 Servi,
985 5213 1212 5274 subditi
1240 5217 1415 5273 estote
1437 5211 1720 5286 dominis,
1749 5216 1864 5272 010.

388 5307 483 5365 12.
523 5304 619 5365 Ad
647 5310 941 5384 quartum
960 5303 1407 5378 testimonium,
1448 5321 1524 5363 ex
1564 5307 1592 5362 -1
1629 5303 1768 5363 Cor.
1794 5306 1866 5364 7:

304 5397 517 5461 Nolite
540 5400 697 5460 servi
720 5399 862 5476 fieri
887 5399 1214 5473 hominum,
1258 5397 1439 5456 facile
1465 5397 1872 5475 respondetur

305 5488 395 5549 ibi
422 5506 551 5550 non
569 5490 645 5550 de
673 5491 965 5554 servitute
986 5490 1312 5572 corporali,
1332 5489 1438 5551 sed
1464 5489 1540 5552 de
1566 5488 1872 5570 spirituali

3382 374 3494 434 191

1936 491 2068 534 0000
2125 491 2495 548 sermonem,
2552 478 2623 532 ut
2674 477 2844 552 patet
2888 491 2965 533 ex
3012 474 3499 553 praecedentibus

1936 566 2162 640 verbiS,
2212 567 2404 643 pretio
2450 565 2633 644 empti
2670 566 2842 635 estis..
2853 571 2915 625 et
2957 566 3046 626 ita
3089 565 3236 627 facti
3278 568 3503 630 Christi

1939 660 2119 734 servi,
2159 665 2232 720 ut
2258 660 2345 727 ibi
2371 658 2592 739 saepius
2621 658 2884 736 dixerat3
2911 659 3059 720 huic
3074 666 3285 721 autem
3313 663 3503 723 servi-

1941 753 2064 813 tuti
2102 754 2359 833 opponit
2402 752 2761 814 servitutem
2810 752 3178 830 hominum3
3230 754 3503 834 loquitur

1942 867 2092 928 ergo
2113 849 2189 909 de
2216 847 2521 928 spirituali
2550 847 2845 908 servitute
2873 867 2888 906 t
2922 864 3072 907 nam
3099 846 3175 908 de
3200 849 3502 927 corporali

1937 944 2068 1023 jam
2088 944 2326 1004 dixerat
2345 940 2504 1001 nihil
2530 940 2771 1001 obstare
2795 940 3019 1001 Christi
3036 941 3346 1002 servituti:
3373 944 3503 1003 imo

1942 1035 2269 1096 consilium
2314 1034 2590 1109 dederat,
2625 1052 2832 1095 servus
2860 1038 3103 1097 vocatus
3135 1053 3217 1110 es,
3252 1053 3370 1097 non
3417 1036 3505 1099 sit

1943 1129 2059 1190 tibi
2082 1146 2241 1191 σανα»
2262 1155 2282 1189 .·
2310 1134 2460 1189 10110
2488 1132 2697 1187 autem
2718 1124 2944 1187 dicitur
2966 1127 3105 1206 quis
3131 1127 3268 1189 fieri
3290 1146 3504 1189 servus

1941 1219 2271 1281 hominum
2300 1220 2592 1281 servitute
2621 1219 2878 1297 peccati,
2896 1219 3146 1297 quando
3171 1224 3243 1280 01
3264 1219 3503 1300 placeat

1941 1312 2297 1373 hominibus
2338 1311 2619 1391 displicet
2649 1312 2797 1386 Deo,
2829 1315 2892 1371 et
2921 1311 3171 1389 quando
3196 1316 3502 1391 tempora-

1941 1406 2106 1477 libus
2131 1406 2397 1469 dominis
2420 1419 2637 1467 contra
2664 1405 2773 1465 Dei
2799 1404 3102 1466 honorem
3120 1405 3499 1484 obsequitur,

1942 1504 2005 1560 et
2047 1500 2135 1561 ita
2163 1500 2406 1561 dixerat
2430 1499 2516 1559 ibi
2543 1497 2730 1578 paulo
2755 1498 3039 1576 superius
3066 1519 3081 1557 ε
3116 1497 3286 1571 Quod
3307 1497 3366 1559 si
3406 1499 3504 1560 in·-

1939 1593 2143 1669 fidelis
2179 1594 2447 1666 discedit,
2483 1591 2767 1654 discedat.
2820 1592 2968 1656 Non
3016 1591 3173 1653 enim
3223 1590 3503 1653 smituti

1939 1685 2236 1764 subjectus
2262 1691 2348 1748 est
2375 1687 2577 1757 frater
2604 1689 2714 1747 aut
2739 1702 2909 1747 soror
2931 1685 2998 1746 in
3029 1684 3393 1763 hujusmodi.
3419 1684 3504 1745 In

1936 1795 2081 1857 pace
2110 1783 2305 1840 autem
2332 1778 2565 1841 vocavit
2584 1797 2692 1840 nos
2716 1778 2902 1839 Deus.
2952 1776 3311 1837 Obedientia
3354 1794 3502 1854 ergo

1942 1871 2024 1930 ad
2048 1870 2331 1931 homines
2377 1871 2430 1931 si
2474 1873 2555 1932 sit
2599 1873 2766 1951 justa
2808 1877 2873 1931 et
2920 1871 3201 1946 honesta,
3255 1889 3381 1931 non
3411 1877 3503 1931 est

1947 1969 2164 2024 contra
2192 1964 2412 2047 Christi
2448 1965 2968 2044 redemptionem,
3004 1963 3110 2024 sed
3149 1970 3241 2024 est
3276 1964 3412 2043 paci
3440 1972 3503 2024 et

1946 2057 2199 2136 justitiae
2245 2063 2674 2118 consentanea.
2711 2057 2910 2135 Atque
2939 2057 3028 2117 ita
3076 2057 3360 2135 exposuit
3395 2057 3503 2117 illa

1946 2150 2137 2211 verba
2179 2150 2489 2229 Chrysost.
2532 2149 2746 2210 homil.
2794 2151 2893 2223 19,
2938 2149 3006 2209 111
3049 2151 3079 2208 1
3132 2148 3208 2209 ad
3240 2148 3499 2226 Corint.,

1945 2243 2051 2320 qui
2082 2242 2271 2303 etiam
2298 2241 2471 2302 addit
2513 2259 2686 2320 posse
2718 2259 2964 2301 servum
2992 2246 3348 2301 manentem
3378 2259 3501 2301 001-

1942 2353 2094 2396 vum
2118 2335 2453 2395 secundum
2481 2335 2823 2395 humanam
2842 2333 3258 2394 conditionem
3278 2351 3504 2394 exuere

1943 2427 2363 2488 conditionem
2395 2427 2701 2501 servilem,
2747 2444 2874 2486 non
2900 2425 3224 2487 serviendo
3251 2426 3503 2486 domino

1941 2525 2012 2579 ut
2048 2518 2313 2595 homini,
2344 2519 2450 2579 sed
2478 2524 2550 2578 ut
2576 2519 2836 2593 Christo,
2861 2524 2935 2578 ut
2961 2518 3097 2579 aliis
3119 2518 3268 2579 locis
3300 2519 3502 2578 citatis

1942 2612 2267 2691 Apostolus
2312 2611 2609 2687 consulit3
2662 2618 2723 2673 et
2768 2618 2970 2692 posset
3015 2612 3205 2672 etiam
3251 2612 3501 2691 exponi,

1939 2705 2123 2767 nolite
2142 2705 2285 2781 fieri
2312 2706 2471 2767 servi
2502 2706 2828 2780 hominum,
2859 2721 3003 2765 cum
3031 2704 3165 2765 sitis
3200 2722 3238 2763 a
3266 2704 3503 2765 Christo

1941 2796 2267 2876 redempti,
2294 2796 2408 2876 ipsi
2434 2797 2658 2858 servite
2679 2797 2746 2856 in
2766 2796 3124 2857 hominibus
3136 2812 3156 2873 3
3182 2802 3245 2858 et
3266 2797 3353 2857 ita
3377 2816 3505 2858 non

1943 2889 2297 2951 efficiemini
2323 2890 2484 2950 servi
2511 2890 2862 2965 hominum,
2886 2890 3132 2950 tametsi
3153 2889 3505 2952 conditione

1943 2982 2076 3042 sitis
2099 2981 2294 3058 servi3
2325 3000 2460 3060 quae
2482 2983 2780 3060 posterior
2802 2981 3098 3060 expositio
3121 2999 3335 3042 veram
3361 3001 3507 3044 con-

1942 3076 2102 3138 tinet
2131 3075 2499 3150 doctrinam,
2534 3075 2637 3135 sed
2675 3074 2845 3153 prior
2877 3082 2967 3135 est
2991 3074 3274 3136 litteralis
3305 3096 3319 3135 ε
3353 3093 3503 3136 110111

1943 3168 2051 3228 illa
2094 3168 2283 3228 verba
2325 3168 2417 3243 (ut
2445 3167 2611 3227 idem
2644 3166 3113 3245 Chrysostomus
3149 3171 3345 3244 notat)
3377 3187 3505 3230 non

1942 3262 2022 3323 ad
2048 3278 2253 3323 servos
2277 3265 2549 3335 tantum,
2580 3260 2687 3320 sed
2711 3260 2790 3320 ad
2818 3260 3106 3321 homines
3135 3263 3323 3322 etiam
3350 3261 3507 3323 libe-

1941 3373 2043 3416 ros
2079 3354 2243 3414 dicta
2269 3359 2437 3428 sunt,
2468 3359 2540 3412 ut
2566 3351 2768 3413 nolint
2791 3352 2929 3414 fieri
2951 3352 3354 3432 spiritualiter
3379 3373 3506 3415 ser-

1942 3447 2029 3521 vi,
2081 3463 2222 3506 00111
2265 3450 2440 3505 10010
2491 3445 2687 3523 pretio
2735 3445 2860 3505 sint
2898 3445 3206 3523 redempti
3246 3463 3263 3507 2
3306 3452 3370 3507 et
3417 3447 3506 3507 ita

1942 3538 2130 3600 etiam
2158 3537 2443 3617 exposuit
2497 3537 2855 3597 Ambrosius
2900 3537 2968 3597 in
3013 3536 3079 3596 id
3107 3537 3328 3598 Psalm.
3376 3538 3501 3598 43:

1955 3631 2290 3697 Vendidisti
2309 3630 2594 3709 populum
2629 3634 2798 3691 tuum
2821 3630 2949 3692 sine
2986 3629 3205 3708 pretio.
3234 3630 3329 3690 Ad
3364 3629 3507 3690 reli-

1942 3742 2068 3804 qua
2093 3721 2526 3803 haereticorum
2563 3721 2972 3783 fundamenta
2999 3722 3068 3781 in
3112 3723 3314 3800 primo
3341 3722 3503 3783 libro

1939 3833 2306 3896 responsum
2359 3820 2471 3889 est,
2519 3820 2581 3874 01
2628 3821 2844 3876 contra
2881 3814 3103 3874 falsam
3153 3814 3503 3876 libertatem

1941 3908 2377 3981 Christianam,
2425 3923 2612 3985 quam
2659 3905 2777 3985 ipsi
2813 3906 3081 3984 fingunt,
3113 3906 3182 3966 in
3209 3906 3368 3967 libro
3414 3925 3506 3968 se·

1944 4002 2186 4081 quenti,
2211 4006 2275 4062 et
2298 4000 2484 4060 latius
2510 3999 2578 4059 in
2602 3998 2826 4059 ultimo
2847 3998 3032 4078 hujus
3059 4004 3356 4060 tractatus
3384 4000 3505 4059 dis-

1943 4110 2239 4154 seremus.
2293 4089 2518 4151 Contra
2574 4087 2891 4149 fictionem
2943 4095 3156 4150 autem
3204 4089 3377 4149 illam
3427 4092 3505 4151 de

1938 4183 2378 4264 justificatione
2407 4184 2518 4261 per
2538 4181 3015 4260 imputationem
3040 4182 3352 4242 mediante
3375 4181 3505 4242 sola

1943 4277 2172 4338 fiducia
2204 4278 2274 4338 in
2305 4274 2640 4352 Christum,
2668 4274 2738 4335 in
2769 4279 3033 4335 tractatu
3065 4273 3142 4336 de
3168 4273 3380 4336 Gratia
3405 4269 3502 4338 di-

1943 4371 2209 4433 cendum
2237 4375 2350 4433 est.

2525 4553 2775 4616 CAPUT
2813 4554 2917 4616 VI.

1947 4759 2027 4805 AN
2078 4760 2209 4805 HAEc
2248 4758 2535 4804 POTBSTAS
2576 4759 2656 4803 AD
2695 4757 3002 4804 FERENDAS
3045 4757 3228 4804 mans
3279 4755 3503 4803 clvmts

2030 4851 2384 4899 oBuGAN'rsss
2414 4851 2758 4898 Umvmtsm
2797 4852 3120 4899 EGGLESIAM
3147 4851 3235 4898 sn·
3267 4851 3328 4896 IN
3361 4851 3506 4897 SUM-

2031 4945 2112 4991 ΜΟ
2148 4945 2465 4992 PONTIFICE-

2034 5120 2063 5177 1
2077 5162 2091 5177 .
2141 5116 2417 5176 Diximus
2444 5132 2573 5175 esse
2600 5114 2669 5174 in
2697 5112 2963 5175 Ecclesia
2989 5111 3214 5172 Christi
3241 5117 3509 5191 potesta-

1952 5214 2080 5269 tem
2134 5206 2539 5284 temporalem
2587 5206 2667 5265 ad
2722 5204 3084 5282 obligandos
3132 5204 3509 5266 Christianos

1949 5300 2190 5377 legibus
2208 5298 2515 5373 civilibus;
2531 5317 2696 5358 nunc
2705 5297 2927 5358 vidend
2936 5313 3043 5356 um
3054 5299 3329 5376 sequitur
3347 5298 3509 5376 apud

1951 5412 2104 5474 quos
2133 5393 2213 5452 sit
2252 5391 2380 5451 11ωο
2407 5397 2694 5471 potestas,
2727 5397 2791 5451 et
2821 5392 2989 5469 prius
3021 5392 3298 5453 dicemus
3325 5410 3407 5451 an
3431 5393 3511 5450 sit

1950 5487 2161 5566 aliqua
2199 5484 2341 5547 talis
2370 5490 2637 5566 potestas
2674 5484 3039 5548 universalis
3071 5504 3183 5566 pro
3213 5489 3343 5546 tota
3389 5484 3510 5544 Ec-
