3976 6219
549 382 662 440 114

542 485 959 547 indubitatum
986 482 1146 561 apud
1177 500 1390 542 omnes
1413 526 1433 556 ,
1482 487 1545 541 et
1569 486 1783 540 tamen
1807 497 1934 539 nou
1961 496 2094 538 om-

539 580 645 639 nia
672 580 990 638 continent
1017 575 1319 654 principia
1342 593 1451 652 per
1477 592 1541 634 se
1560 579 1730 647 nota,
1756 571 1863 632 sed
1884 571 2093 649 aliquo

529 671 818 748 indigent
847 670 1154 742 discursu,
1190 674 1260 727 ut
1288 668 1477 727 etiam
1506 672 1596 727 est
1629 664 1888 725 clarum.
1934 661 2093 726 Mul-

536 769 724 842 toque
765 762 828 821 id
868 761 1090 821 clarius
1125 767 1215 820 est
1252 760 1328 819 de
1366 759 1580 819 multis
1620 757 1938 836 praeceptis
1983 773 2093 814 na·

538 855 843 916 turalihus
865 899 885 929 ,
930 871 1068 933 quae
1110 853 1177 911 in
1224 852 1348 912 illis
1394 852 1788 912 continentur
1806 894 1825 924 ,
1878 854 1948 907 ut
2002 853 2094 908 est

533 955 908 1029 praeceptum
957 947 1291 1026 prohibens
1339 945 1682 1024 simplicem
1737 942 2091 1003 fornicatio-

534 1060 704 1117 nem,
748 1058 1026 1115 usuram,
1069 1040 1168 1099 vel
1193 1038 1532 1098 vindictam
1560 1037 1637 1097 de
1672 1036 1922 1096 inimico
1951 1052 2092 1114 pro-

534 1135 670 1214 pria
696 1133 1058 1194 auctoritate
1079 1176 1100 1207 ,
1146 1130 1221 1191 de
1246 1130 1469 1210 quibus
1497 1130 1836 1190 secundum
1865 1126 2092 1187 doctri-

534 1247 684 1288 nam
714 1225 1080 1287 catholicam
1104 1230 1341 1285 certum
1372 1228 1463 1284 est
1485 1241 1612 1284 esse
1640 1222 1716 1282 de
1739 1223 1879 1300 jure
1908 1227 2092 1281 natu-

534 1320 653 1381 rali
699 1337 714 1380 :
768 1325 829 1381 et
874 1318 1155 1379 similiter
1201 1317 1267 1376 in
1311 1316 1631 1395 praeceptis
1676 1314 2086 1388 affirmativis,

534 1432 777 1474 servare
804 1418 1042 1486 votum,
1081 1410 1180 1471 vel
1219 1408 1710 1488 promissionem,
1755 1408 1900 1468 dare
1933 1407 2089 1466 6166-

535 1523 863 1584 mosynam
908 1523 984 1564 ex
1030 1502 1341 1580 superfluo
1361 1546 1379 1575 ,
1423 1500 1729 1561 honorare
1770 1505 2089 1578 parentes„

534 1599 843 1659 naturalia
869 1601 1177 1675 praecepta
1203 1599 1345 1653 sunt
1373 1611 1499 1652 non
1527 1593 1727 1652 solum
1753 1590 2093 1651 secundum

537 1691 748 1766 fidem,
798 1690 904 1750 sed
950 1689 1139 1748 etiam
1186 1685 1523 1746 secundum
1570 1683 1985 1764 philosophOS,
2032 1687 2093 1742 et

535 1801 750 1844 omnes
790 1787 953 1842 recte
995 1780 1363 1855 sentientes3
1417 1783 1477 1837 et
1527 1783 1736 1836 tamen
1785 1794 1913 1835 non
1959 1776 2094 1836 sine

536 1877 846 1949 discursu,
892 1878 954 1934 et
1007 1871 1320 1932 interdum
1370 1869 1567 1929 multa
1619 1868 2096 1928 ratiocinatione

535 1967 1006 2029 concluduntur.
1056 1963 1355 2037 SecundO,
1403 1967 1806 2040 argumentor
1826 1960 2087 2034 ratione,

536 2062 684 2141 quia
706 2059 917 2120 omnia
943 2057 1050 2117 illa
1074 2074 1211 2135 quae
1240 2057 1307 2114 in
1334 2054 1455 2114 illis
1483 2052 1778 2114 membris
1819 2070 2093 2131 compre-

533 2153 918 2225 henduntur,
962 2149 1405 2228 praecipiuntur
1440 2145 1587 2224 quia
1623 2145 1884 2205 honesta
1922 2149 2088 2217 sunt,

534 2246 631 2305 vel
661 2243 1066 2323 prohibentur
1087 2240 1234 2318 quia
1256 2238 1420 2299 mala
1448 2242 1616 2311 sunt,
1649 2243 1710 2296 et
1737 2254 1864 2296 non
1888 2254 1921 2296 e
1951 2254 2091 2296 con-

533 2355 709 2398 verso
731 2352 751 2413 ;
783 2353 928 2413 ergo
964 2334 1070 2394 illa
1094 2349 1221 2392 non
1246 2331 1559 2411 pertinent
1586 2330 1663 2389 ad
1695 2329 1898 2407 legem
1930 2329 2093 2408 posi-

533 2431 727 2490 tivam
762 2444 783 2505 ;
834 2445 982 2505 ergo
1029 2427 1108 2485 ad
1155 2424 1502 2485 naturalem
1540 2437 1557 2480 t
1607 2440 1733 2481 non
1780 2422 1949 2481 euim
1999 2427 2092 2481 est

533 2523 704 2584 aliud
730 2521 1081 2582 membrum
1110 2518 1285 2596 legis,
1315 2522 1386 2576 ut
1411 2532 1594 2593 supra
1621 2515 1852 2576 notavi.
1890 2515 2094 2574 Prima

534 2614 972 2693 consequentia
1005 2617 1197 2691 patet,
1246 2609 1395 2687 quia
1431 2608 1539 2667 illa
1576 2613 1667 2667 est
1705 2608 1948 2685 proprie
1992 2606 2094 2667 lex

535 2708 797 2789 positiva
810 2724 946 2786 quae
963 2704 1133 2765 addit
1148 2702 1594 2774 necessitatem,
1610 2705 1833 2778 praeter
1847 2700 1910 2760 id
1926 2701 2093 2778 quod

537 2800 808 2881 postulat
843 2797 1180 2857 intrinseca
1212 2799 1435 2853 natura
1471 2793 1784 2853 materiae:
1820 2810 1967 2852 nam
2003 2795 2094 2868 (ut

538 2893 698 2953 dixit
725 2889 1106 2963 Aristoteles)
1138 2888 1240 2947 lex
1264 2885 1524 2964 positiva
1559 2889 1650 2944 est
1686 2883 1762 2943 de
1789 2884 1885 2944 his
1909 2884 2092 2943 rebus

537 3005 674 3066 quie
719 3002 846 3044 non
873 2982 1167 3061 grcferunt
1187 3025 1206 3055 ,
1254 2979 1610 3056 priusquam
1657 2975 1759 3036 lex
1799 2982 2087 3054 ponatur.

536 3076 918 3141 Antecedens
954 3078 1162 3135 autem
1201 3075 1393 3151 patet,
1434 3071 1580 3149 quia
1609 3069 1834 3129 veritas
1861 3068 2091 3147 princi-

535 3174 624 3253 pii
651 3190 778 3232 non
800 3173 1000 3249 potest
1026 3173 1186 3227 stare
1208 3166 1339 3224 sine
1367 3164 1625 3223 veritate
1653 3162 2084 3237 conclusioniS,

534 3263 783 3344 quando
810 3262 917 3322 illa
940 3259 1274 3320 necessario
1305 3256 1547 3317 elicitur
1561 3300 1581 3330 ,
1614 3262 1676 3315 et
1697 3255 1837 3315 ideo
1865 3255 1912 3314 si
1944 3274 2090 3315 con-

537 3357 749 3431 clusio,
799 3353 1113 3433 pertinens
1153 3350 1233 3411 ad
1275 3350 1661 3409 honestatem
1681 3391 1701 3421 ,
1744 3348 2090 3407 necessario

537 3449 813 3527 sequitur
840 3464 916 3506 ex
938 3443 1250 3523 principiis
1272 3448 1533 3514 naturae,
1560 3456 1668 3517 per
1694 3457 1781 3513 se,
1807 3444 1868 3498 et
1894 3438 1972 3498 ab
1997 3441 2090 3498 iu·-

536 3542 824 3614 trinsecO,
850 3537 1036 3597 habet
1053 3536 1462 3607 honestatem,
1493 3532 1682 3592 etiam
1701 3531 1932 3591 seclusa
1953 3532 2091 3609 lege

540 3636 881 3696 extrinseca
912 3647 928 3690 ε
966 3648 1114 3707 ergo
1155 3629 1206 3688 si
1247 3628 1576 3689 adhibetur
1615 3625 1741 3701 lex,
1789 3626 1928 3687 ideo
1975 3634 2088 3702 est,

538 3729 686 3807 quia
707 3726 862 3786 illud
885 3724 983 3802 obj
993 3728 1198 3783 ectum
1225 3720 1630 3782 necessariam
1657 3719 1844 3779 habet
1870 3719 2092 3779 hones-

538 3825 752 3894 tatem,
797 3823 858 3878 et
888 3817 1173 3876 idemest
1204 3832 1239 3874 e
1278 3813 1585 3873 contrario
1618 3811 1694 3871 de
1726 3810 1984 3887 malitia,
2029 3817 2091 3872 et

538 3911 973 3993 prohibitione.

623 4009 679 4068 7.
725 4004 954 4078 Terti0,
984 4001 1059 4062 de
1094 3998 1311 4079 primis
1345 3996 1736 4075 generalibus
1773 3996 2089 4075 principiis

535 4117 722 4163 nemo
748 4098 1028 4158 dubitat:
1061 4111 1208 4172 ergo
1236 4110 1349 4153 nec
1376 4092 1453 4151 de
1476 4089 1946 4170 particularibus
1977 4089 2091 4149 du-

539 4194 725 4255 bitari
753 4195 967 4271 ‚potest
986 4234 1005 4264 ,
1049 4190 1196 4267 quia
1236 4187 1423 4247 etiam
1463 4185 1568 4244 illa
1597 4203 1707 4262 per
1733 4201 1798 4244 se
1833 4188 1894 4243 et
1920 4201 1998 4244 ex
2025 4183 2089 4243 vi

537 4286 945 4348 terminorum
987 4281 1219 4341 habent
1256 4277 1753 4339 convenientiam
1791 4294 1934 4336 cum
1970 4294 2090 4336 na-

539 4388 682 4440 tura
716 4374 1029 4449 rationali,
1070 4378 1141 4432 ut
1179 4371 1320 4430 talis
1353 4378 1445 4430 est
1470 4392 1487 4443 3
1529 4388 1675 4446 ergo
1702 4387 1817 4428 nec
1847 4369 1923 4429 de
1948 4388 2093 4429 con-

540 4469 915 4533 clusionibus
945 4484 1022 4526 ex
1054 4464 1152 4524 his
1184 4463 1501 4541 principiis
1530 4461 1846 4521 evidenter
1878 4459 2094 4520 elicitis

541 4563 954 4625 dubitandum
977 4562 1090 4629 est,
1121 4556 1266 4634 quia
1288 4555 1514 4614 veritas
1537 4552 1825 4630 principii
1852 4553 1918 4612 in
1947 4571 2093 4611 con-

540 4656 813 4719 clusione
838 4651 1209 4722 continetur,
1240 4646 1427 4725 etqui
1450 4663 1644 4704 unum
1669 4646 1964 4724 praecipit,
1992 4645 2091 4705 vel

540 4747 848 4831 prohibet,
888 4741 1226 4804 necessario
1258 4738 1542 4818 prohibet
1582 4738 1641 4797 id
1683 4738 1846 4816 quod
1884 4739 1952 4799 in
1983 4737 2091 4798 illo

541 4842 913 4913 continetur,
942 4836 1041 4896 vel
1061 4835 1193 4893 sine
1217 4849 1339 4911 quo
1362 4831 1689 4891 subsistere
1716 4849 1843 4890 non
1868 4836 2087 4909 potest.

543 4939 671 4996 Imo
698 4934 749 4994 si
774 4930 1018 5012 proprie
1043 4928 1393 5006 loquamur,
1425 4925 1623 5003 magis
1651 4930 1966 4985 exercetur
1991 4925 2093 4984 lex

543 5026 840 5088 naturalis
867 5025 933 5084 in
960 5022 1058 5082 his
1085 5018 1428 5099 principiis,
1467 5019 1564 5077 vel
1600 5016 2094 5077 conclusionibus

541 5119 859 5199 proximiS,
899 5133 1086 5195 quam
1113 5114 1177 5172 in
1221 5112 1340 5171 illis
1371 5110 1692 5189 principiis
1736 5109 2096 5169 universali-

544 5213 682 5287 huS,
713 5212 860 5289 quia
885 5211 983 5270 lex
1011 5213 1101 5269 est
1130 5205 1410 5285 proxima
1431 5204 1646 5282 regula
1675 5203 2088 5282 operationis:

542 5305 649 5366 illa
685 5307 894 5362 autem
936 5298 1292 5360 communia
1329 5297 1632 5375 principia
1668 5313 1793 5355 non
1827 5300 1972 5355 sunt
1998 5312 2095 5354 re·-

543 5397 691 5475 gula
727 5395 844 5453 nisi
885 5399 1189 5470 quatenus
1222 5409 1332 5469 per
1374 5388 1783 5467 particularia,
1808 5386 2097 5448 determi-

543 5494 774 5550 nantur
800 5485 876 5545 ad
905 5484 1176 5561 singulas
1207 5482 1433 5562 species
1461 5488 1733 5556 actuum,
1761 5498 1869 5542 seu
1901 5480 2095 5541 virtu-

1176 385 1290 435 Lm.
1328 386 1388 436 11.
1425 384 1505 434 DE
1536 384 1696 435 LEGE
1729 382 2012 442 AETERNA,
2046 380 2127 430 ET
2159 379 2488 445 NATURALI,
2525 384 2604 434 Ac
2635 384 2785 436 JURE
2819 384 3108 437 GENTIUM.

2172 484 2326 542 tum.
2361 483 2633 561 Denique
2656 482 2787 543 haec
2816 485 3026 544 omnia
3043 490 3345 563 praecepta
3373 487 3744 547 necessitate
3859 507 3864 511 ·

2171 573 2440 651 quadam
2461 575 2767 652 prodeunt
2791 594 2829 635 a
2850 582 3098 651 natura,
3119 583 3180 637 et
3207 595 3245 636 a
3281 579 3404 637 Deo
3428 584 3744 656 quatenus

2172 671 2384 726 auctor
2419 673 2508 727 est
2534 674 2791 742 naturae,
2824 674 2885 728 et
2921 670 3186 728 tendunt
3227 670 3304 729 ad
3333 671 3620 730 eumdem
3659 672 3738 730 fi-

2174 776 2341 834 nem,
2373 759 2668 819 nimirum
2698 761 2774 820 ad
2805 760 3072 821 debitam
3103 762 3641 822 conservationem
3675 767 3739 822 et

2173 851 2518 912 naturalem
2560 853 3017 931 perfectionem,
3065 872 3173 914 seu
3215 853 3572 915 felicitatem
3617 856 3733 914 hu·

2174 962 2374 1004 manae
2396 951 2629 1005 uaturae
2648 962 2668 1022 ;
2701 964 2847 1025 ergo
2870 946 3080 1006 omnia
3102 947 3415 1026 pertinent
3437 948 3517 1007 ad
3550 953 3742 1008 natu-

2173 1037 2302 1097 rale
2320 1038 2445 1115 juS.

2254 1131 2313 1189 8.
2342 1130 2528 1190 Addit
2549 1149 2694 1192 vero
2717 1132 2994 1192 Gratian.
3017 1132 3095 1192 ad
3118 1136 3177 1208 1,
3200 1132 3265 1191 111
3284 1132 3605 1211 principiO,
3627 1135 3739 1212 jus

2177 1222 2458 1282 naturale
2486 1241 2615 1282 esse
2643 1223 2806 1302 quod
2834 1225 2900 1283 in
2928 1225 3064 1301 lege
3087 1229 3149 1285 et
3174 1225 3509 1302 Evangelio
3538 1228 3739 1286 conti·

2178 1320 2383 1375 netur.
2428 1316 2603 1388 Quod
2630 1316 2682 1374 si
2708 1333 2926 1376 verum
2954 1321 3068 1392 est,
3099 1335 3224 1376 non
3258 1317 3459 1377 solum
3487 1336 3560 1378 ea
3587 1337 3733 1397 quae

2177 1408 2467 1483 diximuS,
2494 1407 2599 1468 sed
2624 1408 2811 1468 etiam
2842 1428 2980 1487 quae
3010 1408 3108 1469 vel
3131 1427 3241 1487 per
3268 1410 3544 1488 Moysem
3572 1411 3735 1471 Deus

2174 1502 2501 1579 praecepit,
2562 1500 2660 1560 vel
2712 1501 2985 1561 Christus
3023 1503 3204 1580 Jussit
3248 1502 3314 1561 in
3358 1503 3494 1581 lege
3540 1522 3731 1579 nova,

2174 1594 2249 1652 ad
2303 1594 2405 1672 jus
2467 1594 2747 1653 naturale
2815 1594 3214 1673 pertinebunt
3281 1609 3298 1652 :
3381 1613 3527 1654 nam
3600 1597 3732 1657 haec

2174 1690 2317 1746 sunt
2351 1704 2487 1764 quae
2525 1686 2593 1745 111
2634 1686 2989 1764 Evangeli0,
3030 1693 3091 1747 et
3133 1686 3268 1765 lege
3306 1689 3726 1750 continentur.

2173 1778 2267 1840 Ad
2291 1778 2454 1858 quod
2486 1780 2668 1839 tacite
2691 1779 3065 1858 respondens
3094 1779 3302 1840 Glossa
3340 1780 3428 1839 ibi
3456 1781 3605 1843 dicit
3629 1784 3726 1860 jus

2173 1861 2457 1934 naturale
2480 1872 2567 1933 ibi
2587 1873 2789 1933 vocari
2811 1892 2849 1934 a
2866 1874 3158 1934 Gratiano
3175 1875 3277 1951 jus
3297 1872 3604 1949 divinum,
3630 1878 3723 1936 in·

2170 1966 2380 2026 dicans
2407 1966 2927 2044 comprehendere
2946 1983 3072 2026 non
3100 1966 3300 2026 solum
3317 1967 3420 2043 jus
3441 1968 3719 2028 divinum

2170 2058 2474 2133 naturale,
2504 2059 2607 2119 sed
2639 2059 2827 2118 etiam
2854 2059 3208 2136 positivum,
3235 2064 3295 2119 et
3314 2059 3428 2118 1106
3450 2078 3717 2138 sequun-

2171 2156 2273 2210 tur
2317 2150 2509 2228 aliqui
2544 2151 2804 2228 juristae.
2869 2153 2997 2210 Imo
3030 2150 3207 2211 divus
3234 2151 3527 2226 Thoma3‚
3574 2153 3639 2210 in
3676 2154 3715 2211 4

2171 2242 2563 2302 distinctione
2592 2245 2691 2318 33,
2731 2262 2792 2321 q.
2827 2246 2887 2319 1,
2919 2249 3032 2304 art.
3070 2245 3130 2317 1,
3160 2243 3237 2303 ad
3271 2244 3333 2318 4,
3368 2244 3568 2321 inquit
3603 2245 3715 2305 ali-

2170 2336 2403 2413 quando
2428 2336 2548 2396 dici
2584 2336 2880 2410 naturale,
2922 2353 3040 2397 non
3075 2337 3264 2397 solum
3298 2336 3367 2396 id
3396 2337 3547 2414 quod
3571 2342 3653 2397 est
3682 2353 3720 2397 a

2164 2427 2468 2504 principio
2496 2427 2841 2504 intrim-ecc,
2881 2429 2984 2490 secl
3021 2429 3200 2490 ctiam
3232 2429 3390 2506 quod
3424 2433 3510 2489 est
3537 2445 3608 2488 ex
3640 2428 3728 2488 in-

2168 2520 2408 2595 fusione
2429 2526 2482 2581 ec
2508 2521 2892 2599 impressione
2919 2521 3250 2597 superioris
3276 2522 3534 2599 aymtis,
3566 2521 3730 2581 scili-

2171 2615 2277 2682 cet,
2308 2613 2486 2673 DEI
2497 2636 2524 2682 ,·
2558 2619 2612 2674 et
2646 2614 2732 2674 sic
2770 2612 2964 2691 accipi
3003 2613 3076 2674 ab
3104 2613 3370 2686 Isidoro,
3411 2629 3543 2675 cum
3579 2613 3728 2675 dicit

2155 2705 2269 2782 jus
2290 2705 2568 2765 naturale
2596 2723 2738 2779 esse,
2763 2706 2918 2782 quod
2932 2706 2998 2766 in
3021 2706 3143 2784 leqe
3165 2711 3219 2766 ct
3237 2705 3574 2783 Evangelio
3594 2723 3726 2765 con-

2170 2797 2436 2858 tinetur:
2469 2811 2618 2856 nam
2643 2795 2786 2857 licet
2812 2797 2917 2857 illa
2942 2799 3133 2859 verba
3158 2815 3285 2856 non
3321 2798 3446 2856 sint
3484 2797 3722 2872 Isidori,

2168 2889 2273 2949 sed
2305 2890 2604 2964 Gratiani,
2638 2890 2926 2950 videntur
2960 2890 3217 2951 fundata
3252 2889 3319 2948 in
3348 2890 3583 2949 Isidoro
3611 2890 3725 2948 ibi-

2169 2982 2311 3041 dem
2338 2981 2530 3042 relato
2558 2982 2626 3041 in
2657 3001 2793 3062 cap.
2829 2987 2858 3042 1
2902 3001 2979 3044 ex
3003 2983 3113 3043 lib.
3152 2985 3189 3043 5
3216 2984 3451 3061 Etym.,
3491 3001 3623 3060 cap.
3658 2985 3718 3058 2,

2170 3073 2438 3135 dicente:
2463 3073 2673 3138 Omnes
2692 3077 2847 3156 ἱερεῦ·
2871 3077 3092 3138 divinae
3112 3081 3274 3148 sunt,
3299 3082 3405 3137 aut
3425 3077 3725 3137 hiemante.-

2171 3169 2392 3229 divinoe
2445 3174 2670 3230 natura
2711 3214 2732 3243 ,
2795 3170 3071 3230 Icumanoe
3116 3169 3384 3229 moribus
3430 3173 3720 3229 constant.

2169 3261 2286 3320 Sed
2314 3260 2720 3320 nihilominus
2746 3260 2849 3320 hic
2868 3279 3081 3321 sensus
3107 3278 3236 3320 non
3259 3260 3504 3320 videtur
3527 3258 3605 3319 ab
3628 3258 3727 3318 his

2170 3353 2450 3412 Patribus
2478 3354 2775 3428 intentuS,
2804 3359 2939 3413 tum
2972 3353 3118 3433 quia
3142 3353 3287 3414 satis
3313 3353 3621 3432 explicant
3650 3352 3726 3412 de

2170 3463 2292 3523 quo
2324 3446 2465 3522 jure
2513 3446 2782 3505 naturali
2831 3446 3184 3524 loquantur,
3230 3444 3483 3518 scilicet,
3533 3444 3608 3505 de
3652 3462 3726 3504 eo

2169 3538 2332 3615 quod
2370 3543 2461 3597 est
2501 3555 2828 3598 commune
2878 3536 3164 3597 omnibus
3203 3535 3553 3595 nationibus
3579 3579 3599 3609 ,
3651 3553 3725 3594 eo

2169 3629 2333 3707 quod
2361 3630 2657 3689 instinctu
2695 3635 2954 3702 naturae,
2987 3646 3113 3687 non
3149 3627 3582 3688 constitutione
3614 3626 3725 3685 ali-

2171 3739 2294 3798 qua
2333 3721 2633 3782 habeatur
2659 3766 2680 3796 ,
2725 3726 2787 3782 et
2814 3722 2901 3781 ita
2929 3720 3080 3780 illud
3110 3720 3501 3797 distinguunt
3526 3737 3561 3778 a
3586 3719 3725 3796 jure

2168 3813 2371 3874 civili:
2408 3814 2572 3874 unde
2602 3820 2811 3892 aperte
2842 3814 3182 3892 loquuntur
3208 3813 3283 3871 de
3307 3812 3467 3890 jure,
3499 3829 3607 3871 seu
3638 3811 3724 3870 le-

2170 3904 2373 3983 gibuS,
2403 3906 2623 3983 quibus
2659 3906 2939 3966 homines
2972 3924 3048 3965 ex
3070 3906 3134 3964 vi
3165 3923 3290 3964 suae
3321 3903 3726 3963 institutionis

2170 4015 2339 4057 mere
2368 3998 2688 4073 naturaliS,
2725 3999 2826 4059 vel
2845 4016 2920 4059 ex
2943 3996 3326 4057 naturalibus
3355 3996 3722 4070 constitutae,

2170 4091 2495 4169 gubernati
2521 4099 2726 4152 sunta
2755 4091 3092 4171 principio:
3119 4109 3243 4151 non
3277 4109 3424 4168 ergo
3448 4108 3725 4168 compre-

2171 4184 2453 4244 hendunt
2467 4185 2570 4261 jus
2593 4185 2876 4246 divinum
2909 4182 3395 4262 supernaturale,
3436 4200 3544 4243 seu
3565 4182 3726 4261 posi-

2171 4278 2373 4337 tivum
2405 4294 2421 4337 :
2452 4295 2567 4338 nec
2610 4284 2700 4337 est
2744 4277 3074 4337 verisimile
3119 4276 3279 4354 quod
3328 4275 3727 4336 caeremonias

2173 4387 2387 4429 omnes
2409 4369 2573 4447 ‚legis
2618 4371 2863 4446 veteris,
2910 4376 2972 4430 et
3006 4376 3529 4429 sacramentorum
3570 4385 3726 4446 prae-

2172 4467 2345 4540 cepta
2371 4462 2485 4521 sub
2511 4462 2918 4541 appellatione
2944 4462 3101 4540 legis
3129 4460 3427 4521 naturalis
3450 4476 3729 4538 compre-

2172 4554 2523 4614 henderint.

2252 4649 2313 4707 9.
2360 4646 2609 4708 Dictum
2634 4646 2922 4712 Gratiani
2945 4648 3299 4727 explicatur.
3315 4647 3553 4707 —Dico
3575 4664 3726 4724 ergo

2171 4737 2535 4799 Gratianum
2566 4757 2691 4799 non
2720 4740 2923 4800 dicere
2952 4740 3057 4817 jus
3083 4739 3365 4799 naturale
3398 4738 3720 4817 complecti

2171 4832 2381 4890 omnia
2410 4849 2548 4910 quae
2574 4833 2642 4891 in
2670 4832 2807 4909 lege
2835 4838 2896 4892 et
2927 4832 3261 4910 Evangelio
3299 4833 3720 4906 continentur,

2173 4941 2374 5001 neque
2416 4924 2521 4984 illo
2562 4923 2745 4984 modo
2795 4924 3136 4986 describere
3186 4942 3294 4985 seu
3336 4923 3594 4985 definire
3623 4924 3729 5000 jus

2170 5018 2475 5091 naturale,
2500 5017 2605 5077 sed
2629 5018 2938 5077 affirmare
2960 5018 3159 5078 solum
3181 5017 3299 5077 hoc
3319 5019 3420 5095 jus
3443 5016 3729 5077 naturale

2171 5110 2473 5171 contineri
2498 5110 2565 5170 in
2594 5110 2753 5188 lege,
2784 5111 2997 5189 utique
3028 5110 3231 5189 quoad
3259 5115 3562 5188 praecepta
3593 5126 3730 5167 mo-

2168 5202 2325 5263 ralia
2357 5202 2511 5280 ejus,
2539 5206 2601 5263 et
2630 5207 2935 5282 praecepta
2961 5203 3227 5262 duarum
3255 5202 3634 5274 tabularum,
3661 5206 3726 5260 et

2168 5294 2322 5354 illud
2352 5294 2540 5355 etiam
2568 5295 2866 5355 contineri
2892 5295 2958 5354 in
2985 5294 3353 5372 EvangeliO,
3389 5294 3487 5354 vel
3513 5296 3731 5371 quate-

2172 5372 2289 5447 nus
2325 5405 2605 5464 expresse
2636 5388 2703 5446 in
2743 5405 2816 5447 60
2854 5387 3298 5447 confirmantur
3326 5392 3387 5446 ct
3415 5385 3730 5464 explican-

2171 5484 2274 5540 tur
2296 5485 2595 5560 praecepta
2620 5479 2926 5559 Decalogi,
2958 5479 3171 5541 Matth.
3206 5482 3267 5556 5,
3299 5480 3397 5540 vel
3423 5483 3733 5558 quatenus
