3976 6219
791 389 928 443 CAP.
959 389 1043 443 IX.
1078 388 1160 442 DE
1190 387 1659 445 OBSERVATIONE
1689 388 1900 442 POENAE
1928 387 2303 451 PmVATIVAE,
2336 386 2480 451 QUAE
2511 386 2633 439 PER
2664 384 2873 449 lpsffl,
2899 384 3034 438 mc,

308 498 403 554 tas
429 490 562 567 illa,
596 507 706 552 seu
730 489 1154 569 ineligibilitas
1179 507 1306 551 non
1337 490 1610 552 nascitur
1642 508 1721 553 ex
1759 489 1875 551 ali-

310 604 434 666 quo
479 590 681 664 pacto,
713 584 813 645 vel
852 582 1282 655 conventione,
1319 582 1425 643 sed
1457 602 1611 663 pure
1639 602 1714 645 ex
1742 583 1875 645 effi-

309 680 481 741 cacia
516 677 692 758 legis.
729 677 909 738 Aliud
937 676 1290 757 exemplum
1314 677 1503 756 hujus
1526 677 1874 738 assertionis

309 772 470 834 sumi
500 777 702 852 potest
737 789 813 832 ex
849 772 1020 831 Motu
1048 770 1296 850 proprio
1329 770 1422 831 Pii
1460 772 1512 830 V
1547 777 1761 831 contra
1794 770 1872 831 si-

308 864 647 939 moniacos,
677 862 810 939 ubi,
831 864 1135 943 recipiens
1156 861 1525 925 beneficium
1553 882 1665 944 per
1685 863 1874 925 simo-

308 958 480 1019 niam
513 956 792 1019 redditur
817 956 1108 1017 inhabilis
1129 956 1263 1036 ipso
1284 956 1426 1034 jure
1444 957 1523 1018 ad
1548 956 1869 1030 beneficia,

309 1069 446 1130 quae
467 1067 652 1129 poena
668 1049 881 1110 statim
895 1049 1081 1110 etiam
1102 1049 1441 1110 incurritur
1458 1056 1602 1111 ante
1620 1067 1872 1110 omnem

308 1142 704 1217 sententiam,
747 1147 820 1202 ut
851 1141 1100 1221 proprio
1140 1141 1277 1203 loco
1322 1141 1476 1217 dixi,
1523 1146 1721 1203 stante
1763 1140 1873 1202 illa

308 1234 445 1313 lege
487 1235 555 1294 in
598 1252 711 1293 sua
751 1233 836 1295 vi.
872 1235 1007 1294 Huc
1047 1234 1235 1295 etiam
1264 1239 1542 1314 spectant
1581 1251 1868 1310 canoneS,

309 1326 417 1405 qui
445 1326 512 1386 in
558 1343 807 1405 poenam
836 1326 1095 1405 alicujus
1129 1326 1358 1404 delicti,
1406 1332 1477 1388 ut
1515 1325 1869 1402 uxoricidii,

308 1418 578 1480 reddunt
595 1436 920 1499 personam
941 1418 1279 1481 inhabilem
1298 1419 1372 1481 ad
1404 1419 1873 1481 matrimonium

310 1518 383 1573 ut
410 1518 644 1573 constat
672 1531 745 1575 ex
776 1532 910 1593 cap.
952 1517 1011 1588 1,
1043 1519 1106 1575 et
1127 1533 1262 1594 cap.
1301 1514 1505 1593 Super
1532 1533 1618 1590 00,
1645 1519 1707 1574 et
1734 1531 1868 1592 cap.

313 1604 735 1685 Siqnifioasti,
767 1608 851 1667 De
879 1624 951 1667 eo
972 1606 1076 1686 qui
1106 1607 1285 1668 duxit
1308 1607 1376 1668 in
1404 1606 1873 1668 matrimonium

310 1716 498 1778 quam
548 1698 793 1777 polluit,
824 1705 940 1761 etc.
981 1701 1211 1761 Verum
1253 1706 1343 1762 est
1388 1701 1453 1761 in
1497 1699 1595 1760 his
1628 1699 1875 1778 juribus

310 1810 437 1851 non
471 1791 688 1852 haberi
722 1792 1083 1872 particulam
1115 1794 1246 1871 ipso
1272 1796 1460 1871 facte,
1491 1791 1590 1853 vel
1616 1791 1870 1866 similes,

310 1885 415 1945 sed
452 1903 530 1946 ex
562 1883 785 1945 effectu
811 1885 1018 1963 colligi
1046 1885 1502 1946 inhabilitatem
1532 1885 1666 1963 ipso
1684 1883 1870 1958 facto,

310 1977 456 2055 quia
481 1976 631 2037 talia
663 1977 1061 2038 matrimonia
1089 1983 1415 2038 censentur
1456 1976 1654 2052 irrita,
1689 1980 1751 2037 et
1786 1976 1876 2038 ita

309 2067 415 2129 illa
455 2070 604 2147 jura
647 2088 776 2130 non
822 2070 1086 2149 probant
1127 2088 1208 2130 an
1246 2070 1369 2129 alia
1401 2069 1543 2148 jura
1573 2086 1687 2148 per
1715 2068 1874 2129 solas

310 2161 641 2240 particulas
674 2162 994 2240 praedictas
1024 2167 1388 2222 censeantur
1414 2159 1587 2221 illam
1619 2159 1871 2220 inferre.

394 2256 456 2314 4.
503 2255 888 2315 Proebendati
927 2255 1055 2316 sino
1064 2255 1245 2332 justa
1273 2271 1456 2316 causa
1477 2271 1594 2314 non
1616 2252 1877 2330 promoti

312 2346 483 2408 intra
512 2363 735 2406 annum
763 2346 846 2407 ad
860 2347 1097 2421 ordines
1118 2346 1252 2408 suis
1266 2345 1602 2423 proebendis
1618 2362 1877 2407 annexos

312 2456 384 2500 em
423 2444 563 2500 tuno
591 2439 920 2517 privantur
945 2456 1077 2499 voce
1108 2439 1308 2499 activa
1339 2439 1407 2498 in
1446 2436 1751 2516 Capitulo.
1794 2470 1876 2481 —

315 2532 613 2592 Praeterea
653 2530 730 2591 de
779 2530 1124 2610 privatione
1153 2530 1331 2608 quasi
1362 2531 1564 2590 activa
1591 2535 1685 2590 est
1721 2528 1878 2608 opti-

314 2642 489 2684 mum
508 2624 859 2702 exemplum
878 2624 944 2684 in
964 2623 1263 2685 Clement.
1294 2622 1375 2683 Ut
1392 2622 1450 2682 is
1468 2622 1596 2701 qui,
1619 2622 1696 2682 de
1717 2623 1871 2683 Stat.

314 2722 377 2777 et
416 2716 662 2795 qualit„
707 2716 812 2777 ubi
854 2714 1233 2795 praebendati
1261 2715 1328 2774 in
1356 2714 1625 2775 ecclesiis
1670 2714 1878 2775 cathe-

315 2808 609 2882 dralibus,
642 2809 750 2885 qui
778 2809 910 2867 sine
940 2808 1109 2885 justa
1137 2824 1321 2866 causa
1347 2824 1475 2865 non
1513 2823 1878 2884 promoven-

316 2905 418 2958 tur
447 2900 611 2959 intra
633 2916 868 2959 annum
892 2897 972 2958 ad
990 2897 1236 2959 ordines
1254 2898 1377 2957 suis
1400 2897 1743 2977 proebendis
1765 2917 1877 2959 an-

315 3009 528 3067 neme,
564 3009 634 3053 aa:
670 2996 812 3053 tunc
852 2990 1177 3069 privantur
1201 3006 1349 3050 voce
1375 2989 1577 3049 activa
1604 2989 1672 3049 in
1704 2989 1878 3069 Capi-

314 3083 466 3146 tulo.
514 3083 689 3158 Quod
734 3082 1104 3161 intelligitur
1146 3088 1290 3142 ante
1334 3099 1587 3143 omnem
1633 3087 1878 3145 senten-

311 3177 491 3252 tiam,
515 3177 698 3254 juxta
720 3175 1020 3250 Glossam,
1052 3175 1296 3236 Cardin.
1320 3174 1521 3234 Bonis.
1549 3180 1613 3235 et
1633 3190 1873 3251 omnes;

201 3293 204 3294 ⁷
313 3267 493 3347 plura
538 3268 867 3328 afferemus
910 3267 1094 3340 infra,
1149 3266 1472 3327 tractando
1512 3266 1590 3327 de
1634 3266 1876 3345 legibus

311 3359 699 3420 irritantibus
723 3364 1093 3420 contractus.
1118 3359 1298 3419 Ratio
1313 3359 1580 3438 denique
1594 3364 1707 3434 est,
1729 3359 1878 3438 quia

312 3451 414 3513 hic
456 3452 708 3513 effectus
751 3457 842 3513 est
871 3457 1050 3532 aptus
1077 3451 1216 3513 fieri
1256 3452 1497 3530 integre
1525 3456 1588 3513 et
1609 3451 1877 3531 perfecte

311 3563 425 3625 per
467 3545 662 3606 solam
706 3545 933 3623 legem,
984 3548 1047 3604 et
1085 3543 1175 3603 ita
1209 3549 1475 3623 potestas
1500 3561 1631 3604 non
1658 3544 1827 3604 deest
1856 3559 1873 3604 ε

313 3636 601 3698 voluntas
639 3642 851 3697 autem
891 3633 1258 3714 legislatoris
1288 3634 1662 3695 sufficienter
1687 3635 1876 3713 signi-

317 3728 539 3789 ficatur
559 3746 671 3809 per
692 3728 866 3788 illam
890 3743 1128 3800 vocem,
1155 3744 1357 3805 neque
1381 3731 1474 3787 est
1499 3725 1698 3786 ullum
1720 3725 1878 3803 juri-

314 3821 523 3881 dicum
567 3819 1047 3881 fundamentum
1093 3818 1173 3879 ad
1232 3818 1634 3879 limitandum
1679 3818 1873 3878 illam.

315 3915 490 3989 Item,
533 3914 682 3993 quia
723 3914 791 3974 in
835 3914 954 3974 hoc
989 3912 1281 3973 videntur
1319 3912 1416 3971 hae
1457 3909 1878 3972 inhabilitate-s

316 4006 661 4084 comparari
709 4006 1004 4079 censuris,
1052 4009 1115 4065 et
1151 4001 1730 4082 irregularitatibus,
1763 4020 1879 4063 nec

316 4098 626 4159 sufficiens
679 4100 838 4159 ratio
888 4096 1255 4158 differentiae
1303 4094 1606 4174 assignari
1652 4099 1875 4175 potest,

316 4208 520 4270 neque
538 4208 616 4251 ex
637 4209 756 4250 usu
778 4189 948 4250 aliud
975 4193 1236 4249 constat.

399 4286 458 4344 5.
504 4283 599 4342 Ab
621 4281 739 4343 hac
756 4299 903 4343 vero
930 4282 1237 4342 sententia
1264 4280 1543 4341 dissentit
1569 4280 1740 4356 Soto,
1768 4280 1812 4342 l.
1841 4282 1872 4341 1

317 4374 394 4435 de
430 4375 618 4450 Just.‚
644 4384 856 4454 quaest.
889 4377 951 4450 6,
984 4379 1101 4434 art.
1129 4376 1191 4449 6,
1224 4373 1301 4434 ad
1327 4375 1390 4447 4,
1423 4378 1484 4434 et
1504 4372 1615 4433 lib.
1638 4375 1698 4447 4,
1727 4391 1791 4451 q.
1815 4376 1876 4449 6,

320 4472 442 4527 art.
498 4469 560 4548 3,
610 4467 772 4528 circa
817 4466 1046 4544 finem3
1098 4466 1374 4527 Ledesm.
1416 4466 1485 4527 in
1525 4468 1587 4542 A,
1627 4471 1785 4545 part.
1815 4466 1878 4542 2,

322 4565 539 4640 quaest.
583 4561 687 4636 18,
730 4566 850 4621 art.
890 4562 966 4637 Ξ,
1011 4559 1050 4640 ᾗ
1093 4561 1401 4622 Postremo
1448 4559 1728 4634 hoesitat,
1773 4558 1880 4638 qui

318 4652 658 4732 loquuntur
685 4653 762 4714 de
803 4652 1190 4714 inhabilitate
1229 4650 1405 4730 quasi
1435 4652 1639 4712 activa
1677 4652 1756 4712 ad
1792 4650 1883 4711 fe-

319 4745 589 4806 rendum
612 4744 1015 4823 suffragium3
1038 4749 1309 4805 tractant
1336 4743 1505 4803 enim
1538 4742 1884 4823 specialiter

320 4838 397 4899 de
418 4837 658 4915 legibus
678 4838 1175 4911 universitatum,
1200 4854 1310 4915 per
1332 4854 1484 4915 quas
1506 4853 1690 4915 poena
1705 4835 1884 4895 inha-

320 4928 579 4990 bilitatis
632 4929 974 5008 imponitur
1017 4928 1391 4991 scholasticis
1436 4928 1552 4988 hoc
1593 4926 1694 4987 vel
1727 4924 1884 4987 illud

324 5020 874 5095 committentibus,
907 5027 970 5082 et
1002 5020 1180 5082 docet
1205 5020 1357 5080 tales
1383 5037 1595 5099 poenas
1627 5037 1756 5079 non
1788 5020 1885 5079 in-

325 5114 512 5189 curri,
544 5113 739 5174 donec
781 5113 901 5193 ipsi
942 5113 1455 5175 condemnentur.
1487 5114 1565 5173 Et
1602 5111 1881 5173 Ledesm.

325 5205 579 5285 quidem
629 5223 759 5265 non
821 5205 997 5266 addit
1051 5223 1330 5286 expresse
1381 5206 1547 5267 Licet
1597 5206 1690 5266 lom
1726 5205 1887 5266 dicat

327 5300 457 5377 ipso
486 5301 675 5376 sact0,
705 5298 796 5361 vel
822 5299 953 5377 ipso
963 5300 1134 5379 juro,
1179 5298 1286 5359 sed
1328 5297 1645 5358 indefinite
1689 5297 1888 5375 loqui-

323 5397 453 5465 tur,
501 5391 914 5471 supponitque
956 5392 1161 5470 legem
1204 5390 1515 5473 poenalem
1562 5406 1888 5468 nunquam

327 5481 510 5546 aliter
530 5483 805 5565 obligare
830 5484 910 5547 ad
931 5500 1219 5568 poenam3
1250 5490 1314 5549 et
1343 5482 1573 5548 eisdem
1598 5482 1728 5546 fere
1754 5499 1889 5547 ver-

1952 490 2049 551 bis
2076 488 2350 569 loquitur
2376 488 2521 549 Soto
2554 488 2621 547 in
2648 485 2973 567 posteriori
3007 486 3170 550 loco:
3204 490 3416 547 tamen
3450 482 3520 545 in

1953 584 2155 663 primo
2182 581 2292 643 ubi
2323 600 2400 643 ex
2427 579 2702 660 professo
2737 597 2871 640 rem
2899 585 3145 654 tractat,
3188 582 3398 658 aperte
3431 574 3521 636 lo-

1956 676 2169 754 quitur
2212 674 2288 736 de
2333 672 2575 752 legibus
2624 671 3025 751 punientibus
3070 674 3205 752 ipso
3245 672 3429 745 sactn,
3459 675 3522 730 et

1955 768 2232 830 extendit
2277 782 2626 828 sermonem
2671 763 2763 845 ad,
2795 781 3010 825 omnes
3052 764 3379 826 electiones
3391 808 3412 839 ,
3457 767 3522 823 et

1953 860 2269 939 suffragia.
2318 861 2394 920 Et
2437 862 2661 938 praeter
2705 857 2977 919 rationes
3016 857 3334 936 generales
3370 872 3523 934 quas

1952 953 2265 1033 supponit,
2308 950 2483 1012 addit
2522 949 2735 1026 aliam,
2768 950 3020 1026 scilicet,
3061 949 3210 1030 quia
3241 948 3393 1009 alias
3415 947 3520 1007 vix

1953 1064 2084 1108 esse
2128 1049 2332 1124 posset
2377 1047 2549 1104 tutus
2581 1041 2804 1122 aliquis
2845 1041 3096 1118 electus,
3139 1040 3240 1102 vel
3266 1040 3375 1119 qui
3414 1057 3517 1099 ca·

1950 1136 2237 1200 thedram
2285 1154 2397 1216 per
2444 1133 2740 1212 suffragia
2781 1135 3156 1196 scholarium
3203 1132 3514 1206 obtinuit,

1951 1232 2100 1311 quia
2126 1229 2310 1291 multi
2342 1229 2534 1290 electo
2564 1227 2970 1306 suffragantes
2995 1228 3251 1288 fortasse
3276 1222 3523 1286 inhabi-

1952 1325 2042 1387 les
2069 1330 2248 1386 erant
2277 1324 2410 1404 ipso
2439 1322 2627 1396 fact0,
2656 1319 2801 1382 licet
2820 1321 3065 1383 occulti.
3097 1321 3175 1381 Hi
3203 1337 3350 1380 vero
3377 1335 3522 1379 auc-

1949 1423 2117 1478 tores
2150 1414 2457 1495 imprimis
2489 1413 2795 1474 excedunt
2811 1458 2833 1489 ,
2891 1419 3198 1493 quatenus
3239 1409 3522 1471 indicant

1952 1508 2067 1571 has
2097 1509 2265 1587 leges
2292 1509 2360 1568 in
2392 1506 2584 1587 priori
2611 1524 2793 1567 sensu
2823 1506 3192 1581 intellectaS,
3235 1509 3346 1564 aut
3384 1504 3517 1562 fore

1953 1604 2238 1683 injustas,
2269 1606 2381 1662 aut
2409 1600 2664 1660 omnino
2698 1600 2990 1661 excedere
3029 1602 3394 1678 potestatem
3434 1595 3522 1655 le·

1954 1696 2260 1775 gislatoris
2282 1694 2545 1755 humani
2569 1710 2585 1754 2
2606 1693 2724 1754 hoc
2741 1693 2908 1754 enim
2933 1692 3077 1753 satis
3099 1689 3519 1769 improbatum

1954 1794 2048 1851 est
2094 1789 2163 1849 in
2210 1785 2656 1867 superioribus,
2701 1790 2763 1846 et
2801 1785 2939 1846 ideo
2980 1802 3226 1846 necesse
3265 1800 3394 1842 non
3428 1785 3520 1841 est

1953 1881 2056 1943 hic
2074 1881 2153 1941 ad
2171 1880 2438 1941 rationes
2460 1876 2777 1957 generales
2794 1877 3193 1956 respondere:
3217 1875 3335 1934 hoc
3349 1873 3518 1934 enim

1953 1973 2103 2035 satis
2134 1972 2201 2033 in
2230 1970 2647 2051 superioribus
2681 1975 2891 2031 actum
2920 1975 3029 2031 est.
3063 1968 3316 2043 Deinde,
3359 1966 3518 2026 ratio

1954 2084 2146 2147 quam
2194 2065 2337 2126 Soto
2380 2064 2574 2136 addit,
2627 2082 2755 2124 non
2799 2068 2891 2124 est
2930 2062 3144 2140 magni
3190 2058 3520 2121 momenti.

1954 2160 2231 2237 Negatur
2262 2157 2430 2218 enim
2452 2154 2724 2235 sequela,
2753 2161 2815 2217 et
2841 2155 3044 2235 primo
3066 2153 3189 2213 dici
3210 2158 3414 2232 posset
3440 2151 3517 2211 de

1955 2252 2209 2314 occultis
2226 2249 2565 2312 Ecclesiam
2585 2267 2713 2309 non
2725 2248 3033 2326 judicare,
3054 2251 3117 2307 et
3137 2245 3277 2306 ideo
3294 2245 3517 2305 merito

1955 2344 2286 2425 approbari
2316 2341 2679 2422 hujusmodi
2706 2341 3068 2402 electionem
3103 2357 3210 2399 seu
3250 2337 3518 2398 collatio-

1954 2457 2126 2515 nem,
2170 2443 2232 2500 et
2275 2437 2541 2498 electum
2573 2453 2703 2496 esse
2731 2434 2987 2495 omnino
3018 2438 3228 2493 tutum
3254 2436 3315 2492 et
3342 2448 3519 2491 secu-

1955 2548 2123 2607 rum,
2154 2531 2301 2610 quia
2328 2547 2457 2590 non
2484 2533 2732 2590 tenetur
2765 2525 3003 2587 malum
3030 2541 3424 2605 praesumere,
3456 2528 3518 2584 et

1956 2623 2300 2706 praesertim
2351 2627 2566 2683 contra
2612 2638 2699 2682 se.
2749 2621 3223 2693 Verumtamen,
3276 2615 3517 2677 etiamsi

1957 2717 2151 2779 electo
2177 2719 2415 2775 constet
2441 2715 2712 2792 aliquem
2731 2711 2848 2772 sibi
2868 2710 3308 2788 suffragantem
3336 2709 3520 2769 fuisse

1955 2808 2298 2871 inhabilem
2326 2804 2557 2886 poenali
2582 2804 2999 2879 inhabilitate,
3021 2808 3082 2863 et
3105 2802 3307 2863 solum
3334 2802 3518 2861 ratio-

1955 2920 2039 2965 ne
2084 2901 2251 2962 illius
2283 2898 2642 2961 cathedram
2689 2896 3063 2970 obtinuisse,
3112 2893 3520 2954 nihilominus

1957 2994 2096 3053 dico
2124 2991 2487 3053 electionem
2513 2990 2699 3049 fuisse
2726 2987 3019 3062 validam,
3050 2986 3219 3065 quia,
3249 2986 3393 3046 licet
3416 2984 3521 3046 ille

1959 3092 2118 3146 esset
2143 3082 2435 3143 inhabilis
2456 3081 2679 3161 reipsa,
2701 3085 2764 3142 et
2780 3079 2985 3159 quoad
3004 3097 3091 3156 se,
3114 3077 3520 3139 nihilominus

1958 3183 2093 3239 erat
2119 3176 2402 3237 minister
2429 3173 2746 3250 toleratus,
2791 3179 2852 3234 et
2878 3172 3131 3253 publicav
3158 3170 3518 3232 auctoritate

1957 3267 2325 3346 suffragium
2355 3266 2521 3341 tulit,
2558 3271 2621 3327 et
2648 3265 2785 3326 ideo
2814 3270 2951 3326 acta
2991 3265 3123 3342 ejus
3157 3268 3515 3339 tenuerunt,

1950 3361 2131 3440 juxta
2162 3359 2445 3438 regulam
2463 3358 2506 3419 l.
2532 3358 2892 3434 Barbatia-5,
2914 3356 2981 3417 ff.
3005 3357 3082 3417 de
3109 3355 3281 3417 Offic.
3307 3356 3516 3430 Praet.,

1957 3458 2020 3514 et
2070 3452 2320 3527 saltem,
2373 3449 2574 3530 quoad
2619 3449 2785 3528 leges
2840 3448 3270 3510 ecclesiasticas
3313 3447 3519 3526 impo-

1956 3551 2174 3607 nentes
2217 3544 2380 3605 hanc
2425 3561 2697 3623 poeuam,
2727 3541 2917 3603 habet
2942 3542 3011 3602 in
3043 3541 3132 3601 eis
3154 3540 3360 3601 locum
3387 3557 3521 3600 mo-

1957 3637 2197 3699 deratio
2227 3638 2558 3713 Extravag.
2590 3634 2697 3697 Ad
2721 3635 3011 3709 evitanda,
3049 3637 3120 3692 ut
3145 3631 3251 3693 ille
3278 3648 3523 3692 censea-

1956 3735 2061 3790 tur
2090 3727 2438 3809 prohibitus
2479 3726 2686 3806 quoad
2731 3744 2815 3800 se,
2849 3743 2977 3785 non
3008 3723 3209 3804 quoad
3241 3723 3418 3799 alios,
3459 3728 3522 3784 et

1957 3822 2097 3882 ideo
2144 3822 2275 3900 ipse
2307 3823 2518 3900 peccat
2549 3818 2842 3897 suffragio
2875 3817 3154 3892 ferend0,
3186 3816 3345 3876 nihil
3371 3832 3520 3876 vero

1957 3917 2141 3973 nocet
2166 3911 2450 3972 electioni
2485 3917 2789 3989 quatenus
2824 3910 2902 3969 ad
2928 3909 3081 3969 alios
3107 3908 3396 3986 pertinet.

2037 4005 2097 4065 6.
2142 4004 2628 4065 Fundamentum
2658 4003 2945 4064 auctoris.
2981 4032 3064 4046 —
3101 3998 3361 4077 objectio
3389 4016 3522 4061 oum

1955 4096 2351 4176 responsione.
2383 4127 2465 4139 —
2492 4096 2585 4154 Ex
2616 4111 2740 4172 quo
2776 4097 2975 4172 potest
3005 4091 3353 4152 communis
3384 4111 3524 4152 sen-

1957 4187 2156 4251 tentia
2197 4185 2577 4260 confirmari,
2611 4185 2781 4264 quia,
2812 4185 2935 4245 nisi
2965 4202 3044 4245 ex
3066 4184 3129 4244 vi
3165 4182 3521 4262 hujusmodi

1958 4281 2115 4360 legis
2140 4279 2449 4357 obligetur
2466 4277 2608 4338 talis
2633 4278 2844 4353 homo,
2874 4275 3167 4337 inhabilis
3194 4275 3416 4352 factuS,
3443 4276 3522 4337 ad

1960 4391 2090 4436 non
2121 4370 2503 4451 eligendum,
2539 4388 2649 4430 seu
2678 4370 2756 4430 ad
2784 4388 2912 4430 non
2938 4352 3266 4430 feren'dum
3296 4368 3523 4429 suffra-

1961 4465 2162 4545 gium,
2188 4463 2426 4525 inutilis
2453 4469 2609 4523 esset
2636 4462 2775 4522 talis
2803 4461 2904 4523 lex
2934 4461 3066 4541 ipso
3092 4460 3255 4520 facto
3279 4459 3526 4539 imposi-

1964 4564 2030 4618 ta
2048 4556 2269 4638 'quoad
2296 4555 2663 4636 particulam
2690 4556 2821 4634 ipso
2848 4557 3013 4632 sacto
3038 4551 3329 4614 :nullum
3356 4552 3524 4612 enim

1961 4650 2265 4711 moralem
2292 4648 2579 4710 effectum
2607 4647 2754 4708 inde
2778 4644 3035 4708 haberet
3049 4691 3065 4716 ‚
3115 4645 3279 4724 quod
3308 4644 3527 4704 admit-

1961 4741 2223 4803 tendum
2244 4759 2374 4802 non
2397 4746 2512 4817 est,
2533 4745 2605 4800 ut
2631 4758 2815 4819 supra
2836 4738 3097 4800 ostendi.
3129 4737 3315 4812 Dices,
3338 4736 3526 4798 etiam

1967 4840 2112 4895 tunc
2132 4833 2377 4914 operari
2398 4839 2468 4892 ut
2484 4832 2745 4893 sufficiat
2763 4837 2979 4912 postea
3000 4829 3304 4892 sententia
3326 4827 3527 4889 decla-

1963 4926 2195 4988 ratoria
2216 4925 2495 4986 criminis
2522 4925 2654 4987 sine
2683 4923 3207 4986 condemnatoria.
3239 4920 3357 4983 Sed
3383 4938 3527 4981 con-

1963 5024 2062 5080 tra
2089 5034 2106 5079 2
2137 5035 2287 5079 nam
2318 5023 2470 5079 tunc
2504 5017 2851 5079 differentia
2892 5017 3011 5078 erit
3035 5014 3300 5078 verbalis
3321 5015 3526 5093 potius

1966 5129 2157 5191 quam
2175 5110 2378 5172 realis.
2401 5109 2779 5185 Declaratur,
2810 5110 2961 5189 quia
2981 5115 3126 5169 tunc
3144 5126 3272 5168 non
3298 5107 3527 5186 poterit

1966 5205 2274 5264 sententia
2296 5201 2629 5263 retrotrahi
2653 5247 2673 5277 ,
2718 5202 2866 5280 quia
2894 5219 3020 5261 non
3044 5200 3269 5279 poterit
3294 5197 3528 5258 irritari

1967 5294 2332 5373 suffragium
2349 5296 2482 5372 jam
2509 5294 2722 5353 datum
2746 5339 2764 5368 ,
2811 5293 2911 5354 vel
2943 5293 3159 5354 electio
3187 5291 3425 5352 ratione
3456 5288 3527 5348 il·-

1967 5388 2087 5449 lius
2108 5387 2294 5464 facta,
2325 5387 2470 5466 quia
2488 5404 2702 5447 revera
2723 5387 2842 5447 fuit
2864 5392 3037 5447 actus
3064 5385 3324 5459 validus,
3344 5388 3411 5442 ut
3433 5400 3527 5442 os-

1968 5486 2214 5546 tensum
2242 5487 2374 5558 est3
2412 5497 2559 5561 ergo
2594 5479 3027 5543 condemnatio
3060 5495 3190 5542 non
3222 5476 3412 5540 habet
3439 5474 3529 5536 ef-
