3976 6219
464 379 586 443 300

545 483 607 542 8.
629 481 841 561 Leqem
865 497 984 543 non
1010 478 1244 542 eoetmdi
1268 478 1352 541 ad
1375 495 1468 541 eos
1496 478 1601 557 qui
1630 477 1864 538 omnino
1885 479 2027 538 sunt

464 580 638 639 exo-a
665 574 1139 636 communitatem
1172 572 1272 635 cui
1301 572 1396 633 lea>
1422 569 2028 649 imponitur.—Ter-

467 668 579 741 tio,
610 665 939 726 dicendum
991 670 1085 725 est
1115 664 1557 742 obligationem
1603 662 1755 740 legis
1807 678 1917 740 per
1965 677 2029 719 se

465 778 591 820 non
612 758 860 820 extendi
879 757 957 817 ad
977 775 1081 818 eos
1098 757 1206 836 qui
1226 757 1484 816 omnino
1507 761 1654 815 sunt
1672 766 1845 815 extra
1867 769 2032 814 oom-

467 852 838 913 munitatem
861 850 963 910 cui
988 849 1092 910 lex
1110 849 1474 929 imponitur.
1505 849 1612 908 Est
1635 848 1820 907 etiam
1867 863 2034 907 com-

467 944 675 1005 munis
714 961 792 1003 ex
822 944 891 1002 D.
922 942 1160 1002 Thoma
1188 959 1399 1020 supra,
1440 946 1503 1001 et
1530 938 2031 1001 commentatori-

466 1036 609 1110 bus,
631 1041 694 1096 et
713 1034 1062 1096 Summistis
1096 1033 1384 1095 omnibus
1411 1031 1581 1092 verb.
1613 1033 1759 1106 Lex,
1807 1037 1870 1091 et
1895 1031 2033 1111 plu-

472 1128 646 1190 ribus
694 1128 832 1188 aliis
877 1146 1031 1208 quos
1058 1127 1396 1188 referemus
1441 1143 1572 1203 cap.
1621 1125 1941 1204 sequenti;
1968 1129 2031 1184 et

469 1241 608 1285 eam
638 1221 1010 1283 confirmant
1036 1220 1227 1282 verba
1254 1218 1430 1279 Pauli
1460 1221 1489 1278 1
1523 1217 1596 1278 ad
1627 1217 1904 1280 Corinth.
1936 1219 2025 1278 5·
2009 1261 2027 1278 .

469 1317 564 1379 De
591 1316 712 1390 his,
744 1316 849 1394 qui
874 1315 1038 1392 soris
1064 1319 1230 1387 eunt,
1258 1312 1421 1374 nihil
1449 1312 1532 1373 ad
1549 1330 1693 1383 nou
1712 1329 1848 1390 quae
1868 1311 2030 1372 ratio

465 1407 536 1470 in
562 1408 852 1469 omnibus
884 1404 1428 1470 communitatibus
1460 1422 1601 1464 cum
1631 1405 2027 1484 proportione

467 1502 765 1582 procedit,
817 1508 881 1562 et
928 1501 1017 1562 ita
1066 1504 1263 1579 potest
1311 1497 1617 1559 conclusio
1668 1497 2027 1558 inductione

465 1594 822 1656 confirmari
850 1612 866 1655 :
892 1612 1042 1654 nam
1068 1592 1148 1653 ob
1191 1592 1355 1652 hane
1399 1607 1649 1652 causam
1692 1607 1808 1650 nec
1856 1588 2028 1669 leges

468 1688 781 1766 Hispaniae
800 1686 1079 1766 obligant
1098 1684 1324 1759 Gallos,
1347 1701 1548 1761 neque
1569 1701 1602 1743 e
1620 1699 1943 1757 converso;
1965 1688 2029 1742 et

468 1785 701 1841 statuta
722 1778 906 1838 unius
945 1776 1405 1838 communitatis
1433 1793 1561 1836 non
1588 1774 1868 1855 obligant
1888 1774 2031 1835 reli·

469 1872 674 1951 giosos
719 1870 990 1942 alteriuS,
1034 1886 1236 1948 neque
1266 1888 1301 1930 e
1329 1885 1621 1930 converso
1637 1912 1658 1941 ,
1706 1873 1767 1928 et
1821 1868 1908 1928 sic
1953 1867 2031 1927 de

470 1965 607 2028 aliis
632 1980 648 2024 :
669 1964 830 2024 ratio
845 1963 1113 2042 denique
1130 1968 1242 2039 est,
1265 1962 1412 2042 quia
1429 1962 1601 2022 nulla
1629 1962 1904 2041 potentia
1926 1979 2032 2022 ex-

469 2065 568 2120 tra
596 2078 774 2120 suam
803 2058 1105 2138 sphaeram
1147 2064 1436 2137 operatur
1471 2073 1487 2118 ε
1522 2064 1789 2137 potestas
1821 2061 2032 2117 autem

470 2152 754 2230 uniuscuj
762 2170 956 2231 usque
971 2151 1431 2213 communitatis
1449 2151 1637 2211 habet
1662 2168 1774 2230 pro
1794 2150 2035 2228 sphaera

469 2246 790 2325 adaequata
814 2247 1012 2325 ipsam
1049 2245 1595 2320 communitatem3
1631 2261 1798 2322 ergo,
1832 2243 2035 2303 Minor

469 2345 642 2419 patet
683 2339 750 2399 in
798 2345 1095 2418 potestate
1131 2338 1319 2412 civili,
1349 2338 1496 2417 quia
1534 2336 1730 2397 civilis
1766 2341 2033 2415 potestas

467 2437 683 2493 manat
705 2450 744 2493 a
772 2432 1242 2505 communitate,
1268 2435 1331 2491 et
1373 2431 1459 2490 sic
1492 2448 1617 2490 non
1642 2433 1843 2509 potest
1869 2427 2034 2488 ultra

467 2520 641 2586 illam
688 2525 981 2601 extendi3
1006 2524 1114 2584 ubi
1158 2541 1306 2584 vero
1339 2528 1607 2603 potestas
1635 2526 1847 2582 manat
1870 2539 1907 2582 a
1930 2538 2033 2581 su-

470 2619 699 2698 periori
727 2618 1056 2697 principio,
1086 2617 1269 2676 datur
1298 2634 1441 2676 cum
1480 2615 1876 2695 proportione
1907 2632 2032 2675 res-

472 2717 660 2789 pectu
688 2709 854 2770 illius
898 2709 1389 2783 communitatis,
1444 2709 1620 2785 cujus
1668 2712 1877 2785 caput,
1934 2705 2034 2767 vel

470 2803 757 2882 princeps
779 2801 1003 2880 aliquis
1025 2800 1441 2876 constituitur,
1459 2799 1616 2860 sicut
1642 2800 1719 2860 de
1735 2804 2032 2878 potestate

470 2892 875 2953 ecclesiastica
923 2891 1088 2952 infra
1139 2892 1400 2952 dicetur.
1448 2894 1524 2952 Et
1575 2891 1978 2953 confirmatur
2006 2936 2026 2967 ,

471 2985 620 3064 quia
651 2985 774 3059 lex,
806 2989 879 3045 ut
910 2985 1063 3061 dixi,
1095 2991 1186 3046 est
1221 2990 1389 3045 actus
1422 2985 1790 3064 superioris3
1822 2983 2030 3044 nullus

469 3084 680 3139 autem
707 3077 1020 3157 legislator
1046 3085 1136 3141 est
1166 3079 1469 3159 superior,
1519 3079 1641 3140 nisi
1667 3077 1832 3139 illius
1864 3096 2030 3139 com-

469 3174 796 3235 munitatis
824 3174 925 3235 cui
952 3176 1312 3255 praepositus
1334 3181 1426 3235 est
1453 3196 1467 3235 ε
1504 3181 1682 3236 extra
1702 3174 1874 3235 illam
1912 3174 2031 3253 igi-

468 3273 574 3328 tur
600 3285 729 3328 non
763 3273 963 3347 potest
991 3267 1307 3348 obligare3
1344 3274 1407 3329 et
1443 3268 1589 3329 facit
1618 3268 1772 3328 illud
1796 3286 1929 3347 cap.
1963 3269 2026 3341 2,

469 3361 546 3422 de
571 3362 826 3422 Constit.
847 3363 915 3422 in
934 3363 1011 3422 6:
1042 3364 1251 3424 Ecetra
1280 3362 1661 3424 territorium
1675 3360 1789 3438 jus
1810 3360 2031 3422 dicenti

468 3452 711 3532 impuno
751 3471 869 3514 non
900 3460 1175 3532 paretur.
1208 3452 1479 3532 ObJectio
1514 3458 1722 3514 autem
1755 3470 1891 3531 quae
1928 3452 2031 3512 hic

469 3543 608 3604 fieri
644 3550 850 3622 posset
892 3544 972 3603 ab
1022 3545 1658 3606 excommunicatione
1708 3545 1786 3605 ad
1827 3544 2031 3623 legem

472 3636 644 3714 (quia
664 3635 1217 3696 excommunicatio
1234 3635 1469 3714 obligat
1498 3654 1624 3696 non
1653 3636 1926 3696 subditos
1949 3637 2029 3697 ad

469 3747 598 3790 non
627 3730 1214 3791 communicandum
1245 3748 1389 3791 cum
1417 3731 1949 3793 excommunicato
1990 3751 2030 3794 a

467 3840 580 3882 suo
602 3823 937 3900 superiore)
960 3822 1139 3884 facile
1161 3823 1420 3885 solvitur
1436 3826 1722 3903 negando
1740 3824 2026 3886 similitu-

469 3915 704 3991 dinem,
748 3915 896 3995 quia
939 3918 1497 3979 excommunicatio
1536 3918 1601 3979 id
1637 3924 1928 3999 operatur
1954 3920 2022 3979 in

468 4008 533 4070 vi
545 4009 710 4087 juris
729 4011 1097 4087 communis,
1125 4013 1328 4092 potius
1357 4031 1544 4093 quam
1563 4032 1639 4074 ex
1661 4013 1725 4073 vi
1743 4013 2027 4093 jurisdic-

467 4100 655 4171 tionis
679 4104 906 4182 privati
920 4104 1222 4185 Episcopi,
1239 4111 1349 4167 aut
1362 4106 1717 4187 superioris,
1743 4113 1815 4167 ut
1839 4107 2027 4169 latius

469 4193 599 4256 dixi
622 4196 689 4257 in
709 4199 749 4258 5
769 4202 923 4259 tom.
946 4198 1023 4261 de
1054 4199 1228 4262 Gens.
1257 4200 1488 4281 disput.
1519 4203 1622 4278 15,
1641 4207 1785 4264 sect.
1817 4205 1875 4263 1.

980 4380 1230 4444 CAPUT
1278 4383 1518 4446 XXXII.

466 4582 669 4629 unum
709 4583 893 4629 mens
933 4584 1188 4630 moram
1222 4584 1489 4630 Amemus
1534 4584 1713 4631 amm
1739 4585 1857 4631 vm.
1883 4584 2031 4630 TER-

548 4675 769 4721 numm
812 4676 1096 4723 OBLIGENT
1147 4677 1408 4723 HONJNES
1461 4676 1641 4723 maus
1682 4678 2031 4724 ‘TBRRITORII

550 4771 780 4824 QUANDO
805 4770 1006 4817 lxxma
1026 4771 1193 4818 mm)
1213 4770 1587 4817 VERSANTUR.
1676 4798 1679 4807 =

550 4945 578 5003 1
593 4986 609 5002 .
640 4941 915 5015 Quatuor
936 4942 1135 5003 modis
1152 4948 1350 5022 potest
1362 4942 1569 5022 aliqua
1582 4959 1848 5022 persona
1867 4958 2033 5002 com-

467 5036 676 5115 parari
706 5036 786 5096 ad
834 5035 1249 5112 territorium,
1292 5054 1402 5097 seu
1429 5035 1764 5096 dioecesim.
1799 5034 2029 5110 Prim0,

467 5128 615 5207 quia
657 5127 746 5188 ibi
786 5134 878 5190 est
911 5129 1134 5205 incola,
1182 5136 1248 5191 et
1280 5129 1370 5189 ibi
1403 5129 1593 5190 etiam
1643 5134 1781 5188 actu
1826 5128 2032 5189 existit

468 5226 531 5283 et
565 5220 804 5281 habitat
830 5244 846 5295 ;
898 5223 1190 5296 secundo,
1250 5241 1361 5302 per
1404 5220 1781 5283 contrarium
1832 5228 2031 5282 extre·

468 5331 668 5387 mum,
698 5313 844 5391 quia
882 5321 1172 5376 neutrum
1199 5315 1388 5377 habet
1420 5315 1487 5375 in
1530 5314 1643 5375 tali
1670 5315 1979 5376 territorio
2009 5329 2030 5391 3

1473 380 1592 433 LIB.
1627 378 1712 433 111.
1747 378 1828 431 DE
1860 376 2023 431 LEGE
2055 375 2315 429 numm
2345 375 2426 428 ET
2457 374 2662 428 clvm.

2107 480 2279 535 satur
2303 490 2324 552 3
2362 479 2605 554 quarto,
2639 471 2805 551 quod
2834 470 2904 532 in
2930 470 3242 533 territorio
3267 470 3502 535 habeat
3530 489 3694 552 prae-

2108 569 2396 642 sentiam,
2418 585 2546 628 non
2568 574 2778 628 tamen
2795 564 3200 639 domicilium,
3220 571 3332 625 aut
3344 566 3689 644 originem.

2109 663 2195 723 De
2221 662 2426 742 primo
2455 667 2517 721 et
2544 660 2812 721 secundo
2835 657 3007 718 nulla
3023 664 3116 717 est
3136 658 3473 737 disputatio
3493 681 3511 733 3
3535 676 3692 719 nam

2110 757 2179 815 in
2223 754 2426 834 primo
2464 753 2735 813 maxime
2771 750 2977 812 locum
3013 749 3246 810 habent
3279 750 3444 811 dicta
3480 752 3550 811 in
3589 769 3696 810 ca·

2110 847 2239 927 pite
2267 845 2661 951 praecedenti,
2690 844 2840 923 quia
2860 843 2947 904 ibi
2975 850 3312 904 occurrunt
3332 844 3552 904 omnia
3581 862 3695 904 ne-

2111 939 2371 1001 cessaria
2413 939 2492 998 ad
2527 936 2838 998 actualem
2878 935 3349 1041 subjectionem,
3380 945 3444 997 et
3471 955 3692 997 consc-

2111 1038 2374 1112 quenter
2422 1030 2502 1094 ad
2555 1029 2996 1108 obligationem
3039 1028 3245 1107 legis;
3298 1029 3367 1089 in
3409 1029 3693 1089 seeundo

2110 1143 2261 1185 vero
2306 1123 2545 1184 clarum
2596 1128 2688 1184 est
2728 1141 2856 1182 non
2908 1139 3084 1200 posse
3129 1120 3408 1198 obligare
3449 1121 3688 1200 legem,

2110 1218 2258 1297 quia
2284 1217 2493 1277 nullus
2535 1222 2626 1278 est
2669 1214 2887 1276 titulus
2931 1214 3369 1292 subjectionis:
3401 1215 3470 1275 in
3498 1217 3689 1276 tertio

2109 1317 2318 1373 autem
2365 1318 2430 1372 et
2476 1316 2694 1391 quarto
2737 1314 2969 1388 puncto
2996 1314 3328 1368 occurrunt
3351 1308 3495 1369 duae
3523 1308 3688 1368 diffi-

2110 1406 2370 1466 cultates
2396 1403 2753 1465 tractandae.

2187 1500 2248 1559 2.
2295 1499 2479 1560 Ratio
2507 1493 2846 1559 dubitandi.
2877 1526 2960 1540 —
2988 1493 3197 1554 Prima
3233 1491 3565 1554 difficultas
3591 1500 3690 1555 est

2107 1591 2176 1652 in
2223 1590 2405 1651 titulo
2457 1589 2772 1670 proposita
2821 1609 2835 1648 τ
2888 1587 3051 1647 ratio
3095 1591 3306 1646 autem
3355 1584 3689 1646 dubitandi

2109 1689 2224 1759 est,
2255 1684 2421 1762 quia,
2455 1682 2738 1762 quamvis
2787 1681 3068 1742 subditus
3094 1686 3239 1740 actu
3265 1686 3550 1741 versetur
3574 1698 3686 1741 seu

2109 1777 2538 1857 peregrinetur
2582 1780 2756 1837 extra
2804 1773 3211 1848 territorium,
3268 1790 3513 1852 semper
3552 1792 3687 1834 ma-

2110 1876 2219 1932 net
2274 1869 2576 1944 subditus,
2629 1869 2779 1929 dum
2824 1884 2954 1927 non
3003 1872 3210 1927 mutat
3249 1866 3627 1928 domicilium
3658 1883 3677 1927 :

2110 1965 2217 2025 sed
2267 1963 2501 2024 dictum
2548 1969 2639 2024 est
2681 1961 2882 2040 legem
2923 1959 3201 2039 obligare
3228 1978 3436 2022 omnes
3459 1961 3674 2020 subdi·

2111 2064 2232 2134 tos,
2258 2065 2321 2120 et
2341 2055 3241 2136 omnespartesoommunitatis
3251 2071 3274 2131 ,·
3302 2072 3444 2131 ergo
3469 2055 3657 2115 etiam

2110 2151 2345 2230 obligat
2371 2151 2437 2210 in
2485 2149 2593 2210 illo
2620 2167 2784 2209 casu.
2821 2147 3225 2209 Confirmatur
3249 2148 3449 2227 primo
3480 2165 3662 2208 sum-

2111 2249 2218 2324 pto
2251 2248 2620 2321 argumento
2648 2260 2688 2302 a
2719 2240 3065 2302 contrario:
3102 2258 3242 2301 nam
3279 2240 3483 2301 incola
3509 2240 3672 2300 alte-

2113 2338 2245 2398 rius
2278 2336 2457 2415 regni
2502 2335 2654 2396 dum
2689 2335 2757 2395 in
2783 2334 2903 2394 hoc
2929 2339 3222 2408 versatur,
3256 2352 3383 2394 non
3424 2333 3679 2410 cogitur

2113 2449 2356 2492 servare
2397 2435 2701 2510 praecepta
2739 2428 2928 2506 hujus
2962 2427 3166 2506 regni,
3210 2432 3282 2486 ut
3320 2427 3393 2487 in
3425 2426 3680 2503 legibus

2111 2522 2423 2585 canonicis
2449 2522 2694 2582 videtur
2719 2538 2999 2600 expresse
3027 2519 3275 2580 definiri
3293 2520 3362 2580 in
3386 2519 3587 2598 capite
3615 2518 3674 2580 A

2111 2617 2302 2691 nobis,
2357 2618 2415 2690 1,
2454 2613 2531 2674 de
2559 2615 2835 2675 Sentent.
2876 2631 3276 2675 excommun.
3294 2628 3315 2690 ;
3350 2630 3497 2691 ergo
3525 2611 3678 2673 obli-

2112 2708 2352 2787 gandus
2370 2712 2461 2768 est
2478 2725 2720 2767 servare
2738 2712 3038 2786 praecepta
3065 2707 3163 2767 sui
3181 2706 3501 2780 territorii,
3522 2705 3672 2766 alio-

2111 2802 2220 2880 qui
2247 2806 2498 2880 propter
2521 2799 2714 2859 solam
2742 2799 3088 2862 absentiam
3107 2805 3393 2860 maneret
3411 2799 3567 2860 liber
3590 2798 3669 2858 ab

2111 2912 2297 2956 onere
2324 2900 2726 2971 utrarumque
2751 2893 2984 2972 legum,
3010 2893 3178 2972 quod
3199 2893 3448 2952 videtur
3466 2891 3668 2951 absur-

2111 2987 2284 3048 dum.
2322 2985 2736 3048 Confirmatur
2758 2985 3055 3047 secundo:
3087 3004 3236 3045 nam
3265 2985 3317 3045 si
3341 2985 3673 3063 Episcopus

2109 3080 2298 3159 hujus
2341 3080 2617 3142 dioecesis
2660 3079 2847 3142 faciat
2874 3085 3195 3153 statutum,
3239 3093 3311 3140 ut
3338 3096 3554 3140 omnes
3578 3077 3676 3138 sui

2110 3175 2337 3236 subditi
2355 3175 2653 3237 habentes
2678 3174 3089 3236 beneficium
3073 3194 3140 3235 ιιι
3167 3192 3278 3235 suo
3303 3174 3676 3253 Episcopatu

2110 3269 2424 3329 resideant
2446 3268 2554 3329 tali
2581 3274 2860 3347 tempore
2888 3267 3002 3328 sub
3030 3267 3140 3327 tali
3168 3284 3376 3346 poena,
3397 3266 3499 3326 vel
3526 3282 3674 3325 cen·

2110 3379 2275 3429 sura,
2306 3361 2543 3440 obligat
2567 3360 2704 3421 illos
2740 3360 3112 3439 ubicumque
3153 3360 3444 3431 existant,
3489 3358 3578 3417 ita
3604 3362 3676 3417 ut

2111 3456 2164 3515 si
2205 3455 2558 3534 proescripto
2586 3460 2860 3533 tempore
2889 3472 3019 3515 non
3040 3453 3317 3527 veniant,
3349 3453 3676 3512 incurrant

2110 3564 2360 3626 poenam
2384 3547 2485 3607 vel
2505 3565 2850 3621 censuram,
2895 3565 3004 3626 per
3027 3565 3092 3607 se
3119 3545 3449 3625 loquend0,
3490 3550 3556 3605 et
3581 3561 3676 3603 se-

2111 3640 2280 3700 clusa
2308 3639 2660 3718 ignorantia
2682 3646 2744 3701 et
2773 3640 3178 3718 impotentia,
3160 3654 3175 3669 ·
3201 3657 3349 3717 ergo
3372 3643 3678 3698 statutum

2107 3731 2480 3812 provinciale
2503 3732 2741 3811 obligat
2760 3732 3157 3806 dioecesanos,
3180 3732 3369 3793 etiam
3393 3730 3541 3791 alibi
3566 3748 3675 3809 pe-

2104 3826 2530 3904 regrinantes3
2553 3842 2701 3904 ergo
2726 3826 2893 3886 idem
2913 3830 3005 3886 est
3022 3825 3098 3885 de
3121 3841 3507 3903 quacumque
3532 3821 3675 3902 lege

2099 3917 2311 3979 simili.

2188 4012 2246 4072 3.
2297 4010 2608 4075 Conclusio
2640 4013 2945 4091 montino,
2986 4029 3165 4091 caque
3200 4012 3545 4074 communis.
3591 4043 3676 4056 —

2105 4105 2522 4169 Nihilominus
2547 4107 2880 4168 dicendum
2904 4113 2995 4168 est
3016 4107 3219 4186 legem
3245 4125 3374 4168 non
3396 4106 3676 4184 obligare

2107 4205 2283 4262 extra.
2319 4201 2658 4262 terminum
2692 4200 2989 4261 territorii
3025 4199 3194 4260 illius
3221 4200 3548 4281 superioris
3574 4197 3675 4258 vel

2107 4294 2405 4375 principis
2448 4312 2488 4355 a
2526 4312 2650 4374 quo
2690 4293 2910 4370 fertur,
2950 4300 3013 4354 et
3052 4293 3193 4354 ideo
3230 4293 3463 4365 incolas
3502 4292 3672 4353 illius

2106 4387 2405 4449 territorii
2426 4432 2446 4462 ,
2498 4405 2607 4466 per
2660 4405 2725 4448 se
2776 4387 3085 4466 loquendo
3102 4432 3122 4463 ,
3180 4386 3342 4447 nihil
3394 4403 3672 4465 peccare,

2108 4480 2351 4542 etiamsi
2379 4485 2592 4541 contra
2619 4479 2791 4541 illam
2817 4484 3030 4558 agant,
3056 4480 3209 4542 dum
3231 4485 3406 4541 extra
3427 4478 3676 4540 territo·

2109 4574 2275 4634 rium
2303 4573 2598 4633 existunt.
2651 4574 2796 4634 Haec
2842 4579 2935 4634 est
2973 4573 3324 4633 communis
3362 4571 3675 4633 sententia

2109 4668 2433 4727 doctorum
2452 4666 2521 4726 in
2544 4685 2680 4746 cap.
2704 4668 2766 4743 2,
2789 4666 2866 4727 de
2885 4667 3138 4728 Constit.
3163 4668 3230 4726 in
3253 4669 3317 4742 6,
3342 4672 3404 4726 et
3424 4667 3491 4727 in
3509 4665 3675 4726 dicto

2107 4778 2242 4839 cap.
2275 4759 2330 4821 A
2361 4761 2554 4835 nobis,
2579 4763 2608 4820 1
2626 4805 2648 4836 ,
2671 4760 2747 4822 de
2767 4761 3044 4822 Sentent.
3072 4777 3465 4821 excommun.
3495 4758 3668 4837 Sylv.

2105 4852 2278 4915 verb.
2313 4854 2899 4929 Excommunioatio,
2933 4854 2995 4928 2,
3041 4871 3105 4912 ιι.
3152 4855 3214 4927 7,
3259 4852 3369 4912 ubi
3410 4852 3573 4929 Ang.
3609 4855 3675 4912 et

2112 4946 2219 5007 alii
2243 4946 2593 5008 Summistae
2610 4946 2780 5007 verb.
2810 4947 2963 5017 Leo),-
2992 4947 3207 5008 Covar.
3239 4946 3307 5005 in
3327 4963 3460 5024 cap.
3486 4945 3674 5007 Alma

2112 5046 2328 5112 mater,
2351 5043 2379 5101 1
2410 5046 2598 5119 part,
2621 5039 2657 5120 ξ
2684 5041 2784 5115 10,
2807 5058 2872 5100 ιι.
2897 5042 2965 5101 3:
2995 5040 3387 5119 sumiturque
3412 5058 3488 5102 ex
3507 5039 3673 5100 dicto

2113 5151 2248 5212 cap.
2282 5133 2344 5208 2,
2377 5131 2487 5192 ubi
2531 5132 2758 5193 dicitur
2796 5150 2926 5193 non
2960 5133 3276 5194 incurrere
3303 5133 3673 5194 sententiam

2113 5225 2305 5287 latam
2333 5243 2443 5305 per
2462 5231 2763 5286 statutum
2797 5226 3104 5306 Episcopi,
3140 5226 3251 5305 qui
3294 5231 3468 5287 extra
3495 5225 3674 5286 terri-

2110 5318 2342 5380 torium
2384 5318 2656 5380 existens
2682 5318 2838 5379 illud
2874 5337 3002 5379 non
3029 5324 3252 5380 servat.
3286 5318 3673 5397 Respondere

466 5407 675 5481 tertio,
704 5405 853 5485 quia
874 5450 895 5482 ,
928 5426 1071 5469 cum
1098 5410 1178 5469 sit
1204 5408 1410 5470 incola
1440 5408 1606 5469 illius
1637 5407 1933 5470 territorii
1971 5412 2036 5468 et
2112 5416 2321 5473 autem
2348 5410 2656 5490 quispiam
2679 5417 2879 5490 potest
2904 5412 2993 5473 ibi
3013 5431 3141 5473 non
3168 5430 3299 5473 esse
3323 5428 3674 5473 sermonem

466 5499 537 5564 in
568 5520 642 5563 eo
688 5498 915 5565 habeat
959 5501 1383 5583 domicilium„
1403 5502 1473 5568 in
1500 5501 1705 5566 alieno
1729 5507 1872 5564 actu
1896 5519 2034 5565 ver-

2118 5503 2197 5566 de
2228 5503 2607 5585 obligatione
2633 5504 2941 5587 praecepti,
2973 5505 3080 5568 sed
3101 5504 3179 5566 de
3206 5522 3491 5581 censura,
3517 5512 3581 5567 et
3603 5506 3672 5566 in
