3976 6219
788 395 925 447 CAP.
958 394 1068 448 x11.
1103 394 1501 449 nxpnum'run
1535 392 1714 448 LEGIS
1745 395 2060 450 nnmlrlo
2091 397 2290 450 mxu
2322 394 2578 447 PosrrAs
2610 390 3033 446 commum.

386 494 447 553 2.
512 491 715 558 Varioe
760 493 913 573 leqis
963 494 1358 570 definitiones.
1400 527 1482 539 —
1521 494 1876 555 Generalior

311 585 591 647 definitio
632 587 794 646 sumi
842 593 1039 666 potest
1084 605 1160 648 ex
1208 587 1351 647 divo
1376 587 1635 662 Thoma,
1669 606 1729 665 q.
1769 590 1871 662 91,

309 685 427 739 art.
455 682 517 755 2,
543 678 651 738 uhi
679 680 802 741 ait:
833 681 958 743 Lex
985 687 1070 742 est
1103 682 1395 743 dictamen
1415 682 1677 742 rationis
1699 699 1877 758 prac-

310 773 442 834 ticae
474 773 542 832 in.
582 772 895 849 Principe,
944 774 1047 851 qui
1086 772 1375 850 yubernat
1422 773 1691 851 aliquam
1723 791 1875 833 com-

306 864 662 925 munitatem
686 867 1035 941 perfectam.
1067 864 1264 923 Aliter
1295 882 1441 924 vero
1470 865 1702 938 Castro,
1730 864 1776 925 1.
1811 867 1871 941 1,

308 953 385 1014 de
425 956 572 1031 Leg.
611 955 870 1033 poenal.,
896 975 1031 1035 cap.
1071 959 1128 1029 1,
1158 956 1246 1015 ait
1277 956 1479 1033 legem
1506 974 1635 1017 esse
1670 956 1875 1017 volun-

308 1051 491 1109 tatem
526 1053 749 1108 rectam
781 1049 913 1125 ejus
949 1049 1052 1127 qui
1080 1049 1264 1110 vicem
1295 1049 1507 1127 populi
1532 1051 1717 1127 yerit,
1746 1067 1876 1111 voce

308 1144 417 1200 aut
443 1139 668 1217 scripto
691 1140 1167 1218 promulyatam,
1199 1158 1330 1200 cwm
1365 1140 1688 1201 intentione
1722 1140 1875 1201 obli-

306 1232 495 1308 yandi
541 1231 809 1293 eubditos
845 1232 928 1292 ad
949 1232 1285 1308 parendum
1318 1230 1441 1291 illi.
1473 1232 1617 1303 Quae
1659 1231 1875 1291 defini-

308 1322 506 1383 tiones
541 1324 819 1402 proprias
852 1323 1174 1401 opiniones
1213 1322 1643 1383 definientium
1680 1321 1874 1382 inclu-

309 1414 489 1489 dunt,
527 1414 692 1493 quod
733 1415 1060 1475 vitandum
1101 1419 1194 1474 est
1238 1415 1443 1492 quoad
1484 1414 1616 1474 fieri
1657 1415 1871 1493 possit,

310 1508 458 1585 quia
488 1506 767 1568 definitio
808 1507 990 1568 debet
1031 1525 1159 1568 esse
1191 1509 1368 1586 quasi
1393 1506 1664 1585 primum
1703 1508 1875 1585 prin-

311 1598 541 1676 cipium
581 1606 644 1658 et
678 1599 1151 1659 fundamentum
1188 1598 1478 1658 omnibus
1515 1617 1868 1659 commune.

312 1688 542 1749 Deinde
569 1689 700 1750 haec
729 1690 1028 1767 posterior
1058 1689 1336 1751 definitio
1374 1691 1583 1769 aliqua
1611 1691 1874 1752 involvit

312 1799 451 1858 quae
497 1781 595 1841 vel
640 1800 767 1842 non
812 1787 956 1842 sunt
998 1783 1066 1842 in
1114 1783 1316 1860 rigore
1359 1785 1725 1859 necessaria,
1775 1783 1873 1845 vel

312 1874 537 1951 maj0ri
564 1874 942 1952 expositione
979 1874 1351 1951 indigerent,
1376 1881 1446 1934 ut
1472 1875 1635 1953 quod
1662 1877 1741 1936 sit
1769 1894 1873 1936 vo·

309 1965 518 2025 luntas
560 1972 746 2037 recta,
787 1984 938 2027 nam
982 1966 1049 2026 in
1088 1966 1292 2043 rigore
1334 1972 1533 2045 potest
1574 1985 1704 2027 esse
1749 1985 1874 2027 non

305 2063 479 2118 recta
504 2059 887 2138 simpliciter.
921 2060 1075 2120 Item
1103 2059 1268 2137 quod
1299 2058 1497 2118 vicem
1532 2059 1740 2137 populi
1770 2077 1876 2136 ge-

306 2156 437 2225 rat3
487 2155 689 2228 potest
730 2152 899 2210 enim
942 2168 1095 2225 esse,
1139 2149 1239 2209 vel
1278 2150 1537 2228 populus
1582 2150 1732 2228 ipse,
1781 2150 1877 2211 vel

306 2241 487 2315 alius,
522 2242 632 2319 qui
674 2259 801 2302 non
853 2242 1052 2303 vicem
1094 2241 1202 2301 sed
1241 2259 1454 2300 curam
1495 2241 1628 2319 ejus
1673 2247 1868 2319 gerat.

307 2333 482 2393 Prior
508 2351 656 2393 vero
682 2332 964 2394 definitio
992 2333 1189 2393 solum
1214 2332 1505 2392 convenit
1535 2332 1661 2410 legi
1688 2338 1874 2411 prout

309 2431 398 2486 est
426 2426 491 2485 in
519 2425 728 2486 animo
763 2425 1083 2505 principiS,
1110 2442 1252 2485 cum
1280 2424 1576 2485 tamenin
1604 2424 1719 2485 hac
1743 2443 1871 2486 ma-

310 2519 467 2579 teria
490 2519 674 2579 etiam
702 2523 997 2579 tractetur
1031 2518 1108 2577 de
1134 2517 1271 2595 lege
1307 2522 1582 2577 externa.
1615 2516 1703 2577 Ac
1730 2535 1872 2595 pro-

309 2616 519 2690 pterea
557 2610 803 2671 Gabriel
838 2611 903 2670 in
942 2611 1002 2685 3,
1045 2610 1187 2670 dist.
1234 2612 1334 2684 37,
1370 2610 1543 2671 artic.
1575 2612 1634 2683 1,
1669 2610 1869 2688 legem

311 2702 593 2764 definivit
608 2721 736 2764 esse
746 2704 988 2782 siquam
1003 2704 1378 2781 definitivum
1400 2708 1575 2764 rectoe
1584 2703 1867 2775 rationis,

312 2798 600 2859 dictantis
637 2797 829 2874 liyari
863 2797 1122 2875 aliquem
1158 2797 1240 2856 ad
1282 2795 1522 2873 aliquid
1554 2796 1868 2872 aymdum,

309 2889 400 2949 vel
415 2907 531 2949 non
549 2888 878 2967 6966111671.-
901 2888 998 2947 cui
1026 2887 1271 2948 videtur
1289 2887 1494 2947 favere
1516 2886 1872 2947 Aristoteles

308 2998 494 3058 supra
534 2979 785 3056 relatuS‚
818 2980 886 3040 in
923 2979 1032 3040 lib.
1077 2981 1155 3039 10
1186 2978 1410 3051 Ethic„
1446 2978 1655 3038 dicens
1688 2980 1869 3057 leyem

309 3089 431 3135 esse
446 3090 763 3134 sermonem
783 3089 822 3134 a
842 3072 1096 3152 quadam
1113 3071 1495 3149 providentia
1511 3073 1866 3148 profectum.

309 3165 429 3226 Sed
466 3183 591 3225 non
621 3170 861 3244 oportet
900 3164 1325 3225 definitionem
1357 3163 1626 3223 limitare
1661 3164 1739 3223 ad
1775 3182 1872 3224 so-

309 3253 440 3317 lum
478 3262 805 3317 externum
846 3257 1115 3334 signum.
1154 3257 1230 3315 Et
1268 3261 1564 3333 praeterea
1589 3256 1723 3315 'tota
1761 3256 1869 3317 illa

307 3348 584 3410 definitio
634 3355 833 3428 potest
884 3347 1094 3408 multis
1145 3348 1461 3426 praeceptis
1514 3365 1620 3407 seu
1675 3348 1867 3425 signis

307 3443 607 3523 adaptari,
633 3463 770 3522 quae
796 3442 1036 3522 proprie
1059 3441 1224 3519 leges
1251 3459 1376 3501 non
1403 3446 1566 3500 sunt.
1592 3442 1865 3520 Denique

310 3536 471 3597 idem
499 3543 591 3596 est
617 3537 694 3597 de
730 3536 867 3596 aliis
893 3534 1195 3594 similibus
1230 3531 1691 3593 definitionibus
1726 3551 1865 3611 quae

305 3629 500 3689 videri
539 3634 791 3708 possunt
827 3629 895 3688 in
934 3627 1223 3700 Gersone,
1260 3627 1297 3685 3
1334 3631 1519 3704 part„
1565 3631 1740 3686 tract.
1786 3627 1862 3687 de

307 3721 449 3780 Vita
469 3721 711 3799 spiritu,
738 3725 882 3780 sect.
913 3722 1012 3794 10,
1040 3724 1102 3778 et
1137 3723 1296 3796 part.
1326 3721 1354 3777 1
1386 3722 1563 3780 tract.
1587 3718 1663 3779 de
1689 3719 1857 3798 Orig.

300 3811 460 3889 juris
485 3817 547 3871 et
575 3812 808 3889 legum.

386 3904 443 3963 3.
490 3903 866 3981 Quapropter
884 3899 1162 3961 definitio
1184 3918 1372 3979 quam
1395 3900 1572 3961 divus
1594 3900 1860 3962 Thomas

304 3995 536 4073 colligit
567 3996 730 4056 dicto
754 3995 929 4055 artic.
961 3997 1023 4068 4,
1052 3994 1439 4073 frequentius
1474 4002 1719 4072 recepta
1743 4001 1857 4069 est,

305 4088 571 4149 scilicet:
613 4088 737 4149 Lex
769 4092 855 4149 ost
894 4087 1196 4148 ordinatio
1235 4087 1498 4148 rationis
1532 4088 1614 4147 ad
1654 4087 1864 4147 boumn

306 4199 601 4244 commune
626 4182 700 4243 ab
733 4199 794 4242 ιο
823 4180 927 4258 qui
956 4195 1164 4239 curam
1192 4177 1639 4239 communitatis
1666 4177 1861 4251 habet,

301 4275 707 4353 pronzulyata.
731 4304 811 4317 —
839 4272 914 4330 Et
934 4269 1061 4331 fere
1088 4269 1370 4328 eamdem
1395 4267 1580 4328 babet
1601 4263 1865 4328 Alexan-

304 4366 412 4427 der
447 4366 707 4440 AlensiS,
733 4365 770 4424 3
798 4368 954 4443 part.
965 4406 984 4436 ,
1010 4366 1226 4440 quaest.
1252 4362 1354 4434 26,
1380 4359 1662 4420 membro
1698 4364 1759 4420 4.
1794 4361 1863 4421 In

303 4477 428 4536 qua
470 4456 777 4538 imprimis
808 4455 940 4516 loco
982 4453 1228 4532 generis
1266 4453 1518 4532 ponitur
1558 4455 1861 4515 ordinatio

302 4553 586 4626 rationis,
616 4567 754 4629 quae
776 4566 897 4608 vox
928 4547 1124 4607 active
1147 4564 1273 4605 non
1300 4547 1539 4623 passive
1562 4546 1862 4607 sumenda

303 4650 431 4705 est:
464 4642 695 4703 subditi
725 4640 894 4702 enim
935 4638 1303 4699 ordinantur
1340 4655 1449 4716 per
1484 4638 1724 4716 legem:
1764 4657 1862 4698 or-

302 4735 539 4796 dinatio
579 4738 789 4794 autem
826 4731 1025 4791 activa
1063 4735 1156 4789 est
1186 4747 1224 4788 a
1249 4728 1619 4807 legislatore,
1655 4735 1717 4789 et
1756 4729 1861 4790 ille

301 4834 476 4887 actus
496 4844 621 4905 quo
649 4824 915 4896 ordinat,
935 4820 1280 4900 appellatur
1304 4820 1611 4880 ordinatio
1636 4821 1858 4895 activa,

299 4937 438 4998 quae
464 4937 503 4979 a
527 4920 766 4978 ratione
793 4913 1093 4993 proficisci
1133 4911 1337 4986 debet,
1374 4918 1436 4972 et
1463 4912 1602 4973 ideo
1639 4912 1864 4972 dicitur

301 5012 610 5074 ordinatio
636 5009 913 5070 rationis.
948 5009 1088 5068 Haec
1126 5011 1336 5066 autem
1382 5023 1500 5065 vox
1543 5005 1867 5084 (quidquid

302 5107 383 5165 sit
427 5105 501 5164 de
551 5102 904 5182 particulari
941 5101 1253 5160 mentione
1301 5102 1645 5175 auctorum)
1688 5115 1765 5158 ex
1806 5117 1868 5159 se

301 5218 429 5262 non
461 5200 765 5260 limitatur
792 5196 873 5258 ad
895 5201 1101 5255 actum
1135 5191 1498 5266 intellectus,
1527 5192 1623 5252 vel
1651 5192 1867 5252 volun-

299 5293 484 5354 tatis:
510 5310 655 5352 nam
683 5291 749 5354 in
774 5298 1033 5366 utroque
1062 5290 1259 5364 potest
1287 5302 1416 5344 esse
1444 5283 1774 5358 ordinatio,
1806 5291 1861 5344 et

300 5385 411 5446 illa
438 5402 575 5463 quae
604 5387 695 5445 est
721 5379 1057 5443 voluntatis
1088 5377 1209 5437 dici
1239 5381 1436 5454 potest
1462 5377 1742 5451 rationis,
1769 5377 1869 5438 vel

302 5477 455 5557 quia
488 5477 624 5556 ipsa
659 5474 944 5536 voluntas
969 5469 1246 5551 potentia
1275 5468 1593 5532 rationalis
1620 5477 1734 5545 est,
1768 5469 1869 5532 vel

3441 383 3520 442 53

1955 502 2119 557 certe
2137 497 2282 575 quia
2301 500 2468 556 recta
2491 495 2728 553 ratione
2748 491 2932 568 dirigi
2952 489 3156 562 debet,
3176 486 3519 566 praesertim

1954 588 2024 648 in
2048 589 2186 665 lege
2203 586 2475 648 ferenda.
2502 587 2702 645 Potest
2720 584 2906 643 etiam
2925 600 3042 642 vox
3065 580 3172 640 illa
3189 585 3251 639 et
3272 579 3519 638 interno

1954 682 2122 741 actui
2170 687 2233 741 et
2281 686 2535 740 externo
2581 678 2770 736 etiam
2818 672 3269 736 accommodari
3301 692 3315 729 :
3371 687 3518 730 nam

1954 774 2144 835 etiam
2174 779 2499 833 externum
2544 775 2916 849 praeceptum
2956 773 3045 828 est
3084 764 3390 826 ordinatio
3422 780 3520 822 ra-

1954 867 2162 939 tionis,
2194 865 2258 925 id
2291 869 2405 938 est,
2435 881 2473 922 a
2512 862 2750 922 ratione
2791 862 3040 922 dictata.
3072 857 3344 935 Reliquae
3370 873 3517 915 vero

1955 956 2269 1036 particulae
2296 955 2610 1016 adduntur
2636 973 2745 1032 per
2764 953 3017 1012 modum
3046 948 3428 1022 differentiae,
3456 953 3519 1007 et

1953 1051 2022 1110 in
2046 1050 2167 1110 illis
2198 1049 2424 1108 virtute
2461 1047 2863 1107 includuntur
2886 1062 3101 1104 omnes
3137 1040 3516 1101 conditiones

1954 1142 2133 1219 legiS,
2165 1146 2235 1200 ut
2261 1134 2556 1200 hactenus
2582 1156 2659 1198 ex
2685 1137 2862 1197 dictis
2886 1137 3031 1197 satis
3056 1138 3311 1194 constat.

2034 1237 2095 1294 4.
2146 1233 2420 1311 ObjectiO.
2466 1267 2547 1276 —
2589 1231 2829 1294 Salutio
2873 1235 2928 1290 et
2969 1227 3320 1307 differentia
3361 1226 3521 1286 inter

1955 1326 2136 1404 leyem
2161 1331 2216 1387 ec
2237 1321 2936 1387 consilium—Dubitari
2963 1337 3109 1380 vero
3131 1324 3348 1397 potest,
3372 1319 3520 1395 quia

1954 1418 2113 1477 nihil
2140 1418 2228 1477 ibi
2255 1423 2365 1491 est,
2399 1434 2510 1495 per
2536 1415 2701 1495 quod
2738 1414 3100 1474 excludatur
3127 1410 3451 1471 consilium
3480 1427 3519 1469 a

1951 1511 2192 1572 ratione
2211 1510 2363 1588 legis
2382 1530 2395 1567 :
2421 1509 2586 1568 unde
2608 1507 2800 1584 aliqui
2823 1505 3170 1566 concedunt
3188 1503 3517 1563 consilium

1954 1604 2069 1664 sub
2096 1604 2231 1680 lege
2259 1602 2588 1675 contineri,
2621 1600 2784 1678 quod
2812 1600 2880 1659 in
2907 1599 3111 1675 rigore
3138 1614 3355 1656 verum
3390 1612 3516 1654 non

1953 1702 2066 1771 est,
2099 1701 2172 1754 ut
2212 1712 2396 1773 supra
2437 1694 2638 1770 tetigi,
2670 1697 2732 1751 et
2766 1692 2834 1751 in
2862 1690 3143 1768 sequenti
3177 1688 3376 1766 capite
3404 1688 3517 1746 ite·

1949 1806 2092 1847 rum
2112 1787 2336 1847 dicam.
2360 1785 2718 1864 Respondeo
2737 1802 2906 1861 erg0,
2928 1782 3255 1861 dupliciter
3277 1779 3516 1839 excludi

1952 1879 2276 1939 consilium
2312 1896 2423 1958 per
2457 1878 2626 1936 illam
2655 1875 3118 1936 definitionem:
3149 1874 3297 1952 quia
3323 1870 3522 1932 cousi-
3551 1917 3557 1922 .

1950 1971 2110 2029 lium
2138 1976 2210 2029 ut
2242 1971 2350 2045 sie,
2377 1987 2487 2048 per
2517 1988 2580 2029 se
2609 1986 2734 2027 non
2763 1973 2855 2028 est
2881 1986 2918 2027 a
2943 1966 3278 2045 superiore,
3304 1970 3517 2042 quate-

1956 2080 2075 2121 nus
2112 2062 2302 2122 habet
2341 2065 2704 2139 potestatem
2736 2065 2798 2119 et
2844 2077 3054 2119 curam
3081 2060 3150 2118 in
3200 2056 3512 2117 subditos:

1954 2152 2053 2212 lex
2095 2160 2305 2213 autem
2343 2151 2524 2212 debet
2563 2169 2696 2211 esse
2728 2150 2866 2210 talis
2900 2150 3205 2209 ordinatio
3236 2146 3514 2222 rationis,

1955 2264 2093 2323 quae
2140 2246 2258 2306 1166
2303 2245 2486 2304 modo
2537 2244 2826 2323 procedat
2874 2243 2952 2303 ab
3001 2242 3270 2301 habente
3306 2256 3516 2298 curam

1953 2337 2438 2411 communitatis,
2472 2342 2541 2396 ut
2573 2337 2639 2395 in
2678 2336 2811 2414 ipsa
2853 2333 3209 2393 defiuitione
3249 2329 3518 2389 declara-

1952 2435 2078 2506 tur3
2102 2448 2212 2508 per
2232 2447 2297 2489 se
2325 2429 2494 2488 enim
2522 2446 2595 2487 ac
2617 2426 2957 2487 formaliter
2978 2422 3379 2500 intelligenda
3401 2425 3514 2481 est.

1951 2523 2028 2581 Et
2058 2522 2270 2581 eodem
2301 2520 2484 2580 modo
2512 2519 2891 2580 excludenda
2919 2524 3009 2578 est
3037 2516 3255 2589 oratio,
3280 2532 3387 2574 seu
3413 2530 3517 2590 pe-

1948 2613 2090 2674 titio
2131 2613 2210 2672 ab
2243 2614 2359 2673 hac
2401 2612 2786 2671 ordinatione
2830 2609 3126 2671 rationis:
3171 2607 3300 2667 haec
3344 2604 3512 2666 enim

1952 2706 2094 2781 tria,
2125 2710 2520 2783 praeceptum,
2569 2703 2892 2763 eonsilium
2939 2707 3001 2762 et
3039 2700 3252 2779 petitio
3282 2699 3349 2758 in
3394 2698 3513 2757 1166

1952 2797 2350 2871 conveniunt,
2400 2796 2564 2873 quod
2610 2814 2719 2874 per
2762 2794 2870 2854 illa
2912 2794 3125 2854 omnia
3166 2792 3508 2865 ordinatur,

1952 2908 2064 2951 seu
2092 2888 2379 2966 dirigitur
2397 2906 2558 2947 unus
2576 2887 2654 2946 ad
2673 2886 3055 2965 operandum
3073 2903 3185 2964 per
3204 2885 3511 2944 rationem

1952 2982 2244 3042 alterius:
2277 2986 2339 3040 et
2381 2980 2467 3040 ita
2512 2981 2721 3039 omnia
2753 2979 2858 3039 illa
2902 2984 3157 3058 possunt
3184 2977 3304 3037 dici
3347 2975 3512 3035 ordi-

1950 3075 2123 3135 natio
2153 3072 2445 3134 rationis:
2479 3072 2583 3133 sed
2614 3072 2928 3132 differunt.
2968 3072 3122 3131 Nam
3159 3069 3372 3149 petitio
3400 3086 3511 3148 per

1951 3185 2016 3227 se
2066 3172 2157 3227 est
2202 3165 2513 3226 inferioris
2558 3164 2638 3224 ad
2682 3164 3084 3243 superiorem,
3130 3163 3272 3222 licet
3318 3161 3511 3239 possit

1952 3260 2225 3320 exerceri
2254 3260 2416 3318 inter
2464 3256 2747 3335 aequales,
2779 3262 2841 3316 et
2883 3254 3216 3334 aliquando
3256 3272 3293 3314 a
3330 3271 3508 3331 supe-

1945 3353 2111 3412 riore
2138 3352 2299 3412 circa
2327 3349 2707 3423 inferiorem,
2739 3348 2841 3409 sed
2885 3366 3010 3407 non
3040 3352 3340 3425 quatenus
3365 3345 3506 3405 talis

1946 3452 2076 3506 est:
2112 3447 2239 3505 imo
2281 3445 2348 3504 in
2380 3462 2453 3504 eo
2494 3443 2948 3523 quodammodo
2989 3460 3053 3502 se
3086 3439 3392 3500 submittit
3418 3438 3509 3499 al·

1944 3539 2084 3613 teri,
2115 3543 2185 3597 ut
2207 3556 2391 3616 supra
2423 3536 2585 3596 dixi:
2617 3535 2939 3596 eonsilium
2967 3539 3174 3595 autem
3198 3550 3306 3610 per
3328 3549 3392 3591 se
3416 3535 3507 3591 est

1944 3631 2108 3691 inter
2133 3629 2421 3709 aequales,
2451 3634 2513 3689 et
2548 3628 2599 3688 si
2632 3629 2904 3706 aliquem
2934 3642 3245 3687 excessum
3273 3623 3506 3684 indicat

1942 3725 2008 3784 in
2043 3723 2420 3798 consulente,
2451 3728 2542 3782 est
2582 3722 2782 3782 solum
2817 3722 2884 3781 in
2927 3720 3251 3800 sapientia,
3281 3737 3408 3779 non
3436 3718 3505 3778 in

1942 3821 2285 3896 potestate:
2325 3815 2424 3875 lex
2457 3820 2664 3875 autem
2710 3833 2821 3894 per
2866 3832 2929 3873 se
2975 3818 3066 3873 est
3109 3831 3147 3872 a
3190 3810 3506 3889 superiore

1942 3909 2107 3969 circa
2136 3907 2517 3982 inferiorem,
2563 3907 2729 3985 quod
2769 3907 2838 3966 in
2879 3904 3239 3965 definitione
3268 3901 3504 3980 signifi-

1943 4006 2158 4061 catur:
2199 4002 2286 4060 ita
2327 4017 2475 4076 ergo
2517 3999 2892 4059 sufficienter
2923 3996 3271 4058 excluditur
3310 3995 3505 4054 consi-

1943 4093 2103 4152 lium
2129 4111 2167 4152 a
2195 4093 2434 4152 ratione
2473 4091 2646 4167 legis,
2683 4091 2760 4149 Et
2795 4096 3091 4167 praeterea
3119 4105 3314 4164 genus
3340 4086 3506 4146 ordi-

1946 4184 2216 4244 nationis
2244 4181 2508 4258 intelligi
2536 4180 2718 4240 debet
2744 4181 2818 4239 de
2841 4179 3073 4238 efficaci
3092 4179 3501 4253 ordinatione,

1947 4294 2085 4355 quoe
2105 4274 2234 4333 vim
2251 4273 2476 4333 habeat
2494 4278 2837 4349 cogentem,
2857 4276 2925 4330 ut
2943 4271 3293 4331 Aristoteles
3314 4271 3470 4331 dixit
3480 4287 3501 4347 3

1946 4374 2011 4429 et
2039 4368 2156 4428 hoc
2184 4366 2428 4426 videtur
2458 4366 2645 4427 etiam
2677 4363 3077 4425 determinari
3099 4381 3209 4441 per
3238 4363 3507 4442 particu-

1943 4459 2071 4520 lam
2107 4459 2520 4538 promulqata,
2557 4458 2704 4537 quia
2744 4457 3000 4518 consilio
3042 4475 3167 4518 non
3217 4457 3509 4518 convenit

1943 4552 2190 4631 proprie
2222 4551 2637 4630 promulgari:
2665 4569 2812 4610 nam
2837 4550 2972 4611 haec
3003 4568 3124 4611 vox
3150 4549 3382 4610 indicat
3408 4568 3507 4610 or-

1942 4645 2155 4705 dinem
2201 4643 2279 4704 ad
2319 4642 2760 4722 obligationem
2803 4640 3239 4719 inducendam,
3271 4643 3339 4702 in
3383 4662 3506 4723 quo

1943 4737 2213 4797 maxime
2244 4735 2448 4795 differt
2474 4737 2798 4796 consilium
2826 4755 2863 4796 a
2890 4737 3048 4815 lege.

2023 4827 2311 4890 Auctoris
2351 4829 2643 4903 definitio.
2687 4862 2769 4875 —
2808 4830 3081 4890 Tandem
3110 4830 3355 4890 videtur
3398 4828 3506 4889 ob-

1947 4925 2108 4979 stare
2127 4918 2221 4978 illi
2249 4918 2618 4994 definitioni,
2646 4921 2794 5000 quia
2814 4926 3008 5000 potest
3032 4922 3321 4982 Praelatus
3342 4922 3506 4982 ordi-

1948 5029 2098 5071 nare
2133 5011 2408 5072 subditos
2446 5013 2782 5073 secundum
2826 5019 3057 5073 rectam
3090 5014 3396 5075 rationem
3425 5014 3507 5076 ad

1947 5103 2178 5181 aliquid
2246 5103 2560 5181 agendum
2584 5150 2605 5180 ,
2676 5105 3049 5167 sufficienter
3107 5106 3506 5186 proponendo

1948 5197 2383 5257 communitati
2427 5198 2809 5259 voluntatem
2850 5217 3048 5275 suam,
3095 5205 3156 5261 et
3195 5201 3507 5260 nihilomi-

1947 5307 2064 5348 nus
2104 5307 2232 5347 non
2275 5288 2435 5348 ferre
2468 5289 2696 5367 legem,
2725 5291 2873 5369 quia
2902 5311 3029 5351 non
3056 5292 3316 5353 includit
3351 5310 3508 5371 prae-

1947 5385 2194 5459 ceptum
2239 5386 2608 5459 perpetuum
2648 5389 2710 5443 et
2751 5384 2990 5460 stabile,
3034 5386 3198 5465 quod
3238 5385 3510 5444 diximus

1946 5473 2179 5551 requiri
2212 5473 2292 5533 ad
2318 5474 2622 5535 rationem
2646 5476 2835 5555 legis:
2867 5478 3035 5540 unde
3066 5483 3196 5538 tota
3227 5476 3335 5536 illa
3363 5474 3509 5536 defi·
