3976 6219
699 418 833 471 cAP.
868 419 996 470 xvl.
1041 417 1256 470 UTRUM
1286 416 1411 468 LEX
1441 414 1748 469 CANONJGA
1780 413 2044 468 OBLIGET
2076 415 2332 467 FIDELES
2365 416 2736 478 PRIUSQUAM,
2774 416 2912 468 E‘rc.

100 522 544 582 conceditur
568 537 754 600 super
779 521 1013 582 factum
1046 519 1383 598 singulare,
1405 520 1471 579 in
1495 537 1620 598 qno
1646 537 1755 598 po·

100 618 275 674 test
314 616 621 694 princeps
655 613 855 693 decipi
895 632 934 675 6
969 612 1369 691 collitigante,
1402 611 1501 673 vel
1536 630 1756 691 procu-

100 714 347 768 rante
387 725 577 768 suum
610 707 1031 780 commodum,
1063 710 1125 766 et
1169 705 1306 766 ideo
1352 705 1419 764 in
1458 703 1753 782 rescripto

103 801 404 860 merito
429 801 781 872 admittitur
799 798 1127 878 appellatio
1153 800 1219 858 in
1242 796 1512 876 capitulo
1536 796 1756 876 Siqui-

108 891 417 969 ficavit,
441 893 518 954 de
546 893 842 972 Rescript.
875 893 957 952 At
984 909 1131 953 vero
1148 891 1250 953 lex
1269 891 1464 951 fertur
1481 890 1548 950 in
1567 907 1755 968 gene-
1774 890 1786 902 ⁰

108 982 308 1060 rali,
374 991 446 1047 et
497 1004 608 1064 per
652 983 1064 1045 universalem
1117 984 1437 1045 scientiam
1460 1029 1482 1059 ,
1535 990 1752 1044 contra

113 1094 367 1155 quam
402 1079 650 1157 privata
676 1077 932 1138 scientia
953 1077 1341 1138 subditorum
1369 1094 1495 1137 non
1529 1082 1619 1137 est
1645 1075 1754 1137 ad-

118 1171 517 1247 mittenda,
546 1178 609 1232 et
649 1171 791 1232 ideo
829 1189 1034 1249 neque
1081 1169 1431 1250 appellatio,
1468 1169 1567 1230 vel
1603 1188 1753 1248 sup-

118 1263 435 1342 plicatio
467 1265 853 1326 admittenda
879 1269 990 1326 est.
1014 1264 1265 1326 Accedit
1285 1264 1476 1343 quod,
1506 1264 1574 1323 in
1600 1262 1754 1341 legi·

125 1356 285 1418 hus
318 1358 615 1419 civilibus
653 1376 692 1417 a
717 1375 865 1437 rege
905 1358 1068 1435 latis,
1117 1357 1256 1418 talis
1292 1356 1622 1437 appellatio
1654 1354 1755 1416 vel

127 1451 555 1529 supplicatio
580 1469 709 1512 non
743 1451 1111 1525 admittitur,
1145 1468 1348 1530 neque
1384 1455 1476 1511 est
1501 1450 1569 1510 in
1598 1465 1750 1526 usu3

131 1561 325 1622 ergo
341 1562 551 1622 neque
574 1545 641 1605 in
658 1544 897 1622 legibus
912 1544 1219 1605 canonicis
1234 1543 1620 1604 admittenda
1638 1547 1750 1603 661.

241 1638 320 1697 6.
372 1638 564 1700 Posse
583 1637 920 1716 supplicari
937 1638 1130 1716 Papoe
1151 1638 1219 1698 de
1236 1654 1349 1698 sua
1371 1636 1496 1715 leqe
1531 1637 1604 1698 ab
1628 1654 1757 1699 eae·

137 1732 420 1792 cutione
442 1731 619 1792 iuius
641 1735 812 1809 patet
832 1728 1497 1793 (κακκῆαι-0166
1515 1735 1751 1806 tamen,

139 1823 208 1882 si
246 1823 633 1901 supplicatio
655 1822 765 1883 fiat
788 1841 867 1883 ex
891 1820 1247 1883 rationabili
1273 1840 1481 1892 causa,
1502 1828 1564 1882 et
1588 1822 1755 1885 licite

148 1913 324 1975 fieri
361 1933 563 1993 posse,
596 1917 783 1977 etiam
807 1916 875 1977 in
901 1915 1143 1994 legibus
1168 1915 1521 1995 pontificiis,
1545 1923 1610 1978 et
1626 1934 1756 1978 6666

149 2008 364 2068 valde
391 2010 633 2085 utilem,
665 2029 739 2072 ac
771 2010 997 2072 rationi
1022 2015 1521 2071 consentaneam.
1563 2011 1691 2071 Hoc
1717 2028 1758 2071 a

147 2100 432 2161 fortiori
480 2103 755 2164 sentiunt
807 2103 1177 2179 Panormit.,
1207 2103 1404 2165 Felin.
1448 2108 1511 2163 et
1535 2104 1643 2163 alii
1687 2104 1755 2163 16

160 2212 230 2254 6.
275 2199 311 2253 1
350 2193 432 2256 de
459 2196 684 2274 Treug.
724 2202 786 2257 61
817 2215 982 2276 pac„
1018 2202 1082 2258 et
1111 2197 1181 2258 in
1203 2198 1370 2259 dicto
1397 2197 1661 2277 §Leaen
1694 2203 1757 2258 et

155 2286 416 2347 citatur
444 2287 774 2364 Ancharr.,
798 2307 969 2350 66116.
993 2293 1135 2367 214,
1171 2296 1233 2352 61
1261 2308 1545 2370 expresse
1564 2309 1635 2351 ac
1658 2290 1755 2350 in-

156 2380 474 2442 distincte
516 2387 645 2442 tam
686 2382 762 2443 de
797 2382 936 2461 1636
960 2382 1129 2443 civili
1147 2402 1338 2463 quam
1360 2384 1438 2445 de
1457 2383 1755 2445 canonica

157 2473 239 2533 id
274 2475 555 2536 affirmat
581 2475 800 2551 Castr.,
824 2475 936 2536 lib.
957 2480 986 2538 1
1017 2476 1094 2538 de
1130 2477 1274 2555 Leg.
1310 2478 1566 2557 poenal„
1596 2496 1648 2538 6.
1690 2481 1750 2538 1.

160 2569 256 2628 Ε1
297 2569 603 2648 probatur
630 2570 855 2649 primo,
885 2571 1034 2650 quia
1064 2571 1181 2631 1166
1221 2572 1395 2632 66116
1432 2574 1573 2651 jure
1618 2593 1756 2655 pro-

158 2660 460 2738 hibetur,
492 2663 621 2724 imo
642 2670 734 2725 est
755 2664 883 2744 juri
904 2670 1387 2727 consentaneum
1419 2672 1481 2727 et
1500 2668 1751 2730 rationi.

167 2757 400 2816 Prima
423 2775 565 2834 pars
591 2761 784 2836 patet,
813 2757 960 2836 quia
987 2758 1052 2818 in
1079 2758 1320 2836 legibus
1351 2759 1466 2820 ult.
1493 2765 1557 2820 et
1583 2767 1756 2823 ante·

164 2848 427 2928 penult.
472 2867 658 2928 supra
686 2850 885 2910 citatis
910 2849 1109 2910 solum
1135 2851 1383 2928 dicitur,
1416 2871 1544 2914 non
1571 2854 1755 2916 licere

171 2940 502 3021 appellare
523 2961 562 3003 a
588 2960 772 3022 poena
791 2943 1078 3023 imposita
1100 2944 1442 3005 secundum
1482 2948 1756 3026 praescri-

171 3043 372 3116 ptum
389 3037 564 3116 16316,
583 3055 701 3098 1166
730 3055 769 3098 6
787 3037 1115 3113 sententia,
1135 3055 1244 3097 666
1271 3037 1582 3101 decisione
1610 3039 1755 3102 data

170 3132 372 3208 juxta
413 3130 640 3210 legem,
694 3149 802 3191 seu
845 3137 1214 3211 perpetuum
1266 3132 1578 3208 edictum3
1624 3152 1753 3195 non

175 3241 345 3284 vero
367 3223 591 3285 dicitur
618 3241 746 3284 non
777 3223 962 3285 licere
989 3223 1333 3303 supplicare
1365 3224 1443 3285 de
1461 3231 1591 3286 tota
1616 3227 1757 3305 lege

177 3335 403 3377 coram
418 3318 550 3397 ipso
570 3318 872 3397 Principe.
887 3318 1045 3379 Sunt
1059 3323 1268 3380 autem
1282 3318 1415 3379 haec
1431 3319 1555 3381 duo
1573 3320 1755 3383 valde

175 3412 455 3485 diversa,
499 3411 648 3489 quia
682 3410 750 3470 in
796 3410 1103 3489 prioribus
1140 3410 1381 3472 casibus
1425 3412 1754 3492 appellatio

177 3504 509 3584 repellitur
527 3510 827 3584 tanquam
849 3503 1033 3582 plane
1055 3504 1308 3583 injusta,
1330 3505 1478 3584 quia
1495 3506 1601 3567 illa
1624 3524 1751 3568 non

103 3674 104 3677 Ἴ
179 3614 277 3659 est
307 3598 638 3678 appellatio
666 3615 705 3658 a
733 3597 894 3677 lege,
917 3597 1025 3658 sed
1051 3615 1090 3657 a
1111 3599 1418 3659 sententia
1438 3599 1622 3677 justa,
1653 3606 1753 3660 ut-

105 3754 106 3757 ,
181 3698 332 3771 pote
362 3691 697 3752 secundum
726 3690 929 3769 legem
957 3691 1103 3752 lata.
1144 3691 1315 3765 Quod
1343 3691 1395 3751 si
1423 3692 1751 3771 appellatio

181 3802 260 3844 eo
276 3783 513 3859 tendat,
536 3788 605 3844 ut
620 3783 825 3862 legem
842 3792 1064 3863 arguat
1079 3784 1423 3863 injustitias,
1445 3790 1539 3846 est
1555 3786 1746 3847 etiam

105 3882 108 3955 ss
183 3877 430 3957 iniqua,
474 3882 609 3939 tum
647 3878 797 3956 quia
831 3878 1198 3957 supponitur
1234 3877 1335 3939 lex
1357 3878 1747 3957 universalis,

184 3977 248 4032 et
276 3972 509 4032 servari
537 3971 740 4047 solita,
771 3989 843 4033 ac
869 3970 1130 4032 subinde
1151 3971 1351 4049 justa3
1374 3977 1510 4031 tum
1532 3971 1744 4047 etiam,

105 4138 106 4145 ἵ
188 4066 338 4146 quia
362 4065 692 4145 appellatio
725 4065 866 4128 talis
892 4064 964 4125 fit
990 4065 1058 4126 in
1086 4064 1443 4145 particulari
1467 4064 1648 4141 facte,
1681 4066 1749 4126 in

105 4170 110 4251 ὲ
189 4177 314 4239 quo
337 4176 466 4219 non
491 4158 635 4221 licet
655 4177 693 4220 a
718 4159 854 4240 lege
881 4176 1233 4239 provocare,
1260 4159 1541 4238 quamvis
1567 4159 1751 4221 liceat

109 4262 112 4267 ’
192 4253 505 4333 appellare
541 4253 640 4316 vel
667 4272 706 4315 a
734 4253 1148 4316 declaratione
1173 4252 1350 4331 legis,
1384 4251 1484 4314 vel
1528 4252 1608 4313 ab
1638 4271 1748 4332 ap-

107 4326 114 4364 ''
193 4345 522 4425 plicatione
565 4347 699 4426 ejus
747 4346 826 4408 ad
866 4346 988 4407 1616
1027 4345 1127 4407 vel
1171 4345 1294 4406 tale
1327 4344 1604 4406 factum:
1645 4346 1749 4407 hic

109 4436 110 4439 ’
194 4443 400 4499 661616
426 4438 668 4517 agimus
701 4439 778 4501 (16
801 4439 938 4519 1636
963 4439 1243 4501 nondum
1281 4444 1548 4518 recepta,
1585 4438 1746 4501 etde

196 4532 631 4612 supplicatione
665 4532 827 4594 facta
867 4551 945 4594 ex
973 4550 1158 4593 causa
1201 4531 1573 4606 rationabili,
1611 4537 1674 4592 et
1704 4550 1743 4593 a

107 4622 112 4653 ²
198 4626 652 4701 communitate,
675 4627 775 4688 vel
797 4627 1051 4688 nomine
1084 4626 1219 4703 ejus
1246 4624 1327 4687 ab
1363 4643 1437 4687 eo
1463 4624 1572 4705 qui
1600 4643 1746 4687 auc-

107 4708 112 4727 ’
197 4720 499 4781 toritatem
525 4718 769 4782 habeat.
799 4720 975 4781 Unde
996 4724 1274 4780 auctores
1296 4718 1464 4780 citati
1483 4735 1610 4778 non
1638 4736 1746 4779 ne-

107 4806 114 4883 ’ἦ
201 4817 346 4888 gant
366 4812 545 4875 licere
569 4813 913 4892 supplicare
957 4830 998 4873 a
1022 4811 1182 4890 lege,
1215 4810 1322 4873 sed
1361 4811 1438 4872 de
1478 4808 1746 4890 appella-

111 4898 118 4909 ’
201 4904 363 4965 tione
399 4904 757 4984 loquuntur,
801 4911 864 4968 et
897 4905 1061 4966 hanc
1096 4921 1224 4965 non
1250 4902 1611 4982 simpliciter
1638 4920 1746 4964 ne-

203 5004 364 5074 gant.
397 4998 547 5059 Nam
577 4998 820 5061 Rebuff.
865 5015 1146 5079 expresse
1186 4997 1295 5058 ait.
1344 4996 1514 5059 Twae
1548 5013 1588 5057 a
1617 4994 1744 5075 leae

202 5092 649 5171 nonappdlari,
699 5094 930 5172 qnando
972 5092 1136 5154 abeo
1172 5096 1260 5155 est
1294 5089 1744 5167 eonditaaquo

108 5176 118 5217 ‘
206 5185 486 5262 appellare
510 5204 629 5250 nou
655 5186 814 5262 lieet,
848 5189 1050 5265 utpote
1075 5201 1117 5248 a
1142 5182 1435 5262 Principe
1468 5181 1744 5261 superio-

109 5274 119 5307 '·
205 5293 321 5337 rem
343 5296 451 5340 non
469 5284 857 5358 ooqnosomte.
887 5279 1062 5340 Unde
1089 5276 1276 5338 sentit
1298 5292 1377 5336 ex
1397 5279 1572 5355 parte
1589 5271 1746 5351 16316

109 5366 119 5403 ³
206 5386 324 5431 non
347 5388 680 5450 repugnare
698 5371 1174 5452 appellationem
1191 5391 1210 5444 3
1237 5385 1385 5429 nam
1406 5367 1459 5428 si
1480 5366 1562 5427 sit
1580 5365 1746 5428 edita

111 5460 122 5495 ²
210 5460 281 5521 ab
309 5480 376 5522 66
396 5465 498 5543 qui
525 5464 713 5526 habet
737 5465 1120 5545 superiorem
1145 5463 1213 5523 in
1248 5461 1466 5524 eodem
1501 5458 1741 5534 ordine,

111 5560 122 5657 ἱ
210 5553 270 5619 id
299 5561 404 5634 cst,
446 5558 513 5621 in
555 5557 998 5640 temporalibus
1041 5558 1143 5627 vel
1182 5552 1627 5641 spiritualibus,
1680 5557 1744 5617 61

1839 518 2067 579 subditi
2094 520 2339 597 gravari
2368 537 2433 580 se
2459 519 2833 599 intelligant,
2864 523 3156 598 poterunt
3180 518 3261 579 ad
3296 538 3395 581 su-

1834 613 2139 692 periorem
2163 630 2519 692 provocare,
2554 619 2624 673 ut
2652 613 2733 673 ab
2756 616 2985 673 statuto
3019 612 3299 691 Episcopi
3317 613 3394 673 ad

1835 723 2151 765 summum
2178 706 2577 783 Pontificem3
2609 706 2689 766 ab
2727 706 2860 785 ipso
2878 711 3084 766 autem
3109 723 3396 785 supremo

1837 799 2115 878 principe
2148 817 2273 860 non
2303 804 2395 859 est
2422 799 2503 859 ad
2530 816 2719 878 quem
2746 798 3087 879 appelletur
3102 814 3122 874 3
3168 797 3398 877 suppli-

1839 892 1999 951 catio
2038 897 2245 953 autem
2290 893 2366 952 ad
2408 893 2698 953 eumdem
2739 910 2866 952 non
2905 897 3234 971 repugnat.
3266 893 3397 953 lmo

1836 986 2010 1047 addit
2059 987 2301 1048 Rebuff.
2352 987 2421 1046 in
2465 988 2856 1063 Concordat.,
2899 988 3064 1067 quod
3100 988 3246 1048 licet
3270 1005 3398 1049 1166

1835 1079 2181 1158 appelletur
2214 1098 2253 1140 a
2290 1081 2680 1142 concessione
2715 1081 3063 1144 litterarum
3095 1081 3259 1160 regis
3298 1080 3400 1142 vel

1837 1175 2040 1253 Papae,
2073 1174 2152 1234 ab
2176 1174 2537 1236 executione
2564 1174 2935 1253 appellatur,
2961 1193 3070 1236 seu
3098 1174 3400 1254 supplica-

1836 1273 1959 1329 tur.
1993 1267 2091 1328 Sic
2118 1284 2266 1345 ergo
2306 1267 2382 1327 de
2419 1267 2556 1346 lege
2611 1268 2815 1329 dicere
2856 1285 3180 1347 possumus
3206 1267 3395 1346 quod,

1834 1359 1981 1420 licet
2013 1358 2092 1419 ab
2124 1360 2257 1439 ipsa
2286 1360 2535 1439 proprie
2556 1379 2683 1420 non
2713 1360 3077 1440 appelletur,
3108 1379 3282 1439 posse
3305 1361 3400 1420 ni·

1834 1451 2173 1513 hilominus
2192 1453 2521 1532 supplicari
2543 1453 2622 1514 ab
2643 1454 2775 1533 ejus
2798 1455 3185 1530 executione,
3204 1454 3400 1516 donec

1835 1546 2002 1624 Papa
2027 1545 2417 1607 informetur.

1916 1640 1975 1699 7.
2020 1638 2253 1700 Deinde
2303 1645 2394 1700 est
2442 1638 2561 1701 hoc
2602 1646 3086 1702 consentaneum
3129 1660 3265 1721 cap.
3315 1643 3399 1707 Si

1834 1733 2088 1812 quanda,
2117 1732 2194 1793 de
2221 1733 2523 1812 Rescrip.,
2549 1731 2657 1793 ubi
2679 1735 2846 1812 Papa
2862 1733 3134 1794 declarat
3160 1734 3398 1795 licitum

1835 1843 1988 1899 esse,
2020 1843 2147 1885 non
2188 1826 2410 1904 exequi
2445 1827 2813 1905 rescriptum
2847 1827 3002 1904 ejus,
3039 1827 3234 1888 donec
3269 1828 3399 1906 ipse

1835 1916 2078 1996 plenius
2104 1918 2496 1994 informetur,
2533 1919 2781 1998 quando
2802 1937 2949 1980 vera
2977 1926 3040 1981 et
3064 1919 3401 1981 rationabi-

1834 2008 1911 2070 lis
1935 2029 2118 2072 causa
2143 2011 2491 2073 intercedit.
2528 2014 2605 2073 Et
2641 2012 2843 2074 simile
2871 2012 3138 2074 habetur
3165 2013 3231 2074 in
3259 2031 3393 2093 cap.

1841 2102 1994 2167 Cam
2040 2111 2365 2181 teneamur,
2397 2106 2472 2166 de
2518 2105 2834 2167 Praebend.
2886 2107 3008 2168 Nec
3052 2106 3401 2169 differentia

1837 2215 2027 2277 supra
2049 2198 2193 2260 data
2214 2198 2530 2274 satisfacit,
2557 2199 2706 2278 quia
2727 2199 2944 2260 eadem
2977 2200 3401 2278 proportiona-

1833 2288 1909 2349 lis
1936 2291 2094 2351 ratio
2116 2296 2316 2370 potest
2334 2291 2401 2351 in
2427 2291 2562 2370 lege
2584 2292 2981 2353 intervenire.
3010 2292 3182 2365 Quod
3204 2298 3397 2372 patet,

1834 2383 2073 2444 ratione
2100 2384 2478 2445 ostendendo
2499 2385 2782 2446 eamdem
2808 2384 3196 2446 sententiam.
3218 2386 3397 2461 Quia,

1836 2493 1908 2536 66
1954 2476 2086 2555 ipso
2128 2477 2292 2556 quod
2333 2477 2436 2538 lex
2484 2477 2919 2538 universaliter
2955 2477 3174 2553 fertur,
3220 2477 3401 2540 facile

1835 2566 1973 2630 fieri
1999 2575 2201 2648 potest
2226 2576 2297 2630 ut
2325 2588 2452 2630 non
2475 2577 2778 2649 congruat
2803 2570 3106 2645 moribus,
3148 2577 3258 2631 aut
3280 2572 3402 2632 dis-

1839 2661 2247 2740 positionibus
2273 2663 2556 2741 gentium
2590 2662 2873 2723 omnium
2907 2679 3018 2741 pro
3041 2662 3264 2741 quibus
3282 2663 3402 2725 fer-

1834 2760 1959 2832 tur,
1998 2755 2163 2837 quod
2197 2756 2468 2818 maxime
2504 2755 2861 2834 contingere
2897 2761 3097 2834 potest
3140 2754 3206 2815 in
3250 2755 3403 2835 legi-

1833 2849 1950 2910 bus
1972 2851 2283 2912 canonicis
2310 2855 2374 2910 et
2400 2849 2758 2925 Pontifieiis,
2791 2866 2929 2929 quae
2965 2866 3079 2929 pro
3107 2850 3401 2911 universa

1834 2943 2103 3004 Ecclesia
2147 2943 2413 3004 dantur:
2465 2960 2614 3002 nam
2660 2942 2927 3003 Ecclesia
2972 2942 3402 3023 complectitur

1833 3035 2007 3095 varia
2047 3052 2242 3115 regna
2274 3047 2335 3096 et
2360 3035 2731 3115 provinciaS,
2761 3033 3059 3096 habentes
3086 3036 3288 3097 varios
3315 3035 3400 3097 ri-

1834 3133 1957 3203 1116,
2004 3135 2066 3189 61
2116 3129 2329 3189 166(166
2374 3127 2649 3188 vivendi.
2696 3127 2895 3203 Unde,
2934 3126 3080 3189 licet
3106 3129 3249 3189 talis
3274 3129 3397 3207 lex,

1833 3221 2206 3299 regulariter
2256 3219 2589 3299 loquend0,
2637 3237 2766 3280 non
2805 3220 2885 3279 sit
2930 3220 3400 3283 disconveniens

1835 3313 1935 3375 vel
1962 3314 2152 3374 nimis
2182 3315 2340 3374 dura
2384 3331 2498 3392 pro
2525 3313 2815 3374 universa
2840 3312 3128 3389 Ecclesia,
3158 3321 3219 3375 et
3259 3315 3399 3376 ideo

1835 3417 2116 3487 respectu
2143 3408 2331 3467 totius
2362 3425 2490 3467 non
2517 3406 2744 3467 habeat
2769 3405 2976 3466 locum
3005 3407 3393 3487 supplicatio,

1833 3500 2289 3561 nihilominus'
2272 3518 2340 3561 16
2368 3518 2495 3560 666
2523 3499 2620 3560 vel
2651 3498 2772 3559 alio
2794 3516 2989 3577 regno
3012 3506 3120 3559 aut
3149 3503 3398 3606 provin-

1832 3593 1924 3653 cia
1942 3599 2142 3672 potest
2161 3609 2291 3653 esse
2313 3592 2501 3652 nimis
2522 3591 2886 3652 dissentiens
2908 3610 2947 3652 a
2965 3592 3243 3653 moribus
3262 3594 3397 3671 ejus

1832 3690 1893 3746 et
1920 3691 2134 3747 contra
2172 3685 2647 3746 consuetudines
2674 3685 2727 3763 ej
2737 3704 2829 3761 66,
2857 3703 3011 3763 quas
3046 3704 3173 3746 non
3199 3686 3399 3747 solent

1832 3778 2158 3839 Pontifices
2184 3777 2341 3839 velle
2365 3783 2630 3853 mutare,
2656 3777 2777 3838 nisi
2798 3776 2865 3837 id
2892 3777 3265 3856 exprimant,
3292 3780 3396 3840 sed

1829 3872 2036 3952 potius
2076 3889 2455 3946 conservare,
2506 3872 2684 3950 juxta
2715 3869 2967 3950 capitul.
3019 3870 3392 3948 Certifioari‚

1830 3965 1906 4026 de
1955 3965 2162 4045 Sepul.
2172 3980 2193 4042 ζ,
2237 3964 2305 4024 16
2332 3964 2444 4024 1611
2473 3981 2621 4043 ergo
2664 3981 2806 4023 casu
2844 3962 3003 4023 ratio
3030 3962 3298 4041 postulat
3327 3968 3397 4023 ut

1828 4057 2012 4119 liceat
2040 4057 2384 4137 supplicare
2409 4055 2795 4131 Pontificem,
2817 4053 2964 4133 quia
2982 4052 3237 4113 scientia
3261 4054 3395 4130 ejus

1829 4151 2194 4213 universalis
2233 4167 2358 4210 non
2384 4153 2584 4230 potest
2607 4164 2850 4226 semper
2878 4144 3124 4207 extendi
3151 4145 3231 4205 ad
3264 4145 3396 4207 haec

1830 4243 2248 4323 particularia.
2297 4243 2376 4301 Et
2426 4241 2544 4302 hoc
2572 4241 2777 4320 ipsum
2817 4243 2908 4299 661
2933 4255 2972 4297 6
2998 4236 3396 4298 Pontificibus

1824 4337 1968 4416 jure
1992 4341 2294 4397 statutum
2322 4334 2392 4395 in
2410 4352 2544 4413 cap.
2576 4336 2606 4394 1
2638 4333 2713 4393 de
2746 4330 3208 4405 Constitution.‚
3230 4330 3296 4389 in
3319 4331 3390 4409 63

1831 4451 1910 4494 ex
1935 4450 2060 4513 quo
2086 4432 2329 4493 videtur
2364 4430 2593 4508 colligi,
2642 4428 2870 4507 absque
2924 4424 3049 4487 6116
3084 4425 3395 4505 supplica-

1830 4526 1999 4588 tione
2023 4545 2062 4587 a
2087 4525 2224 4605 1636
2249 4523 2589 4604 pontificia,
2619 4523 2819 4629 ipsam
2856 4538 2935 4581 ex
2960 4519 3023 4579 vi
3048 4518 3259 4579 illius
3233 4519 3395 4597 juris

1828 4619 1962 4699 ipso
1996 4620 2160 4681 facto
2191 4637 2318 4680 non
2347 4616 2660 4697 obligare
2643 4635 2713 4677 16
2741 4613 2929 4676 simili
2961 4628 3143 4691 casu3
3165 4611 3392 4673 nihilo-

1829 4713 2039 4773 minus
2075 4719 2285 4775 tamen
2321 4711 2457 4773 fieri
2486 4715 2707 4816 potest,
2739 4714 2811 4769 ut
2837 4724 3013 4768 casus
3041 4722 3169 4766 non
3199 4705 3280 4766 sit
3305 4704 3392 4766 ita

1829 4806 2030 4868 clarus
2063 4813 2124 4868 61
2156 4812 2381 4882 certus,
2411 4806 2563 4885 quin
2590 4804 2670 4864 sit
2700 4800 3073 4863 conveniens
3099 4816 3261 4860 nova
3286 4798 3390 4859 de-

1827 4899 2081 4962 claratio
2109 4899 2463 4976 Pontificis3
2512 4914 2660 4977 ergo
2697 4896 2767 4956 in
2796 4893 2909 4956 tali
2933 4911 3078 4955 casu
3109 4891 3278 4953 licita
3297 4897 3390 4952 est

1827 4993 2195 5075 supplicatio
2232 4999 2294 5055 61
2321 4991 2453 5072 juri
2483 4994 2916 5053 consentanea.

1904 5087 1965 5148 8.
2017 5086 2299 5166 Tempore
2346 5084 2851 5165 supplicationum
2895 5079 2990 5142 nil
3041 5074 3385 5155 faciendum

1825 5184 2034 5243 contra
2059 5179 2282 5259 tepent.-
2307 5178 2463 5259 quod
2489 5176 2547 5238 ei
2571 5174 2714 5253 fieri
2738 5190 2856 5235 non
2878 5176 3074 5251 potest
3104 5170 3232 5231 sine
3254 5187 3382 5230 ma-

1820 5289 1945 5351 qna
1972 5288 2178 5336 rerwm
2225 5272 2555 5339 mutatione
2574 5314 2595 5345 ,
2641 5267 2733 5331 vel
2776 5265 3048 5330 scandali
3087 5263 3379 5343 periculo,

1821 5371 1962 5435 tuae
1990 5384 2061 5431 ea
2088 5363 2577 5445 interpretatione
2617 5359 2869 5439 beniyna
2903 5356 3229 5433 Pontifiois
3263 5374 3382 5417 nou

1822 5466 2089 5525 censetur
2129 5452 2776 5538 &lipara—Denique
2808 5450 3185 5513 consuetudo
3212 5447 3380 5508 vide-

1821 5543 3116 5623 tursatishancassertionemconfirmare:
3153 5541 3378 5604 scimus
