3976 6219
527 489 738 546 autem
774 478 1056 541 iaciendo
1093 482 1424 539 externum
1465 480 1676 538 actum
1701 473 1814 536 tali
1847 471 2084 534 modo:

529 592 678 654 ergo
696 572 944 651 signum
967 577 1061 633 est
1077 569 1186 631 illa
1210 588 1342 632 esse
1361 570 1486 631 duo
1504 572 1815 649 praeeepta
1833 566 2089 627 distinc-

527 674 616 743 ta,
653 671 716 727 et
736 682 936 725 unum
961 681 1074 744 per
1105 681 1170 724 se
1202 662 1435 725 versari
1463 662 1624 723 circa
1650 659 1852 721 solum
1875 664 2089 721 actum

526 758 912 833 interiorem,
950 756 1228 835 illudque
1258 759 1506 816 tantum
1541 770 1671 813 non
1705 750 1953 831 impleri
1977 768 2090 830 per

525 852 838 915 internam
861 848 1277 910 omissionem.
1305 846 1388 909 At
1406 847 1526 908 hoc
1554 844 1691 907 fieri
1708 860 1836 905 non
1861 848 2085 924 potest,

525 944 712 1024 juxta
750 940 933 1003 dicta.
970 941 1218 1016 Tertio,
1264 938 1330 999 id
1359 943 1560 1018 potest
1584 936 1826 999 ostendi
1865 954 1944 999 ex
1967 954 2089 997 usu

531 1035 817 1099 Ecclesiae
832 1078 853 1111 ,
890 1039 954 1096 et
979 1034 1087 1094 illo
1112 1032 1332 1095 eodem
1361 1029 1644 1111 exemplo
1671 1028 2089 1109 indulgentia-

529 1143 708 1190 rum·
687 1173 710 1207 ,
742 1144 890 1189 nam
927 1124 1192 1187 Ecclesia
1230 1143 1359 1186 non
1397 1122 1716 1185 consuevit
1755 1139 1974 1200 cogere
2006 1120 2087 1183 ad

526 1221 719 1285 talem
741 1221 1154 1285 intentionem
1179 1220 1496 1281 internam
1521 1234 1649 1278 non
1675 1216 2084 1279 necessariam

529 1316 612 1377 ad
643 1314 1053 1379 substantiam
1082 1312 1416 1375 moralium
1441 1316 1734 1385 actuum,
1767 1308 1876 1371 sed
1904 1309 2089 1370 indu·-

530 1409 616 1470 cit
665 1409 740 1469 ad
797 1408 972 1469 illam
1017 1405 1329 1469 offerendo
1377 1403 1724 1485 spiritualia
1762 1401 2089 1465 commoda

525 1502 642 1564 sub
669 1501 778 1563 illa
803 1501 1180 1576 conditione,
1222 1503 1286 1560 et
1315 1516 1444 1559 non
1468 1496 1689 1574 aliter3
1728 1496 1839 1575 qui
1866 1495 2088 1557 modus

525 1613 769 1675 semper
797 1594 1111 1674 judicatus
1143 1598 1234 1655 est
1261 1591 1569 1653 sufficiens
1600 1588 1679 1650 ad
1711 1587 2087 1649 subvenien-

525 1688 680 1750 dum
699 1685 1132 1749 communibus
1146 1682 1608 1747 necessitatibus
1629 1680 2089 1761 Ecdeaiaezergo

527 1780 686 1842 alius
704 1780 1082 1843 necessarius
1103 1796 1230 1840 non
1250 1782 1362 1853 est,
1388 1793 1592 1855 neque
1613 1774 1802 1835 etiam
1826 1780 1918 1835 est
1941 1792 2087 1835 con-

527 1874 808 1949 1331333,
839 1872 946 1951 qui
968 1877 1059 1931 est
1077 1870 1154 1931 (13
1175 1889 1243 1931 13
1262 1867 1688 1943 occultissima,
1716 1873 1780 1929 et
1800 1867 2089 1946 periculis

529 1965 827 2045 exposita,
866 1975 929 2026 et
949 1962 1089 2025 ideo
1108 1960 1506 2024 verisimilius
1527 1964 1620 2021 est
1648 1977 1778 2021 non
1799 1978 1932 2022 esse
1955 1978 2090 2021 ma·

527 2059 751 2120 teriam
780 2057 977 2136 ipsam
1003 2056 1085 2116 ad
1112 2055 1316 2135 legem
1341 2053 1706 2114 humanam.

613 2153 710 2211 17.
755 2150 957 2227 Atque
978 2148 1111 2209 haec
1138 2147 1361 2208 ultima
1385 2144 1545 2205 ratio
1571 2149 1772 2224 potest
1795 2143 2093 2224 applicari

529 2241 608 2303 ad
635 2242 908 2322 priorem
944 2240 1203 2300 modum
1231 2286 1244 2311 ,
1278 2237 1355 2299 de
1392 2254 1515 2316 quo
1544 2236 1751 2297 minor
1789 2241 1883 2297 est
1913 2238 2095 2297 certi-

529 2332 704 2410 tudo,
753 2334 924 2412 quia,
971 2331 1119 2393 11331
1157 2331 1262 2392 1113
1305 2329 1526 2390 111οά33
1557 2329 1853 2408 operandi
1891 2330 2092 2409 magis

531 2425 910 2486 necessarius
940 2442 1072 2485 esse
1114 2424 1307 2503 possit
1344 2422 1426 2483 ad
1469 2422 1663 2483 bonos
1703 2440 1906 2483 mores
1943 2422 2095 2483 fide-

529 2516 716 2593 lium,
758 2516 1168 2578 nihilominus
1209 2522 1420 2577 tamen
1455 2562 1469 2589 ,
1517 2515 1596 2576 ad
1637 2515 1994 2595 generalem
2032 2521 2097 2577 et

532 2610 1007 2671 convenientem
1037 2608 1322 2669 Ecclesiae
1348 2607 1889 2686 gubernationem,
1921 2608 2095 2669 vide-

533 2707 640 2764 tur
665 2701 949 2763 sufficere
967 2750 980 2777 ,
1018 2708 1091 2762 ut
1116 2720 1228 2781 per
1265 2701 1434 2780 leges
1461 2700 1899 2780 pra-,cipiantur
1920 2707 2093 2762 actus

535 2794 776 2855 externi
812 2794 890 2855 de
924 2812 988 2855 se
1028 2793 1178 2854 boni
1221 2792 1323 2854 vel
1369 2791 1642 2870 religiosi
1687 2810 1832 2853 cum
1885 2794 2097 2854 condi-

534 2884 813 2946 tionibus
839 2884 1220 2961 necessariis,
1264 2889 1336 2944 ut
1359 2884 1485 2945 sint
1511 2883 1668 2945 tales
1694 2889 1866 2945 actus
1892 2903 2097 2947 mora-

535 2977 660 3056 les;
693 2996 842 3039 nam
877 2996 951 3039 eo
989 2978 1124 3058 ipso
1157 2975 1460 3037 naturalis
1489 2976 1649 3036 ratio
1683 2976 1784 3038 vel
1807 2976 1913 3056 jus
1939 2977 2098 3040 divi-

535 3087 689 3132 num
714 3069 948 3150 obligat
974 3074 1044 3131 ut
1063 3070 1322 3131 honeste
1350 3085 1458 3130 seu
1489 3066 1679 3148 digne
1705 3067 1904 3132 fiant:
1947 3088 2096 3150 ergo

534 3181 664 3225 non
688 3163 960 3244 oportuit
998 3163 1066 3224 in
1099 3162 1220 3225 hoc
1250 3161 1654 3242 multiplicari
1694 3163 2097 3227 ecclesiastica

533 3261 864 3336 proecepta,
911 3254 1186 3317 maxime
1227 3254 1478 3334 quando
1519 3254 1823 3316 rectitudo
1864 3257 2097 3336 pendet

533 3365 611 3411 ex
636 3349 766 3410 solo
797 3353 940 3410 actu
972 3348 1074 3410 vel
1117 3346 1516 3427 dispositione
1539 3346 1841 3423 interiori,
1872 3348 1950 3409 de
1969 3367 2097 3429 qua

533 3442 821 3506 Ecclesiae
843 3447 1124 3504 constare
1145 3459 1273 3502 non
1295 3445 1516 3521 potest.
1543 3439 1793 3501 Accedit
1815 3442 1981 3520 quod
2002 3450 2095 3505 ta-

532 3534 612 3597 lis
637 3535 1096 3596 circumstantia
1117 3551 1227 3613 per
1253 3550 1318 3594 se
1336 3550 1466 3593 non
1493 3531 1830 3594 includitur
1850 3533 1919 3595 in
1936 3553 2097 3614 prae-

534 3632 714 3707 cepto
742 3627 820 3688 de
840 3626 954 3687 tali
979 3631 1123 3687 actu
1145 3631 1400 3688 externo
1423 3625 1906 3688 substantialiter
1926 3645 2097 3708 spec-

537 3724 693 3794 tato,
729 3735 860 3780 non
888 3717 1086 3778 solum
1115 3717 1184 3778 in
1211 3734 1341 3778 esse
1371 3717 1680 3779 materiali
1717 3723 1780 3779 et
1810 3718 2093 3800 physico,

533 3811 642 3872 sed
667 3810 857 3872 etiam
881 3809 950 3870 in
977 3827 1110 3872 esse
1145 3808 1368 3871 morali
1396 3810 1784 3887 sacramenti,
1814 3812 1915 3874 vel
1941 3833 2095 3876 con-

535 3908 792 3975 tractus,
821 3902 1138 3976 orationis,
1170 3907 1287 3965 etc.
1325 3903 1491 3982 Ergo
1517 3907 1588 3963 ut
1621 3903 1764 3965 talis
1789 3905 2093 3968 rectitudo

534 3995 948 4077 praecipiatur,
1001 3994 1417 4056 necessarium
1456 3995 1578 4056 erit
1613 3996 1844 4059 directe
1883 4003 1947 4060 et
1982 4016 2096 4078 per

533 4107 598 4151 se
617 4087 892 4169 praecipi,
921 4087 1087 4169 quod
1103 4091 1264 4150 esset
1287 4087 1513 4150 directe
1531 4089 1860 4170 praecipere
1883 4097 2095 4154 actum

533 4181 918 4244 interiorem.

612 4275 714 4337 18.
763 4275 977 4338 Porcia
1001 4271 1549 4337 mnemia—Dico
1569 4275 1754 4337 tertio
1778 4292 1795 4337 ε
1822 4276 2096 4341 Ecclesia

533 4384 664 4428 non
693 4372 894 4447 potest
914 4363 1242 4445 prohibere
1271 4365 1373 4427 vel
1397 4366 1622 4445 punire
1649 4374 1858 4431 actum
1885 4377 2092 4433 exter-

534 4475 693 4519 num
711 4458 790 4519 de
810 4477 874 4520 se
895 4456 1132 4518 bonum
1149 4473 1229 4519 ex
1250 4456 1511 4536 objecto,
1537 4463 1600 4520 et
1617 4460 2097 4524 circumstantiis

537 4551 826 4624 externis,
851 4555 1105 4630 propter
1135 4549 1337 4610 solum
1365 4549 1699 4629 defectum,
1724 4571 1911 4633 quem
1932 4556 2095 4618 acci-—

535 4661 682 4724 pere
711 4648 912 4723 potest
949 4660 1028 4703 ex
1065 4639 1289 4702 affectu
1315 4641 1584 4719 interno,
1622 4645 1724 4706 vel
1749 4645 2095 4710 intentione

538 4736 892 4816 operantis3
933 4739 1006 4795 ut
1029 4738 1207 4809 33331,
1260 4732 1434 4796 verbi
1461 4736 1687 4815 gratia,
1726 4739 1950 4818 punire
1985 4758 2098 4820 per

535 4828 764 4909 legem,
793 4827 1048 4890 dantem
1091 4817 1551 4908 eleemosynam
1589 4836 1841 4912 propter
1866 4851 2098 4897 vanam

539 4921 831 5028 gloriam,
851 4920 1096 4982 etiamsi
1109 4921 1380 4982 exterius
1396 4939 1525 4983 non
1544 4923 2092 5004 demonstraretur,

538 5015 642 5076 vel
681 5013 1004 5121 quippiam
1038 5012 1262 5076 simile.
1313 5015 1459 5076 Haec
1505 5021 1596 5076 est
1639 5019 1945 5081 sententia
1992 5019 2097 5080 Al-

541 5107 741 5170 maini
781 5125 970 5188 supra
1003 5105 1274 5185 allegati.
1321 5105 1592 5170 Assertio
1623 5110 1770 5171 satis
1810 5117 1980 5191 patet
2020 5129 2099 5175 ex

540 5199 934 5281 praecedenti,
965 5204 1028 5262 et
1054 5216 1132 5261 ex
1151 5198 1544 5261 rationibus
1526 5219 1596 5262 13
1621 5220 1696 5264 33
1713 5201 1914 5281 factis,
1945 5206 2099 5285 quia

541 5293 816 5373 profecto
841 5293 984 5354 talis
1023 5291 1358 5372 prohibitio
1383 5298 1540 5356 esset
1579 5295 1812 5358 directe
1827 5298 1927 5366 ,(13
1955 5303 2101 5360 actu

541 5385 832 5447 internox
865 5401 1014 5444 nam
1050 5389 1340 5446 externus
1381 5404 1510 5447 non
1546 5389 1788 5450 ratione
1831 5390 1953 5466 sui,
1992 5391 2100 5452 sed

540 5478 782 5542 ratione
801 5474 1115 5538 interioris
1139 5481 1390 5541 tantum
1415 5479 1848 5560 prohiberetur
1865 5527 1890 5562 ,
1926 5483 2096 5546 unde

1504 379 1623 433 Lm.
1655 377 1740 433 Π.
1774 376 1858 430 mt
1885 374 2050 429 men
2076 374 2367 429 Posmva
2396 373 2724 429 canorum.

2170 471 2337 533 solus
2364 472 2555 533 etiam
2586 471 2868 533 internus
2893 486 3041 531 vere
3071 468 3420 549 puniretur.
3456 469 3611 531 Item
3646 466 3733 529 ad

2166 564 2451 643 regimen
2471 562 2755 627 Ecclesiae
2778 560 3041 623 visibilis
3060 562 3439 624 necessarius
3456 579 3591 623 non
3611 566 3729 635 est,

2170 676 2285 719 333
2311 656 2685 721 conveniens
2707 656 2851 719 talis
2883 656 3105 718 modus
3141 654 3597 736 prohibitionis,
3627 652 3733 713 vel

2174 768 2417 831 poenae.
2458 756 2552 813 est
2581 750 2751 813 enim
2789 755 3013 830 proeter
3051 748 3395 811 humanam
3428 746 3736 811 conditio-

2168 862 2338 921 nem,
2378 850 2445 907 31
2480 844 2570 907 113
2614 861 2940 925 nunquam
2978 842 3249 905 Ecclesia
3276 840 3614 918 consuevit,
3658 842 3737 899 ut

2168 938 2471 1001 constabit
2502 956 2583 1000 ex
2612 936 2911 999 dicendis.
2961 935 3237 1016 Denique
3257 934 3376 997 hoc
3400 934 3561 997 bene
3586 950 3735 1014 pro·

2168 1031 2324 1094 bant
2343 1050 2397 1096 3.
2422 1031 2538 1093 311.
2570 1031 2647 1093 (13
2666 1030 2901 1093 Simon.
2925 1034 2988 1091 et
3003 1047 3141 1111 cap.
3166 1028 3309 1093 ,Tua
3326 1046 3459 1104 nos,
3482 1026 3731 1101 eodem,

2172 1130 2245 1187 ut
2274 1125 2463 1205 paulo
2488 1123 2751 1185 inferius
2779 1122 3006 1184 dicam.

2248 1218 2349 1280 19.
2368 1217 2544 1279 Unde
2570 1214 2773 1278 infero
2794 1220 2859 1277 et
2880 1214 3137 1276 adverto
3152 1211 3397 1275 13311133
3419 1229 3550 1275 3333
3568 1211 3735 1273 Prae-

2164 1310 2291 1373 lato
2343 1308 2750 1371 ecclesiastico
2795 1306 3123 1389 prohibere
3165 1304 3353 1367 alicui
3392 1304 3735 1383 eleemosy-

2168 1421 2319 1465 nam
2340 1400 2617 1465 absolute
2642 1407 2707 1463 et
2732 1400 3117 1481 simpliciter,
3146 1404 3209 1460 et
3242 1415 3495 1479 poenam
3532 1398 3736 1477 impo-

2169 1514 2319 1559 nere
2346 1494 2551 1572 sifiat,
2570 1512 2761 1574 quam
2787 1491 3137 1574 prohibere,
3174 1490 3277 1553 vel
3310 1492 3534 1571 punire
3572 1489 3735 1551 elee-

2172 1607 2501 1670 mosynam
2518 1588 2745 1650 factam
2758 1591 3010 1666 propter
3026 1602 3255 1648 vanam
3272 1583 3555 1663 gloriam.
3576 1582 3738 1656 Quia

2169 1702 2311 1745 cum
2328 1680 2692 1763 prohibetur
2718 1679 3017 1759 absolute,
3035 1683 3235 1759 potest
3254 1676 3503 1739 subesse
3524 1675 3739 1754 aliqua

2167 1778 2327 1838 ratio
2348 1776 2663 1857 pertinens
2688 1774 2769 1835 ad
2790 1778 3111 1835 externam
3130 1769 3647 1850 gubernationem
3674 1771 3737 1829 et

2167 1870 2399 1946 forum,
2452 1873 2702 1949 propter
2744 1883 2934 1946 quam
2975 1870 3352 1945 praeeeptum
3392 1862 3473 1923 sit
3514 1861 3736 1922 huma-

2172 1980 2327 2023 num
2350 1967 2413 2023 et
2431 1961 2695 2040 justum,
2724 1964 2796 2019 ut
2823 1958 3065 2019 notavit
3091 1956 3301 2018 Glossa
3324 1972 3511 2034 supra
3547 1953 3739 2014 citata

2170 2058 2237 2118 13
2261 2057 2325 2117 (1.
2355 2056 2528 2119 verb.
2559 2056 2614 2118 J
2612 2054 2859 2118 ustitia.
2890 2053 3099 2132 Neque
3124 2057 3215 2113 est
3230 2050 3647 2113 necessarium
3666 2052 3737 2107 ut

2172 2150 2452 2230 superior
2484 2149 2551 2208 in
2596 2165 2709 2208 suo
2736 2151 3040 2227 praecepto
3077 2162 3258 2205 suum
3286 2143 3591 2203 motivum
3620 2159 3737 2201 ex-

2171 2243 2443 2322 primat3
2468 2258 2618 2301 nam
2660 2238 3052 2319 praesumitur
3075 2239 3338 2316 justum,
3377 2236 3528 2296 dum
3564 2232 3739 2294 aliud

2173 2353 2302 2396 non
2329 2338 2592 2408 constat,
2609 2339 2671 2394 et
2689 2333 2778 2393 ita
2803 2332 2880 2392 de
2912 2329 3393 2409 transgressione
3414 2328 3554 2389 talis
3585 2346 3741 2407 pras-

2174 2427 2335 2505 cepti
2362 2424 2734 2487 sufficienter
2758 2430 2997 2484 constat
3011 2440 3123 2502 per
3142 2422 3337 2483 solam
3350 2420 3741 2481 effectionem

2174 2519 2506 2580 extrinseci
2531 2522 2728 2578 actus.
2758 2516 2838 2577 At
2860 2534 3010 2576 vero
3053 2516 3107 2575 si
3137 2512 3539 2594 prohibeatur
3582 2512 3741 2572 elee-

2176 2629 2436 2690 mosyna
2462 2615 2711 2671 tantum
2736 2607 2816 2670 ob
2843 2606 3369 2669 circumstantiam
3408 2622 3615 2684 pravae
3639 2603 3742 2663 in·-

2176 2702 2471 2766 tentionis
2490 2704 2559 2765 in
2585 2702 2723 2781 lege
2751 2718 3123 2781 expressam,
3143 2717 3219 2761 eo
3238 2698 3372 2779 ipso
3394 2696 3744 2759 declaratur

2177 2797 2504 2858 materiam
2530 2793 2965 2875 prohibitionis
3006 2811 3135 2854 non
3182 2809 3317 2854 esse
3363 2796 3594 2870 aptam,
3624 2807 3745 2850 nec

2176 2889 2483 2950 rationem
2522 2885 2956 2968 prohibitionis
2976 2883 3509 2947 accommodatam
3534 2889 3742 2965 potes-

2172 2982 2290 3043 tati
2309 2982 2625 3057 humanae,
2641 2997 2758 3041 nec
2774 2978 2851 3042 de
2872 2978 3354 3059 transgressione
3370 2995 3548 3057 posse
3561 2995 3743 3037 cons-

2173 3082 2307 3138 tare
2337 3093 2449 3157 per
2488 3073 2795 3137 actionem
2840 3077 3186 3149 externam,
3233 3069 3743 3152 quandoquidem

2170 3169 2315 3232 licet
2340 3168 2450 3230 illa
2469 3167 2601 3244 fiat,
2630 3185 2757 3228 non
2776 3165 2987 3227 statim
3003 3165 3075 3226 fit
3096 3171 3313 3227 contra
3330 3164 3453 3226 tale
3468 3181 3743 3244 praecep-

2173 3267 2331 3337 tum,
2362 3259 2512 3340 quia
2540 3260 2619 3321 de
2644 3259 2992 3322 intentione
3018 3257 3147 3320 non
3174 3262 3434 3320 constat.

2254 3354 2355 3413 20.
2380 3352 2616 3427 Quarta
2632 3352 2925 3415 conclusio
2944 3351 3161 3414 doactu
3172 3356 3410 3414 externo
3424 3349 3745 3430 dependen-

2177 3446 2230 3508 ti
2257 3445 2331 3507 ab
2363 3446 2617 3508 intorno.
2648 3479 2726 3490 -
2745 3443 2893 3506 Dico
2933 3449 3154 3524 quarto
3186 3460 3203 3504 ε
3232 3443 3502 3505 Ecclesia
3540 3448 3745 3522 potest

2174 3535 2503 3617 prohibere
2548 3543 2613 3598 et
2662 3537 2889 3618 punire
2932 3541 3140 3598 actum
3188 3537 3555 3598 exteriorem
3594 3552 3745 3596 cum

2177 3629 2589 3710 dependentia
2609 3629 2689 3691 ab
2713 3629 2995 3692 interiori
3012 3629 3257 3706 affectu,
3281 3629 3383 3691 vel
3391 3628 3745 3692 intentione

2177 3721 2589 3784 accidentaria
2610 3721 2721 3783 tali
2746 3723 2931 3798 331111,
2954 3720 3203 3801 quando
3219 3727 3392 3782 actus
3410 3721 3563 3782 alias
3584 3725 3745 3782 esset

2174 3814 2378 3877 malus
2407 3814 2541 3876 sine
2563 3813 2673 3876 tali
2690 3813 3059 3890 intentione,
3077 3819 3139 3875 et
3160 3811 3509 3893 dignustali
3525 3829 3735 3892 poena.

2172 3907 2364 3969 Juxta
2379 3906 2541 3968 hanc
2566 3906 2968 3968 assertionem
2990 3906 3362 3986 interpretor
3376 3903 3740 3985 opinionem

2177 3999 2366 4079 Cajet.
2398 4004 2463 4060 31
2484 3997 2657 4060 illam
2684 4003 2895 4078 aperte
2917 3998 3095 4060 docet
3118 3997 3289 4078 Sylv.
3318 4013 3528 4078 supra,
3555 4001 3619 4058 et
3644 4013 3747 4057 res

2174 4093 2311 4172 ipsa
2340 4091 2409 4152 in
2439 4110 2505 4155 se
2548 4092 2789 4155 videtur
2815 4093 2961 4154 satis
2986 4091 3177 4168 clara,
3204 4096 3268 4153 et
3304 4090 3449 4152 usui
3493 4089 3745 4152 confor-

2174 4185 2332 4262 mis;
2369 4185 2529 4247 ratio
2560 4203 2708 4248 vero
2734 4203 2774 4247 a
2804 4185 2996 4266 priori
3017 4190 3133 4261 est,
3162 4184 3310 4264 quia
3339 4183 3602 4246 Ecclesia
3626 4201 3747 4263 po-

2172 4283 2294 4341 test
2314 4277 2643 4359 prohibere
2679 4278 3041 4358 simpliciter
3064 4277 3256 4340 talem
3282 4278 3588 4339 actionem
3630 4293 3748 4338 ex-

2174 4375 2445 4447 ternam,
2486 4375 2549 4433 et
2588 4372 2813 4452 punire
2848 4369 3023 4433 illam
3053 4387 3070 4431 :
3115 4388 3265 4449 ergo
3302 4375 3503 4450 potest
3550 4368 3747 4429 etiam

2176 4462 2501 4542 prohibere
2528 4469 2591 4525 et
2610 4465 2835 4543 punire
2860 4481 3005 4524 cum
3028 4463 3143 4524 tali
3174 4463 3553 4538 conditione,
3583 4461 3747 4522 scili-

2174 4560 2294 4631 331,
2320 4555 2373 4616 31
2404 4573 2444 4616 3
2471 4555 2585 4616 1311
2614 4556 2959 4618 1313311333
2990 4555 3141 4633 odii,
3168 4555 3271 4618 vel
3298 4555 3488 4617 simili
3530 4571 3748 4635 proce-

2176 4647 2308 4724 dat,
2338 4653 2401 4708 et
2427 4665 2555 4710 non
2576 4648 2750 4712 alias.
2778 4647 3161 4712 Antecedens
3186 4655 3360 4728 patet
3375 4666 3452 4709 ex
3478 4647 3619 4728 ipsa
3650 4665 3749 4707 as-

2180 4740 2446 4803 sertione
2485 4758 2508 4821 3
2556 4760 2709 4805 nam
2754 4743 3047 4824 supponit
3080 4743 3388 4804 actionem
3409 4741 3590 4804 illam
3616 4757 3749 4802 esse

2177 4834 2409 4896 malam
2436 4835 2503 4896 in
2522 4853 2587 4897 se
2608 4837 2741 4898 sine
2762 4836 3229 4898 taliintentione
3240 4851 3263 4914 3
3287 4840 3351 4898 et
3367 4850 3751 4914 consequen-

2176 4932 2275 4989 ter
2292 4945 2423 4990 esse
2450 4928 2707 5008 dignam
2739 4946 2946 5010 poena,
2979 4929 3335 5008 versarique
3374 4928 3446 4990 in
3484 4924 3757 4988 materia

2180 5020 2613 5099 ecclesiastica,
2646 5039 2756 5084 seu
2796 5023 3141 5084 canonica:
3170 5021 3259 5083 sic
3293 5021 3463 5083 enim
3504 5033 3757 5125 semper

2182 5112 2519 5194 loquimur.
2566 5115 3017 5196 Consequentia
3052 5132 3199 5176 vero
3240 5119 3435 5194 patet,
3464 5112 3614 5192 quia
3642 5129 3759 5190 per

2182 5204 2358 5267 illam
2402 5205 2818 5270 conditionem
2868 5225 2998 5269 non
3048 5207 3405 5269 extenditur
3452 5209 3752 5285 potestas,

2180 5298 2288 5360 sed
2314 5300 2709 5380 restringitur
2743 5319 2891 5362 usus
2927 5301 3084 5379 ejus.
3121 5300 3316 5378 Magis
3340 5298 3507 5360 enim
3536 5297 3755 5356 mode·

2178 5397 2316 5452 rata
2342 5397 2405 5453 et
2444 5394 2723 5454 restricta
2761 5400 2854 5456 est
2880 5392 3215 5474 prohibitio
3235 5398 3299 5453 et
3328 5389 3577 5472 punitio
3604 5405 3755 5450 eum

2179 5503 2255 5547 ea
2279 5486 2655 5566 conditione,
2681 5507 2871 5570 quam
2904 5486 2960 5551 si
2999 5486 3278 5552 absolute
3308 5484 3508 5561 fieret,
3538 5488 3610 5547 ut
3634 5501 3721 5560 pe
