3976 6219
498 719 1790 947 TRAGTATUS
1921 723 2204 945 DE
2338 720 3267 948 LEGIBUS

1167 1132 1320 1238 ET
1395 1130 2227 1242 LEGISLATORE
2304 1131 2580 1239 DEO.

1603 1719 2133 1798 PROOEMIUM

1041 1919 1366 1970 sumnum
1406 1924 1481 1970 m·
1532 1924 1832 1971 RATmNEu
1870 1924 2074 1972 TO'I'I'US
2114 1922 2317 1971 omme
2358 1920 2700 1971 CONTINENS.

372 2111 552 2185 Nulli
588 2113 836 2185 mirum
885 2113 1098 2187 videri
1149 2114 1354 2188 dehet
1405 2116 1463 2187 si
1508 2115 1769 2188 homini
1817 2115 2226 2209 theologiam
2270 2117 2617 2211 profitenti
2660 2117 2843 2214 leges
2888 2116 3191 2190 incidant
3237 2116 3484 2213 dispu-

269 2211 520 2283 tandae.
565 2210 952 2305 Theologiae
980 2235 1280 2307 namque
1307 2214 1673 2285 eminentia
1698 2211 1785 2285 ah
1818 2216 1968 2308 ejus
1995 2212 2302 2309 subjecto
2336 2215 2861 2287 eminentissimo
2895 2215 3191 2288 derivata
3215 2236 3487 2287 omnem

276 2307 573 2381 excludit
604 2309 937 2385 rationem
976 2310 1381 2383 admirandi.
1428 2310 1600 2400 Imo,
1640 2311 1696 2381 si
1738 2332 1846 2381 res
1874 2310 2023 2406 ipsa
2051 2322 2234 2383 recte
2268 2311 2687 2408 dispiciatur,
2720 2312 2944 2409 palam
2984 2312 3109 2383 erit
3139 2313 3230 2384 ita
3263 2312 3492 2406 legum

268 2408 741 2481 tractationem
800 2407 1156 2505 theologiae
1206 2406 1466 2481 ambitu
1526 2407 1843 2480 concludi
1872 2461 1893 2499 ,
1955 2419 2033 2479 ut
2083 2407 2438 2503 theologus
2492 2408 2876 2504 subjectum
2934 2413 3085 2504 ejus
3138 2410 3494 2483 exhaurire

268 2526 406 2576 non
454 2506 702 2598 valeat,
762 2506 893 2578 nisi
921 2507 1184 2603 legibus
1231 2505 1740 2579 considerandis
1792 2506 2210 2577 immoretur.
2261 2505 2446 2578 Deus
2479 2507 2690 2597 enim,
2728 2518 2805 2578 ut
2846 2507 3075 2578 multis
3107 2507 3254 2579 aliis
3286 2508 3491 2580 titulis

267 2624 307 2673 a
343 2603 681 2702 theologo,
717 2605 811 2677 ita
837 2604 951 2678 illo
992 2605 1286 2701 expendi
1323 2603 1553 2694 debet,
1598 2603 1785 2698 quod
1810 2602 2087 2675 ultimus
2140 2603 2226 2674 sit
2263 2601 2419 2675 finis
2464 2604 2553 2676 ad
2595 2626 2803 2699 quem
2840 2603 3128 2677 tendunt
3159 2616 3488 2680 creaturae

266 2702 545 2776 rationis
580 2703 969 2801 participeS,
1011 2714 1079 2776 et
1116 2705 1186 2776 in
1224 2726 1360 2799 quo
1401 2703 1603 2775 unica
1638 2701 1905 2774 illarum
1948 2700 2229 2773 felicitas
2268 2701 2596 2773 consistit.
2646 2702 2821 2774 Hinc
2854 2726 3011 2799 ergo
3067 2702 3146 2774 fit
3180 2713 3256 2776 ut
3314 2702 3486 2776 doc-

272 2800 444 2874 trina
503 2824 693 2876 sacra
727 2812 796 2875 et
829 2801 1038 2875 finem
1085 2803 1275 2875 hunc
1307 2800 1622 2874 ultimum
1647 2809 2007 2896 respectet,
2043 2810 2111 2872 et
2131 2799 2309 2872 viam
2344 2800 2433 2872 ad
2459 2822 2618 2871 eum
2647 2801 3182 2898 comparandum
3210 2802 3475 2875 doceat.

265 2895 503 2994 Neque
555 2924 714 2974 vero
758 2902 940 2973 Deus
982 2899 1406 2973 solummodo
1452 2911 1557 2971 est
1615 2898 1772 2970 finis
1806 2906 1874 2970 et
1906 2898 2112 2971 veluti
2152 2920 2397 2994 scopus
2456 2897 2543 2970 ad
2579 2921 2786 2994 quem
2820 2909 3148 2973 creaturae
3174 2899 3481 2974 intellec-

267 2996 483 3069 tuales
524 3000 839 3089 tendunt,
882 3000 1004 3087 sed
1051 3000 1258 3071 etiam
1303 3007 1406 3071 est
1450 3019 1655 3069 causa
1697 2997 1800 3070 sui
1835 2997 2299 3092 comparandi.
2342 2995 2514 3069 Nam
2552 3008 2895 3071 creaturas
2943 3020 3099 3070 suas
3137 2999 3330 3095 regit,
3382 3011 3475 3091 et,

267 3104 542 3170 ostensa
593 3099 732 3189 via,
778 3098 865 3169 ad
916 3121 989 3170 se
1043 3097 1279 3182 ducit;
1338 3106 1408 3171 et
1458 3119 1547 3168 113
1597 3120 1636 3169 3
1674 3104 1859 3168 recto
1904 3094 2143 3169 itinere
2176 3094 2569 3187 deflectant,
2620 3096 3048 3169 admonendo
3082 3099 3474 3195 compescit,

265 3192 847 3292 deflectentesque
884 3218 1004 3268 sua
1040 3195 1360 3269 ineffabili
1394 3194 1816 3290 providentia
1854 3205 2125 3266 revocat
2183 3216 2265 3267 ac
2316 3194 2605 3285 reducit,
2657 3196 2961 3268 doctrina
3008 3195 3474 3288 illuminando,

267 3293 564 3367 consiliis
605 3295 973 3385 monend0,
1007 3292 1265 3391 legibus
1322 3293 1651 3389 cogendo,
1703 3301 1771 3364 et
1861 3293 2159 3390 raecipue
2206 3314 2349 3364 suae
2383 3292 2615 3390 gratiae
2659 3292 2921 3366 auxiliis
2949 3293 3361 3390 adiuvando,
3405 3304 3481 3366 ut

256 3391 417 3483 jure
454 3394 694 3466 merito
746 3393 1063 3465 inclamet
1102 3393 1361 3466 Isaias:
1419 3389 1760 3464 Dominus
1813 3316 2062 3487 Eyifer
2110 3405 2376 3474 noster,
2425 3391 2768 3465 Dominus
2815 3414 2942 3464 rex
2996 3405 3229 3466 noster
3252 3450 3270 3476 ‚
3331 3392 3478 3489 ipse

263 3489 561 3563 salvabit
602 3514 753 3564 nos.
800 3491 1136 3578 Quoniam
1167 3492 1369 3587 igitur
1397 3488 1604 3585 huJus
1643 3488 1876 3561 salutis
1912 3490 2020 3562 via
2073 3489 2144 3561 in
2186 3490 2562 3563 actionibus
2617 3491 2844 3564 liberis
2891 3513 3294 3587 morumque
3324 3515 3479 3566 rec-

265 3584 551 3662 titudine
585 3589 803 3686 posita
839 3598 968 3680 est,
1007 3611 1166 3685 quae
1215 3610 1483 3662 morum
1522 3587 1855 3660 rectitudo
1898 3611 1939 3660 a
1977 3588 2126 3684 lege
2171 3598 2499 3684 tanquam
2535 3588 2621 3661 ab
2650 3591 3100 3662 humanarum
3138 3590 3479 3664 actionum

263 3685 495 3779 regula
527 3688 894 3783 plurimum
952 3687 1249 3783 pendet;
1288 3686 1539 3759 idcirco
1578 3685 1806 3781 legum
1846 3687 2294 3758 consideratio
2342 3687 2414 3757 in
2454 3710 2768 3783 magnam
2819 3688 3172 3785 theologiae
3215 3701 3478 3785 partem

250 3782 495 3867 -cedit3
560 3798 628 3858 et
672 3786 838 3857 dum
888 3806 1079 3858 sacra
1126 3784 1433 3858 doctrina
1482 3783 1570 3857 de
1612 3783 1874 3881 legibus
1917 3793 2183 3875 tractat,
2231 3783 2404 3857 nihil
2441 3788 2743 3882 profecto
2788 3785 2974 3860 aliud
3014 3808 3224 3882 quam
3258 3789 3477 3861 Deum

264 3879 490 3976 ipsum
521 3892 596 3955 ut
623 3883 1079 3978 legislatorem
1112 3883 1435 3956 intuetur.

363 3979 577 4054 Recte
608 4004 797 4071 sane,
837 3981 1080 4054 inferat
1107 3981 1380 4076 aliquiS,
1446 3981 1503 4052 si
1527 3981 1880 4078 theologus
1923 3979 2305 4053 divinarum
2339 3978 2562 4077 legum
2610 3984 2914 4054 terminis
2950 3992 3306 4057 contentus
3339 3983 3474 4058 hu·-

264 4099 503 4151 manas
548 4103 688 4152 non
734 4080 1031 4169 invadat,
1085 4102 1258 4174 quas
1284 4083 1444 4175 jure
1491 4080 1732 4151 merito
1781 4077 1888 4150 vel
1924 4079 2213 4151 morales
2254 4078 2646 4174 philosophi
2673 4132 2692 4167 ,
2745 4080 2851 4152 vel
2893 4082 3069 4174 juris
3122 4082 3475 4176 utriusque

314 4177 678 4250 rosessores
722 4176 849 4250 sibi
931 4187 1170 4249 ossunt
1214 4177 1584 4248 vindicare.
1635 4175 1706 4247 Si
1743 4176 1927 4246 enim
1973 4176 2327 4268 theologus
2379 4174 2468 4247 de
2501 4174 2761 4268 legibus
2801 4177 2960 4270 agit,
3040 4187 3377 4271 quatenus
3434 4203 3476 4252 a

264 4198 409 4347 Beo
445 4274 823 4372 legislatore
905 4276 1274 4363 erivantur‚
1313 4273 1616 4370 profecto
1661 4271 1960 4344 alienum
2001 4272 2202 4343 saciet
2271 4270 2329 4341 si
2360 4272 2450 4343 ad
2489 4270 2654 4343 alios
2702 4271 2987 4345 divertat
3031 4272 3466 4369 legislatores.

266 4369 464 4445 Adde
492 4373 705 4469 quod,
743 4395 902 4446 cum
935 4373 1270 4469 theologia
1314 4371 1399 4443 sit
1433 4370 1739 4444 doctrina
1783 4367 2338 4467 supernaturaIiS,
2378 4368 2441 4442 ei
2477 4368 2681 4442 debet
2716 4368 3060 4466 prohiberi
3102 4370 3474 4447 descensus

264 4469 355 4540 ad
382 4493 463 4544 33
522 4495 679 4568 quae
722 4471 1125 4545 hauriuntur
1167 4495 1208 4544 a
1242 4480 1510 4554 natura,
1571 4480 1639 4542 et
1687 4467 1857 4540 nihil
1904 4490 2110 4565 supra
2159 4468 2342 4541 illam
2380 4468 2806 4554 evehuntur;
2851 4469 3102 4566 alioqui
3147 4471 3472 4545 naturalis

261 4568 710 4666 philosophus
745 4569 923 4642 ultra
957 4568 1298 4642 naturales
1330 4568 1541 4666 leges,
1583 4568 1843 4640 divinas
1878 4568 2082 4641 etiam
2117 4566 2496 4640 consideret
2527 4598 2544 4651 3
2585 4566 2759 4664 juris
2792 4568 3093 4651 caesarei,
3133 4567 3242 4641 vel
3270 4570 3474 4643 etiam

258 4668 592 4762 pontificii
643 4669 1062 4765 professores
1114 4667 1242 4740 sibi
1293 4676 1622 4763 usurpent
1657 4665 2039 4738 divinarum
2073 4666 2300 4761 legum
2343 4664 2776 4758 documenta,
2822 4666 3009 4763 quod
3038 4667 3111 4739 in
3153 4678 3471 4765 promptu

263 4774 365 4837 est
399 4789 607 4862 quam
645 4767 732 4838 sit
761 4791 802 4840 a
834 4767 1268 4839 scientiarum
1294 4764 1609 4838 concordi
1634 4763 1962 4836 divisione
1995 4763 2314 4838 alienum.

363 4863 531 4937 Haec
562 4876 789 4939 tamen
824 4888 963 4937 non
986 4866 1211 4961 magni
1246 4863 1570 4936 momenti
1597 4873 1778 4952 sunt,
1810 4871 1877 4934 et
1900 4861 2104 4934 unico
2138 4862 2280 4934 sere
2313 4861 2520 4935 verbo
2544 4861 2918 4956 diluuntur,
2946 4863 3462 4956 considerandO,

259 4962 438 5036 sieut
470 4986 745 5037 omnem
776 4964 1276 5060 paternitatem,
1316 4962 1408 5035 ita
1434 4961 1639 5033 etiam
1664 4982 1938 5033 omnem
1962 4960 2408 5057 legislatorem
2436 4984 2476 5033 a
2501 4962 2644 5033 Deo
2679 4959 2990 5052 derivari,
3029 4962 3469 5059 omniumque

260 5060 488 5158 legum
538 5063 1004 5137 auctoritatem
1050 5062 1122 5134 in
1160 5083 1319 5134 eum
1349 5082 1499 5132 esse
1540 5058 1777 5131 ultimo
1813 5059 2330 5134 refundendam.
2375 5056 2447 5131 Si
2470 5080 2768 5154 namque
2802 5058 2912 5131 lex
2948 5060 3033 5131 sit
3070 5059 3319 5152 divina,
3377 5061 3466 5136 ab

259 5158 411 5256 ipso
439 5162 743 5259 proxime
778 5162 1132 5246 dimanat;
1187 5159 1292 5232 sin
1329 5158 1657 5248 humana,
1717 5156 1805 5230 ab
1849 5157 2127 5229 homine
2169 5167 2378 5247 certe,
2425 5166 2503 5229 ut
2541 5156 2667 5228 Dei
2699 5156 3005 5228 ministro
3065 5167 3133 5229 et
3186 5159 3457 5242 vicario,

259 5262 587 5352 sancitur,
646 5269 723 5333 ut
771 5270 1053 5333 testatur
1086 5256 1451 5354 Apostolus
1493 5256 1583 5328 ad
1636 5256 2000 5328 Romanos.
2052 5255 2202 5327 Non
2244 5254 2579 5325 immerito
2625 5253 2825 5349 igitur
2873 5254 3000 5326 sub
3045 5255 3176 5329 hac
3223 5257 3463 5330 saltem

260 5359 519 5430 ratione
567 5359 870 5431 omnium
910 5358 1133 5452 legum
1168 5354 1495 5427 discussio
1530 5364 1633 5426 cst
1676 5353 2070 5448 theologicae
2115 5351 2490 5435 facultatis3
2535 5374 2720 5442 nam,
2754 5375 2910 5426 cum
2935 5357 3084 5449 eJus
3123 5355 3208 5425 sit
3245 5354 3465 5425 Deum

262 5466 338 5526 ut
361 5456 807 5551 legislatorem
835 5456 1107 5544 intueri,
1138 5454 1461 5549 Deusque
1495 5453 1580 5524 sit
1610 5452 2007 5525 universalis
2027 5448 2389 5545 legislator,
2429 5450 2535 5523 vel
2569 5453 2895 5548 suppositi
2931 5451 3457 5542 immediatione,

261 5554 369 5627 vel
412 5556 701 5646 virtutis,
750 5565 826 5628 ut
851 5552 1243 5653 philosophi
1275 5551 1831 5645 sermocinantur,
1863 5549 2173 5627 eamdem
2197 5548 2570 5625 doctrinam
2607 5573 2872 5626 sacram
2903 5551 3250 5623 universas
3279 5548 3461 5646 leges
