3976 6219
1011 368 1146 419 CAP.
1182 368 1264 421 111.
1299 366 1364 418 IN
1395 364 1520 428 Quo
1551 365 1715 419 ACTU
1747 365 2014 419 EXISTAT
2046 366 2167 418 LEX
2202 367 2485 431 AETERM,
2520 368 2659 419 mc.
3349 366 3429 425 95

218 464 294 529 ab
321 466 654 527 intellectu
673 468 1048 530 determinat
1065 470 1243 529 illum
1262 469 1340 529 ad
1368 470 1558 529 talem
1580 488 1792 532 rerum

217 559 744 639 gubernationem
767 561 1112 623 secundum
1129 562 1318 623 talem
1338 564 1666 638 rationem,
1681 581 1791 623 seu

217 652 444 729 legem:
471 658 537 711 et
559 651 825 713 fortasse
845 654 998 731 quia
1023 661 1356 733 utrumque
1381 655 1693 715 concurrit
1711 655 1790 715 ad

215 745 434 821 legem,
451 750 524 803 et
541 750 887 824 utrumque
907 764 1020 806 suo
1045 747 1228 807 modo
1250 752 1312 806 et
1335 746 1400 806 in
1421 746 1585 806 bono
1607 765 1790 807 sensu

217 854 430 897 verum
475 842 602 911 est,
653 838 796 899 ideo
823 838 894 899 D.
927 839 1310 917 Augustinus
1341 844 1558 900 contra
1595 840 1787 899 Faus-

214 938 339 989 tum
367 928 494 989 sub
517 929 944 1009 disjunctione
966 940 1060 991 est
1083 931 1344 993 locutus.

289 1022 386 1081 10.
433 1022 539 1082 De
560 1024 953 1086 distinctione
979 1023 1136 1084 iuter
1162 1024 1340 1103 leqem
1363 1028 1648 1086 ceter-nam
1672 1024 1792 1085 Dei

215 1122 268 1179 et
289 1116 470 1178 illius
497 1116 700 1179 ideas.
721 1147 808 1162 -
827 1117 1058 1191 Tertio,
1081 1133 1158 1176 ex
1182 1116 1362 1175 dictis
1384 1117 1530 1175 satis
1557 1122 1793 1177 constat

217 1208 526 1287 quomodo
570 1208 1000 1287 distinguatur
1039 1210 1280 1269 ratione
1313 1207 1416 1269 lex
1447 1216 1680 1271 aeterna
1712 1209 1791 1269 ab

217 1300 380 1361 ideis.
431 1301 604 1360 Nam
633 1301 819 1361 silex
853 1301 962 1361 illa
1000 1302 1410 1362 constituatur
1433 1303 1502 1362 in
1546 1302 1790 1363 decreto

219 1392 578 1467 voluntatis,
633 1393 806 1454 clara
851 1400 944 1453 est
989 1393 1336 1453 distinctio:
1384 1412 1533 1454 nam
1584 1394 1785 1455 ideam

215 1492 448 1546 certum
497 1490 600 1546 est
625 1503 764 1547 esse
795 1486 862 1546 in
896 1486 1252 1546 intellectu:
1306 1486 1359 1546 si
1393 1503 1540 1548 vero
1576 1486 1790 1565 loqua-

217 1596 348 1637 mur
363 1578 448 1637 de
478 1576 599 1637 illa
623 1577 792 1655 lege,
813 1584 995 1656 prout
1026 1584 1118 1638 est
1144 1578 1211 1637 in
1230 1576 1568 1653 intellectu,
1599 1578 1789 1657 aliqui

213 1688 330 1729 non
367 1670 784 1729 constituunt
827 1669 1302 1744 distinctionem,
1351 1671 1696 1749 praesertim
1737 1671 1789 1731 si

213 1762 284 1823 de
305 1762 488 1837 ideis,
505 1770 588 1823 ut
607 1768 762 1823 sunt
785 1762 1182 1841 exemplaria,
1195 1764 1544 1843 loquamur.
1559 1764 1608 1823 N
1612 1763 1791 1823 ihilo-

213 1854 410 1915 minus
433 1855 514 1914 D.
560 1854 858 1930 Thomas,
885 1873 950 1933 q.
979 1856 1086 1929 93,
1115 1860 1233 1915 art.
1267 1859 1325 1930 1,
1371 1854 1502 1915 haec
1522 1855 1646 1914 duo
1677 1872 1787 1916 ex—

213 1966 408 2027 presse
453 1948 826 2026 distinguit,
869 1954 932 2009 et
969 1948 1039 2008 in
1083 1954 1219 2027 ejus
1263 1949 1542 2008 doctrina
1589 1952 1790 2027 potest

215 2042 388 2101 variis
421 2042 644 2103 modis
677 2041 989 2102 distinctio
1033 2042 1346 2121 explicari.
1383 2044 1610 2117 Primo,
1641 2042 1790 2121 quia

212 2134 352 2195 idea
371 2136 640 2214 proprie
669 2140 821 2195 sunt
841 2135 1002 2195 circa
1025 2152 1239 2195 rerum
1265 2134 1664 2211 creationem,
1677 2152 1789 2195 seu

213 2228 730 2306 productionem:
771 2228 873 2287 lex
907 2245 1057 2288 vero
1083 2229 1283 2305 magis
1311 2234 1592 2290 versatur
1625 2228 1790 2289 circa

213 2338 409 2381 rerum
455 2320 1014 2398 gubernationem,
1063 2325 1136 2380 ut
1180 2322 1252 2380 D.
1292 2321 1560 2381 Thomas
1602 2338 1790 2399 supra

215 2412 488 2473 tradidit:
515 2413 700 2474 unde
727 2412 882 2473 sicut
907 2412 1376 2491 distinguuntur
1399 2413 1556 2473 ideae
1580 2430 1620 2473 a
1646 2431 1788 2492 pro·

214 2504 506 2579 videntia,
557 2505 654 2565 ita
695 2511 757 2566 et
797 2524 837 2565 a
881 2504 1020 2583 lege
1061 2510 1294 2567 aeterna
1337 2505 1789 2584 distinguendae

213 2606 362 2659 sunt.
385 2598 720 2673 Semmdo,
739 2597 990 2677 propria
1016 2598 1366 2660 differentia
1386 2616 1512 2659 esse
1541 2597 1788 2659 videtur

213 2710 386 2771 supra
413 2692 776 2767 insinuata,
801 2691 968 2770 quod
997 2692 1138 2752 idea
1161 2692 1362 2753 solum
1387 2691 1576 2753 habet
1603 2692 1789 2753 ratio-

215 2804 349 2845 nem
393 2784 788 2863 exemplaris
834 2790 1114 2863 respectu
1157 2784 1482 2863 ipsiusmet
1519 2783 1660 2859 Dei,
1717 2790 1788 2844 ιιι

215 2877 556 2937 semndnm
585 2875 768 2937 illam
799 2882 1110 2955 operetur,
1141 2882 1203 2937 et
1233 2877 1324 2937 sic
1347 2876 1664 2937 concurrit
1689 2894 1785 2936 so·

217 2968 336 3027 lum
363 2970 456 3048 (ut
483 2969 582 3029 sic
605 2968 840 3045 dieam)
869 2968 952 3028 ad
977 2967 1499 3048 specificationem
1527 2986 1784 3048 operum

215 3061 348 3120 Dei:
379 3060 488 3121 lex
535 3066 758 3122 autem
795 3060 1032 3137 divina,
1073 3066 1146 3120 ut
1189 3059 1313 3137 lex,
1355 3060 1544 3122 habet
1581 3060 1786 3141 potius

211 3154 518 3214 rathmem
561 3153 878 3214 moventis
901 3159 968 3214 et
1001 3153 1414 3232 imprimentis
1438 3154 1788 3214 inclinatio-

203 3264 372 3321 nem,
401 3246 512 3306 vel
540 3245 994 3323 obligationem
1022 3245 1101 3305 ad
1128 3263 1284 3324 opus
1311 3267 1325 3304 ε
1371 3263 1510 3324 quae
1538 3246 1784 3306 diversa

203 3337 507 3398 habitudo
533 3338 1062 3399 sufficientissima
1093 3343 1185 3398 est
1215 3338 1294 3398 ad
1324 3337 1782 3399 distinctionem

197 3431 486 3490 rationis,
517 3431 804 3509 Denique
837 3429 986 3490 hinc
1011 3430 1201 3492 etiam
1229 3434 1343 3505 est,
1367 3430 1536 3510 quod
1558 3430 1680 3506 lex,
1713 3437 1783 3491 ut

197 3520 318 3596 lex,
345 3523 718 3601 imponitur
743 3521 1028 3597 subditis,
1059 3541 1167 3583 seu
1205 3522 1639 3583 inferioribus:
1681 3541 1780 3583 or-

189 3613 376 3675 dinat
403 3616 590 3675 enim
630 3615 756 3690 lex,
791 3615 942 3694 quid
981 3633 1078 3676 res
1111 3615 1400 3693 subjectae
1441 3620 1782 3693 operaturae

191 3707 346 3784 sint,
409 3725 804 3786 unaquaeque
848 3707 1028 3785 juxta
1072 3707 1330 3767 modum
1373 3722 1592 3768 suum:
1642 3706 1784 3768 idea

181 3809 414 3861 autem
465 3819 606 3860 non
638 3800 983 3878 imponitur
1008 3799 1252 3879 proprie
1295 3799 1390 3860 rei
1426 3799 1494 3859 in
1535 3798 1642 3859 illa
1685 3817 1780 3860 re-

183 3899 628 3971 mutatae,
669 3892 778 3954 sed
813 3891 1066 3971 ponitur
1093 3891 1436 3952 formaliter
1473 3892 1542 3952 in
1569 3896 1781 3954 mente

177 3985 482 4059 artificis,
505 3993 588 4045 ut
613 3984 954 4046 secundum
981 3983 1152 4045 illam
1172 3988 1458 4064 operetur
1477 4003 1494 4047 ι
1519 3989 1612 4044 est
1631 4001 1780 4063 ergo

181 4079 364 4140 clara
391 4079 746 4141 distinctio.

267 4177 300 4233 1
315 4177 344 4234 1
364 4221 380 4235 .
409 4175 514 4236 De
543 4174 932 4236 distinctione
957 4173 1116 4235 inter
1143 4172 1324 4251 Zeqem
1351 4176 1636 4234 oetemam
1661 4170 1780 4233 Dei

179 4274 238 4328 et
265 4269 469 4330 inies
494 4267 963 4345 providentiam.
995 4296 1077 4312 -—
1099 4265 1352 4338 Quas-tc,
1382 4264 1572 4324 etiam
1601 4261 1781 4323 intel-

175 4361 300 4438 ligi
327 4365 552 4440 potest
587 4377 667 4419 ex
697 4357 878 4418 dictis
903 4356 1210 4437 quomodo
1253 4354 1358 4416 lex
1389 4363 1622 4415 aeterna
1660 4355 1781 4414 dis·

179 4454 539 4532 tinguatur
577 4471 622 4513 a
663 4451 1076 4529 providentia,
1123 4448 1201 4509 de
1233 4465 1356 4526 qua
1399 4448 1588 4508 etiam
1628 4446 1783 4508 solet

177 4545 484 4605 dubitari
523 4562 616 4604 an
649 4545 720 4604 in
751 4543 1064 4604 intellectu
1089 4542 1190 4603 vel
1215 4540 1534 4602 voluntate
1557 4539 1781 4600 eonsti-

177 4643 450 4698 matur:
477 4653 637 4697 nam
656 4636 977 4715 utriusque
1001 4641 1210 4696 actum
1235 4631 1516 4694 includit.
1533 4633 1611 4692 Ut
1631 4649 1780 4710 ergo

179 4729 608 4808 providentia
635 4734 698 4788 et
733 4727 834 4789 lex
867 4731 1325 4807 comparentur,
1363 4723 1595 4785 debent
1635 4741 1780 4784 cum

181 4821 618 4901 proportione
649 4820 935 4895 conferri,
959 4819 1267 4894 videlieet,
1283 4821 1588 4897 quatenus
1611 4821 1781 4876 utra-

181 4932 316 4992 que
347 4919 448 4975 aet
475 4915 548 4974 in
566 4912 912 4988 voluntate,
925 4912 1307 4990 vel-utraque
1330 4910 1397 4970 in
1423 4907 1777 4969 intellectu:

181 5015 250 5066 et
289 5007 393 5068 sic
433 5007 736 5067 videntur
775 5023 905 5066 nou
945 5004 1244 5083 distingui
1281 5003 1474 5064 etiam
1517 5001 1777 5061 ratione.

185 5099 364 5171 Quia
379 5098 781 5178 providentia
797 5098 1068 5160 estratio
1083 5095 1548 5172 gubernationis
1567 5111 1782 5154 rerum

183 5193 492 5252 onnimn
533 5210 619 5252 ex
657 5191 1005 5252 aeternitate
1047 5189 1314 5250 existens
1349 5189 1414 5249 in
1451 5192 1658 5248 mente
1688 5185 1782 5246 di-

186 5287 394 5346 vina:
429 5285 537 5346 sed
563 5284 684 5345 hoc
711 5284 916 5364 ipsum
943 5289 1034 5344 est
1059 5283 1163 5343 lex
1187 5281 1512 5342 *eterna'in
1539 5298 1650 5339 sua
1677 5296 1781 5357 ge·

189 5377 536 5440 isa-alitam
569 5383 843 5458 sumpta,
886 5382 958 5438 ιιι
985 5375 1256 5437 sumitur
1289 5391 1366 5434 ex
1403 5375 1476 5434 D.
1518 5371 1778 5446 Thema,

189 5473 381 5533 dieta
405 5491 466 5552 q.
505 5475 617 5549 92,
653 5478 772 5534 art.
809 5474 875 5548 2,
903 5471 983 5533 ad
1023 5474 1052 5531 1
1081 5485 1103 5548 3
1151 5487 1280 5530 non
1313 5467 1608 5531 videntur
1633 5481 1782 5543 ergo

1870 469 2170 548 distingui
2192 476 2262 529 ut
2282 470 2406 530 duo
2434 469 2754 544 attributa,
2770 468 2876 529 sed
2904 486 3033 529 esse
3052 468 3241 544 idem,
3261 469 3429 547 quod

1869 563 1984 623 sub
2014 563 2267 624 diversis
2296 562 2881 624 considerationibus
2906 562 3147 623 diversa
3174 564 3429 622 nomina

1869 656 2109 734 recipit.
2156 656 2331 728 Quod
2360 655 2413 715 si
2444 655 2546 715 lex
2568 660 2798 715 aeterna
2825 672 2953 715 non
2980 672 3124 714 eum
3165 653 3273 713 illa
3301 672 3429 715 am-

1869 747 2174 826 plitudine
2216 752 2519 820 sumatur,
2578 746 2687 807 sed
2730 747 3007 807 restricte
3052 752 3116 807 et
3158 748 3426 826 proprie,

1869 844 2174 918 quatenus
2209 839 2370 899 circa
2408 843 2715 899 creaturas
2751 837 3193 900 intellectuales
3225 858 3431 900 versa-

1867 936 1995 1006 tur,
2040 936 2101 992 et
2137 931 2273 991 illas
2300 931 2546 1010 proprie
2572 930 2845 1007 obligat:
2886 930 2973 991 sic
2999 932 3121 992 erit
3149 932 3431 1010 quaedam

1868 1042 2011 1103 pars
2024 1025 2249 1085 divinae
2266 1024 2690 1104 providentiae.
2706 1025 2861 1085 Nam
2882 1024 2957 1084 ad
2978 1025 3432 1102 providentiam

1872 1117 1980 1177 Dei
2002 1123 2235 1197 spectat
2251 1115 2419 1195 leges
2437 1134 2665 1195 ponere
2682 1116 3087 1177 rationalibus
3104 1119 3428 1178 creaturis:

1871 1208 1999 1269 imo
2028 1208 2159 1269 haec
2190 1215 2281 1269 est
2307 1209 2508 1288 magis
2534 1208 2831 1288 specialis,
2854 1214 2917 1269 et
2936 1210 3187 1289 propria
3209 1210 3433 1287 guber·

1872 1301 2043 1360 natio
2097 1300 2347 1361 moralis
2394 1307 2807 1362 consentanea
2860 1302 3101 1363 naturis
3151 1301 3433 1363 intellec-

1869 1392 2164 1468 tualibus,
2176 1411 2443 1473 quarum
2457 1395 2617 1454 Deus
2629 1393 2818 1454 habet
2836 1393 3161 1473 specialem
3190 1412 3428 1470 curam,

1869 1490 1940 1544 ut
1975 1485 2351 1563 significavit
2384 1486 2631 1561 Paulus,
2665 1490 2694 1546 1
2742 1487 2820 1547 ad
2850 1486 3127 1547 Corinth.
3160 1489 3237 1561 93
3282 1506 3430 1565 ergo

1871 1593 2115 1655 semper
2141 1576 2242 1638 lex
2266 1584 2497 1639 aeterna
2523 1596 2664 1639 cum
2684 1577 3075 1657 providentia
3106 1579 3427 1655 coincidet,

1870 1669 1922 1728 si
1965 1686 2110 1729 cum
2157 1670 2551 1749 proportione
2592 1675 3047 1750 comparentur.
3097 1672 3299 1751 Atque
3341 1672 3431 1732 ita

1871 1761 2162 1821 videntur
2187 1763 2415 1823 sentire
2454 1763 2531 1824 de
2559 1762 2694 1841 lege
2726 1768 2980 1838 aeterna,
3008 1768 3075 1824 et
3102 1765 3431 1843 providen-

1870 1850 1960 1912 tia
1984 1852 2055 1914 D.
2088 1853 2357 1913 Thomas
2388 1874 2597 1934 supra,
2636 1860 2699 1917 et
2724 1874 2787 1935 q.
2820 1857 2921 1931 93,
2954 1862 3070 1917 art.
3108 1861 3138 1916 1
3173 1862 3235 1917 et
3260 1860 3325 1932 4,
3370 1862 3433 1917 et

1873 1944 2129 2021 Alensis,
2157 1946 2321 2006 dicta
2346 1966 2410 2025 q.
2436 1950 2541 2023 26,
2564 1948 2797 2008 memb.
2830 1952 2889 2023 1,
2910 1956 2973 2010 et
2998 1950 3165 2010 favet
3188 1950 3431 2027 Augus·

1867 2036 2036 2097 tinus
2077 2055 2285 2115 supra,
2320 2044 2387 2099 et
2418 2039 2525 2101 lib.
2555 2040 2631 2100 de
2666 2058 2812 2101 vera
2839 2041 3063 2118 Relig.‚
3096 2060 3228 2121 cap.
3264 2044 3431 2102 30111

1867 2128 2019 2203 fine,
2053 2134 2116 2189 et
2138 2130 2209 2189 31
2264 2131 2332 2191 in
2353 2131 2614 2211 princip.
2622 2177 2641 2207 ,
2678 2137 2739 2192 et
2765 2133 2911 2194 diet.
2935 2134 3047 2194 lib.
3076 2136 3154 2195 83
3175 2135 3427 2210 Quin-st„

1867 2226 2086 2299 quaest.
2120 2224 2221 2283 27.

1952 2314 2049 2373 12.
2072 2314 2603 2377 &exolutim—Sed
2623 2316 3029 2377 nihilominus
3046 2319 3113 2380 D.
3140 2319 3427 2395 Thomas,

1869 2424 1931 2484 q.
1963 2406 2002 2465 5
2034 2404 2110 2465 de
2138 2406 2432 2479 Vel-itate,
2462 2413 2580 2467 art.
2624 2411 2683 2483 1,
2726 2409 2804 2468 ad
2857 2411 2921 2485 6,
2978 2410 3305 2489 distinguit
3344 2411 3434 2473 le-

1867 2514 2013 2575 gem
2054 2503 2351 2559 oeternam
2382 2518 2421 2559 a
2459 2500 2871 2578 providentia,
2910 2501 3155 2563 disens:
3215 2504 3435 2565 Provi-

1869 2590 2071 2653 dantia
2088 2608 2205 2653 non
2229 2592 2503 2654 nomimct
2533 2593 2715 2672 loqem
2736 2599 3043 2670 etmam,
3068 2596 3171 2657 sed
3194 2596 3437 2675 aliquid

1871 2685 1954 2745 ad
1979 2684 2165 2763 legem
2186 2690 2469 2747 oetmam
2492 2704 2866 2765 consequens,
2904 2694 2966 2748 et
2992 2688 3081 2747 ita
3113 2687 3433 2749 declarans

1869 2776 2044 2837 addit
2063 2776 2265 2854 legem
2291 2783 2589 2838 aeternam
2618 2781 2962 2857 comparari
2990 2780 3070 2841 ad
3103 2782 3429 2860 providen-

1869 2869 2044 2944 tiam,
2093 2870 2247 2929 sicut
2268 2870 2647 2949 principium
2674 2871 2964 2949 generale
2988 2872 3071 2933 ad
3097 2873 3429 2952 particula·

1865 2979 1964 3023 res
2012 2962 2452 3037 conclusiones,
2484 2981 2594 3024 seu
2624 2964 2913 3040 actiones,
2958 2966 3117 3026 sieut
3144 2967 3210 3027 in
3250 2967 3429 3028 nobis

1864 3054 2168 3135 principia
2194 3055 2396 3135 prima
2421 3056 2687 3134 practica
2714 3063 3149 3138 comparantur
3173 3059 3247 3120 ad
3283 3078 3429 3140 pru-

1865 3147 2163 3208 dentiam.
2186 3149 2268 3208 ‚Et
2294 3149 2381 3208 ita
2404 3149 2656 3228 exponit
2676 3155 2850 3210 actus
2868 3151 3295 3229 providentiae,
3319 3169 3426 3212 seu

1866 3241 2121 3303 effectus
2146 3241 2403 3303 attribui
2447 3240 2571 3320 legi
2600 3248 2847 3303 aeternae
2876 3249 3173 3322 tanquam
3202 3245 3430 3324 princi-

1861 3333 1988 3412 pio,
2010 3334 2179 3404 unde
2204 3340 2492 3409 manant,
2522 3352 2648 3394 nen
2672 3339 2972 3413 tanquam
2992 3337 3276 3415 pmximo
3298 3337 3426 3398 dic-

1861 3426 2084 3487 tamini
2110 3427 2188 3486 de
2227 3427 2335 3487 tali
2370 3443 2554 3506 opere
2597 3427 2663 3486 in
2689 3427 3048 3505 particulari
3080 3428 3419 3491 effioiendo.

1861 3519 2037 3590 Quod
2076 3524 2275 3597 potest
2302 3517 2568 3597 amplius
2596 3519 2685 3579 ita
2710 3518 3003 3599 explicari
3032 3541 3045 3580 ε
3072 3537 3227 3582 rnam
3266 3523 3426 3583 ratio

1862 3611 2097 3687 divina,
2126 3618 2199 3673 ut
2226 3611 2411 3672 habet
2431 3611 2736 3673 rationem
2762 3613 2945 3692 legis,
2984 3616 3297 3676 constituit
3320 3632 3424 3678 ve-

1860 3704 1977 3765 luti
1992 3705 2311 3782 generales
2325 3704 2569 3783 regulas
2583 3706 2921 3766 secundum
2939 3725 3091 3786 quas
3103 3727 3201 3770 res
3214 3727 3427 3770 omnes

1861 3799 2097 3858 moveri
2145 3798 2371 3860 debent
2416 3804 2480 3859 et
2516 3798 2799 3878 operari:
2847 3800 3233 3879 providentia
3279 3819 3426 3864 vero

1858 3892 1936 3952 de
1963 3893 2223 3971 singulis
2246 3892 2433 3953 rebus
2458 3899 2522 3953 et
2548 3892 2789 3954 actibus
2817 3893 2885 3952 in
2912 3895 3271 3972 particulari
3302 3897 3426 3956 dis-

1859 3985 2058 4064 ponit,
2089 3991 2151 4046 et
2184 3985 2273 4045 ita
2308 3990 2401 4046 est
2421 3985 2616 4046 veluti
2654 3986 2814 4046 ratio
2856 3988 3197 4064 exequendi
3228 3993 3290 4048 et
3316 4007 3427 4068 ap·

1859 4077 2132 4157 plicandi
2156 4077 2381 4154 legem.
2408 4077 2785 4154 Videturque
2808 4077 2925 4136 hoc
2943 4085 3424 4140 consentaneum

1859 4168 2220 4249 proprietati
2247 4169 2523 4246 ipsarum
2546 4185 2799 4229 vocum:
2832 4185 2982 4228 nam
3013 4169 3114 4230 lex
3148 4170 3298 4230 dicit
3326 4172 3425 4249 jus

1859 4260 1927 4321 in
1945 4260 2266 4321 communi
2280 4259 2708 4334 constitutum,
2744 4265 2817 4319 ut
2844 4278 3031 4339 supra
3060 4261 3261 4322 visum
3290 4268 3420 4324 est:

1858 4351 2243 4431 providentia
2264 4370 2411 4412 vero
2440 4351 2589 4412 dicit
2626 4369 2841 4413 curam
2874 4371 3013 4432 quae
3050 4353 3127 4415 de
3166 4355 3425 4433 singulis

1861 4443 2101 4505 actibus
2121 4443 2339 4506 haberi
2370 4444 2574 4506 debet.

1944 4537 2045 4596 13.
2073 4537 2163 4598 De
2186 4537 2493 4618 effectibus
2511 4537 2663 4616 leyis
2685 4541 3425 4603 oete⁷·uoe.—Unde·obiter

1860 4633 2058 4708 potest
2092 4629 2309 4706 quinto
2350 4629 2615 4708 intelligi
2640 4643 2760 4709 *per
2786 4635 3311 4712 comparationem
3344 4633 3423 4695 ad

1858 4720 2333 4800 providentiam,
2364 4739 2517 4800 quos
2546 4721 2795 4784 effeetus
2807 4725 3032 4788 habeat
3048 4728 3149 4789 lex
3168 4733 3417 4788 aeterna.

1859 4812 2025 4874 Solet
2050 4813 2218 4873 enim
2248 4814 2442 4892 quaeri
2468 4833 2549 4874 an
2580 4815 2929 4879 lex-aeterna
2944 4819 3179 4881 *hebeat
3196 4837 3423 4880 ¹omnes

1860 4905 2113 4967 effectus
2158 4924 2312 4985 quos
2351 4905 2538 4968 habet
2556 4910 2974 4988 providentia.
2998 4914 3077 4972 ·In
3102 4931 3227 4991 qna
3256 4929 3424 4971 eom-

1859 4999 2179 5079 paratione
2208 5000 2509 5061 sumenda
2538 5006 2628 5061 est
2654 5001 2755 5062 lex
2792 5009 3022 5064 aeterna
3058 5005 3124 5063 in
3152 5010 3283 5064 tota
3306 5023 3425 5065 sua

1858 5091 2209 5153 latitudine.
2242 5093 2398 5155 Nam
2439 5093 2492 5152 si
2508 5100 2795 5155 sumatur
2839 5096 3186 5174 specialiter
3200 5104 3284 5159 ιιι
3323 5099 3425 5159 lex

1859 5185 2105 5264 proprie
2158 5185 2518 5264 praecipiens
2557 5185 2873 5246 moraliter
2906 5190 3200 5250 creaturis
3234 5191 3425 5251 'intel-

1860 5276 2247 5351 lectualibus,
2278 5278 2365 5337 sic
2388 5277 2747 5338 clarum-est
2777 5298 2903 5340 non
2933 5299 3145 5343 omnes
3176 5283 3424 5344 effectus

1861 5371 2266 5453 providentias
2294 5389 2423 5432 esse
2444 5371 2696 5433 effectus
2712 5373 2877 5453 ¹legis
2904 5383 3173 5454 oeternae,
3204 5379 3309 5440 sed
3318 5397 3424 5438 so-

1861 5465 2142 5527 los-actus
2159 5464 2353 5527 bonos
2372 5466 2657 5545 morulae,
2680 5468 2827 5548 quia
2842 5471 3154 5533 naturales
3173 5471 3425 5534 effectus
