<?xml version="1.0" encoding="UTF-8"?>
<!DOCTYPE html PUBLIC "-//W3C//DTD XHTML 1.0 Transitional//EN"
    "http://www.w3.org/TR/xhtml1/DTD/xhtml1-transitional.dtd">
<html xmlns="http://www.w3.org/1999/xhtml" xml:lang="en" lang="en">
 <head>
  <title>
</title>
<meta http-equiv="Content-Type" content="text/html;charset=utf-8" />
  <meta name='ocr-system' content='tesseract 3.04.00' />
  <meta name='ocr-capabilities' content='ocr_page ocr_carea ocr_par ocr_line ocrx_word'/>
</head>
<body>
  <div class='ocr_page' id='page_1' title='image "./rpfranciscisuar02duvagoog_0525.png"; bbox 0 0 3976 6219; ppageno 0'>
   <div class='ocr_carea' id='block_1_1' title="bbox 767 436 3011 501">
    <p class='ocr_par' dir='ltr' id='par_1_1' title="bbox 767 436 3011 501">
     <span class='ocr_line' id='line_1_1' title="bbox 767 436 3011 501; baseline 0 -11"><span class='ocrx_word' id='word_1_1' title='bbox 767 437 902 491; x_wconf 75' lang='lat' dir='ltr'><strong>GAP.</strong></span> <span class='ocrx_word' id='word_1_2' title='bbox 926 438 1035 491; x_wconf 84' lang='lat' dir='ltr'><strong>XX.</strong></span> <span class='ocrx_word' id='word_1_3' title='bbox 1060 437 1276 492; x_wconf 64' lang='lat' dir='ltr'><strong>[rmum</strong></span> <span class='ocrx_word' id='word_1_4' title='bbox 1299 438 1495 494; x_wconf 82' lang='lat' dir='ltr'><strong>LEGES</strong></span> <span class='ocrx_word' id='word_1_5' title='bbox 1518 438 1889 494; x_wconf 71' lang='lat' dir='ltr'><strong>mmunms</strong></span> <span class='ocrx_word' id='word_1_6' title='bbox 1909 437 2130 501; x_wconf 73' lang='lat' dir='ltr'><strong>Ac&#39;rns,</strong></span> <span class='ocrx_word' id='word_1_7' title='bbox 2155 437 2331 491; x_wconf 71' lang='lat' dir='ltr'><strong>mos</strong></span> <span class='ocrx_word' id='word_1_8' title='bbox 2355 437 2418 493; x_wconf 81' lang='lat' dir='ltr'><strong>m</strong></span> <span class='ocrx_word' id='word_1_9' title='bbox 2446 436 3011 500; x_wconf 58' lang='lat' dir='ltr'><strong>consclmlass‘rc.</strong></span> 
     </span>
    </p>
   </div>
   <div class='ocr_carea' id='block_1_2' title="bbox 224 533 1872 5630">
    <p class='ocr_par' dir='ltr' id='par_1_2' title="bbox 286 533 1872 2561">
     <span class='ocr_line' id='line_1_2' title="bbox 287 533 1849 616; baseline 0.001 -19"><span class='ocrx_word' id='word_1_10' title='bbox 287 535 456 598; x_wconf 88' lang='lat' dir='ltr'><strong>enim</strong></span> <span class='ocrx_word' id='word_1_11' title='bbox 505 533 915 616; x_wconf 88' lang='lat' dir='ltr'><strong>prohibentur</strong></span> <span class='ocrx_word' id='word_1_12' title='bbox 958 536 1355 597; x_wconf 87' lang='lat' dir='ltr'><strong>matrimonia</strong></span> <span class='ocrx_word' id='word_1_13' title='bbox 1391 537 1555 598; x_wconf 89' lang='lat' dir='ltr'><strong>inter</strong></span> <span class='ocrx_word' id='word_1_14' title='bbox 1594 554 1849 598; x_wconf 87' lang='lat' dir='ltr'><strong>consan-</strong></span> 
     </span>
     <span class='ocr_line' id='line_1_3' title="bbox 288 627 1852 710; baseline 0.001 -21"><span class='ocrx_word' id='word_1_15' title='bbox 288 631 547 709; x_wconf 88' lang='lat' dir='ltr'><strong>guineos</strong></span> <span class='ocrx_word' id='word_1_16' title='bbox 575 627 674 689; x_wconf 90' lang='lat' dir='ltr'><strong>vel</strong></span> <span class='ocrx_word' id='word_1_17' title='bbox 701 628 939 704; x_wconf 75' lang='lat' dir='ltr'><strong>affineS,</strong></span> <span class='ocrx_word' id='word_1_18' title='bbox 970 628 1069 690; x_wconf 90' lang='lat' dir='ltr'><strong>vel</strong></span> <span class='ocrx_word' id='word_1_19' title='bbox 1098 647 1241 690; x_wconf 92' lang='lat' dir='ltr'><strong>cum</strong></span> <span class='ocrx_word' id='word_1_20' title='bbox 1266 629 1554 708; x_wconf 90' lang='lat' dir='ltr'><strong>religioso</strong></span> <span class='ocrx_word' id='word_1_21' title='bbox 1581 630 1852 710; x_wconf 85' lang='lat' dir='ltr'><strong>professo</strong></span> 
     </span>
     <span class='ocr_line' id='line_1_4' title="bbox 287 721 1852 801; baseline 0.001 -18"><span class='ocrx_word' id='word_1_22' title='bbox 287 728 401 784; x_wconf 90' lang='lat' dir='ltr'><strong>aut</strong></span> <span class='ocrx_word' id='word_1_23' title='bbox 423 721 643 785; x_wconf 91' lang='lat' dir='ltr'><strong>clerico</strong></span> <span class='ocrx_word' id='word_1_24' title='bbox 671 722 738 782; x_wconf 92' lang='lat' dir='ltr'><strong>in</strong></span> <span class='ocrx_word' id='word_1_25' title='bbox 765 722 972 798; x_wconf 82' lang='grc'>399113,</span> <span class='ocrx_word' id='word_1_26' title='bbox 1002 721 1100 782; x_wconf 85' lang='lat' dir='ltr'><strong>vel</strong></span> <span class='ocrx_word' id='word_1_27' title='bbox 1126 723 1487 801; x_wconf 84' lang='lat' dir='ltr'><strong>prohibetur</strong></span> <span class='ocrx_word' id='word_1_28' title='bbox 1512 729 1620 784; x_wconf 89' lang='lat' dir='ltr'><strong>aut</strong></span> <span class='ocrx_word' id='word_1_29' title='bbox 1649 724 1852 784; x_wconf 91' lang='lat' dir='ltr'><strong>irrita-</strong></span> 
     </span>
     <span class='ocr_line' id='line_1_5' title="bbox 291 814 1852 894; baseline 0.001 -20"><span class='ocrx_word' id='word_1_30' title='bbox 291 820 396 875; x_wconf 87' lang='lat' dir='ltr'><strong>tur</strong></span> <span class='ocrx_word' id='word_1_31' title='bbox 423 814 613 890; x_wconf 91' lang='lat' dir='ltr'><strong>datio,</strong></span> <span class='ocrx_word' id='word_1_32' title='bbox 638 815 737 877; x_wconf 92' lang='lat' dir='ltr'><strong>vel</strong></span> <span class='ocrx_word' id='word_1_33' title='bbox 764 815 1036 894; x_wconf 89' lang='lat' dir='ltr'><strong>acceptio</strong></span> <span class='ocrx_word' id='word_1_34' title='bbox 1060 816 1421 891; x_wconf 90' lang='lat' dir='ltr'><strong>simoniaca,</strong></span> <span class='ocrx_word' id='word_1_35' title='bbox 1447 822 1508 877; x_wconf 93' lang='lat' dir='ltr'><strong>et</strong></span> <span class='ocrx_word' id='word_1_36' title='bbox 1536 815 1662 877; x_wconf 86' lang='lat' dir='ltr'><strong>alia</strong></span> <span class='ocrx_word' id='word_1_37' title='bbox 1682 816 1852 876; x_wconf 90' lang='lat' dir='ltr'><strong>simi-</strong></span> 
     </span>
     <span class='ocr_line' id='line_1_6' title="bbox 287 907 1853 987; baseline 0.001 -20"><span class='ocrx_word' id='word_1_38' title='bbox 287 907 393 967; x_wconf 86' lang='lat' dir='ltr'><strong>lia.</strong></span> <span class='ocrx_word' id='word_1_39' title='bbox 418 908 662 968; x_wconf 89' lang='lat' dir='ltr'><strong>Tertius</strong></span> <span class='ocrx_word' id='word_1_40' title='bbox 684 913 893 968; x_wconf 87' lang='lat' dir='ltr'><strong>autem</strong></span> <span class='ocrx_word' id='word_1_41' title='bbox 913 907 1136 968; x_wconf 89' lang='lat' dir='ltr'><strong>modus</strong></span> <span class='ocrx_word' id='word_1_42' title='bbox 1155 913 1355 987; x_wconf 90' lang='lat' dir='ltr'><strong>potest</strong></span> <span class='ocrx_word' id='word_1_43' title='bbox 1379 908 1695 969; x_wconf 88' lang='lat' dir='ltr'><strong>interdum</strong></span> <span class='ocrx_word' id='word_1_44' title='bbox 1712 923 1853 969; x_wconf 88' lang='lat' dir='ltr'><strong>cum</strong></span> 
     </span>
     <span class='ocr_line' id='line_1_7' title="bbox 288 998 1853 1080; baseline -0.001 -20"><span class='ocrx_word' id='word_1_45' title='bbox 288 998 564 1079; x_wconf 89' lang='lat' dir='ltr'><strong>quolibet</strong></span> <span class='ocrx_word' id='word_1_46' title='bbox 600 1017 677 1060; x_wconf 88' lang='lat' dir='ltr'><strong>ex</strong></span> <span class='ocrx_word' id='word_1_47' title='bbox 714 998 1132 1079; x_wconf 87' lang='lat' dir='ltr'><strong>superioribus</strong></span> <span class='ocrx_word' id='word_1_48' title='bbox 1154 1000 1470 1080; x_wconf 89' lang='lat' dir='ltr'><strong>conjungi.</strong></span> <span class='ocrx_word' id='word_1_49' title='bbox 1503 998 1853 1078; x_wconf 76' lang='lat' dir='ltr'>Aliquando</span> 
     </span>
     <span class='ocr_line' id='line_1_8' title="bbox 288 1090 1856 1173; baseline -0.001 -20"><span class='ocrx_word' id='word_1_50' title='bbox 288 1092 457 1153; x_wconf 92' lang='lat' dir='ltr'><strong>enim</strong></span> <span class='ocrx_word' id='word_1_51' title='bbox 486 1090 587 1152; x_wconf 86' lang='lat' dir='ltr'><strong>lex</strong></span> <span class='ocrx_word' id='word_1_52' title='bbox 615 1091 769 1153; x_wconf 89' lang='lat' dir='ltr'><strong>dans</strong></span> <span class='ocrx_word' id='word_1_53' title='bbox 796 1092 1063 1153; x_wconf 78' lang='lat' dir='ltr'><strong>formam</strong></span> <span class='ocrx_word' id='word_1_54' title='bbox 1090 1094 1255 1154; x_wconf 90' lang='lat' dir='ltr'><strong>actui</strong></span> <span class='ocrx_word' id='word_1_55' title='bbox 1285 1093 1457 1173; x_wconf 90' lang='lat' dir='ltr'><strong>prius</strong></span> <span class='ocrx_word' id='word_1_56' title='bbox 1477 1091 1752 1171; x_wconf 82' lang='lat' dir='ltr'><strong>praecipit</strong></span> <span class='ocrx_word' id='word_1_57' title='bbox 1769 1090 1856 1152; x_wconf 89' lang='lat' dir='ltr'><strong>sic</strong></span> 
     </span>
     <span class='ocr_line' id='line_1_9' title="bbox 287 1183 1855 1265; baseline -0.001 -19"><span class='ocrx_word' id='word_1_58' title='bbox 287 1183 451 1259; x_wconf 86' lang='lat' dir='ltr'><strong>fieri,</strong></span> <span class='ocrx_word' id='word_1_59' title='bbox 473 1202 581 1245; x_wconf 90' lang='lat' dir='ltr'><strong>seu</strong></span> <span class='ocrx_word' id='word_1_60' title='bbox 609 1203 736 1245; x_wconf 91' lang='lat' dir='ltr'><strong>non</strong></span> <span class='ocrx_word' id='word_1_61' title='bbox 763 1184 943 1246; x_wconf 85' lang='lat' dir='ltr'><strong>aliter</strong></span> <span class='ocrx_word' id='word_1_62' title='bbox 959 1184 1118 1261; x_wconf 89' lang='lat' dir='ltr'><strong>fieri,</strong></span> <span class='ocrx_word' id='word_1_63' title='bbox 1144 1193 1205 1248; x_wconf 90' lang='lat' dir='ltr'><strong>et</strong></span> <span class='ocrx_word' id='word_1_64' title='bbox 1230 1191 1440 1265; x_wconf 86' lang='lat' dir='ltr'><strong>postea</strong></span> <span class='ocrx_word' id='word_1_65' title='bbox 1459 1185 1660 1246; x_wconf 89' lang='lat' dir='ltr'><strong>irritat</strong></span> <span class='ocrx_word' id='word_1_66' title='bbox 1676 1185 1855 1245; x_wconf 85' lang='lat' dir='ltr'><strong>aliter</strong></span> 
     </span>
     <span class='ocr_line' id='line_1_10' title="bbox 287 1277 1853 1358; baseline 0.001 -21"><span class='ocrx_word' id='word_1_67' title='bbox 287 1277 545 1349; x_wconf 78' lang='lat' dir='ltr'><strong>factum,</strong></span> <span class='ocrx_word' id='word_1_68' title='bbox 593 1283 665 1338; x_wconf 93' lang='lat' dir='ltr'><strong>ut</strong></span> <span class='ocrx_word' id='word_1_69' title='bbox 693 1277 762 1339; x_wconf 91' lang='lat' dir='ltr'><strong>in</strong></span> <span class='ocrx_word' id='word_1_70' title='bbox 802 1278 1097 1358; x_wconf 88' lang='lat' dir='ltr'><strong>exemplis</strong></span> <span class='ocrx_word' id='word_1_71' title='bbox 1140 1296 1218 1339; x_wconf 88' lang='lat' dir='ltr'><strong>ex</strong></span> <span class='ocrx_word' id='word_1_72' title='bbox 1264 1278 1534 1340; x_wconf 81' lang='lat' dir='ltr'>Concilio</span> <span class='ocrx_word' id='word_1_73' title='bbox 1577 1278 1853 1339; x_wconf 77' lang='lat' dir='ltr'><strong>adductis</strong></span> 
     </span>
     <span class='ocr_line' id='line_1_11' title="bbox 287 1370 1849 1450; baseline -0.001 -19"><span class='ocrx_word' id='word_1_74' title='bbox 287 1370 435 1431; x_wconf 88' lang='lat' dir='ltr'><strong>satis</strong></span> <span class='ocrx_word' id='word_1_75' title='bbox 463 1375 669 1449; x_wconf 89' lang='lat' dir='ltr'><strong>patet:</strong></span> <span class='ocrx_word' id='word_1_76' title='bbox 705 1388 1158 1449; x_wconf 87' lang='lat' dir='ltr'><strong>nonnunquam</strong></span> <span class='ocrx_word' id='word_1_77' title='bbox 1185 1389 1332 1433; x_wconf 89' lang='lat' dir='ltr'><strong>vero</strong></span> <span class='ocrx_word' id='word_1_78' title='bbox 1366 1370 1524 1431; x_wconf 85' lang='lat' dir='ltr'>nihil</span> <span class='ocrx_word' id='word_1_79' title='bbox 1548 1371 1849 1450; x_wconf 78' lang='lat' dir='ltr'><strong>praecipit,</strong></span> 
     </span>
     <span class='ocr_line' id='line_1_12' title="bbox 286 1461 1855 1543; baseline 0.001 -22"><span class='ocrx_word' id='word_1_80' title='bbox 286 1461 387 1522; x_wconf 91' lang='lat' dir='ltr'><strong>vel</strong></span> <span class='ocrx_word' id='word_1_81' title='bbox 423 1463 586 1523; x_wconf 88' lang='lat' dir='ltr'><strong>circa</strong></span> <span class='ocrx_word' id='word_1_82' title='bbox 621 1467 829 1523; x_wconf 87' lang='lat' dir='ltr'><strong>actum</strong></span> <span class='ocrx_word' id='word_1_83' title='bbox 859 1463 1088 1543; x_wconf 89' lang='lat' dir='ltr'><strong>ipsum,</strong></span> <span class='ocrx_word' id='word_1_84' title='bbox 1130 1462 1229 1524; x_wconf 90' lang='lat' dir='ltr'><strong>vel</strong></span> <span class='ocrx_word' id='word_1_85' title='bbox 1260 1463 1524 1526; x_wconf 83' lang='lat' dir='ltr'><strong>formam</strong></span> <span class='ocrx_word' id='word_1_86' title='bbox 1561 1464 1714 1542; x_wconf 72' lang='lat' dir='ltr'><strong>ejuS,</strong></span> <span class='ocrx_word' id='word_1_87' title='bbox 1747 1463 1855 1524; x_wconf 91' lang='lat' dir='ltr'><strong>sed</strong></span> 
     </span>
     <span class='ocr_line' id='line_1_13' title="bbox 287 1555 1855 1635; baseline 0.001 -20"><span class='ocrx_word' id='word_1_88' title='bbox 287 1560 536 1615; x_wconf 88' lang='lat' dir='ltr'><strong>tantum</strong></span> <span class='ocrx_word' id='word_1_89' title='bbox 581 1555 1081 1617; x_wconf 81' lang='lat' dir='ltr'><strong>conditionaliter</strong></span> <span class='ocrx_word' id='word_1_90' title='bbox 1130 1556 1346 1617; x_wconf 80' lang='lat' dir='ltr'><strong>statuit</strong></span> <span class='ocrx_word' id='word_1_91' title='bbox 1389 1562 1491 1631; x_wconf 88' lang='lat' dir='ltr'><strong>ut,</strong></span> <span class='ocrx_word' id='word_1_92' title='bbox 1529 1557 1580 1616; x_wconf 90' lang='lat' dir='ltr'><strong>si</strong></span> <span class='ocrx_word' id='word_1_93' title='bbox 1624 1556 1855 1635; x_wconf 89' lang='lat' dir='ltr'><strong>absque</strong></span> 
     </span>
     <span class='ocr_line' id='line_1_14' title="bbox 289 1646 1855 1727; baseline 0.002 -20"><span class='ocrx_word' id='word_1_94' title='bbox 289 1646 401 1707; x_wconf 90' lang='lat' dir='ltr'><strong>tali</strong></span> <span class='ocrx_word' id='word_1_95' title='bbox 428 1647 628 1708; x_wconf 88' lang='lat' dir='ltr'><strong>forma</strong></span> <span class='ocrx_word' id='word_1_96' title='bbox 655 1647 784 1722; x_wconf 88' lang='lat' dir='ltr'><strong>fiat,</strong></span> <span class='ocrx_word' id='word_1_97' title='bbox 808 1665 937 1709; x_wconf 92' lang='lat' dir='ltr'><strong>non</strong></span> <span class='ocrx_word' id='word_1_98' title='bbox 970 1648 1194 1723; x_wconf 89' lang='lat' dir='ltr'><strong>valeat,</strong></span> <span class='ocrx_word' id='word_1_99' title='bbox 1221 1654 1292 1708; x_wconf 93' lang='lat' dir='ltr'><strong>ut</strong></span> <span class='ocrx_word' id='word_1_100' title='bbox 1324 1653 1493 1727; x_wconf 87' lang='lat' dir='ltr'><strong>patet</strong></span> <span class='ocrx_word' id='word_1_101' title='bbox 1521 1648 1589 1708; x_wconf 90' lang='lat' dir='ltr'><strong>in</strong></span> <span class='ocrx_word' id='word_1_102' title='bbox 1618 1648 1755 1727; x_wconf 91' lang='lat' dir='ltr'><strong>lege</strong></span> <span class='ocrx_word' id='word_1_103' title='bbox 1778 1650 1855 1711; x_wconf 90' lang='lat' dir='ltr'><strong>de</strong></span> 
     </span>
     <span class='ocr_line' id='line_1_15' title="bbox 291 1739 1855 1815; baseline 0.001 -14"><span class='ocrx_word' id='word_1_104' title='bbox 291 1739 683 1802; x_wconf 78' lang='lat' dir='ltr'><strong>solemnitate</strong></span> <span class='ocrx_word' id='word_1_105' title='bbox 711 1742 1066 1802; x_wconf 86' lang='lat' dir='ltr'><strong>testamenti</strong></span> <span class='ocrx_word' id='word_1_106' title='bbox 1102 1746 1165 1802; x_wconf 91' lang='lat' dir='ltr'><strong>et</strong></span> <span class='ocrx_word' id='word_1_107' title='bbox 1197 1740 1524 1815; x_wconf 89' lang='lat' dir='ltr'><strong>similibus,</strong></span> <span class='ocrx_word' id='word_1_108' title='bbox 1548 1749 1613 1803; x_wconf 89' lang='lat' dir='ltr'><strong>et</strong></span> <span class='ocrx_word' id='word_1_109' title='bbox 1637 1742 1855 1802; x_wconf 90' lang='lat' dir='ltr'><strong>simili-</strong></span> 
     </span>
     <span class='ocr_line' id='line_1_16' title="bbox 291 1832 1847 1912; baseline 0 -18"><span class='ocrx_word' id='word_1_110' title='bbox 291 1839 387 1894; x_wconf 87' lang='lat' dir='ltr'><strong>ter</strong></span> <span class='ocrx_word' id='word_1_111' title='bbox 404 1833 473 1894; x_wconf 92' lang='lat' dir='ltr'><strong>in</strong></span> <span class='ocrx_word' id='word_1_112' title='bbox 491 1833 729 1911; x_wconf 89' lang='lat' dir='ltr'><strong>legibus</strong></span> <span class='ocrx_word' id='word_1_113' title='bbox 746 1833 975 1894; x_wconf 85' lang='lat' dir='ltr'><strong>directe</strong></span> <span class='ocrx_word' id='word_1_114' title='bbox 994 1832 1382 1894; x_wconf 86' lang='lat' dir='ltr'><strong>irritantibus</strong></span> <span class='ocrx_word' id='word_1_115' title='bbox 1401 1838 1573 1894; x_wconf 89' lang='lat' dir='ltr'><strong>actus</strong></span> <span class='ocrx_word' id='word_1_116' title='bbox 1591 1833 1847 1912; x_wconf 77' lang='lat' dir='ltr'><strong>aliquoS,</strong></span> 
     </span>
     <span class='ocr_line' id='line_1_17' title="bbox 289 1925 1857 2006; baseline 0.001 -20"><span class='ocrx_word' id='word_1_117' title='bbox 289 1944 416 1986; x_wconf 90' lang='lat' dir='ltr'><strong>non</strong></span> <span class='ocrx_word' id='word_1_118' title='bbox 438 1931 689 2005; x_wconf 91' lang='lat' dir='ltr'><strong>propter</strong></span> <span class='ocrx_word' id='word_1_119' title='bbox 712 1925 1017 1987; x_wconf 79' lang='lat' dir='ltr'><strong>defectum</strong></span> <span class='ocrx_word' id='word_1_120' title='bbox 1041 1926 1255 1987; x_wconf 73' lang='lat' dir='ltr'><strong>formae</strong></span> <span class='ocrx_word' id='word_1_121' title='bbox 1259 1970 1279 2001; x_wconf 94' lang='lat'><strong>,</strong></span> <span class='ocrx_word' id='word_1_122' title='bbox 1305 1925 1413 1986; x_wconf 89' lang='lat' dir='ltr'><strong>sed</strong></span> <span class='ocrx_word' id='word_1_123' title='bbox 1434 1932 1685 2006; x_wconf 90' lang='lat' dir='ltr'><strong>propter</strong></span> <span class='ocrx_word' id='word_1_124' title='bbox 1706 1926 1857 1987; x_wconf 91' lang='lat' dir='ltr'><strong>alias</strong></span> 
     </span>
     <span class='ocr_line' id='line_1_18' title="bbox 291 2019 1855 2099; baseline 0.001 -20"><span class='ocrx_word' id='word_1_125' title='bbox 291 2038 528 2095; x_wconf 90' lang='lat' dir='ltr'><strong>causas,</strong></span> <span class='ocrx_word' id='word_1_126' title='bbox 561 2037 719 2098; x_wconf 85' lang='lat' dir='ltr'><strong>saepe</strong></span> <span class='ocrx_word' id='word_1_127' title='bbox 759 2019 956 2080; x_wconf 84' lang='lat' dir='ltr'><strong>fertur</strong></span> <span class='ocrx_word' id='word_1_128' title='bbox 994 2020 1166 2098; x_wconf 90' lang='lat' dir='ltr'><strong>prius</strong></span> <span class='ocrx_word' id='word_1_129' title='bbox 1200 2019 1482 2080; x_wconf 86' lang='lat' dir='ltr'><strong>absoluta</strong></span> <span class='ocrx_word' id='word_1_130' title='bbox 1520 2020 1855 2099; x_wconf 87' lang='lat' dir='ltr'><strong>prohibitio</strong></span> 
     </span>
     <span class='ocr_line' id='line_1_19' title="bbox 289 2113 1857 2193; baseline 0.002 -22"><span class='ocrx_word' id='word_1_131' title='bbox 289 2118 485 2186; x_wconf 91' lang='lat' dir='ltr'><strong>actus,</strong></span> <span class='ocrx_word' id='word_1_132' title='bbox 505 2119 567 2173; x_wconf 91' lang='lat' dir='ltr'><strong>et</strong></span> <span class='ocrx_word' id='word_1_133' title='bbox 594 2114 843 2174; x_wconf 87' lang='lat' dir='ltr'><strong>additur</strong></span> <span class='ocrx_word' id='word_1_134' title='bbox 868 2114 1154 2187; x_wconf 88' lang='lat' dir='ltr'><strong>irritati0‚</strong></span> <span class='ocrx_word' id='word_1_135' title='bbox 1178 2119 1250 2173; x_wconf 92' lang='lat' dir='ltr'><strong>ut</strong></span> <span class='ocrx_word' id='word_1_136' title='bbox 1277 2119 1444 2192; x_wconf 87' lang='lat' dir='ltr'><strong>patet</strong></span> <span class='ocrx_word' id='word_1_137' title='bbox 1471 2113 1537 2173; x_wconf 90' lang='lat' dir='ltr'><strong>in</strong></span> <span class='ocrx_word' id='word_1_138' title='bbox 1563 2114 1857 2193; x_wconf 89' lang='lat' dir='ltr'><strong>exemplis</strong></span> 
     </span>
     <span class='ocr_line' id='line_1_20' title="bbox 288 2205 1872 2286; baseline 0.001 -20"><span class='ocrx_word' id='word_1_139' title='bbox 288 2205 574 2266; x_wconf 84' lang='lat' dir='ltr'><strong>adductis</strong></span> <span class='ocrx_word' id='word_1_140' title='bbox 604 2206 679 2267; x_wconf 88' lang='lat' dir='ltr'><strong>de</strong></span> <span class='ocrx_word' id='word_1_141' title='bbox 706 2208 1103 2268; x_wconf 90' lang='lat' dir='ltr'><strong>matrimonio</strong></span> <span class='ocrx_word' id='word_1_142' title='bbox 1131 2222 1146 2266; x_wconf 72' lang='grc' dir='ltr'>ε</span> <span class='ocrx_word' id='word_1_143' title='bbox 1172 2207 1503 2286; x_wconf 87' lang='lat' dir='ltr'><strong>aliquando</strong></span> <span class='ocrx_word' id='word_1_144' title='bbox 1526 2225 1674 2267; x_wconf 88' lang='lat' dir='ltr'><strong>vero</strong></span> <span class='ocrx_word' id='word_1_145' title='bbox 1699 2207 1872 2267; x_wconf 88' lang='lat' dir='ltr'><strong>nihil-</strong></span> 
     </span>
     <span class='ocr_line' id='line_1_21' title="bbox 293 2298 1860 2377; baseline 0.001 -19"><span class='ocrx_word' id='word_1_146' title='bbox 293 2298 652 2375; x_wconf 88' lang='lat' dir='ltr'><strong>simpliciter</strong></span> <span class='ocrx_word' id='word_1_147' title='bbox 700 2299 1085 2377; x_wconf 84' lang='lat' dir='ltr'><strong>prohibetur,</strong></span> <span class='ocrx_word' id='word_1_148' title='bbox 1127 2299 1231 2360; x_wconf 87' lang='lat' dir='ltr'><strong>sed</strong></span> <span class='ocrx_word' id='word_1_149' title='bbox 1271 2300 1554 2360; x_wconf 87' lang='lat' dir='ltr'><strong>irritatur</strong></span> <span class='ocrx_word' id='word_1_150' title='bbox 1594 2306 1765 2360; x_wconf 91' lang='lat' dir='ltr'><strong>actus</strong></span> <span class='ocrx_word' id='word_1_151' title='bbox 1806 2300 1860 2360; x_wconf 90' lang='lat' dir='ltr'><strong>si</strong></span> 
     </span>
     <span class='ocr_line' id='line_1_22' title="bbox 295 2390 1856 2470; baseline 0.003 -21"><span class='ocrx_word' id='word_1_152' title='bbox 295 2390 429 2464; x_wconf 88' lang='lat' dir='ltr'><strong>fiat,</strong></span> <span class='ocrx_word' id='word_1_153' title='bbox 475 2396 545 2450; x_wconf 93' lang='lat' dir='ltr'><strong>ut</strong></span> <span class='ocrx_word' id='word_1_154' title='bbox 575 2391 642 2450; x_wconf 92' lang='lat' dir='ltr'><strong>in</strong></span> <span class='ocrx_word' id='word_1_155' title='bbox 671 2409 810 2451; x_wconf 90' lang='lat' dir='ltr'><strong>casu</strong></span> <span class='ocrx_word' id='word_1_156' title='bbox 843 2411 977 2470; x_wconf 90' lang='lat' dir='ltr'><strong>cap.</strong></span> <span class='ocrx_word' id='word_1_157' title='bbox 1025 2392 1336 2468; x_wconf 72' lang='lat' dir='ltr'><strong>Quamvis,</strong></span> <span class='ocrx_word' id='word_1_158' title='bbox 1367 2393 1442 2453; x_wconf 86' lang='lat' dir='ltr'><strong>de</strong></span> <span class='ocrx_word' id='word_1_159' title='bbox 1470 2393 1660 2468; x_wconf 70' lang='lat' dir='ltr'><strong>Pact„</strong></span> <span class='ocrx_word' id='word_1_160' title='bbox 1700 2393 1768 2453; x_wconf 91' lang='lat' dir='ltr'><strong>in</strong></span> <span class='ocrx_word' id='word_1_161' title='bbox 1793 2394 1856 2469; x_wconf 84' lang='lat'><strong>6,</strong></span> 
     </span>
     <span class='ocr_line' id='line_1_23' title="bbox 294 2482 1336 2561; baseline 0.005 -21"><span class='ocrx_word' id='word_1_162' title='bbox 294 2499 440 2541; x_wconf 89' lang='lat' dir='ltr'><strong>cum</strong></span> <span class='ocrx_word' id='word_1_163' title='bbox 464 2482 767 2542; x_wconf 88' lang='lat' dir='ltr'><strong>similibus</strong></span> <span class='ocrx_word' id='word_1_164' title='bbox 796 2483 873 2543; x_wconf 93' lang='lat' dir='ltr'><strong>de</strong></span> <span class='ocrx_word' id='word_1_165' title='bbox 901 2482 1127 2561; x_wconf 89' lang='lat' dir='ltr'><strong>quibus</strong></span> <span class='ocrx_word' id='word_1_166' title='bbox 1153 2484 1336 2545; x_wconf 86' lang='lat' dir='ltr'><strong>infra.</strong></span> 
     </span>
    </p>

    <p class='ocr_par' dir='ltr' id='par_1_3' title="bbox 224 2575 1864 5630">
     <span class='ocr_line' id='line_1_24' title="bbox 303 2575 1863 2655; baseline 0.004 -22"><span class='ocrx_word' id='word_1_167' title='bbox 303 2631 314 2641; x_wconf 80' lang='grc'><em>,</em></span> <span class='ocrx_word' id='word_1_168' title='bbox 375 2576 434 2634; x_wconf 89' lang='grc'><strong>3.</strong></span> <span class='ocrx_word' id='word_1_169' title='bbox 483 2575 670 2636; x_wconf 75' lang='lat' dir='ltr'><strong>Pom</strong></span> <span class='ocrx_word' id='word_1_170' title='bbox 706 2592 817 2653; x_wconf 78' lang='lat' dir='ltr'><strong>per</strong></span> <span class='ocrx_word' id='word_1_171' title='bbox 857 2576 1040 2655; x_wconf 74' lang='lat' dir='ltr'><strong>Zeacm</strong></span> <span class='ocrx_word' id='word_1_172' title='bbox 1072 2577 1267 2637; x_wconf 74' lang='lat' dir='ltr'><strong>statui</strong></span> <span class='ocrx_word' id='word_1_173' title='bbox 1305 2577 1737 2653; x_wconf 71' lang='lat' dir='ltr'><strong>irritationem,</strong></span> <span class='ocrx_word' id='word_1_174' title='bbox 1771 2578 1863 2640; x_wconf 76' lang='lat' dir='ltr'><strong>vol</strong></span> 
     </span>
     <span class='ocr_line' id='line_1_25' title="bbox 288 2665 1856 2746; baseline 0 -18"><span class='ocrx_word' id='word_1_175' title='bbox 288 2671 360 2728; x_wconf 66' lang='lat' dir='ltr'><strong>‘ut</strong></span> <span class='ocrx_word' id='word_1_176' title='bbox 386 2665 751 2743; x_wconf 79' lang='lat' dir='ltr'><strong>faciendam,</strong></span> <span class='ocrx_word' id='word_1_177' title='bbox 778 2668 871 2729; x_wconf 77' lang='lat' dir='ltr'><strong>vel</strong></span> <span class='ocrx_word' id='word_1_178' title='bbox 892 2669 1022 2746; x_wconf 73' lang='lat' dir='ltr'><strong>ipso</strong></span> <span class='ocrx_word' id='word_1_179' title='bbox 1048 2670 1237 2743; x_wconf 78' lang='lat' dir='ltr'><strong>facto.</strong></span> <span class='ocrx_word' id='word_1_180' title='bbox 1278 2699 1362 2712; x_wconf 95' lang='lat'><strong>—</strong></span> <span class='ocrx_word' id='word_1_181' title='bbox 1399 2668 1571 2728; x_wconf 90' lang='lat' dir='ltr'><strong>Circa</strong></span> <span class='ocrx_word' id='word_1_182' title='bbox 1598 2670 1856 2729; x_wconf 90' lang='lat' dir='ltr'><strong>alteram</strong></span> 
     </span>
     <span class='ocr_line' id='line_1_26' title="bbox 291 2759 1852 2839; baseline 0.003 -22"><span class='ocrx_word' id='word_1_183' title='bbox 291 2763 535 2839; x_wconf 89' lang='lat' dir='ltr'><strong>partem</strong></span> <span class='ocrx_word' id='word_1_184' title='bbox 575 2759 836 2820; x_wconf 86' lang='lat' dir='ltr'><strong>istarum</strong></span> <span class='ocrx_word' id='word_1_185' title='bbox 875 2761 1108 2839; x_wconf 90' lang='lat' dir='ltr'><strong>legum,</strong></span> <span class='ocrx_word' id='word_1_186' title='bbox 1149 2761 1379 2822; x_wconf 90' lang='lat' dir='ltr'><strong>scilicet</strong></span> <span class='ocrx_word' id='word_1_187' title='bbox 1417 2762 1852 2837; x_wconf 83' lang='lat' dir='ltr'><strong>irritationem,</strong></span> 
     </span>
     <span class='ocr_line' id='line_1_27' title="bbox 296 2849 1859 2933; baseline 0.003 -22"><span class='ocrx_word' id='word_1_188' title='bbox 296 2849 741 2911; x_wconf 90' lang='lat' dir='ltr'><strong>advertendum</strong></span> <span class='ocrx_word' id='word_1_189' title='bbox 787 2862 879 2912; x_wconf 88' lang='lat' dir='ltr'><strong>est</strong></span> <span class='ocrx_word' id='word_1_190' title='bbox 922 2851 1246 2930; x_wconf 86' lang='lat' dir='ltr'><strong>dupliciter</strong></span> <span class='ocrx_word' id='word_1_191' title='bbox 1291 2872 1465 2931; x_wconf 89' lang='lat' dir='ltr'><strong>posse</strong></span> <span class='ocrx_word' id='word_1_192' title='bbox 1507 2872 1617 2931; x_wconf 89' lang='lat' dir='ltr'><strong>per</strong></span> <span class='ocrx_word' id='word_1_193' title='bbox 1654 2853 1859 2933; x_wconf 90' lang='lat' dir='ltr'><strong>legem</strong></span> 
     </span>
     <span class='ocr_line' id='line_1_28' title="bbox 298 2942 1855 3021; baseline 0.003 -20"><span class='ocrx_word' id='word_1_194' title='bbox 298 2942 518 3017; x_wconf 86' lang='lat' dir='ltr'><strong>statui3</strong></span> <span class='ocrx_word' id='word_1_195' title='bbox 536 2959 778 3020; x_wconf 90' lang='lat' dir='ltr'><strong>nempe,</strong></span> <span class='ocrx_word' id='word_1_196' title='bbox 803 2942 902 3004; x_wconf 90' lang='lat' dir='ltr'><strong>vel</strong></span> <span class='ocrx_word' id='word_1_197' title='bbox 917 2942 1051 3021; x_wconf 92' lang='lat' dir='ltr'><strong>ipso</strong></span> <span class='ocrx_word' id='word_1_198' title='bbox 1072 2943 1256 3018; x_wconf 91' lang='lat' dir='ltr'><strong>facto,</strong></span> <span class='ocrx_word' id='word_1_199' title='bbox 1276 2943 1376 3004; x_wconf 88' lang='lat' dir='ltr'><strong>vel</strong></span> <span class='ocrx_word' id='word_1_200' title='bbox 1396 2950 1467 3005; x_wconf 90' lang='lat' dir='ltr'><strong>ut</strong></span> <span class='ocrx_word' id='word_1_201' title='bbox 1486 2943 1855 3006; x_wconf 85' lang='lat' dir='ltr'><strong>faciendam.</strong></span> 
     </span>
     <span class='ocr_line' id='line_1_29' title="bbox 299 3034 1862 3117; baseline 0.001 -22"><span class='ocrx_word' id='word_1_202' title='bbox 299 3036 459 3095; x_wconf 91' lang='lat' dir='ltr'><strong>Nam</strong></span> <span class='ocrx_word' id='word_1_203' title='bbox 490 3034 646 3094; x_wconf 91' lang='lat' dir='ltr'><strong>sicut</strong></span> <span class='ocrx_word' id='word_1_204' title='bbox 670 3034 773 3095; x_wconf 90' lang='lat' dir='ltr'><strong>lex</strong></span> <span class='ocrx_word' id='word_1_205' title='bbox 810 3035 1071 3115; x_wconf 87' lang='lat' dir='ltr'><strong>poenalis</strong></span> <span class='ocrx_word' id='word_1_206' title='bbox 1102 3036 1414 3096; x_wconf 92' lang='lat' dir='ltr'><strong>interdum</strong></span> <span class='ocrx_word' id='word_1_207' title='bbox 1441 3036 1707 3117; x_wconf 89' lang='lat' dir='ltr'><strong>imponit</strong></span> <span class='ocrx_word' id='word_1_208' title='bbox 1733 3054 1862 3116; x_wconf 88' lang='lat' dir='ltr'><strong>poe-</strong></span> 
     </span>
     <span class='ocr_line' id='line_1_30' title="bbox 299 3120 1864 3207; baseline 0.003 -20"><span class='ocrx_word' id='word_1_209' title='bbox 299 3146 448 3188; x_wconf 90' lang='lat' dir='ltr'><strong>nam</strong></span> <span class='ocrx_word' id='word_1_210' title='bbox 475 3126 817 3201; x_wconf 84' lang='lat' dir='ltr'><strong>ferendam,</strong></span> <span class='ocrx_word' id='word_1_211' title='bbox 861 3120 1175 3189; x_wconf 61' lang='lat' dir='ltr'><strong>interdum</strong></span> <span class='ocrx_word' id='word_1_212' title='bbox 1219 3147 1330 3207; x_wconf 90' lang='lat' dir='ltr'><strong>per</strong></span> <span class='ocrx_word' id='word_1_213' title='bbox 1370 3148 1434 3189; x_wconf 92' lang='lat' dir='ltr'><strong>se</strong></span> <span class='ocrx_word' id='word_1_214' title='bbox 1461 3129 1633 3189; x_wconf 90' lang='lat' dir='ltr'><strong>illam</strong></span> <span class='ocrx_word' id='word_1_215' title='bbox 1674 3130 1864 3191; x_wconf 87' lang='lat' dir='ltr'><strong>infert</strong></span> 
     </span>
     <span class='ocr_line' id='line_1_31' title="bbox 294 3220 1860 3301; baseline 0.002 -22"><span class='ocrx_word' id='word_1_216' title='bbox 294 3221 426 3299; x_wconf 91' lang='lat' dir='ltr'><strong>ipso</strong></span> <span class='ocrx_word' id='word_1_217' title='bbox 454 3220 638 3294; x_wconf 88' lang='lat' dir='ltr'><strong>fact0,</strong></span> <span class='ocrx_word' id='word_1_218' title='bbox 678 3238 788 3280; x_wconf 88' lang='lat' dir='ltr'><strong>seu</strong></span> <span class='ocrx_word' id='word_1_219' title='bbox 814 3220 946 3298; x_wconf 93' lang='lat' dir='ltr'><strong>ipso</strong></span> <span class='ocrx_word' id='word_1_220' title='bbox 976 3221 1118 3299; x_wconf 86' lang='lat' dir='ltr'><strong>jure</strong></span> <span class='ocrx_word' id='word_1_221' title='bbox 1146 3236 1162 3280; x_wconf 71' lang='grc' dir='ltr'><strong>ε</strong></span> <span class='ocrx_word' id='word_1_222' title='bbox 1191 3221 1280 3281; x_wconf 89' lang='lat' dir='ltr'><strong>ita</strong></span> <span class='ocrx_word' id='word_1_223' title='bbox 1307 3221 1570 3282; x_wconf 91' lang='lat' dir='ltr'><strong>irritatio</strong></span> <span class='ocrx_word' id='word_1_224' title='bbox 1597 3228 1860 3301; x_wconf 86' lang='lat' dir='ltr'><strong>utroque</strong></span> 
     </span>
     <span class='ocr_line' id='line_1_32' title="bbox 298 3313 1860 3397; baseline 0.003 -24"><span class='ocrx_word' id='word_1_225' title='bbox 298 3313 484 3373; x_wconf 92' lang='lat' dir='ltr'><strong>modo</strong></span> <span class='ocrx_word' id='word_1_226' title='bbox 529 3314 678 3375; x_wconf 86' lang='lat' dir='ltr'><strong>ferri</strong></span> <span class='ocrx_word' id='word_1_227' title='bbox 723 3318 926 3393; x_wconf 88' lang='lat' dir='ltr'><strong>potest</strong></span> <span class='ocrx_word' id='word_1_228' title='bbox 973 3332 1086 3393; x_wconf 89' lang='lat' dir='ltr'><strong>per</strong></span> <span class='ocrx_word' id='word_1_229' title='bbox 1127 3315 1327 3392; x_wconf 89' lang='lat' dir='ltr'><strong>legem</strong></span> <span class='ocrx_word' id='word_1_230' title='bbox 1343 3360 1364 3390; x_wconf 95' lang='lat'><strong>,</strong></span> <span class='ocrx_word' id='word_1_231' title='bbox 1409 3316 1558 3394; x_wconf 84' lang='lat' dir='ltr'><strong>quia</strong></span> <span class='ocrx_word' id='word_1_232' title='bbox 1601 3321 1860 3397; x_wconf 86' lang='lat' dir='ltr'><strong>uterque</strong></span> 
     </span>
     <span class='ocr_line' id='line_1_33' title="bbox 293 3405 1860 3487; baseline 0.004 -22"><span class='ocrx_word' id='word_1_233' title='bbox 293 3406 513 3466; x_wconf 91' lang='lat' dir='ltr'><strong>modus</strong></span> <span class='ocrx_word' id='word_1_234' title='bbox 541 3412 634 3467; x_wconf 89' lang='lat' dir='ltr'><strong>est</strong></span> <span class='ocrx_word' id='word_1_235' title='bbox 665 3405 996 3485; x_wconf 87' lang='lat' dir='ltr'><strong>possibilis,</strong></span> <span class='ocrx_word' id='word_1_236' title='bbox 1023 3412 1084 3468; x_wconf 91' lang='lat' dir='ltr'><strong>et</strong></span> <span class='ocrx_word' id='word_1_237' title='bbox 1113 3412 1372 3486; x_wconf 87' lang='lat' dir='ltr'><strong>uterque</strong></span> <span class='ocrx_word' id='word_1_238' title='bbox 1400 3408 1628 3487; x_wconf 90' lang='lat' dir='ltr'><strong>pendet</strong></span> <span class='ocrx_word' id='word_1_239' title='bbox 1653 3427 1732 3471; x_wconf 90' lang='lat' dir='ltr'><strong>ex</strong></span> <span class='ocrx_word' id='word_1_240' title='bbox 1761 3428 1860 3471; x_wconf 90' lang='lat' dir='ltr'><strong>ar-</strong></span> 
     </span>
     <span class='ocr_line' id='line_1_34' title="bbox 292 3498 1858 3578; baseline 0.004 -21"><span class='ocrx_word' id='word_1_241' title='bbox 292 3498 482 3558; x_wconf 91' lang='lat' dir='ltr'><strong>bitrio</strong></span> <span class='ocrx_word' id='word_1_242' title='bbox 523 3498 915 3577; x_wconf 76' lang='lat' dir='ltr'><strong>legislatoriS,</strong></span> <span class='ocrx_word' id='word_1_243' title='bbox 947 3504 1009 3559; x_wconf 92' lang='lat' dir='ltr'><strong>et</strong></span> <span class='ocrx_word' id='word_1_244' title='bbox 1053 3506 1496 3578; x_wconf 88' lang='lat' dir='ltr'><strong>consequenter</strong></span> <span class='ocrx_word' id='word_1_245' title='bbox 1535 3519 1613 3562; x_wconf 87' lang='lat' dir='ltr'><strong>ex</strong></span> <span class='ocrx_word' id='word_1_246' title='bbox 1650 3509 1858 3564; x_wconf 90' lang='lat' dir='ltr'><strong>mente</strong></span> 
     </span>
     <span class='ocr_line' id='line_1_35' title="bbox 293 3591 1858 3671; baseline 0.003 -22"><span class='ocrx_word' id='word_1_247' title='bbox 293 3591 447 3667; x_wconf 85' lang='lat' dir='ltr'><strong>ejus,</strong></span> <span class='ocrx_word' id='word_1_248' title='bbox 479 3609 617 3669; x_wconf 82' lang='lat' dir='ltr'><strong>quae</strong></span> <span class='ocrx_word' id='word_1_249' title='bbox 659 3609 787 3651; x_wconf 94' lang='lat' dir='ltr'><strong>uno</strong></span> <span class='ocrx_word' id='word_1_250' title='bbox 815 3597 878 3652; x_wconf 87' lang='lat' dir='ltr'><strong>et</strong></span> <span class='ocrx_word' id='word_1_251' title='bbox 917 3591 1038 3652; x_wconf 92' lang='lat' dir='ltr'><strong>alio</strong></span> <span class='ocrx_word' id='word_1_252' title='bbox 1064 3592 1248 3652; x_wconf 87' lang='lat' dir='ltr'><strong>modo</strong></span> <span class='ocrx_word' id='word_1_253' title='bbox 1275 3610 1386 3671; x_wconf 90' lang='lat' dir='ltr'><strong>per</strong></span> <span class='ocrx_word' id='word_1_254' title='bbox 1424 3593 1616 3654; x_wconf 88' lang='lat' dir='ltr'><strong>verba</strong></span> <span class='ocrx_word' id='word_1_255' title='bbox 1645 3594 1858 3671; x_wconf 91' lang='lat' dir='ltr'><strong>legum</strong></span> 
     </span>
     <span class='ocr_line' id='line_1_36' title="bbox 301 3681 1860 3763; baseline 0.004 -22"><span class='ocrx_word' id='word_1_256' title='bbox 301 3681 638 3759; x_wconf 86' lang='lat' dir='ltr'><strong>significari</strong></span> <span class='ocrx_word' id='word_1_257' title='bbox 671 3682 844 3744; x_wconf 86' lang='lat' dir='ltr'><strong>solet.</strong></span> <span class='ocrx_word' id='word_1_258' title='bbox 889 3684 1063 3763; x_wconf 79' lang='lat' dir='ltr'><strong>Saepe</strong></span> <span class='ocrx_word' id='word_1_259' title='bbox 1090 3685 1259 3745; x_wconf 90' lang='lat' dir='ltr'><strong>enim</strong></span> <span class='ocrx_word' id='word_1_260' title='bbox 1298 3684 1512 3746; x_wconf 91' lang='lat' dir='ltr'><strong>dicunt</strong></span> <span class='ocrx_word' id='word_1_261' title='bbox 1534 3685 1723 3746; x_wconf 84' lang='lat' dir='ltr'><strong>talem</strong></span> <span class='ocrx_word' id='word_1_262' title='bbox 1760 3704 1860 3746; x_wconf 89' lang='lat' dir='ltr'><strong>ac-</strong></span> 
     </span>
     <span class='ocr_line' id='line_1_37' title="bbox 297 3773 1862 3853; baseline 0.003 -19"><span class='ocrx_word' id='word_1_263' title='bbox 297 3779 455 3849; x_wconf 88' lang='lat' dir='ltr'><strong>tum,</strong></span> <span class='ocrx_word' id='word_1_264' title='bbox 501 3775 554 3835; x_wconf 89' lang='lat' dir='ltr'><strong>si</strong></span> <span class='ocrx_word' id='word_1_265' title='bbox 599 3773 732 3851; x_wconf 85' lang='lat' dir='ltr'><strong>fiat,</strong></span> <span class='ocrx_word' id='word_1_266' title='bbox 775 3776 874 3836; x_wconf 88' lang='lat' dir='ltr'><strong>vel</strong></span> <span class='ocrx_word' id='word_1_267' title='bbox 919 3775 1098 3838; x_wconf 90' lang='lat' dir='ltr'><strong>aliter</strong></span> <span class='ocrx_word' id='word_1_268' title='bbox 1125 3775 1256 3853; x_wconf 88' lang='lat' dir='ltr'><strong>fiat,</strong></span> <span class='ocrx_word' id='word_1_269' title='bbox 1294 3794 1424 3838; x_wconf 90' lang='lat' dir='ltr'><strong>esse</strong></span> <span class='ocrx_word' id='word_1_270' title='bbox 1467 3777 1715 3839; x_wconf 88' lang='lat' dir='ltr'><strong>irritum</strong></span> <span class='ocrx_word' id='word_1_271' title='bbox 1761 3777 1862 3839; x_wconf 87' lang='lat' dir='ltr'><strong>vel</strong></span> 
     </span>
     <span class='ocr_line' id='line_1_38' title="bbox 294 3867 1853 3948; baseline 0.004 -22"><span class='ocrx_word' id='word_1_272' title='bbox 294 3885 420 3927; x_wconf 89' lang='lat' dir='ltr'><strong>non</strong></span> <span class='ocrx_word' id='word_1_273' title='bbox 447 3867 676 3943; x_wconf 91' lang='lat' dir='ltr'><strong>valere,</strong></span> <span class='ocrx_word' id='word_1_274' title='bbox 716 3873 789 3928; x_wconf 93' lang='lat' dir='ltr'><strong>ut</strong></span> <span class='ocrx_word' id='word_1_275' title='bbox 814 3868 881 3928; x_wconf 92' lang='lat' dir='ltr'><strong>in</strong></span> <span class='ocrx_word' id='word_1_276' title='bbox 907 3868 1028 3947; x_wconf 90' lang='lat' dir='ltr'><strong>leg.</strong></span> <span class='ocrx_word' id='word_1_277' title='bbox 1063 3868 1407 3948; x_wconf 78' lang='lat' dir='ltr'><strong>Stipulatio</strong></span> <span class='ocrx_word' id='word_1_278' title='bbox 1438 3887 1556 3931; x_wconf 75' lang='lat' dir='ltr'><strong>non</strong></span> <span class='ocrx_word' id='word_1_279' title='bbox 1581 3871 1759 3941; x_wconf 76' lang='lat' dir='ltr'><strong>valet,</strong></span> <span class='ocrx_word' id='word_1_280' title='bbox 1786 3870 1853 3933; x_wconf 86' lang='lat' dir='ltr'><strong>ff.</strong></span> 
     </span>
     <span class='ocr_line' id='line_1_39' title="bbox 293 3959 1857 4041; baseline 0.002 -22"><span class='ocrx_word' id='word_1_281' title='bbox 293 3959 369 4019; x_wconf 92' lang='lat' dir='ltr'><strong>de</strong></span> <span class='ocrx_word' id='word_1_282' title='bbox 417 3959 668 4021; x_wconf 89' lang='lat' dir='ltr'><strong>Verbor.</strong></span> <span class='ocrx_word' id='word_1_283' title='bbox 701 3960 921 4040; x_wconf 88' lang='lat' dir='ltr'><strong>oblig.‚</strong></span> <span class='ocrx_word' id='word_1_284' title='bbox 963 3979 1105 4023; x_wconf 91' lang='lat' dir='ltr'><strong>cum</strong></span> <span class='ocrx_word' id='word_1_285' title='bbox 1149 3961 1482 4037; x_wconf 83' lang='lat' dir='ltr'><strong>similibus3</strong></span> <span class='ocrx_word' id='word_1_286' title='bbox 1524 3962 1857 4041; x_wconf 90' lang='lat' dir='ltr'><strong>aliquando</strong></span> 
     </span>
     <span class='ocr_line' id='line_1_40' title="bbox 293 4053 1858 4129; baseline 0.002 -17"><span class='ocrx_word' id='word_1_287' title='bbox 293 4070 440 4114; x_wconf 87' lang='lat' dir='ltr'><strong>vero</strong></span> <span class='ocrx_word' id='word_1_288' title='bbox 489 4053 689 4113; x_wconf 93' lang='lat' dir='ltr'><strong>solum</strong></span> <span class='ocrx_word' id='word_1_289' title='bbox 736 4053 951 4113; x_wconf 89' lang='lat' dir='ltr'><strong>dicunt</strong></span> <span class='ocrx_word' id='word_1_290' title='bbox 995 4058 1067 4112; x_wconf 92' lang='lat' dir='ltr'><strong>ut</strong></span> <span class='ocrx_word' id='word_1_291' title='bbox 1109 4057 1283 4113; x_wconf 90' lang='lat' dir='ltr'><strong>actus</strong></span> <span class='ocrx_word' id='word_1_292' title='bbox 1329 4053 1629 4129; x_wconf 89' lang='lat' dir='ltr'><strong>irritetur,</strong></span> <span class='ocrx_word' id='word_1_293' title='bbox 1673 4058 1743 4114; x_wconf 92' lang='lat' dir='ltr'><strong>ut</strong></span> <span class='ocrx_word' id='word_1_294' title='bbox 1783 4055 1858 4115; x_wconf 91' lang='lat' dir='ltr'><strong>de</strong></span> 
     </span>
     <span class='ocr_line' id='line_1_41' title="bbox 292 4143 1855 4223; baseline 0.001 -17"><span class='ocrx_word' id='word_1_295' title='bbox 292 4145 648 4206; x_wconf 79' lang='lat' dir='ltr'><strong>venditione</strong></span> <span class='ocrx_word' id='word_1_296' title='bbox 675 4143 841 4205; x_wconf 85' lang='lat' dir='ltr'><strong>ultra</strong></span> <span class='ocrx_word' id='word_1_297' title='bbox 867 4145 1190 4205; x_wconf 85' lang='lat' dir='ltr'><strong>dimidiam</strong></span> <span class='ocrx_word' id='word_1_298' title='bbox 1216 4144 1371 4223; x_wconf 84' lang='lat' dir='ltr'><strong>justi</strong></span> <span class='ocrx_word' id='word_1_299' title='bbox 1392 4145 1597 4223; x_wconf 90' lang='lat' dir='ltr'><strong>pretii,</strong></span> <span class='ocrx_word' id='word_1_300' title='bbox 1626 4146 1693 4205; x_wconf 90' lang='lat' dir='ltr'><strong>in</strong></span> <span class='ocrx_word' id='word_1_301' title='bbox 1719 4144 1764 4206; x_wconf 93' lang='lat' dir='ltr'><strong>l.</strong></span> <span class='ocrx_word' id='word_1_302' title='bbox 1792 4149 1855 4222; x_wconf 74' lang='lat'><strong>2,</strong></span> 
     </span>
     <span class='ocr_line' id='line_1_42' title="bbox 293 4236 1858 4300; baseline 0.001 -2"><span class='ocrx_word' id='word_1_303' title='bbox 293 4256 348 4298; x_wconf 91' lang='lat' dir='ltr'><strong>c.</strong></span> <span class='ocrx_word' id='word_1_304' title='bbox 382 4239 458 4299; x_wconf 85' lang='lat' dir='ltr'><strong>de</strong></span> <span class='ocrx_word' id='word_1_305' title='bbox 495 4237 779 4299; x_wconf 85' lang='lat' dir='ltr'><strong>Rescind.</strong></span> <span class='ocrx_word' id='word_1_306' title='bbox 798 4237 1032 4298; x_wconf 91' lang='lat' dir='ltr'><strong>vendit.</strong></span> <span class='ocrx_word' id='word_1_307' title='bbox 1060 4236 1168 4297; x_wconf 89' lang='lat' dir='ltr'><strong>His</strong></span> <span class='ocrx_word' id='word_1_308' title='bbox 1192 4242 1400 4297; x_wconf 88' lang='lat' dir='ltr'><strong>autem</strong></span> <span class='ocrx_word' id='word_1_309' title='bbox 1428 4236 1668 4298; x_wconf 90' lang='lat' dir='ltr'><strong>duobus</strong></span> <span class='ocrx_word' id='word_1_310' title='bbox 1694 4239 1858 4300; x_wconf 88' lang='lat' dir='ltr'><strong>ordi-</strong></span> 
     </span>
     <span class='ocr_line' id='line_1_43' title="bbox 292 4328 1856 4410; baseline 0.001 -19"><span class='ocrx_word' id='word_1_311' title='bbox 292 4330 476 4391; x_wconf 87' lang='lat' dir='ltr'><strong>nibus</strong></span> <span class='ocrx_word' id='word_1_312' title='bbox 499 4330 713 4408; x_wconf 92' lang='lat' dir='ltr'><strong>legum</strong></span> <span class='ocrx_word' id='word_1_313' title='bbox 736 4329 934 4392; x_wconf 91' lang='lat' dir='ltr'><strong>solent</strong></span> <span class='ocrx_word' id='word_1_314' title='bbox 954 4329 1303 4410; x_wconf 85' lang='lat' dir='ltr'><strong>jurisperiti</strong></span> <span class='ocrx_word' id='word_1_315' title='bbox 1327 4328 1553 4391; x_wconf 84' lang='lat' dir='ltr'><strong>addere</strong></span> <span class='ocrx_word' id='word_1_316' title='bbox 1578 4330 1856 4406; x_wconf 91' lang='lat' dir='ltr'><strong>tertium,</strong></span> 
     </span>
     <span class='ocr_line' id='line_1_44' title="bbox 294 4422 1858 4503; baseline 0 -18"><span class='ocrx_word' id='word_1_317' title='bbox 294 4441 508 4485; x_wconf 87' lang='lat' dir='ltr'><strong>earum</strong></span> <span class='ocrx_word' id='word_1_318' title='bbox 535 4423 747 4502; x_wconf 88' lang='lat' dir='ltr'><strong>legum</strong></span> <span class='ocrx_word' id='word_1_319' title='bbox 774 4441 926 4503; x_wconf 85' lang='lat' dir='ltr'><strong>quas</strong></span> <span class='ocrx_word' id='word_1_320' title='bbox 947 4428 1170 4484; x_wconf 89' lang='lat' dir='ltr'><strong>vocant</strong></span> <span class='ocrx_word' id='word_1_321' title='bbox 1199 4440 1314 4484; x_wconf 89' lang='lat' dir='ltr'><strong>nec</strong></span> <span class='ocrx_word' id='word_1_322' title='bbox 1343 4422 1715 4499; x_wconf 84' lang='lat' dir='ltr'><strong>assistentes,</strong></span> <span class='ocrx_word' id='word_1_323' title='bbox 1744 4442 1858 4485; x_wconf 88' lang='lat' dir='ltr'><strong>nec</strong></span> 
     </span>
     <span class='ocr_line' id='line_1_45' title="bbox 294 4515 1858 4595; baseline 0.001 -18"><span class='ocrx_word' id='word_1_324' title='bbox 294 4516 649 4577; x_wconf 88' lang='lat' dir='ltr'><strong>resistentes</strong></span> <span class='ocrx_word' id='word_1_325' title='bbox 677 4516 1041 4591; x_wconf 87' lang='lat' dir='ltr'><strong>contractui,</strong></span> <span class='ocrx_word' id='word_1_326' title='bbox 1062 4515 1211 4595; x_wconf 86' lang='lat' dir='ltr'><strong>quia</strong></span> <span class='ocrx_word' id='word_1_327' title='bbox 1234 4532 1363 4576; x_wconf 92' lang='lat' dir='ltr'><strong>non</strong></span> <span class='ocrx_word' id='word_1_328' title='bbox 1380 4516 1531 4577; x_wconf 93' lang='lat' dir='ltr'><strong>dant</strong></span> <span class='ocrx_word' id='word_1_329' title='bbox 1551 4517 1858 4578; x_wconf 88' lang='lat' dir='ltr'><strong>actionem</strong></span> 
     </span>
     <span class='ocr_line' id='line_1_46' title="bbox 293 4607 1858 4688; baseline 0.001 -18"><span class='ocrx_word' id='word_1_330' title='bbox 293 4609 539 4671; x_wconf 87' lang='lat' dir='ltr'><strong>civilem</strong></span> <span class='ocrx_word' id='word_1_331' title='bbox 588 4608 776 4669; x_wconf 91' lang='lat' dir='ltr'><strong>alicui</strong></span> <span class='ocrx_word' id='word_1_332' title='bbox 821 4607 1342 4672; x_wconf 89' lang='lat' dir='ltr'><strong>contrahentium.</strong></span> <span class='ocrx_word' id='word_1_333' title='bbox 1386 4609 1505 4671; x_wconf 90' lang='lat' dir='ltr'><strong>Sed</strong></span> <span class='ocrx_word' id='word_1_334' title='bbox 1550 4609 1648 4671; x_wconf 83' lang='lat' dir='ltr'><strong>hae</strong></span> <span class='ocrx_word' id='word_1_335' title='bbox 1689 4609 1858 4688; x_wconf 88' lang='lat' dir='ltr'><strong>leges</strong></span> 
     </span>
     <span class='ocr_line' id='line_1_47' title="bbox 291 4700 1858 4778; baseline 0.001 -15"><span class='ocrx_word' id='word_1_336' title='bbox 291 4720 421 4763; x_wconf 91' lang='lat' dir='ltr'><strong>non</strong></span> <span class='ocrx_word' id='word_1_337' title='bbox 460 4701 662 4763; x_wconf 91' lang='lat' dir='ltr'><strong>solum</strong></span> <span class='ocrx_word' id='word_1_338' title='bbox 703 4700 1016 4764; x_wconf 88' lang='lat' dir='ltr'><strong>irritantes</strong></span> <span class='ocrx_word' id='word_1_339' title='bbox 1044 4720 1172 4764; x_wconf 91' lang='lat' dir='ltr'><strong>non</strong></span> <span class='ocrx_word' id='word_1_340' title='bbox 1201 4708 1369 4778; x_wconf 86' lang='lat' dir='ltr'><strong>sunt,</strong></span> <span class='ocrx_word' id='word_1_341' title='bbox 1413 4718 1631 4764; x_wconf 90' lang='lat' dir='ltr'><strong>verum</strong></span> <span class='ocrx_word' id='word_1_342' title='bbox 1671 4703 1858 4764; x_wconf 89' lang='lat' dir='ltr'><strong>etiam</strong></span> 
     </span>
     <span class='ocr_line' id='line_1_48' title="bbox 293 4796 1859 4876; baseline 0.001 -19"><span class='ocrx_word' id='word_1_343' title='bbox 293 4814 408 4858; x_wconf 92' lang='lat' dir='ltr'><strong>nec</strong></span> <span class='ocrx_word' id='word_1_344' title='bbox 449 4796 847 4876; x_wconf 86' lang='lat' dir='ltr'><strong>prohibentes</strong></span> <span class='ocrx_word' id='word_1_345' title='bbox 872 4803 1066 4872; x_wconf 80' lang='lat' dir='ltr'><strong>actua,</strong></span> <span class='ocrx_word' id='word_1_346' title='bbox 1101 4796 1248 4876; x_wconf 86' lang='lat' dir='ltr'><strong>quia</strong></span> <span class='ocrx_word' id='word_1_347' title='bbox 1278 4815 1394 4858; x_wconf 91' lang='lat' dir='ltr'><strong>nec</strong></span> <span class='ocrx_word' id='word_1_348' title='bbox 1436 4797 1706 4874; x_wconf 89' lang='lat' dir='ltr'><strong>irritant,</strong></span> <span class='ocrx_word' id='word_1_349' title='bbox 1744 4816 1859 4859; x_wconf 90' lang='lat' dir='ltr'><strong>nec</strong></span> 
     </span>
     <span class='ocr_line' id='line_1_49' title="bbox 293 4888 1858 4970; baseline 0 -18"><span class='ocrx_word' id='word_1_350' title='bbox 293 4888 665 4952; x_wconf 87' lang='lat' dir='ltr'><strong>confirmant</strong></span> <span class='ocrx_word' id='word_1_351' title='bbox 717 4895 1102 4952; x_wconf 85' lang='lat' dir='ltr'><strong>contractum</strong></span> <span class='ocrx_word' id='word_1_352' title='bbox 1117 4934 1139 4966; x_wconf 90' lang='lat'><strong>,</strong></span> <span class='ocrx_word' id='word_1_353' title='bbox 1187 4908 1302 4952; x_wconf 92' lang='lat' dir='ltr'><strong>nec</strong></span> <span class='ocrx_word' id='word_1_354' title='bbox 1343 4889 1695 4970; x_wconf 87' lang='lat' dir='ltr'><strong>prohibent,</strong></span> <span class='ocrx_word' id='word_1_355' title='bbox 1745 4910 1858 4953; x_wconf 92' lang='lat' dir='ltr'><strong>nec</strong></span> 
     </span>
     <span class='ocr_line' id='line_1_50' title="bbox 292 4982 1858 5063; baseline 0.002 -20"><span class='ocrx_word' id='word_1_356' title='bbox 292 4982 701 5062; x_wconf 77' lang='lat' dir='ltr'><strong>praecipiunt3</strong></span> <span class='ocrx_word' id='word_1_357' title='bbox 731 4987 795 5044; x_wconf 90' lang='lat' dir='ltr'><strong>et</strong></span> <span class='ocrx_word' id='word_1_358' title='bbox 821 4983 911 5043; x_wconf 89' lang='lat' dir='ltr'><strong>ita</strong></span> <span class='ocrx_word' id='word_1_359' title='bbox 945 4983 1176 5045; x_wconf 87' lang='lat' dir='ltr'><strong>versari</strong></span> <span class='ocrx_word' id='word_1_360' title='bbox 1205 4989 1460 5063; x_wconf 88' lang='lat' dir='ltr'><strong>possunt</strong></span> <span class='ocrx_word' id='word_1_361' title='bbox 1487 4989 1549 5045; x_wconf 91' lang='lat' dir='ltr'><strong>et</strong></span> <span class='ocrx_word' id='word_1_362' title='bbox 1576 4984 1740 5046; x_wconf 88' lang='lat' dir='ltr'><strong>circa</strong></span> <span class='ocrx_word' id='word_1_363' title='bbox 1761 5002 1858 5046; x_wconf 87' lang='lat' dir='ltr'><strong>ac-</strong></span> 
     </span>
     <span class='ocr_line' id='line_1_51' title="bbox 291 5077 1859 5156; baseline 0.002 -20"><span class='ocrx_word' id='word_1_364' title='bbox 291 5083 392 5137; x_wconf 87' lang='lat' dir='ltr'><strong>tus</strong></span> <span class='ocrx_word' id='word_1_365' title='bbox 417 5077 704 5156; x_wconf 77' lang='lat' dir='ltr'><strong>injustoS,</strong></span> <span class='ocrx_word' id='word_1_366' title='bbox 724 5081 795 5137; x_wconf 90' lang='lat' dir='ltr'><strong>ut</strong></span> <span class='ocrx_word' id='word_1_367' title='bbox 818 5083 910 5138; x_wconf 90' lang='lat' dir='ltr'><strong>est</strong></span> <span class='ocrx_word' id='word_1_368' title='bbox 935 5077 1038 5138; x_wconf 79' lang='lat' dir='ltr'><strong>lex</strong></span> <span class='ocrx_word' id='word_1_369' title='bbox 1053 5095 1289 5155; x_wconf 85' lang='lat' dir='ltr'><strong>negans</strong></span> <span class='ocrx_word' id='word_1_370' title='bbox 1311 5078 1621 5140; x_wconf 88' lang='lat' dir='ltr'><strong>actionem</strong></span> <span class='ocrx_word' id='word_1_371' title='bbox 1646 5084 1859 5139; x_wconf 91' lang='lat' dir='ltr'><strong>contra</strong></span> 
     </span>
     <span class='ocr_line' id='line_1_52' title="bbox 290 5171 1859 5248; baseline 0 -16"><span class='ocrx_word' id='word_1_372' title='bbox 290 5171 713 5233; x_wconf 88' lang='lat' dir='ltr'><strong>venditionem</strong></span> <span class='ocrx_word' id='word_1_373' title='bbox 739 5171 1038 5248; x_wconf 88' lang='lat' dir='ltr'><strong>injustam</strong></span> <span class='ocrx_word' id='word_1_374' title='bbox 1061 5172 1215 5231; x_wconf 88' lang='lat' dir='ltr'><strong>citra</strong></span> <span class='ocrx_word' id='word_1_375' title='bbox 1237 5171 1591 5248; x_wconf 83' lang='lat' dir='ltr'><strong>dimidiam3</strong></span> <span class='ocrx_word' id='word_1_376' title='bbox 1612 5176 1675 5232; x_wconf 91' lang='lat' dir='ltr'><strong>et</strong></span> <span class='ocrx_word' id='word_1_377' title='bbox 1695 5172 1859 5232; x_wconf 91' lang='lat' dir='ltr'><strong>circa</strong></span> 
     </span>
     <span class='ocr_line' id='line_1_53' title="bbox 292 5263 1856 5343; baseline 0.003 -21"><span class='ocrx_word' id='word_1_378' title='bbox 292 5267 463 5324; x_wconf 89' lang='lat' dir='ltr'><strong>actus</strong></span> <span class='ocrx_word' id='word_1_379' title='bbox 495 5263 715 5341; x_wconf 89' lang='lat' dir='ltr'><strong>justos,</strong></span> <span class='ocrx_word' id='word_1_380' title='bbox 747 5267 818 5322; x_wconf 93' lang='lat' dir='ltr'><strong>ut</strong></span> <span class='ocrx_word' id='word_1_381' title='bbox 844 5268 938 5323; x_wconf 90' lang='lat' dir='ltr'><strong>est</strong></span> <span class='ocrx_word' id='word_1_382' title='bbox 961 5263 1063 5324; x_wconf 88' lang='lat' dir='ltr'><strong>lex</strong></span> <span class='ocrx_word' id='word_1_383' title='bbox 1106 5281 1340 5342; x_wconf 88' lang='lat' dir='ltr'><strong>negans</strong></span> <span class='ocrx_word' id='word_1_384' title='bbox 1363 5264 1676 5326; x_wconf 90' lang='lat' dir='ltr'><strong>actionem</strong></span> <span class='ocrx_word' id='word_1_385' title='bbox 1718 5282 1856 5343; x_wconf 89' lang='lat' dir='ltr'><strong>pro-</strong></span> 
     </span>
     <span class='ocr_line' id='line_1_54' title="bbox 291 5354 1859 5435; baseline 0.003 -20"><span class='ocrx_word' id='word_1_386' title='bbox 291 5361 429 5435; x_wconf 91' lang='lat' dir='ltr'><strong>pter</strong></span> <span class='ocrx_word' id='word_1_387' title='bbox 464 5355 658 5416; x_wconf 91' lang='lat' dir='ltr'><strong>solam</strong></span> <span class='ocrx_word' id='word_1_388' title='bbox 685 5354 1128 5433; x_wconf 82' lang='lat' dir='ltr'><strong>obligationem</strong></span> <span class='ocrx_word' id='word_1_389' title='bbox 1157 5357 1505 5419; x_wconf 86' lang='lat' dir='ltr'><strong>naturalem</strong></span> <span class='ocrx_word' id='word_1_390' title='bbox 1546 5363 1746 5419; x_wconf 86' lang='lat' dir='ltr'><strong>ortam</strong></span> <span class='ocrx_word' id='word_1_391' title='bbox 1780 5375 1859 5420; x_wconf 85' lang='lat' dir='ltr'><strong>ex</strong></span> 
     </span>
     <span class='ocr_line' id='line_1_55' title="bbox 294 5449 1858 5531; baseline 0.004 -24"><span class='ocrx_word' id='word_1_392' title='bbox 294 5449 556 5527; x_wconf 88' lang='lat' dir='ltr'><strong>simplici</strong></span> <span class='ocrx_word' id='word_1_393' title='bbox 587 5449 1011 5528; x_wconf 89' lang='lat' dir='ltr'><strong>promissione.</strong></span> <span class='ocrx_word' id='word_1_394' title='bbox 1041 5450 1161 5523; x_wconf 90' lang='lat' dir='ltr'><strong>Qui</strong></span> <span class='ocrx_word' id='word_1_395' title='bbox 1202 5451 1422 5511; x_wconf 90' lang='lat' dir='ltr'><strong>modus</strong></span> <span class='ocrx_word' id='word_1_396' title='bbox 1447 5451 1659 5530; x_wconf 91' lang='lat' dir='ltr'><strong>legum</strong></span> <span class='ocrx_word' id='word_1_397' title='bbox 1701 5470 1858 5531; x_wconf 80' lang='lat' dir='ltr'><strong>prae-</strong></span> 
     </span>
     <span class='ocr_line' id='line_1_56' title="bbox 224 5542 1853 5630; baseline 0.006 -27"><span class='ocrx_word' id='word_1_398' title='bbox 224 5613 243 5630; x_wconf 54' lang='lat'><strong>·</strong></span> <span class='ocrx_word' id='word_1_399' title='bbox 292 5542 507 5604; x_wconf 87' lang='lat' dir='ltr'><strong>sertim</strong></span> <span class='ocrx_word' id='word_1_400' title='bbox 529 5543 694 5604; x_wconf 89' lang='lat' dir='ltr'><strong>inter</strong></span> <span class='ocrx_word' id='word_1_401' title='bbox 714 5543 925 5606; x_wconf 88' lang='lat' dir='ltr'><strong>civiles</strong></span> <span class='ocrx_word' id='word_1_402' title='bbox 944 5544 1272 5626; x_wconf 89' lang='lat' dir='ltr'><strong>reperitur,</strong></span> <span class='ocrx_word' id='word_1_403' title='bbox 1293 5549 1357 5606; x_wconf 93' lang='lat' dir='ltr'><strong>et</strong></span> <span class='ocrx_word' id='word_1_404' title='bbox 1375 5544 1520 5609; x_wconf 86' lang='lat' dir='ltr'><strong>licet</strong></span> <span class='ocrx_word' id='word_1_405' title='bbox 1539 5545 1853 5612; x_wconf 79' lang='lat' dir='ltr'><strong>irritantes</strong></span> 
     </span>
    </p>
   </div>
   <div class='ocr_carea' id='block_1_3' title="bbox 1929 532 3504 5531">
    <p class='ocr_par' dir='ltr' id='par_1_4' title="bbox 1929 532 3497 800">
     <span class='ocr_line' id='line_1_57' title="bbox 1931 532 3497 613; baseline 0.001 -17"><span class='ocrx_word' id='word_1_406' title='bbox 1931 551 2061 596; x_wconf 92' lang='lat' dir='ltr'><strong>non</strong></span> <span class='ocrx_word' id='word_1_407' title='bbox 2089 533 2236 608; x_wconf 90' lang='lat' dir='ltr'><strong>sint,</strong></span> <span class='ocrx_word' id='word_1_408' title='bbox 2267 540 2340 596; x_wconf 87' lang='lat' dir='ltr'><strong>ut</strong></span> <span class='ocrx_word' id='word_1_409' title='bbox 2378 534 2532 611; x_wconf 87' lang='lat' dir='ltr'><strong>dixi,</strong></span> <span class='ocrx_word' id='word_1_410' title='bbox 2576 553 2791 597; x_wconf 89' lang='lat' dir='ltr'><strong>earum</strong></span> <span class='ocrx_word' id='word_1_411' title='bbox 2820 533 3043 595; x_wconf 83' lang='lat' dir='ltr'><strong>notitia</strong></span> <span class='ocrx_word' id='word_1_412' title='bbox 3079 532 3314 613; x_wconf 85' lang='lat' dir='ltr'><strong>aliquid</strong></span> <span class='ocrx_word' id='word_1_413' title='bbox 3352 553 3497 597; x_wconf 91' lang='lat' dir='ltr'><strong>con-</strong></span> 
     </span>
     <span class='ocr_line' id='line_1_58' title="bbox 1929 627 3497 707; baseline 0.002 -19"><span class='ocrx_word' id='word_1_414' title='bbox 1929 628 2094 690; x_wconf 82' lang='lat' dir='ltr'><strong>ferre</strong></span> <span class='ocrx_word' id='word_1_415' title='bbox 2112 634 2313 707; x_wconf 90' lang='lat' dir='ltr'><strong>potest</strong></span> <span class='ocrx_word' id='word_1_416' title='bbox 2329 629 2409 690; x_wconf 91' lang='lat' dir='ltr'><strong>ad</strong></span> <span class='ocrx_word' id='word_1_417' title='bbox 2427 628 2869 707; x_wconf 81' lang='lat' dir='ltr'><strong>obligationem</strong></span> <span class='ocrx_word' id='word_1_418' title='bbox 2886 627 3098 705; x_wconf 89' lang='lat' dir='ltr'><strong>legum</strong></span> <span class='ocrx_word' id='word_1_419' title='bbox 3116 628 3497 691; x_wconf 86' lang='lat' dir='ltr'><strong>irritantium</strong></span> 
     </span>
     <span class='ocr_line' id='line_1_59' title="bbox 1929 720 3215 800; baseline 0 -18"><span class='ocrx_word' id='word_1_420' title='bbox 1929 721 2431 799; x_wconf 88' lang='lat' dir='ltr'><strong>intelligendam,</strong></span> <span class='ocrx_word' id='word_1_421' title='bbox 2460 725 2530 781; x_wconf 89' lang='lat' dir='ltr'><strong>ut</strong></span> <span class='ocrx_word' id='word_1_422' title='bbox 2558 740 2636 782; x_wconf 91' lang='lat' dir='ltr'><strong>ex</strong></span> <span class='ocrx_word' id='word_1_423' title='bbox 2662 720 2936 781; x_wconf 89' lang='lat' dir='ltr'><strong>dicendis</strong></span> <span class='ocrx_word' id='word_1_424' title='bbox 2960 720 3215 800; x_wconf 89' lang='lat' dir='ltr'><strong>patebit.</strong></span> 
     </span>
    </p>

    <p class='ocr_par' dir='ltr' id='par_1_5' title="bbox 1931 813 3504 3583">
     <span class='ocr_line' id='line_1_60' title="bbox 2012 813 3498 895; baseline 0.001 -21"><span class='ocrx_word' id='word_1_425' title='bbox 2012 815 2075 874; x_wconf 61' lang='lat' dir='ltr'><strong>A.</strong></span> <span class='ocrx_word' id='word_1_426' title='bbox 2119 814 2342 876; x_wconf 75' lang='lat' dir='ltr'><strong>Prima</strong></span> <span class='ocrx_word' id='word_1_427' title='bbox 2369 814 2683 876; x_wconf 77' lang='lat' dir='ltr'><strong>conclusio.</strong></span> <span class='ocrx_word' id='word_1_428' title='bbox 2706 846 2789 860; x_wconf 94' lang='lat'><strong>—</strong></span> <span class='ocrx_word' id='word_1_429' title='bbox 2812 814 2953 874; x_wconf 89' lang='lat' dir='ltr'><strong>Jam</strong></span> <span class='ocrx_word' id='word_1_430' title='bbox 2981 814 3174 892; x_wconf 89' lang='lat' dir='ltr'><strong>igitur</strong></span> <span class='ocrx_word' id='word_1_431' title='bbox 3204 813 3342 876; x_wconf 91' lang='lat' dir='ltr'><strong>dico</strong></span> <span class='ocrx_word' id='word_1_432' title='bbox 3368 816 3498 895; x_wconf 90' lang='lat' dir='ltr'><strong>pri·</strong></span> 
     </span>
     <span class='ocr_line' id='line_1_61' title="bbox 1931 905 3501 986; baseline 0 -18"><span class='ocrx_word' id='word_1_433' title='bbox 1931 924 2074 969; x_wconf 88' lang='lat' dir='ltr'><strong>mo:</strong></span> <span class='ocrx_word' id='word_1_434' title='bbox 2100 906 2202 968; x_wconf 86' lang='lat' dir='ltr'><strong>lex</strong></span> <span class='ocrx_word' id='word_1_435' title='bbox 2229 906 2384 968; x_wconf 91' lang='lat' dir='ltr'><strong>dans</strong></span> <span class='ocrx_word' id='word_1_436' title='bbox 2410 906 2678 967; x_wconf 87' lang='lat' dir='ltr'><strong>formam</strong></span> <span class='ocrx_word' id='word_1_437' title='bbox 2715 906 2905 983; x_wconf 90' lang='lat' dir='ltr'><strong>actui,</strong></span> <span class='ocrx_word' id='word_1_438' title='bbox 2942 905 3088 967; x_wconf 90' lang='lat' dir='ltr'><strong>licet</strong></span> <span class='ocrx_word' id='word_1_439' title='bbox 3113 924 3240 968; x_wconf 90' lang='lat' dir='ltr'><strong>non</strong></span> <span class='ocrx_word' id='word_1_440' title='bbox 3267 907 3501 986; x_wconf 90' lang='lat' dir='ltr'><strong>obliget</strong></span> 
     </span>
     <span class='ocr_line' id='line_1_62' title="bbox 1933 999 3499 1079; baseline 0.001 -18"><span class='ocrx_word' id='word_1_441' title='bbox 1933 1000 2015 1061; x_wconf 87' lang='lat' dir='ltr'><strong>ad</strong></span> <span class='ocrx_word' id='word_1_442' title='bbox 2030 1000 2389 1061; x_wconf 85' lang='lat' dir='ltr'><strong>exercitium</strong></span> <span class='ocrx_word' id='word_1_443' title='bbox 2408 1005 2603 1076; x_wconf 90' lang='lat' dir='ltr'><strong>actus,</strong></span> <span class='ocrx_word' id='word_1_444' title='bbox 2621 999 3027 1061; x_wconf 85' lang='lat' dir='ltr'><strong>nihilominus</strong></span> <span class='ocrx_word' id='word_1_445' title='bbox 3047 1017 3125 1060; x_wconf 88' lang='lat' dir='ltr'><strong>ex</strong></span> <span class='ocrx_word' id='word_1_446' title='bbox 3141 1017 3206 1060; x_wconf 90' lang='lat' dir='ltr'><strong>se</strong></span> <span class='ocrx_word' id='word_1_447' title='bbox 3225 1000 3499 1079; x_wconf 87' lang='lat' dir='ltr'><strong>obligare</strong></span> 
     </span>
     <span class='ocr_line' id='line_1_63' title="bbox 1934 1091 3499 1172; baseline 0.001 -20"><span class='ocrx_word' id='word_1_448' title='bbox 1934 1095 2136 1172; x_wconf 88' lang='lat' dir='ltr'><strong>potest</strong></span> <span class='ocrx_word' id='word_1_449' title='bbox 2170 1091 2239 1151; x_wconf 93' lang='lat' dir='ltr'><strong>in</strong></span> <span class='ocrx_word' id='word_1_450' title='bbox 2274 1092 2668 1167; x_wconf 87' lang='lat' dir='ltr'><strong>conscientia,</strong></span> <span class='ocrx_word' id='word_1_451' title='bbox 2707 1091 2809 1153; x_wconf 90' lang='lat' dir='ltr'><strong>vel</strong></span> <span class='ocrx_word' id='word_1_452' title='bbox 2847 1091 2924 1151; x_wconf 90' lang='lat' dir='ltr'><strong>ad</strong></span> <span class='ocrx_word' id='word_1_453' title='bbox 2968 1092 3335 1152; x_wconf 87' lang='lat' dir='ltr'><strong>servandam</strong></span> <span class='ocrx_word' id='word_1_454' title='bbox 3375 1093 3499 1154; x_wconf 89' lang='lat' dir='ltr'><strong>for-</strong></span> 
     </span>
     <span class='ocr_line' id='line_1_64' title="bbox 1938 1182 3499 1264; baseline 0.002 -20"><span class='ocrx_word' id='word_1_455' title='bbox 1938 1202 2109 1245; x_wconf 86' lang='lat' dir='ltr'><strong>mam</strong></span> <span class='ocrx_word' id='word_1_456' title='bbox 2128 1183 2195 1245; x_wconf 92' lang='lat' dir='ltr'><strong>in</strong></span> <span class='ocrx_word' id='word_1_457' title='bbox 2215 1184 2328 1244; x_wconf 88' lang='lat' dir='ltr'><strong>tali</strong></span> <span class='ocrx_word' id='word_1_458' title='bbox 2350 1188 2517 1259; x_wconf 90' lang='lat' dir='ltr'><strong>actu,</strong></span> <span class='ocrx_word' id='word_1_459' title='bbox 2547 1184 2599 1243; x_wconf 90' lang='lat' dir='ltr'><strong>si</strong></span> <span class='ocrx_word' id='word_1_460' title='bbox 2619 1182 2752 1258; x_wconf 86' lang='lat' dir='ltr'><strong>flat,</strong></span> <span class='ocrx_word' id='word_1_461' title='bbox 2773 1182 2872 1244; x_wconf 88' lang='lat' dir='ltr'><strong>vel</strong></span> <span class='ocrx_word' id='word_1_462' title='bbox 2893 1184 3083 1263; x_wconf 86' lang='lat' dir='ltr'><strong>(quod</strong></span> <span class='ocrx_word' id='word_1_463' title='bbox 3104 1185 3359 1264; x_wconf 87' lang='lat' dir='ltr'><strong>perinde</strong></span> <span class='ocrx_word' id='word_1_464' title='bbox 3386 1188 3499 1263; x_wconf 89' lang='lat' dir='ltr'><strong>est)</strong></span> 
     </span>
     <span class='ocr_line' id='line_1_65' title="bbox 1937 1276 3500 1353; baseline 0.001 -15"><span class='ocrx_word' id='word_1_465' title='bbox 1937 1276 2017 1338; x_wconf 89' lang='lat' dir='ltr'><strong>ad</strong></span> <span class='ocrx_word' id='word_1_466' title='bbox 2041 1295 2170 1338; x_wconf 89' lang='lat' dir='ltr'><strong>non</strong></span> <span class='ocrx_word' id='word_1_467' title='bbox 2201 1276 2555 1338; x_wconf 84' lang='lat' dir='ltr'><strong>faciendum</strong></span> <span class='ocrx_word' id='word_1_468' title='bbox 2577 1282 2785 1337; x_wconf 91' lang='lat' dir='ltr'><strong>actum</strong></span> <span class='ocrx_word' id='word_1_469' title='bbox 2807 1276 2941 1337; x_wconf 89' lang='lat' dir='ltr'><strong>sine</strong></span> <span class='ocrx_word' id='word_1_470' title='bbox 2968 1276 3080 1337; x_wconf 90' lang='lat' dir='ltr'><strong>tali</strong></span> <span class='ocrx_word' id='word_1_471' title='bbox 3103 1277 3323 1353; x_wconf 86' lang='lat' dir='ltr'><strong>forma,</strong></span> <span class='ocrx_word' id='word_1_472' title='bbox 3342 1283 3404 1340; x_wconf 91' lang='lat' dir='ltr'><strong>et</strong></span> <span class='ocrx_word' id='word_1_473' title='bbox 3422 1279 3500 1340; x_wconf 91' lang='lat' dir='ltr'><strong>de</strong></span> 
     </span>
     <span class='ocr_line' id='line_1_66' title="bbox 1937 1367 3501 1449; baseline 0.001 -18"><span class='ocrx_word' id='word_1_474' title='bbox 1937 1369 2102 1431; x_wconf 83' lang='lat' dir='ltr'><strong>facto</strong></span> <span class='ocrx_word' id='word_1_475' title='bbox 2130 1370 2219 1430; x_wconf 90' lang='lat' dir='ltr'><strong>ita</strong></span> <span class='ocrx_word' id='word_1_476' title='bbox 2246 1369 2506 1448; x_wconf 87' lang='lat' dir='ltr'><strong>obligat,</strong></span> <span class='ocrx_word' id='word_1_477' title='bbox 2546 1367 2793 1448; x_wconf 87' lang='lat' dir='ltr'><strong>quando</strong></span> <span class='ocrx_word' id='word_1_478' title='bbox 2818 1369 2919 1430; x_wconf 91' lang='lat' dir='ltr'><strong>vel</strong></span> <span class='ocrx_word' id='word_1_479' title='bbox 2959 1370 3217 1431; x_wconf 89' lang='lat' dir='ltr'><strong>materia</strong></span> <span class='ocrx_word' id='word_1_480' title='bbox 3257 1369 3413 1449; x_wconf 89' lang='lat' dir='ltr'><strong>legis</strong></span> <span class='ocrx_word' id='word_1_481' title='bbox 3438 1370 3501 1432; x_wconf 91' lang='lat' dir='ltr'><strong>id</strong></span> 
     </span>
     <span class='ocr_line' id='line_1_67' title="bbox 1934 1460 3499 1544; baseline 0.001 -20"><span class='ocrx_word' id='word_1_482' title='bbox 1934 1481 2013 1524; x_wconf 87' lang='lat' dir='ltr'><strong>cx</strong></span> <span class='ocrx_word' id='word_1_483' title='bbox 2041 1469 2267 1524; x_wconf 88' lang='lat' dir='ltr'><strong>natura</strong></span> <span class='ocrx_word' id='word_1_484' title='bbox 2295 1481 2406 1523; x_wconf 91' lang='lat' dir='ltr'><strong>sua</strong></span> <span class='ocrx_word' id='word_1_485' title='bbox 2432 1461 2724 1541; x_wconf 86' lang='lat' dir='ltr'><strong>postulat,</strong></span> <span class='ocrx_word' id='word_1_486' title='bbox 2753 1460 2851 1523; x_wconf 89' lang='lat' dir='ltr'><strong>vel</strong></span> <span class='ocrx_word' id='word_1_487' title='bbox 2872 1462 2940 1521; x_wconf 92' lang='lat' dir='ltr'><strong>in</strong></span> <span class='ocrx_word' id='word_1_488' title='bbox 2969 1461 3105 1540; x_wconf 91' lang='lat' dir='ltr'><strong>lege</strong></span> <span class='ocrx_word' id='word_1_489' title='bbox 3133 1462 3282 1522; x_wconf 88' lang='lat' dir='ltr'><strong>satis</strong></span> <span class='ocrx_word' id='word_1_490' title='bbox 3303 1464 3499 1544; x_wconf 87' lang='lat' dir='ltr'><strong>expri-</strong></span> 
     </span>
     <span class='ocr_line' id='line_1_68' title="bbox 1939 1554 3497 1631; baseline 0.001 -15"><span class='ocrx_word' id='word_1_491' title='bbox 1939 1557 2156 1631; x_wconf 87' lang='lat' dir='ltr'><strong>mitur,</strong></span> <span class='ocrx_word' id='word_1_492' title='bbox 2177 1561 2238 1616; x_wconf 91' lang='lat' dir='ltr'><strong>et</strong></span> <span class='ocrx_word' id='word_1_493' title='bbox 2260 1573 2387 1615; x_wconf 92' lang='lat' dir='ltr'><strong>non</strong></span> <span class='ocrx_word' id='word_1_494' title='bbox 2415 1555 2588 1617; x_wconf 90' lang='lat' dir='ltr'><strong>alias.</strong></span> <span class='ocrx_word' id='word_1_495' title='bbox 2617 1555 2887 1616; x_wconf 89' lang='lat' dir='ltr'><strong>Assertio</strong></span> <span class='ocrx_word' id='word_1_496' title='bbox 2906 1559 2997 1615; x_wconf 90' lang='lat' dir='ltr'><strong>est</strong></span> <span class='ocrx_word' id='word_1_497' title='bbox 3019 1554 3182 1615; x_wconf 89' lang='lat' dir='ltr'><strong>clara</strong></span> <span class='ocrx_word' id='word_1_498' title='bbox 3199 1574 3276 1616; x_wconf 89' lang='lat' dir='ltr'><strong>ex</strong></span> <span class='ocrx_word' id='word_1_499' title='bbox 3299 1556 3497 1618; x_wconf 86' lang='lat' dir='ltr'><strong>dictis.</strong></span> 
     </span>
     <span class='ocr_line' id='line_1_69' title="bbox 1938 1647 3504 1727; baseline 0.001 -19"><span class='ocrx_word' id='word_1_500' title='bbox 1938 1648 2147 1709; x_wconf 90' lang='lat' dir='ltr'><strong>Primo</strong></span> <span class='ocrx_word' id='word_1_501' title='bbox 2177 1648 2345 1709; x_wconf 91' lang='lat' dir='ltr'><strong>enim</strong></span> <span class='ocrx_word' id='word_1_502' title='bbox 2371 1648 2508 1726; x_wconf 84' lang='lat' dir='ltr'><strong>jam</strong></span> <span class='ocrx_word' id='word_1_503' title='bbox 2542 1652 2858 1709; x_wconf 89' lang='lat' dir='ltr'><strong>ostensum</strong></span> <span class='ocrx_word' id='word_1_504' title='bbox 2899 1653 2991 1708; x_wconf 91' lang='lat' dir='ltr'><strong>est</strong></span> <span class='ocrx_word' id='word_1_505' title='bbox 3011 1665 3123 1726; x_wconf 90' lang='lat' dir='ltr'><strong>per</strong></span> <span class='ocrx_word' id='word_1_506' title='bbox 3147 1647 3302 1709; x_wconf 86' lang='lat' dir='ltr'><strong>tales</strong></span> <span class='ocrx_word' id='word_1_507' title='bbox 3336 1648 3504 1727; x_wconf 87' lang='lat' dir='ltr'><strong>leges</strong></span> 
     </span>
     <span class='ocr_line' id='line_1_70' title="bbox 1937 1740 3502 1820; baseline 0.001 -18"><span class='ocrx_word' id='word_1_508' title='bbox 1937 1740 2183 1802; x_wconf 93' lang='lat' dir='ltr'><strong>nullum</strong></span> <span class='ocrx_word' id='word_1_509' title='bbox 2214 1746 2422 1802; x_wconf 87' lang='lat' dir='ltr'><strong>actum</strong></span> <span class='ocrx_word' id='word_1_510' title='bbox 2450 1740 2728 1802; x_wconf 89' lang='lat' dir='ltr'><strong>absolute</strong></span> <span class='ocrx_word' id='word_1_511' title='bbox 2764 1740 3041 1820; x_wconf 82' lang='lat' dir='ltr'><strong>proecipi,</strong></span> <span class='ocrx_word' id='word_1_512' title='bbox 3075 1746 3148 1801; x_wconf 89' lang='lat' dir='ltr'><strong>ut</strong></span> <span class='ocrx_word' id='word_1_513' title='bbox 3175 1747 3266 1801; x_wconf 91' lang='lat' dir='ltr'><strong>est</strong></span> <span class='ocrx_word' id='word_1_514' title='bbox 3291 1756 3402 1820; x_wconf 88' lang='lat' dir='ltr'><strong>per</strong></span> <span class='ocrx_word' id='word_1_515' title='bbox 3437 1760 3502 1803; x_wconf 90' lang='lat' dir='ltr'><strong>se</strong></span> 
     </span>
     <span class='ocr_line' id='line_1_71' title="bbox 1935 1833 3503 1912; baseline 0.001 -17"><span class='ocrx_word' id='word_1_516' title='bbox 1935 1840 2157 1895; x_wconf 89' lang='lat' dir='ltr'><strong>notum</strong></span> <span class='ocrx_word' id='word_1_517' title='bbox 2175 1850 2196 1912; x_wconf 91' lang='lat'>;</span> <span class='ocrx_word' id='word_1_518' title='bbox 2219 1853 2365 1895; x_wconf 91' lang='lat' dir='ltr'><strong>nam</strong></span> <span class='ocrx_word' id='word_1_519' title='bbox 2386 1835 2488 1896; x_wconf 91' lang='lat' dir='ltr'><strong>lex</strong></span> <span class='ocrx_word' id='word_1_520' title='bbox 2506 1835 2660 1895; x_wconf 88' lang='lat' dir='ltr'><strong>dans</strong></span> <span class='ocrx_word' id='word_1_521' title='bbox 2683 1833 2949 1895; x_wconf 84' lang='lat' dir='ltr'><strong>formam</strong></span> <span class='ocrx_word' id='word_1_522' title='bbox 2973 1834 3369 1895; x_wconf 86' lang='lat' dir='ltr'><strong>matrimonio</strong></span> <span class='ocrx_word' id='word_1_523' title='bbox 3390 1840 3503 1896; x_wconf 86' lang='lat' dir='ltr'><strong>aut</strong></span> 
     </span>
     <span class='ocr_line' id='line_1_72' title="bbox 1933 1926 3501 2007; baseline -0.001 -19"><span class='ocrx_word' id='word_1_524' title='bbox 1933 1932 2304 1989; x_wconf 88' lang='lat' dir='ltr'><strong>testamento</strong></span> <span class='ocrx_word' id='word_1_525' title='bbox 2330 1946 2458 1988; x_wconf 94' lang='lat' dir='ltr'><strong>non</strong></span> <span class='ocrx_word' id='word_1_526' title='bbox 2486 1927 2768 2007; x_wconf 79' lang='lat' dir='ltr'><strong>praecipit</strong></span> <span class='ocrx_word' id='word_1_527' title='bbox 2796 1926 3158 1987; x_wconf 83' lang='lat' dir='ltr'><strong>contrahere</strong></span> <span class='ocrx_word' id='word_1_528' title='bbox 3185 1927 3501 1987; x_wconf 87' lang='lat' dir='ltr'><strong>matrimo-</strong></span> 
     </span>
     <span class='ocr_line' id='line_1_73' title="bbox 1937 2019 3503 2097; baseline 0.001 -18"><span class='ocrx_word' id='word_1_529' title='bbox 1937 2019 2140 2094; x_wconf 90' lang='lat' dir='ltr'><strong>nium,</strong></span> <span class='ocrx_word' id='word_1_530' title='bbox 2167 2025 2277 2080; x_wconf 90' lang='lat' dir='ltr'><strong>aut</strong></span> <span class='ocrx_word' id='word_1_531' title='bbox 2308 2021 2512 2081; x_wconf 89' lang='lat' dir='ltr'><strong>facere</strong></span> <span class='ocrx_word' id='word_1_532' title='bbox 2544 2024 3025 2096; x_wconf 81' lang='lat' dir='ltr'><strong>testamentum3</strong></span> <span class='ocrx_word' id='word_1_533' title='bbox 3059 2037 3209 2097; x_wconf 88' lang='lat' dir='ltr'><strong>ergo</strong></span> <span class='ocrx_word' id='word_1_534' title='bbox 3234 2019 3376 2080; x_wconf 87' lang='lat' dir='ltr'><strong>talis</strong></span> <span class='ocrx_word' id='word_1_535' title='bbox 3400 2020 3503 2081; x_wconf 89' lang='lat' dir='ltr'><strong>lex</strong></span> 
     </span>
     <span class='ocr_line' id='line_1_74' title="bbox 1937 2112 3500 2190; baseline 0 -17"><span class='ocrx_word' id='word_1_536' title='bbox 1937 2130 2068 2173; x_wconf 92' lang='lat' dir='ltr'><strong>non</strong></span> <span class='ocrx_word' id='word_1_537' title='bbox 2115 2112 2353 2173; x_wconf 90' lang='lat' dir='ltr'><strong>inducit</strong></span> <span class='ocrx_word' id='word_1_538' title='bbox 2395 2112 2840 2190; x_wconf 81' lang='lat' dir='ltr'><strong>obligationem</strong></span> <span class='ocrx_word' id='word_1_539' title='bbox 2883 2112 2964 2171; x_wconf 92' lang='lat' dir='ltr'><strong>ad</strong></span> <span class='ocrx_word' id='word_1_540' title='bbox 3007 2112 3360 2173; x_wconf 84' lang='lat' dir='ltr'><strong>faciendum</strong></span> <span class='ocrx_word' id='word_1_541' title='bbox 3401 2131 3500 2173; x_wconf 92' lang='lat' dir='ltr'><strong>ac-</strong></span> 
     </span>
     <span class='ocr_line' id='line_1_75' title="bbox 1935 2203 3501 2284; baseline -0.001 -19"><span class='ocrx_word' id='word_1_542' title='bbox 1935 2210 2099 2280; x_wconf 90' lang='lat' dir='ltr'><strong>tum,</strong></span> <span class='ocrx_word' id='word_1_543' title='bbox 2127 2205 2273 2283; x_wconf 90' lang='lat' dir='ltr'><strong>quia</strong></span> <span class='ocrx_word' id='word_1_544' title='bbox 2298 2204 2429 2266; x_wconf 82' lang='lat' dir='ltr'><strong>hoec</strong></span> <span class='ocrx_word' id='word_1_545' title='bbox 2452 2223 2579 2267; x_wconf 91' lang='lat' dir='ltr'><strong>non</strong></span> <span class='ocrx_word' id='word_1_546' title='bbox 2608 2206 2807 2265; x_wconf 89' lang='lat' dir='ltr'><strong>oritur</strong></span> <span class='ocrx_word' id='word_1_547' title='bbox 2835 2205 2956 2265; x_wconf 90' lang='lat' dir='ltr'><strong>nisi</strong></span> <span class='ocrx_word' id='word_1_548' title='bbox 2988 2223 3066 2265; x_wconf 87' lang='lat' dir='ltr'><strong>ex</strong></span> <span class='ocrx_word' id='word_1_549' title='bbox 3089 2210 3394 2284; x_wconf 77' lang='lat' dir='ltr'><strong>praecepto</strong></span> <span class='ocrx_word' id='word_1_550' title='bbox 3414 2203 3501 2264; x_wconf 78' lang='lat' dir='ltr'><strong>af-</strong></span> 
     </span>
     <span class='ocr_line' id='line_1_76' title="bbox 1941 2295 3500 2376; baseline 0.001 -20"><span class='ocrx_word' id='word_1_551' title='bbox 1941 2295 2255 2361; x_wconf 87' lang='lat' dir='ltr'><strong>firmativo</strong></span> <span class='ocrx_word' id='word_1_552' title='bbox 2288 2296 2590 2357; x_wconf 90' lang='lat' dir='ltr'><strong>absoluto.</strong></span> <span class='ocrx_word' id='word_1_553' title='bbox 2635 2297 2916 2357; x_wconf 89' lang='lat' dir='ltr'><strong>Secunda</strong></span> <span class='ocrx_word' id='word_1_554' title='bbox 2951 2314 3097 2357; x_wconf 89' lang='lat' dir='ltr'><strong>vero</strong></span> <span class='ocrx_word' id='word_1_555' title='bbox 3125 2314 3269 2376; x_wconf 87' lang='lat' dir='ltr'><strong>pars</strong></span> <span class='ocrx_word' id='word_1_556' title='bbox 3309 2297 3500 2357; x_wconf 88' lang='lat' dir='ltr'><strong>etiam</strong></span> 
     </span>
     <span class='ocr_line' id='line_1_77' title="bbox 1942 2389 3501 2470; baseline 0.001 -20"><span class='ocrx_word' id='word_1_557' title='bbox 1942 2394 2036 2450; x_wconf 91' lang='lat' dir='ltr'><strong>est</strong></span> <span class='ocrx_word' id='word_1_558' title='bbox 2060 2408 2171 2468; x_wconf 89' lang='lat' dir='ltr'><strong>per</strong></span> <span class='ocrx_word' id='word_1_559' title='bbox 2195 2408 2260 2451; x_wconf 91' lang='lat' dir='ltr'><strong>se</strong></span> <span class='ocrx_word' id='word_1_560' title='bbox 2287 2390 2452 2451; x_wconf 88' lang='lat' dir='ltr'><strong>clara</strong></span> <span class='ocrx_word' id='word_1_561' title='bbox 2483 2390 2560 2451; x_wconf 91' lang='lat' dir='ltr'><strong>de</strong></span> <span class='ocrx_word' id='word_1_562' title='bbox 2599 2389 2894 2468; x_wconf 86' lang='lat' dir='ltr'><strong>possibili,</strong></span> <span class='ocrx_word' id='word_1_563' title='bbox 2925 2390 3071 2469; x_wconf 86' lang='lat' dir='ltr'><strong>quia</strong></span> <span class='ocrx_word' id='word_1_564' title='bbox 3098 2390 3205 2450; x_wconf 91' lang='lat' dir='ltr'><strong>illa</strong></span> <span class='ocrx_word' id='word_1_565' title='bbox 3233 2396 3501 2470; x_wconf 84' lang='lat' dir='ltr'><strong>potestas</strong></span> 
     </span>
     <span class='ocr_line' id='line_1_78' title="bbox 1938 2483 3501 2563; baseline 0.002 -21"><span class='ocrx_word' id='word_1_566' title='bbox 1938 2499 2069 2543; x_wconf 92' lang='lat' dir='ltr'><strong>non</strong></span> <span class='ocrx_word' id='word_1_567' title='bbox 2089 2483 2332 2543; x_wconf 84' lang='lat' dir='ltr'><strong>excedit</strong></span> <span class='ocrx_word' id='word_1_568' title='bbox 2347 2483 2574 2544; x_wconf 85' lang='lat' dir='ltr'><strong>limites</strong></span> <span class='ocrx_word' id='word_1_569' title='bbox 2588 2483 2863 2561; x_wconf 82' lang='lat' dir='ltr'><strong>justitiae,</strong></span> <span class='ocrx_word' id='word_1_570' title='bbox 2890 2489 2950 2543; x_wconf 90' lang='lat' dir='ltr'><strong>et</strong></span> <span class='ocrx_word' id='word_1_571' title='bbox 2969 2483 3279 2563; x_wconf 84' lang='lat' dir='ltr'><strong>pertinere</strong></span> <span class='ocrx_word' id='word_1_572' title='bbox 3303 2489 3501 2562; x_wconf 89' lang='lat' dir='ltr'><strong>potest</strong></span> 
     </span>
     <span class='ocr_line' id='line_1_79' title="bbox 1938 2573 3497 2655; baseline 0.001 -20"><span class='ocrx_word' id='word_1_573' title='bbox 1938 2573 2017 2634; x_wconf 90' lang='lat' dir='ltr'><strong>ad</strong></span> <span class='ocrx_word' id='word_1_574' title='bbox 2045 2575 2517 2636; x_wconf 90' lang='lat' dir='ltr'><strong>convenientem</strong></span> <span class='ocrx_word' id='word_1_575' title='bbox 2562 2575 2917 2655; x_wconf 74' lang='lat' dir='ltr'><strong>reipublicae</strong></span> <span class='ocrx_word' id='word_1_576' title='bbox 2958 2576 3497 2654; x_wconf 84' lang='lat' dir='ltr'><strong>gubernationem,</strong></span> 
     </span>
     <span class='ocr_line' id='line_1_80' title="bbox 1938 2667 3502 2750; baseline 0.003 -23"><span class='ocrx_word' id='word_1_577' title='bbox 1938 2674 2001 2727; x_wconf 92' lang='lat' dir='ltr'><strong>et</strong></span> <span class='ocrx_word' id='word_1_578' title='bbox 2028 2668 2107 2727; x_wconf 89' lang='lat' dir='ltr'><strong>ab</strong></span> <span class='ocrx_word' id='word_1_579' title='bbox 2130 2686 2249 2728; x_wconf 92' lang='lat' dir='ltr'><strong>usu</strong></span> <span class='ocrx_word' id='word_1_580' title='bbox 2272 2667 2511 2729; x_wconf 88' lang='lat' dir='ltr'><strong>ostendi</strong></span> <span class='ocrx_word' id='word_1_581' title='bbox 2539 2674 2737 2748; x_wconf 77' lang='lat' dir='ltr'><strong>potest</strong></span> <span class='ocrx_word' id='word_1_582' title='bbox 2760 2668 2973 2729; x_wconf 88' lang='lat' dir='ltr'><strong>multis</strong></span> <span class='ocrx_word' id='word_1_583' title='bbox 2994 2670 3293 2749; x_wconf 89' lang='lat' dir='ltr'><strong>exemplis</strong></span> <span class='ocrx_word' id='word_1_584' title='bbox 3314 2689 3502 2750; x_wconf 90' lang='lat' dir='ltr'><strong>supra</strong></span> 
     </span>
     <span class='ocr_line' id='line_1_81' title="bbox 1937 2759 3497 2844; baseline 0.004 -25"><span class='ocrx_word' id='word_1_585' title='bbox 1937 2759 2219 2820; x_wconf 88' lang='lat' dir='ltr'><strong>adductis</strong></span> <span class='ocrx_word' id='word_1_586' title='bbox 2239 2805 2260 2835; x_wconf 96' lang='lat'><strong>,</strong></span> <span class='ocrx_word' id='word_1_587' title='bbox 2301 2779 2442 2839; x_wconf 78' lang='lat' dir='ltr'><strong>quoe</strong></span> <span class='ocrx_word' id='word_1_588' title='bbox 2492 2762 2701 2822; x_wconf 86' lang='lat' dir='ltr'><strong>statim</strong></span> <span class='ocrx_word' id='word_1_589' title='bbox 2745 2764 3084 2824; x_wconf 71' lang='lat' dir='ltr'><strong>necoesario</strong></span> <span class='ocrx_word' id='word_1_590' title='bbox 3127 2769 3497 2844; x_wconf 86' lang='lat' dir='ltr'><strong>repetemus.</strong></span> 
     </span>
     <span class='ocr_line' id='line_1_82' title="bbox 1938 2852 3500 2933; baseline 0.003 -21"><span class='ocrx_word' id='word_1_591' title='bbox 1938 2852 2098 2925; x_wconf 87' lang='lat' dir='ltr'><strong>Quia</strong></span> <span class='ocrx_word' id='word_1_592' title='bbox 2127 2870 2275 2914; x_wconf 90' lang='lat' dir='ltr'><strong>vero</strong></span> <span class='ocrx_word' id='word_1_593' title='bbox 2306 2853 2446 2913; x_wconf 88' lang='lat' dir='ltr'><strong>talis</strong></span> <span class='ocrx_word' id='word_1_594' title='bbox 2471 2854 2572 2914; x_wconf 86' lang='lat' dir='ltr'><strong>lex</strong></span> <span class='ocrx_word' id='word_1_595' title='bbox 2607 2872 2736 2914; x_wconf 95' lang='lat' dir='ltr'><strong>non</strong></span> <span class='ocrx_word' id='word_1_596' title='bbox 2771 2872 3016 2933; x_wconf 86' lang='lat' dir='ltr'><strong>semper</strong></span> <span class='ocrx_word' id='word_1_597' title='bbox 3046 2855 3288 2916; x_wconf 91' lang='lat' dir='ltr'><strong>inducit</strong></span> <span class='ocrx_word' id='word_1_598' title='bbox 3311 2855 3500 2918; x_wconf 89' lang='lat' dir='ltr'><strong>talem</strong></span> 
     </span>
     <span class='ocr_line' id='line_1_83' title="bbox 1939 2942 3503 3027; baseline 0.004 -25"><span class='ocrx_word' id='word_1_599' title='bbox 1939 2942 2405 3021; x_wconf 89' lang='lat' dir='ltr'><strong>obligationem,</strong></span> <span class='ocrx_word' id='word_1_600' title='bbox 2454 2951 2525 3005; x_wconf 93' lang='lat' dir='ltr'><strong>ut</strong></span> <span class='ocrx_word' id='word_1_601' title='bbox 2565 2946 2838 3007; x_wconf 87' lang='lat' dir='ltr'><strong>inductio</strong></span> <span class='ocrx_word' id='word_1_602' title='bbox 2876 2946 2946 3006; x_wconf 90' lang='lat' dir='ltr'><strong>in</strong></span> <span class='ocrx_word' id='word_1_603' title='bbox 2994 2947 3299 3027; x_wconf 91' lang='lat' dir='ltr'><strong>principio</strong></span> <span class='ocrx_word' id='word_1_604' title='bbox 3340 2946 3503 3009; x_wconf 90' lang='lat' dir='ltr'><strong>facta</strong></span> 
     </span>
     <span class='ocr_line' id='line_1_84' title="bbox 1940 3034 3503 3119; baseline 0.004 -25"><span class='ocrx_word' id='word_1_605' title='bbox 1940 3034 2274 3109; x_wconf 86' lang='lat' dir='ltr'><strong>convincit,</strong></span> <span class='ocrx_word' id='word_1_606' title='bbox 2313 3036 2450 3096; x_wconf 89' lang='lat' dir='ltr'><strong>ideo</strong></span> <span class='ocrx_word' id='word_1_607' title='bbox 2473 3036 2802 3098; x_wconf 87' lang='lat' dir='ltr'><strong>difficultas</strong></span> <span class='ocrx_word' id='word_1_608' title='bbox 2828 3044 2957 3099; x_wconf 89' lang='lat' dir='ltr'><strong>tota</strong></span> <span class='ocrx_word' id='word_1_609' title='bbox 2980 3045 3070 3099; x_wconf 88' lang='lat' dir='ltr'><strong>est</strong></span> <span class='ocrx_word' id='word_1_610' title='bbox 3096 3040 3343 3119; x_wconf 89' lang='lat' dir='ltr'><strong>quando</strong></span> <span class='ocrx_word' id='word_1_611' title='bbox 3370 3039 3503 3100; x_wconf 80' lang='lat' dir='ltr'><strong>haec</strong></span> 
     </span>
     <span class='ocr_line' id='line_1_85' title="bbox 1937 3126 3500 3208; baseline 0.004 -20"><span class='ocrx_word' id='word_1_612' title='bbox 1937 3126 2040 3189; x_wconf 90' lang='lat' dir='ltr'><strong>lex</strong></span> <span class='ocrx_word' id='word_1_613' title='bbox 2061 3127 2150 3188; x_wconf 91' lang='lat' dir='ltr'><strong>ita</strong></span> <span class='ocrx_word' id='word_1_614' title='bbox 2172 3128 2405 3208; x_wconf 88' lang='lat' dir='ltr'><strong>obliget</strong></span> <span class='ocrx_word' id='word_1_615' title='bbox 2424 3130 2491 3190; x_wconf 90' lang='lat' dir='ltr'><strong>in</strong></span> <span class='ocrx_word' id='word_1_616' title='bbox 2509 3131 2904 3208; x_wconf 87' lang='lat' dir='ltr'><strong>conscientia,</strong></span> <span class='ocrx_word' id='word_1_617' title='bbox 2917 3139 2988 3192; x_wconf 94' lang='lat' dir='ltr'><strong>ut</strong></span> <span class='ocrx_word' id='word_1_618' title='bbox 3010 3133 3262 3193; x_wconf 86' lang='lat' dir='ltr'><strong>omissio</strong></span> <span class='ocrx_word' id='word_1_619' title='bbox 3284 3131 3500 3195; x_wconf 72' lang='lat' dir='ltr'><strong>formae</strong></span> 
     </span>
     <span class='ocr_line' id='line_1_86' title="bbox 1935 3221 3501 3304; baseline 0.004 -23"><span class='ocrx_word' id='word_1_620' title='bbox 1935 3221 2005 3281; x_wconf 91' lang='lat' dir='ltr'><strong>in</strong></span> <span class='ocrx_word' id='word_1_621' title='bbox 2032 3221 2143 3282; x_wconf 89' lang='lat' dir='ltr'><strong>tali</strong></span> <span class='ocrx_word' id='word_1_622' title='bbox 2168 3229 2312 3283; x_wconf 87' lang='lat' dir='ltr'><strong>actu</strong></span> <span class='ocrx_word' id='word_1_623' title='bbox 2338 3223 2762 3302; x_wconf 89' lang='lat' dir='ltr'><strong>peccaminosa</strong></span> <span class='ocrx_word' id='word_1_624' title='bbox 2788 3225 2889 3300; x_wconf 87' lang='lat' dir='ltr'><strong>sit,</strong></span> <span class='ocrx_word' id='word_1_625' title='bbox 2910 3225 3032 3301; x_wconf 87' lang='lat' dir='ltr'><strong>vel,</strong></span> <span class='ocrx_word' id='word_1_626' title='bbox 3058 3225 3222 3304; x_wconf 89' lang='lat' dir='ltr'><strong>quod</strong></span> <span class='ocrx_word' id='word_1_627' title='bbox 3245 3225 3501 3304; x_wconf 89' lang='lat' dir='ltr'><strong>perinde</strong></span> 
     </span>
     <span class='ocr_line' id='line_1_87' title="bbox 1938 3316 3500 3392; baseline 0.004 -18"><span class='ocrx_word' id='word_1_628' title='bbox 1938 3319 2054 3390; x_wconf 89' lang='lat' dir='ltr'><strong>est,</strong></span> <span class='ocrx_word' id='word_1_629' title='bbox 2092 3321 2165 3376; x_wconf 90' lang='lat' dir='ltr'><strong>ut</strong></span> <span class='ocrx_word' id='word_1_630' title='bbox 2196 3316 2583 3392; x_wconf 90' lang='lat' dir='ltr'><strong>contrahere,</strong></span> <span class='ocrx_word' id='word_1_631' title='bbox 2627 3316 2726 3377; x_wconf 89' lang='lat' dir='ltr'><strong>vel</strong></span> <span class='ocrx_word' id='word_1_632' title='bbox 2753 3317 2948 3377; x_wconf 87' lang='lat' dir='ltr'><strong>alium</strong></span> <span class='ocrx_word' id='word_1_633' title='bbox 2985 3317 3252 3379; x_wconf 89' lang='lat' dir='ltr'><strong>similem</strong></span> <span class='ocrx_word' id='word_1_634' title='bbox 3292 3324 3500 3380; x_wconf 87' lang='lat' dir='ltr'><strong>actum</strong></span> 
     </span>
     <span class='ocr_line' id='line_1_88' title="bbox 1934 3407 3499 3490; baseline 0.003 -21"><span class='ocrx_word' id='word_1_635' title='bbox 1934 3407 2138 3470; x_wconf 84' lang='lat' dir='ltr'><strong>facere</strong></span> <span class='ocrx_word' id='word_1_636' title='bbox 2167 3409 2300 3470; x_wconf 90' lang='lat' dir='ltr'><strong>sine</strong></span> <span class='ocrx_word' id='word_1_637' title='bbox 2322 3408 2528 3470; x_wconf 90' lang='lat' dir='ltr'><strong>debita</strong></span> <span class='ocrx_word' id='word_1_638' title='bbox 2565 3409 2765 3470; x_wconf 86' lang='lat' dir='ltr'><strong>forma</strong></span> <span class='ocrx_word' id='word_1_639' title='bbox 2790 3429 2901 3490; x_wconf 87' lang='lat' dir='ltr'><strong>per</strong></span> <span class='ocrx_word' id='word_1_640' title='bbox 2926 3410 3127 3490; x_wconf 88' lang='lat' dir='ltr'><strong>legem</strong></span> <span class='ocrx_word' id='word_1_641' title='bbox 3156 3412 3499 3474; x_wconf 89' lang='lat' dir='ltr'><strong>humanam</strong></span> 
     </span>
     <span class='ocr_line' id='line_1_89' title="bbox 1935 3503 3197 3583; baseline 0.001 -20"><span class='ocrx_word' id='word_1_642' title='bbox 1935 3503 2314 3583; x_wconf 83' lang='lat' dir='ltr'><strong>praescripta,</strong></span> <span class='ocrx_word' id='word_1_643' title='bbox 2338 3508 2660 3583; x_wconf 88' lang='lat' dir='ltr'><strong>peccatum</strong></span> <span class='ocrx_word' id='word_1_644' title='bbox 2682 3504 2784 3579; x_wconf 87' lang='lat' dir='ltr'><strong>sit,</strong></span> <span class='ocrx_word' id='word_1_645' title='bbox 2810 3503 2911 3564; x_wconf 87' lang='lat' dir='ltr'><strong>vel</strong></span> <span class='ocrx_word' id='word_1_646' title='bbox 2938 3522 3066 3564; x_wconf 86' lang='lat' dir='ltr'><strong>non</strong></span> <span class='ocrx_word' id='word_1_647' title='bbox 3097 3505 3197 3565; x_wconf 87' lang='lat' dir='ltr'><strong>sit.</strong></span> 
     </span>
    </p>

    <p class='ocr_par' dir='ltr' id='par_1_6' title="bbox 1934 3597 3503 5531">
     <span class='ocr_line' id='line_1_90' title="bbox 2019 3597 3501 3677; baseline 0.003 -21"><span class='ocrx_word' id='word_1_648' title='bbox 2019 3598 2077 3657; x_wconf 79' lang='lat'><strong>5.</strong></span> <span class='ocrx_word' id='word_1_649' title='bbox 2111 3597 2248 3657; x_wconf 81' lang='lat' dir='ltr'><strong>Duo</strong></span> <span class='ocrx_word' id='word_1_650' title='bbox 2274 3597 2457 3676; x_wconf 65' lang='lat' dir='ltr'><strong>aigyna</strong></span> <span class='ocrx_word' id='word_1_651' title='bbox 2490 3597 2572 3658; x_wconf 84' lang='lat' dir='ltr'><strong>ad</strong></span> <span class='ocrx_word' id='word_1_652' title='bbox 2595 3597 3047 3677; x_wconf 70' lang='lat' dir='ltr'><strong>diqnosomdam</strong></span> <span class='ocrx_word' id='word_1_653' title='bbox 3080 3597 3501 3677; x_wconf 73' lang='lat' dir='ltr'><strong>obliyationom</strong></span> 
     </span>
     <span class='ocr_line' id='line_1_91' title="bbox 1937 3687 3501 3767; baseline 0.001 -18"><span class='ocrx_word' id='word_1_654' title='bbox 1937 3687 2144 3749; x_wconf 76' lang='lat' dir='ltr'><strong>istam.</strong></span> <span class='ocrx_word' id='word_1_655' title='bbox 2179 3720 2262 3734; x_wconf 94' lang='lat'><strong>—</strong></span> <span class='ocrx_word' id='word_1_656' title='bbox 2288 3688 2575 3750; x_wconf 78' lang='lat' dir='ltr'><strong>Primum</strong></span> <span class='ocrx_word' id='word_1_657' title='bbox 2629 3707 2700 3750; x_wconf 70' lang='grc' dir='ltr'><strong>σω</strong></span> <span class='ocrx_word' id='word_1_658' title='bbox 2755 3690 2991 3767; x_wconf 73' lang='lat' dir='ltr'><strong>objwto.</strong></span> <span class='ocrx_word' id='word_1_659' title='bbox 3029 3722 3114 3735; x_wconf 91' lang='lat'>—</span> <span class='ocrx_word' id='word_1_660' title='bbox 3159 3689 3501 3753; x_wconf 68' lang='lat' dir='ltr'><strong>Secundum</strong></span> 
     </span>
     <span class='ocr_line' id='line_1_92' title="bbox 1936 3781 3503 3860; baseline 0.001 -18"><span class='ocrx_word' id='word_1_661' title='bbox 1936 3798 2009 3842; x_wconf 75' lang='lat' dir='ltr'><strong>ea&gt;</strong></span> <span class='ocrx_word' id='word_1_662' title='bbox 2026 3781 2433 3857; x_wconf 71' lang='lat' dir='ltr'><strong>prohibitione</strong></span> <span class='ocrx_word' id='word_1_663' title='bbox 2462 3781 2530 3842; x_wconf 75' lang='lat' dir='ltr'><strong>in</strong></span> <span class='ocrx_word' id='word_1_664' title='bbox 2556 3781 2701 3860; x_wconf 63' lang='lat' dir='ltr'><strong>layo,</strong></span> <span class='ocrx_word' id='word_1_665' title='bbox 2730 3781 2789 3842; x_wconf 73' lang='lat' dir='ltr'><strong>si</strong></span> <span class='ocrx_word' id='word_1_666' title='bbox 2814 3781 3064 3843; x_wconf 72' lang='lat' dir='ltr'><strong>additur</strong></span> <span class='ocrx_word' id='word_1_667' title='bbox 3088 3782 3388 3843; x_wconf 77' lang='lat' dir='ltr'><strong>irritatio.</strong></span> <span class='ocrx_word' id='word_1_668' title='bbox 3419 3814 3503 3827; x_wconf 95' lang='lat'><strong>—</strong></span> 
     </span>
     <span class='ocr_line' id='line_1_93' title="bbox 1937 3872 3499 3956; baseline 0.003 -25"><span class='ocrx_word' id='word_1_669' title='bbox 1937 3873 2072 3931; x_wconf 90' lang='lat' dir='ltr'><strong>Duo</strong></span> <span class='ocrx_word' id='word_1_670' title='bbox 2100 3890 2249 3951; x_wconf 89' lang='lat' dir='ltr'><strong>ergo</strong></span> <span class='ocrx_word' id='word_1_671' title='bbox 2289 3874 2469 3950; x_wconf 90' lang='lat' dir='ltr'><strong>signa</strong></span> <span class='ocrx_word' id='word_1_672' title='bbox 2496 3873 2875 3956; x_wconf 65' lang='lat' dir='ltr'><strong>praebuimus</strong></span> <span class='ocrx_word' id='word_1_673' title='bbox 2900 3872 2983 3934; x_wconf 91' lang='lat' dir='ltr'><strong>ad</strong></span> <span class='ocrx_word' id='word_1_674' title='bbox 3018 3872 3499 3952; x_wconf 89' lang='lat' dir='ltr'><strong>dignoscendam</strong></span> 
     </span>
     <span class='ocr_line' id='line_1_94' title="bbox 1934 3962 3499 4044; baseline 0.003 -21"><span class='ocrx_word' id='word_1_675' title='bbox 1934 3962 2099 4024; x_wconf 91' lang='lat' dir='ltr'><strong>hanc</strong></span> <span class='ocrx_word' id='word_1_676' title='bbox 2134 3965 2595 4044; x_wconf 88' lang='lat' dir='ltr'><strong>obligationem.</strong></span> <span class='ocrx_word' id='word_1_677' title='bbox 2639 3965 2845 4026; x_wconf 93' lang='lat' dir='ltr'><strong>Unum</strong></span> <span class='ocrx_word' id='word_1_678' title='bbox 2886 3970 3000 4039; x_wconf 86' lang='lat' dir='ltr'><strong>est,</strong></span> <span class='ocrx_word' id='word_1_679' title='bbox 3045 3965 3293 4043; x_wconf 88' lang='lat' dir='ltr'><strong>quando</strong></span> <span class='ocrx_word' id='word_1_680' title='bbox 3324 3972 3499 4028; x_wconf 90' lang='lat' dir='ltr'><strong>actus</strong></span> 
     </span>
     <span class='ocr_line' id='line_1_95' title="bbox 1937 4056 3500 4136; baseline 0.001 -19"><span class='ocrx_word' id='word_1_681' title='bbox 1937 4073 2018 4117; x_wconf 87' lang='lat' dir='ltr'><strong>ex</strong></span> <span class='ocrx_word' id='word_1_682' title='bbox 2044 4056 2107 4116; x_wconf 89' lang='lat' dir='ltr'><strong>vi</strong></span> <span class='ocrx_word' id='word_1_683' title='bbox 2150 4058 2247 4118; x_wconf 90' lang='lat' dir='ltr'><strong>sui</strong></span> <span class='ocrx_word' id='word_1_684' title='bbox 2279 4057 2506 4136; x_wconf 85' lang='lat' dir='ltr'><strong>objecti</strong></span> <span class='ocrx_word' id='word_1_685' title='bbox 2532 4062 2595 4116; x_wconf 87' lang='lat' dir='ltr'><strong>et</strong></span> <span class='ocrx_word' id='word_1_686' title='bbox 2630 4062 2871 4118; x_wconf 78' lang='lat' dir='ltr'><strong>naturae</strong></span> <span class='ocrx_word' id='word_1_687' title='bbox 2898 4056 3038 4117; x_wconf 84' lang='lat' dir='ltr'><strong>talis</strong></span> <span class='ocrx_word' id='word_1_688' title='bbox 3079 4062 3193 4132; x_wconf 89' lang='lat' dir='ltr'><strong>est,</strong></span> <span class='ocrx_word' id='word_1_689' title='bbox 3239 4063 3311 4117; x_wconf 88' lang='lat' dir='ltr'><strong>ut</strong></span> <span class='ocrx_word' id='word_1_690' title='bbox 3341 4057 3500 4119; x_wconf 86' lang='lat' dir='ltr'><strong>velle</strong></span> 
     </span>
     <span class='ocr_line' id='line_1_96' title="bbox 1939 4148 3502 4230; baseline 0.002 -22"><span class='ocrx_word' id='word_1_691' title='bbox 1939 4148 2122 4208; x_wconf 90' lang='lat' dir='ltr'><strong>illum</strong></span> <span class='ocrx_word' id='word_1_692' title='bbox 2161 4149 2363 4210; x_wconf 78' lang='lat' dir='ltr'><strong>facere</strong></span> <span class='ocrx_word' id='word_1_693' title='bbox 2404 4148 2655 4227; x_wconf 87' lang='lat' dir='ltr'><strong>quando</strong></span> <span class='ocrx_word' id='word_1_694' title='bbox 2698 4148 2900 4210; x_wconf 83' lang='lat' dir='ltr'><strong>valide</strong></span> <span class='ocrx_word' id='word_1_695' title='bbox 2945 4148 3082 4210; x_wconf 87' lang='lat' dir='ltr'><strong>fieri</strong></span> <span class='ocrx_word' id='word_1_696' title='bbox 3126 4167 3256 4210; x_wconf 91' lang='lat' dir='ltr'><strong>non</strong></span> <span class='ocrx_word' id='word_1_697' title='bbox 3298 4155 3502 4230; x_wconf 85' lang='lat' dir='ltr'><strong>potest</strong></span> 
     </span>
     <span class='ocr_line' id='line_1_97' title="bbox 1936 4241 3500 4319; baseline 0.001 -18"><span class='ocrx_word' id='word_1_698' title='bbox 1936 4245 2119 4319; x_wconf 88' lang='lat' dir='ltr'><strong>turpe</strong></span> <span class='ocrx_word' id='word_1_699' title='bbox 2171 4242 2252 4301; x_wconf 87' lang='lat' dir='ltr'><strong>sit</strong></span> <span class='ocrx_word' id='word_1_700' title='bbox 2299 4246 2362 4301; x_wconf 89' lang='lat' dir='ltr'><strong>et</strong></span> <span class='ocrx_word' id='word_1_701' title='bbox 2414 4246 2629 4302; x_wconf 89' lang='lat' dir='ltr'><strong>contra</strong></span> <span class='ocrx_word' id='word_1_702' title='bbox 2674 4246 2909 4302; x_wconf 87' lang='lat' dir='ltr'><strong>rectam</strong></span> <span class='ocrx_word' id='word_1_703' title='bbox 2951 4241 3279 4303; x_wconf 85' lang='lat' dir='ltr'><strong>rationem.</strong></span> <span class='ocrx_word' id='word_1_704' title='bbox 3326 4242 3500 4316; x_wconf 90' lang='lat' dir='ltr'><strong>Quod</strong></span> 
     </span>
     <span class='ocr_line' id='line_1_98' title="bbox 1938 4333 3500 4414; baseline 0.001 -20"><span class='ocrx_word' id='word_1_705' title='bbox 1938 4334 2210 4396; x_wconf 79' lang='lat' dir='ltr'><strong>maxime</strong></span> <span class='ocrx_word' id='word_1_706' title='bbox 2231 4333 2477 4395; x_wconf 85' lang='lat' dir='ltr'><strong>videtur</strong></span> <span class='ocrx_word' id='word_1_707' title='bbox 2498 4335 2858 4413; x_wconf 89' lang='lat' dir='ltr'><strong>contingere</strong></span> <span class='ocrx_word' id='word_1_708' title='bbox 2876 4334 2946 4394; x_wconf 91' lang='lat' dir='ltr'><strong>in</strong></span> <span class='ocrx_word' id='word_1_709' title='bbox 2968 4335 3229 4396; x_wconf 88' lang='lat' dir='ltr'><strong>materia</strong></span> <span class='ocrx_word' id='word_1_710' title='bbox 3251 4335 3500 4414; x_wconf 89' lang='lat' dir='ltr'><strong>religio-</strong></span> 
     </span>
     <span class='ocr_line' id='line_1_99' title="bbox 1937 4427 3495 4507; baseline 0.002 -20"><span class='ocrx_word' id='word_1_711' title='bbox 1937 4427 2060 4502; x_wconf 88' lang='lat' dir='ltr'><strong>nis,</strong></span> <span class='ocrx_word' id='word_1_712' title='bbox 2076 4433 2140 4490; x_wconf 86' lang='lat' dir='ltr'><strong>et</strong></span> <span class='ocrx_word' id='word_1_713' title='bbox 2160 4427 2228 4488; x_wconf 91' lang='lat' dir='ltr'><strong>in</strong></span> <span class='ocrx_word' id='word_1_714' title='bbox 2249 4427 2485 4488; x_wconf 89' lang='lat' dir='ltr'><strong>actibus</strong></span> <span class='ocrx_word' id='word_1_715' title='bbox 2513 4427 2721 4503; x_wconf 90' lang='lat' dir='ltr'><strong>sacris,</strong></span> <span class='ocrx_word' id='word_1_716' title='bbox 2747 4427 2897 4489; x_wconf 88' lang='lat' dir='ltr'><strong>etin</strong></span> <span class='ocrx_word' id='word_1_717' title='bbox 2926 4427 3188 4488; x_wconf 90' lang='lat' dir='ltr'><strong>materia</strong></span> <span class='ocrx_word' id='word_1_718' title='bbox 3210 4428 3495 4507; x_wconf 80' lang='lat' dir='ltr'><strong>justitioe:</strong></span> 
     </span>
     <span class='ocr_line' id='line_1_100' title="bbox 1939 4520 3500 4583; baseline 0.001 -2"><span class='ocrx_word' id='word_1_719' title='bbox 1939 4539 2089 4582; x_wconf 89' lang='lat' dir='ltr'><strong>nam</strong></span> <span class='ocrx_word' id='word_1_720' title='bbox 2117 4520 2355 4582; x_wconf 88' lang='lat' dir='ltr'><strong>efficere</strong></span> <span class='ocrx_word' id='word_1_721' title='bbox 2397 4521 2702 4582; x_wconf 88' lang='lat' dir='ltr'><strong>actionem</strong></span> <span class='ocrx_word' id='word_1_722' title='bbox 2734 4538 2972 4582; x_wconf 87' lang='lat' dir='ltr'><strong>sacram</strong></span> <span class='ocrx_word' id='word_1_723' title='bbox 3005 4521 3190 4582; x_wconf 89' lang='lat' dir='ltr'><strong>modo</strong></span> <span class='ocrx_word' id='word_1_724' title='bbox 3217 4521 3395 4582; x_wconf 89' lang='lat' dir='ltr'><strong>irrito</strong></span> <span class='ocrx_word' id='word_1_725' title='bbox 3437 4526 3500 4583; x_wconf 91' lang='lat' dir='ltr'><strong>et</strong></span> 
     </span>
     <span class='ocr_line' id='line_1_101' title="bbox 1938 4613 3499 4693; baseline 0.001 -19"><span class='ocrx_word' id='word_1_726' title='bbox 1938 4613 2211 4674; x_wconf 89' lang='lat' dir='ltr'><strong>invalido</strong></span> <span class='ocrx_word' id='word_1_727' title='bbox 2239 4613 2630 4692; x_wconf 86' lang='lat' dir='ltr'><strong>sacrilegium</strong></span> <span class='ocrx_word' id='word_1_728' title='bbox 2654 4619 2765 4690; x_wconf 86' lang='lat' dir='ltr'><strong>est,</strong></span> <span class='ocrx_word' id='word_1_729' title='bbox 2791 4614 2939 4693; x_wconf 88' lang='lat' dir='ltr'><strong>quia</strong></span> <span class='ocrx_word' id='word_1_730' title='bbox 2964 4619 3056 4675; x_wconf 87' lang='lat' dir='ltr'><strong>est</strong></span> <span class='ocrx_word' id='word_1_731' title='bbox 3077 4619 3293 4675; x_wconf 87' lang='lat' dir='ltr'><strong>contra</strong></span> <span class='ocrx_word' id='word_1_732' title='bbox 3315 4631 3499 4676; x_wconf 89' lang='lat' dir='ltr'><strong>reve-</strong></span> 
     </span>
     <span class='ocr_line' id='line_1_102' title="bbox 1939 4704 3500 4783; baseline 0.001 -16"><span class='ocrx_word' id='word_1_733' title='bbox 1939 4706 2204 4770; x_wconf 88' lang='lat' dir='ltr'><strong>rentiam</strong></span> <span class='ocrx_word' id='word_1_734' title='bbox 2222 4704 2493 4766; x_wconf 85' lang='lat' dir='ltr'><strong>debitam</strong></span> <span class='ocrx_word' id='word_1_735' title='bbox 2515 4707 2608 4767; x_wconf 91' lang='lat' dir='ltr'><strong>rei</strong></span> <span class='ocrx_word' id='word_1_736' title='bbox 2626 4724 2836 4783; x_wconf 79' lang='lat' dir='ltr'><strong>sacrae,</strong></span> <span class='ocrx_word' id='word_1_737' title='bbox 2850 4712 2921 4767; x_wconf 92' lang='lat' dir='ltr'><strong>ut</strong></span> <span class='ocrx_word' id='word_1_738' title='bbox 2939 4705 3142 4768; x_wconf 84' lang='lat' dir='ltr'><strong>facere</strong></span> <span class='ocrx_word' id='word_1_739' title='bbox 3157 4725 3500 4769; x_wconf 88' lang='lat' dir='ltr'><strong>sacramen-</strong></span> 
     </span>
     <span class='ocr_line' id='line_1_103' title="bbox 1937 4798 3493 4874; baseline 0.001 -14"><span class='ocrx_word' id='word_1_740' title='bbox 1937 4805 2076 4860; x_wconf 91' lang='lat' dir='ltr'><strong>tum</strong></span> <span class='ocrx_word' id='word_1_741' title='bbox 2101 4799 2376 4874; x_wconf 87' lang='lat' dir='ltr'><strong>irritum,</strong></span> <span class='ocrx_word' id='word_1_742' title='bbox 2409 4804 2472 4859; x_wconf 89' lang='lat' dir='ltr'><strong>et</strong></span> <span class='ocrx_word' id='word_1_743' title='bbox 2499 4799 2632 4861; x_wconf 87' lang='lat' dir='ltr'><strong>sine</strong></span> <span class='ocrx_word' id='word_1_744' title='bbox 2660 4798 2870 4861; x_wconf 89' lang='lat' dir='ltr'><strong>debita</strong></span> <span class='ocrx_word' id='word_1_745' title='bbox 2894 4799 3097 4861; x_wconf 88' lang='lat' dir='ltr'><strong>forma</strong></span> <span class='ocrx_word' id='word_1_746' title='bbox 3121 4805 3195 4862; x_wconf 84' lang='lat' dir='ltr'><strong>et-</strong></span> <span class='ocrx_word' id='word_1_747' title='bbox 3209 4800 3493 4861; x_wconf 89' lang='lat' dir='ltr'><strong>materia.</strong></span> 
     </span>
     <span class='ocr_line' id='line_1_104' title="bbox 1938 4892 3499 4969; baseline 0.001 -16"><span class='ocrx_word' id='word_1_748' title='bbox 1938 4894 2017 4953; x_wconf 89' lang='lat' dir='ltr'><strong>Et</strong></span> <span class='ocrx_word' id='word_1_749' title='bbox 2026 4893 2144 4954; x_wconf 90' lang='lat' dir='ltr'><strong>hac</strong></span> <span class='ocrx_word' id='word_1_750' title='bbox 2159 4893 2424 4969; x_wconf 86' lang='lat' dir='ltr'><strong>ratione,</strong></span> <span class='ocrx_word' id='word_1_751' title='bbox 2449 4892 2692 4955; x_wconf 88' lang='lat' dir='ltr'><strong>etiamsi</strong></span> <span class='ocrx_word' id='word_1_752' title='bbox 2705 4893 3048 4955; x_wconf 87' lang='lat' dir='ltr'><strong>Concilium</strong></span> <span class='ocrx_word' id='word_1_753' title='bbox 3064 4893 3499 4955; x_wconf 86' lang='lat' dir='ltr'><strong>Tridentinum</strong></span> 
     </span>
     <span class='ocr_line' id='line_1_105' title="bbox 1939 4986 3495 5067; baseline 0.001 -19"><span class='ocrx_word' id='word_1_754' title='bbox 1939 5004 2224 5067; x_wconf 82' lang='lat' dir='ltr'><strong>expresse</strong></span> <span class='ocrx_word' id='word_1_755' title='bbox 2243 5004 2370 5047; x_wconf 91' lang='lat' dir='ltr'><strong>non</strong></span> <span class='ocrx_word' id='word_1_756' title='bbox 2397 4986 2836 5066; x_wconf 86' lang='lat' dir='ltr'><strong>prohibuisset,</strong></span> <span class='ocrx_word' id='word_1_757' title='bbox 2856 4987 2963 5048; x_wconf 87' lang='lat' dir='ltr'><strong>sed</strong></span> <span class='ocrx_word' id='word_1_758' title='bbox 2991 4992 3237 5049; x_wconf 81' lang='lat' dir='ltr'><strong>tantum</strong></span> <span class='ocrx_word' id='word_1_759' title='bbox 3264 4987 3495 5048; x_wconf 82' lang='lat' dir='ltr'><strong>irritas·</strong></span> 
     </span>
     <span class='ocr_line' id='line_1_106' title="bbox 1937 5079 3500 5160; baseline -0.001 -19"><span class='ocrx_word' id='word_1_760' title='bbox 1937 5085 2032 5141; x_wconf 89' lang='lat' dir='ltr'><strong>set</strong></span> <span class='ocrx_word' id='word_1_761' title='bbox 2052 5080 2521 5142; x_wconf 88' lang='lat' dir='ltr'><strong>matrimonium</strong></span> <span class='ocrx_word' id='word_1_762' title='bbox 2537 5079 2772 5142; x_wconf 85' lang='lat' dir='ltr'><strong>factum</strong></span> <span class='ocrx_word' id='word_1_763' title='bbox 2795 5080 2929 5142; x_wconf 87' lang='lat' dir='ltr'><strong>sine</strong></span> <span class='ocrx_word' id='word_1_764' title='bbox 2951 5079 3221 5160; x_wconf 82' lang='lat' dir='ltr'><strong>parocho</strong></span> <span class='ocrx_word' id='word_1_765' title='bbox 3243 5085 3305 5141; x_wconf 91' lang='lat' dir='ltr'><strong>et</strong></span> <span class='ocrx_word' id='word_1_766' title='bbox 3331 5079 3500 5140; x_wconf 87' lang='lat' dir='ltr'><strong>testi-</strong></span> 
     </span>
     <span class='ocr_line' id='line_1_107' title="bbox 1938 5172 3494 5253; baseline 0 -20"><span class='ocrx_word' id='word_1_767' title='bbox 1938 5172 2081 5248; x_wconf 87' lang='lat' dir='ltr'><strong>bus,</strong></span> <span class='ocrx_word' id='word_1_768' title='bbox 2097 5178 2256 5234; x_wconf 86' lang='lat' dir='ltr'><strong>esset</strong></span> <span class='ocrx_word' id='word_1_769' title='bbox 2275 5191 2462 5252; x_wconf 88' lang='lat' dir='ltr'><strong>grave</strong></span> <span class='ocrx_word' id='word_1_770' title='bbox 2479 5178 2800 5253; x_wconf 85' lang='lat' dir='ltr'><strong>peccatum</strong></span> <span class='ocrx_word' id='word_1_771' title='bbox 2817 5173 2972 5234; x_wconf 88' lang='lat' dir='ltr'><strong>illud</strong></span> <span class='ocrx_word' id='word_1_772' title='bbox 2998 5173 3085 5234; x_wconf 86' lang='lat' dir='ltr'><strong>sic</strong></span> <span class='ocrx_word' id='word_1_773' title='bbox 3106 5172 3494 5250; x_wconf 86' lang='lat' dir='ltr'><strong>contrahere,</strong></span> 
     </span>
     <span class='ocr_line' id='line_1_108' title="bbox 1941 5265 3493 5345; baseline 0.001 -19"><span class='ocrx_word' id='word_1_774' title='bbox 1941 5265 2091 5345; x_wconf 87' lang='lat' dir='ltr'><strong>quia</strong></span> <span class='ocrx_word' id='word_1_775' title='bbox 2145 5270 2304 5326; x_wconf 87' lang='lat' dir='ltr'><strong>esset</strong></span> <span class='ocrx_word' id='word_1_776' title='bbox 2362 5271 2581 5327; x_wconf 91' lang='lat' dir='ltr'><strong>contra</strong></span> <span class='ocrx_word' id='word_1_777' title='bbox 2633 5266 3047 5327; x_wconf 88' lang='lat' dir='ltr'><strong>reverentiam</strong></span> <span class='ocrx_word' id='word_1_778' title='bbox 3099 5265 3493 5328; x_wconf 85' lang='lat' dir='ltr'><strong>sacramenti.</strong></span> 
     </span>
     <span class='ocr_line' id='line_1_109' title="bbox 1938 5357 3499 5437; baseline 0.001 -19"><span class='ocrx_word' id='word_1_779' title='bbox 1938 5359 2229 5437; x_wconf 86' lang='lat' dir='ltr'><strong>Idemque</strong></span> <span class='ocrx_word' id='word_1_780' title='bbox 2256 5365 2348 5420; x_wconf 85' lang='lat' dir='ltr'><strong>est</strong></span> <span class='ocrx_word' id='word_1_781' title='bbox 2369 5360 2447 5420; x_wconf 89' lang='lat' dir='ltr'><strong>de</strong></span> <span class='ocrx_word' id='word_1_782' title='bbox 2478 5357 2752 5437; x_wconf 89' lang='lat' dir='ltr'><strong>quolibet</strong></span> <span class='ocrx_word' id='word_1_783' title='bbox 2784 5359 2906 5420; x_wconf 90' lang='lat' dir='ltr'><strong>alio</strong></span> <span class='ocrx_word' id='word_1_784' title='bbox 2928 5359 3326 5420; x_wconf 88' lang='lat' dir='ltr'><strong>matrimonio</strong></span> <span class='ocrx_word' id='word_1_785' title='bbox 3354 5377 3499 5420; x_wconf 85' lang='lat' dir='ltr'><strong>con-</strong></span> 
     </span>
     <span class='ocr_line' id='line_1_110' title="bbox 1935 5451 3496 5531; baseline 0.001 -20"><span class='ocrx_word' id='word_1_786' title='bbox 1935 5457 2131 5512; x_wconf 90' lang='lat' dir='ltr'><strong>tracto</strong></span> <span class='ocrx_word' id='word_1_787' title='bbox 2158 5469 2302 5511; x_wconf 88' lang='lat' dir='ltr'><strong>cum</strong></span> <span class='ocrx_word' id='word_1_788' title='bbox 2339 5451 2783 5531; x_wconf 90' lang='lat' dir='ltr'><strong>impedimento</strong></span> <span class='ocrx_word' id='word_1_789' title='bbox 2813 5451 3120 5528; x_wconf 84' lang='lat' dir='ltr'><strong>irritante,</strong></span> <span class='ocrx_word' id='word_1_790' title='bbox 3152 5458 3215 5513; x_wconf 91' lang='lat' dir='ltr'><strong>et</strong></span> <span class='ocrx_word' id='word_1_791' title='bbox 3251 5451 3327 5513; x_wconf 85' lang='lat' dir='ltr'><strong>de</strong></span> <span class='ocrx_word' id='word_1_792' title='bbox 3353 5469 3496 5531; x_wconf 86' lang='lat' dir='ltr'><strong>pro-</strong></span> 
     </span>
    </p>
   </div>
   <div class='ocr_carea' id='block_1_4' title="bbox 1934 5543 3497 5627">
    <p class='ocr_par' dir='ltr' id='par_1_7' title="bbox 1934 5543 3497 5627">
     <span class='ocr_line' id='line_1_111' title="bbox 1934 5543 3497 5627; baseline 0.003 -21"><span class='ocrx_word' id='word_1_793' title='bbox 1934 5543 2198 5608; x_wconf 74' lang='lat' dir='ltr'><strong>fessione</strong></span> <span class='ocrx_word' id='word_1_794' title='bbox 2224 5545 2292 5608; x_wconf 90' lang='lat' dir='ltr'><strong>in</strong></span> <span class='ocrx_word' id='word_1_795' title='bbox 2320 5545 2628 5627; x_wconf 82' lang='lat' dir='ltr'><strong>religione</strong></span> <span class='ocrx_word' id='word_1_796' title='bbox 2652 5544 2840 5624; x_wconf 79' lang='lat' dir='ltr'><strong>facta,</strong></span> <span class='ocrx_word' id='word_1_797' title='bbox 2872 5545 3099 5609; x_wconf 88' lang='lat' dir='ltr'><strong>omissa</strong></span> <span class='ocrx_word' id='word_1_798' title='bbox 3130 5545 3353 5627; x_wconf 78' lang='lat' dir='ltr'><strong>forma,</strong></span> <span class='ocrx_word' id='word_1_799' title='bbox 3387 5561 3497 5611; x_wconf 87' lang='lat' dir='ltr'><strong>seu</strong></span> 
     </span>
    </p>
   </div>
  </div>
 </body>
</html>
