3976 6219
474 480 569 540 lit.
602 476 677 552 G,
715 473 864 535 dum
892 472 1079 548 negat
1106 465 1309 544 legem
1335 466 1704 543 humanam,
1735 486 1873 548 quae
1900 467 2041 528 talis

477 578 588 646 est,
632 566 906 645 obligare
938 563 1006 624 in
1035 561 1429 638 conscientia,
1460 580 1590 623 non
1617 563 1817 623 solum
1854 562 1930 623 de
1956 562 2042 621 ci-

473 664 607 738 vili,
627 660 732 722 sed
755 659 943 720 etiam
967 656 1048 716 de'
1066 654 1469 716 ecclesiastica
1495 661 1704 735 aperte
1727 654 2002 734 loquitur
2011 671 2034 731 3

475 773 625 818 nam
655 754 721 814 in
740 750 983 829 legibus
1008 746 1430 808 ecclesiasticis
1453 749 1629 827 ponit
1650 747 1949 826 exempla,
1979 753 2043 808 et

477 866 693 912 earum
720 841 1210 916 multitudinem,
1241 846 1304 901 et
1342 841 1685 919 rigorosam
1718 840 2042 919 obligatio-

475 962 622 1007 nem
654 948 955 1020 tanquam
993 935 1402 997 neeessariam
1435 937 1514 997 ad
1559 935 1824 997 salutem
1864 942 2042 997 16161-

474 1054 625 1098 nam
656 1033 963 1115 proecipue
999 1028 1420 1109 reprehendit,
1452 1035 1523 1089 ut
1549 1047 1627 1091 ex
1663 1028 1873 1090 661611.
1905 1048 2043 1108 sep-

474 1131 631 1191 timo
662 1130 918 1188 constat.
963 1125 1165 1184 Potest
1192 1126 1405 1183 tamen
1442 1121 1669 1182 habere
1712 1121 1890 1181 illum
1926 1122 2043 1181 du·

476 1222 700 1304 plicem
723 1236 972 1282 sensum
995 1234 1181 1296 supra
1199 1215 1578 1275 declaratum
1598 1215 1665 1274 in
1685 1214 1822 1294 lege
1847 1214 2036 1290 civili,

474 1316 727 1391 scilicet,
757 1312 858 1375 vel
885 1311 1050 1391 quod
1083 1308 1492 1371 ecclesiastica
1518 1326 1645 1368 non
1673 1309 1862 1388 possit
1888 1308 2043 1369 obli-

475 1410 792 1489 gationem
820 1406 1136 1478 inducere,
1168 1403 1273 1464 sed
1309 1408 1553 1464 tantum
1593 1402 1899 1482 explicare
1939 1402 2041 1463 vel

475 1520 818 1584 proponere
864 1499 1037 1561 illam
1082 1516 1217 1577 quae
1269 1516 1345 1559 ex
1389 1497 1705 1577 principiis
1756 1496 2041 1559 revelatis

473 1596 784 1675 colligitur
812 1599 978 1656 certo
1005 1590 1105 1653 vel
1135 1590 1552 1670 probabiliter.
1592 1592 1666 1651 Et
1693 1591 1794 1652 hic
1824 1609 2042 1652 sensus

474 1696 566 1752 est
588 1691 845 1749 omnino
870 1686 1082 1760 falsus,
1112 1683 1309 1744 multo
1342 1683 1541 1763 magis
1567 1683 1636 1743 in
1676 1683 1916 1762 legibus
1943 1701 2043 1745 ec-

474 1782 823 1844 clesiasticis
850 1795 1039 1859 quam
1068 1777 1136 1837 in
1163 1775 1467 1851 civilibuS,
1494 1781 1564 1836 ut
1582 1775 1905 1838 Almainus
1928 1795 2041 1838 no-

474 1875 629 1936 tavit
651 1874 718 1933 in
736 1871 982 1946 Moral.,
995 1869 1262 1949 capitulo
1282 1868 1668 1944 duodecimO,
1686 1875 1748 1930 et
1767 1888 1844 1930 ex
1862 1869 2042 1930 dictis

474 1968 543 2027 in
582 1964 741 2026 libro
775 1963 1074 2044 superiori
1111 1963 1258 2023 satis
1298 1961 1710 2037 convincitur,
1743 1968 1804 2023 et
1831 1962 2043 2023 statim

475 2058 855 2121 ostendetur.
875 2056 1047 2118 Alter
1066 2072 1277 2116 sensus
1297 2072 1425 2115 esse
1447 2059 1671 2134 potest,
1688 2054 1853 2135 quod
1855 2100 1876 2131 ,
1897 2054 2043 2115 licet

472 2153 641 2230 leges
660 2149 1083 2211 ecclesiasticae
1101 2165 1319 2208 revera
1340 2146 1620 2225 obligent
1638 2147 1703 2208 in
1727 2148 2044 2209 conscien-

473 2244 583 2320 tia,
609 2261 736 2304 non
773 2243 1055 2302 dicantur
1087 2239 1361 2318 obligare
1390 2245 1694 2320 quatenus
1724 2239 2045 2302 ecclesias-

471 2338 609 2398 ticae
658 2341 826 2411 sunt,
871 2334 971 2396 vel
1009 2333 1324 2408 humanae,
1384 2333 1490 2394 sed
1542 2339 1847 2413 quatenus
1896 2337 2044 2394 sunt

475 2430 683 2509 aliquo
710 2427 897 2490 modo
928 2426 1156 2488 divinae
1193 2444 1304 2506 per
1342 2427 1775 2488 deductionem
1811 2445 1889 2487 ex
1927 2426 2043 2487 ali-

476 2522 703 2602 quibus
734 2520 1054 2602 principiis
1092 2520 1402 2596 revelatis,
1429 2528 1491 2581 et
1525 2519 1612 2581 sic
1640 2521 1760 2580 erit
1785 2520 2042 2599 quaestio

477 2614 551 2677 de
597 2613 919 2677 vocabu10.
972 2615 1042 2674 In
1086 2632 1210 2692 qua
1250 2613 1437 2675 etiam
1478 2613 1701 2674 modus
1744 2613 2042 2694 loquendi

475 2707 764 2768 Gersonis
807 2704 1159 2785 probandus
1194 2723 1321 2766 non
1364 2712 1478 2781 est,
1523 2710 1596 2767 ut
1638 2723 1716 2765 ex
1757 2706 1935 2767 dictis
1971 2707 2041 2768 in

472 2800 631 2861 libro
664 2800 846 2861 tertio
875 2817 914 2860 a
938 2798 1179 2859 fortiori
1211 2799 1618 2860 convincitur.

553 2896 614 2955 2.
642 2892 953 2957 Conclusio
972 2893 1613 2970 affirmativa.†-Dico
1633 2911 1781 2972 ergo
1801 2894 2035 2973 primo:

472 2986 575 3048 lex
594 2986 910 3063 canonica,
925 3004 1033 3047 seu
1045 2986 1452 3047 ecclesiastica
1469 2985 1744 3065 obligare
1753 2992 2041 3066 potest,et

473 3099 550 3144 ex
567 3099 632 3143 se
651 3079 885 3161 obligat
903 3080 969 3141 in
986 3078 1382 3142 conscientia.
1402 3078 1722 3141 Conclusio
1740 3085 1832 3142 est
1844 3084 2035 3157 certa,

475 3193 663 3255 quam
685 3191 902 3236 omnes
928 3174 1206 3235 doctores
1231 3172 1521 3234 catholici
1554 3174 1797 3248 docent,
1824 3178 1886 3234 et
1913 3172 2040 3234 suf-

477 3268 696 3329 ficiunt
722 3285 910 3347 supra
941 3266 1122 3329 relati
1146 3265 1257 3328 lib.
1300 3268 1359 3341 3,
1391 3284 1524 3346 cap.
1562 3269 1662 3343 17,
1694 3272 1756 3328 et
1781 3267 1848 3326 in
1876 3285 2040 3346 pree-

474 3360 834 3425 cedentibus
857 3359 1182 3440 capitibus.
1208 3361 1366 3421 Nam
1388 3378 1466 3421 ex
1492 3360 1582 3420 ibi
1623 3360 1803 3421 dictis
1830 3359 1907 3422 de
1930 3379 2040 3440 po-

470 3461 689 3517 testate
734 3453 1140 3515 ecclesiastica
1179 3452 1256 3513 ad
1297 3452 1581 3513 ferendas
1624 3452 1812 3531 leges,
1855 3452 2038 3533 plane

473 3547 856 3610 convincitur
877 3546 1008 3606 haec
1033 3545 1282 3606 veritas.
1301 3545 1456 3619 Quia
1482 3546 1534 3605 si
1558 3551 1824 3625 potestas
1845 3546 2038 3609 eccle-

471 3641 713 3702 siastica
754 3658 883 3702 non
922 3644 1124 3719 posset
1167 3638 1608 3717 obligationem
1646 3658 1872 3701 novam
1919 3642 2038 3702 im-

472 3750 724 3814 ponere,
763 3731 869 3793 sed
920 3736 1164 3791 tantum
1212 3731 1489 3792 divinam
1529 3749 1895 3812 proponere,
1934 3733 2037 3795 vel

473 3843 804 3906 exponere,
858 3829 1016 3885 esset
1060 3828 1326 3905 potestas
1374 3824 1745 3888 declarativa
1789 3832 2037 3888 tantum

473 3918 803 3998 superioris
836 3917 1020 3997 juris,
1067 3934 1196 3978 non
1240 3924 1451 3978 tamen
1494 3917 1858 3998 legislativa.
1907 3921 2037 3982 Hoc

473 4013 659 4074 etiam
705 4031 742 4073 a
794 4009 1038 4072 fortiori
1083 4012 1457 4074 convincunt
1510 4013 1723 4075 omnia
1771 4033 1910 4094 quae
1955 4014 2034 4076 de

473 4105 848 4184 obligatione
888 4103 1042 4183 legis
1083 4104 1285 4165 civilis
1312 4104 1600 4168 diximus.
1647 4107 1921 4186 Denique
1957 4126 2037 4169 ex

472 4198 747 4260 dicendis
787 4198 996 4259 statim
1024 4196 1143 4259 1166
1168 4197 1518 4259 evidentius
1545 4197 2031 4262 confirmabitur.

471 4291 642 4353 Circa
658 4290 821 4352 hanc
845 4309 993 4352 vero
1011 4291 1410 4353 assertionem
1430 4292 1679 4352 tractari
1702 4298 1927 4371 posset,
1947 4311 2030 4354 an

469 4384 602 4446 haec
631 4383 923 4463 obligatio
950 4385 1019 4445 in
1059 4384 1436 4446 conscientia
1471 4401 1713 4464 semper
1741 4391 2035 4464 sequatur

471 4495 548 4538 ex
580 4478 754 4539 omni
779 4478 916 4557 lege
938 4477 1365 4553 ecclesiastica,
1391 4477 1634 4538 etiamsi
1651 4478 1910 4556 poenalis
1928 4479 2031 4556 sit,

470 4569 571 4631 vel
595 4569 663 4630 in
701 4571 1181 4650 praesumptione
1208 4569 1520 4630 fundetur.
1559 4570 1679 4632 Sed
1705 4570 1802 4631 hae
1838 4589 2034 4651 (111616-

470 4662 671 4723 116666
698 4668 971 4724 tractatae
998 4669 1142 4724 sunt
1179 4662 1256 4724 (16
1283 4661 1420 4740 1636
1457 4662 1646 4738 civili,
1687 4668 1750 4725 et
1788 4682 1926 4744 quae
1954 4665 2031 4726 de

469 4755 578 4817 illa
628 4756 897 4817 diximus
943 4756 1302 4818 communia
1354 4761 1498 4816 sunt
1546 4756 1670 4835 legi
1713 4757 2028 4835 humanae,

467 4867 591 4929 qua
629 4848 768 4910 talis
813 4855 927 4925 est,
983 4849 1244 4927 ideoque
1283 4848 1495 4909 omnia
1524 4855 1669 4910 sunt
1707 4868 1851 4911 61161
1890 4869 2033 4930 pro-

467 4943 750 5023 portione
791 4940 870 5003 ad
904 4941 1106 5021 legem
1133 4940 1599 5004 ecclesiasticam
1636 4943 2026 5023 applicanda,

467 5044 667 5115 neque
694 5033 929 5115 aliquid
948 5052 1202 5111 novum,
1224 5040 1331 5095 aut
1353 5035 1612 5114 speciale
1636 5037 1901 5097 occurrit
1923 5037 2033 5097 ad-

468 5128 764 5206 dendum,
802 5135 1027 5209 praeter
1065 5146 1142 5190 ea
1166 5145 1305 5209 quae
1330 5127 1495 5190 infra
1522 5128 1601 5191 de
1635 5129 1773 5210 lege
1801 5130 2032 5210 poenali

466 5220 764 5284 dicemus.

549 5315 607 5375 3.
653 5315 917 5379 Proelati
938 5315 1299 5395 reliaionwm
1318 5313 1477 5379 siout
1497 5314 1881 5381 ecclesiastici
1894 5335 2034 5397 pos-

465 5414 609 5472 sunt
636 5411 877 5473 condere
908 5411 1062 5490 loyes
1090 5408 1421 5489 obligantes
1459 5410 1527 5473 in
1553 5412 1933 5475 conscientia.
1951 5444 2035 5459 —

467 5501 586 5565 Sed
619 5502 809 5584 objici
840 5502 1017 5580 solet,
1057 5503 1204 5585 quia
1230 5502 1471 5566 Praelati
1504 5504 1881 5583 religionum
1904 5523 2034 5567 non

1467 380 1583 432 LIB.
1621 381 1701 433 Π.
1740 380 1823 432 DE
1853 378 2015 432 LEGE
2047 377 2335 436 Posl'rIVA
2366 380 2692 436 CANONICA.

2119 477 2372 549 possunt
2392 471 2743 551 praecipere,
2772 468 2894 530 nisi
2919 470 3262 534 secundum
3282 473 3570 552 regulam
3588 492 3694 534 re-

2119 563 2371 642 ligionis
2392 580 2412 641 3
2443 582 2591 643 ergo
2610 581 2725 625 1166
2748 563 2992 624 Praelati
3017 565 3413 627 ecclesiastici
3432 573 3698 646 possunt

2120 655 2449 736 praecipere
2477 655 2734 734 aliquid,
2759 655 2880 716 nisi
2901 658 3242 718 secundum
3263 659 3465 737 legem
3483 659 3696 721 Chris-

2118 750 2207 827 ti;
2241 767 2390 826 ergo
2418 767 2546 810 non
2596 754 2852 828 possunt
2877 767 3070 810 novas
3109 750 3277 829 16366
3319 753 3478 813 ferre
3521 751 3697 811 obli-

2122 848 2339 922 gantes
2365 844 2431 903 in
2460 841 2858 902 conscientia.
2891 842 3320 922 Respondetur
3356 850 3569 905 tamen
3597 843 3695 905 fa-

2121 936 2260 1012 6116,
2305 936 2494 997 etiam
2523 934 2811 996 Praelatos
2854 934 3233 1014 religionum
3282 955 3456 1016 posse
3494 955 3694 999 novas

2117 1029 2284 1109 leges
2307 1029 2568 1091 condere
2609 1027 2952 1106 obligantes
2977 1028 3046 1089 in
3089 1030 3484 1105 conscientia,
3509 1035 3579 1090 ut
3618 1031 3692 1090 in

2119 1123 2368 1203 proprio
2390 1128 2568 1183 tract.
2605 1122 2684 1183 de
2718 1122 2873 1183 Stat.
2897 1121 3095 1200 Relig.
3119 1123 3480 1184 ostenditur.
3512 1123 3692 1184 Unde

2117 1217 2323 1296 potius
2354 1221 2556 1296 potest
2577 1214 2919 1293 retorqueri
2946 1221 3410 1293 argumentum,
3431 1217 3579 1295 quia
3618 1217 3690 1277 in

2119 1307 2236 1370 hoc
2253 1315 2534 1369 servatur
2553 1307 2837 1388 quaedam
2860 1308 3335 1387 proportionalis
3347 1309 3508 1371 ratio
3526 1310 3693 1371 inter

2121 1408 2414 1481 utrosque
2442 1401 2768 1462 Praelatos:
2800 1419 2949 1462 116111
2977 1403 3224 1481 utrique
3253 1407 3509 1481 possunt
3534 1420 3692 1481 pras-

2121 1496 2326 1575 cipere
2352 1512 2491 1574 quae
2514 1499 2658 1555 61161
2676 1501 3090 1557 66666616666
3110 1512 3221 1555 suo
3253 1494 3390 1572 fini,
3416 1502 3478 1557 et
3505 1514 3691 1574 regu-

2119 1589 2197 1649 lae
2241 1587 2358 1648 sibi
2420 1587 2920 1668 proportionatae.
2983 1587 3276 1649 Absolute
3322 1595 3540 1650 tamen
3599 1595 3693 1650 est

2120 1681 2496 1757 differentia,
2521 1681 2669 1760 quia
2685 1680 2930 1742 Praelati
2952 1681 3232 1742 Ecclesiae
3250 1689 3512 1761 possunt
3534 1702 3693 1761 prae-

2121 1777 2325 1855 cipcre
2373 1793 2511 1855 quae
2556 1780 2702 1835 sunt
2751 1778 3166 1835 consentanea
3207 1780 3451 1836 oeternae
3504 1775 3694 1836 saluti

2121 1867 2567 1947 consequendae
2597 1867 2940 1928 secundum
2979 1866 3286 1946 regulam,
3318 1868 3419 1928 vel
3443 1869 3691 1929 institu-

2121 1962 2355 2023 tionem
2385 1979 2424 2021 a
2445 1960 2685 2021 Christo
2712 1959 3027 2035 traditam,
3058 1960 3124 2020 id
3152 1965 3266 2034 est,
3293 1978 3423 2039 quoe
3453 1961 3684 2038 juvent

2123 2054 2540 2117 communiter
2588 2071 2804 2114 6611166
2848 2052 3058 2114 fideles
3097 2052 3177 2113 ad
3217 2052 3415 2131 legem
3456 2052 3681 2113 Christi

2123 2149 2511 2225 servandam,
2541 2165 2680 2227 quae
2708 2147 2895 2208 unica
2915 2153 3009 2209 est
3038 2146 3255 2207 salutis
3286 2146 3410 2207 via.
3438 2146 3689 2207 Praelati

2121 2252 2331 2304 autem
2349 2242 2723 2320 religionum
2741 2245 2994 2320 possunt
3015 2240 3346 2320 praecipere
3383 2258 3522 2318 quae
3545 2258 3693 2301 cou-

2123 2343 2419 2400 sentanea
2442 2341 2588 2397 sunt
2602 2336 2682 2397 ad
2696 2335 3137 2415 perfectionem
3161 2334 3347 2395 etiam
3362 2352 3695 2413 assequen-

2121 2432 2286 2492 dam.
2305 2430 2424 2490 Sed
2437 2429 2586 2508 quia
2600 2428 2812 2489 multae
2831 2434 2975 2489 sunt
2988 2428 3105 2489 viae
3118 2428 3195 2488 ad
3220 2427 3692 2507 perfectionem,

2122 2526 2190 2585 in
2239 2540 2612 2602 unaquaque
2662 2522 2964 2600 religione
3018 2527 3109 2582 est
3152 2526 3421 2601 potestas
3476 2521 3694 2600 praeci-

2126 2616 2336 2697 piendi
2365 2616 2706 2677 secundum
2739 2633 2917 2677 suam
2944 2614 3386 2695 professionem
3420 2620 3483 2675 et
3508 2631 3694 2692 regu-

2124 2710 2274 2785 lam,
2304 2709 2451 2788 quia
2469 2707 2578 2769 illa
2590 2707 2930 2787 jurisdictio
2952 2707 3243 2788 supponit
3266 2706 3691 2768 voluntariam

2125 2804 2568 2885 professionem
2617 2803 2717 2864 cui
2770 2803 3304 2880 accommodatur3
3345 2801 3694 2882 jurisdictio

2123 2903 2333 2959 autem
2375 2896 2783 2958 ecclesiastica
2832 2897 3334 2958 accommodatur
3384 2895 3695 2957 voluntati

2127 2991 2451 3066 CHRISTI,
2488 3008 2527 3049 a
2561 3006 2684 3069 quo
2712 2989 2983 3069 perfecta
3010 2995 3100 3052 est
3130 2997 3263 3051 1661
3293 2988 3599 3050 institutio
3625 2995 3694 3050 et

2127 3083 2424 3165 professio
2453 3082 2803 3144 christianae
2834 3082 3173 3163 religionis,
3198 3100 3381 3163 quam
3403 3081 3693 3162 jurisdic-

2122 3179 2210 3239 tio
2239 3178 2331 3238 illi
2358 3176 2729 3239 conveniens
2749 3196 2820 3238 66
2848 3178 3336 3257 proportionata.

2197 3273 2259 3331 4.
2303 3271 2516 3350 Leqem
2535 3270 2990 3336 ecclesiasticam
3003 3288 3079 3333 ex
3091 3289 3153 3333 se
3161 3271 3428 3348 obliyare
3439 3271 3546 3333 sub
3556 3288 3692 3349 poc:-

2118 3370 2248 3427 cato
2274 3363 2522 3426 mortali
2548 3363 2607 3425 si
2635 3363 2897 3426 absolute
2922 3366 3186 3441 foratw.
3204 3364 3444 3423 —Dico
3473 3382 3692 3439 secun-

2118 3458 2237 3518 do:
2270 3457 2373 3518 lex
2412 3455 2818 3517 ecclesiastica
2846 3474 2925 3517 ex
2962 3474 3048 3532 se,
3080 3474 3189 3517 seu
3215 3473 3293 3517 ex
3322 3474 3548 3534 genere
3575 3474 3691 3515 suo
3721 3454 3735 3469 “

2117 3549 2353 3629 61111361
2382 3548 2496 3609 sub
2524 3553 2701 3610 reatu
2741 3549 3019 3610 mortalis
3059 3548 3277 3628 culpae,
3316 3548 3367 3608 si
3409 3547 3692 3609 absolute

2116 3642 2374 3705 feratur.
2398 3643 2503 3703 Est
2520 3642 2868 3703 communis
2894 3642 3143 3727 assertio
3164 3642 3509 3717 doctorum,
3533 3660 3693 3720 quos

2115 3736 2302 3799 retuli
2334 3735 2635 3814 superiori
2660 3735 2842 3812 libro,
2873 3754 3009 3815 cap.
3045 3738 3121 3798 20
3137 3751 3158 3814 3
3195 3741 3257 3797 et
3283 3735 3583 3811 Almain.‚
3608 3735 3691 3796 de

2117 3832 2343 3891 Potest.
2390 3828 2647 3905 EccleS„
2688 3847 2825 3910 cap.
2868 3831 2976 3907 123
3008 3831 3327 3904 Panorm.,
3372 3846 3506 3907 cap.
3539 3830 3569 3888 1
3607 3828 3692 3889 de

2113 3923 2405 4002 constit„
2429 3940 2495 3983 n.
2537 3924 2577 3984 9
2591 3944 2608 3996 ;
2640 3921 2864 3998 Felin.,
2894 3922 2963 3982 in
3008 3921 3145 4002 cap.
3176 3924 3206 3982 1
3255 3922 3333 3983 de
3374 3919 3687 4000 sponsal„

2112 4035 2179 4078 n.
2226 4020 2302 4078 17
2337 4022 2399 4079 61
2440 4019 2542 4093 19,
2588 4017 2698 4077 11111
2729 4016 2935 4095 plures
2978 4016 3189 4091 refert,
3232 4021 3296 4076 et
3340 4015 3693 4094 specialiter

2114 4110 2325 4172 Glossa
2359 4110 2427 4172 in
2472 4110 2668 4189 capite
2695 4110 3051 4185 Matthoeus,
3084 4108 3163 4170 de
3201 4107 3463 4180 Simon,
3495 4106 3691 4168 verbo

2119 4203 2421 4281 Consulis,
2445 4204 2665 4282 juncto
2697 4208 2889 4279 textu,
2931 4221 3008 4265 ex
3036 4221 3159 4282 quo
3189 4202 3501 4281 colligitur
3531 4219 3690 4280 prae-

2115 4302 2292 4377 cepta
2344 4296 2754 4369 ecclesiastica
2811 4296 2976 4357 circa
3026 4295 3359 4357 simoniam
3409 4293 3690 4372 obligare

2114 4389 2228 4450 sub
2249 4395 2428 4451 reatu
2448 4388 2662 4450 salutis
2685 4397 2930 4451 aeternae
2940 4404 2962 4467 3
2988 4388 3154 4467 quod
3182 4389 3373 4449 etiam
3394 4387 3483 4448 ibi
3508 4392 3689 4447 nota-

2113 4483 2203 4545 vit
2251 4484 2430 4544 Joan.
2479 4482 2557 4544 de
2601 4482 2869 4545 Anania.
2897 4482 3173 4545 *Probari
3226 4488 3438 4543 autem
3486 4486 3694 4559 potaet

2114 4576 2316 4657 primo
2348 4595 2387 4637 a
2415 4576 2656 4637 fortiori
2683 4594 2762 4638 ex
2793 4575 3082 4637 omnibus
3119 4575 3297 4637 dictis
3325 4575 3401 4635 de
3428 4574 3567 4653 lege
3598 4572 3690 4634 61-

2114 4669 2247 4730 vili.
2286 4671 2587 4747 Secundo,
2635 4675 2837 4750 potest
2883 4669 3126 4731 ostendi
3175 4667 3469 4730 omnibus
3515 4667 3692 4728 testi-

2112 4763 2338 4824 moniis
2362 4768 2425 4824 et
2448 4762 2791 4824 rationibus
2819 4762 3044 4842 quibus
3074 4760 3547 4823 ecclesiasticam
3574 4777 3689 4839 po-

2112 4860 2395 4917 testatem
2425 4856 2505 4917 ad
2536 4856 2883 4936 cogendum
2919 4875 3029 4936 per
3054 4856 3245 4933 16366,
3276 4862 3339 4916 61
3364 4872 3476 4934 per
3503 4853 3688 4933 spiri-

2111 4947 2310 5009 tuales
2334 4966 2570 5028 poenaS,
2606 4949 2836 5028 partim
2867 4949 2934 5009 in
2966 4948 3271 5028 principio
3296 4947 3486 5026 hujus
3511 4944 3687 5021 libri,

2110 5041 2338 5120 partim
2364 5042 2435 5102 in
2475 5041 2635 5103 libro
2674 5043 2751 5103 de
2783 5042 3091 5118 06666116,
3133 5041 3379 5121 copiose
3416 5038 3689 5101 ostendi-

2113 5150 2273 5194 mus.
2329 5135 2561 5211 Tertio,
2617 5153 2786 5197 nunc
2843 5134 3160 5196 sufficiunt
3212 5133 3403 5195 verba
3458 5130 3690 5194 Christi

2110 5226 2359 5287 Domini
2398 5228 2544 5288 Luc.
2577 5231 2696 5289 10:
2747 5229 2866 5304 Qui
2897 5246 3002 5291 vos
3048 5229 3223 5291 audit
3259 5244 3353 5289 me
3397 5226 3597 5300 audit,
3628 5229 3688 5287 et

2112 5320 2218 5399 qui
2262 5338 2366 5382 vos
2396 5322 2627 5400 spernit
2670 5341 2760 5384 me
2804 5323 3059 5401 spernit.
3095 5320 3171 5380 Et
3218 5318 3455 5394 similia>
3495 5317 3692 5378 habet

2110 5411 2284 5474 Paul.
2331 5415 2361 5472 1
2409 5413 2489 5473 ad
2531 5414 2798 5476 Thessal.
2833 5416 2895 5490 4,
2940 5413 3048 5475 ubi
3088 5414 3261 5491 prius
3288 5410 3695 5473 commendat

2108 5511 2413 5588 praecepta
2455 5524 2495 5569 a
2536 5524 2603 5571 se
2628 5507 2797 5585 data,
2828 5513 2891 5571 et
2936 5512 3148 5589 postea
3178 5505 3328 5568 dicit
3366 5503 3694 5566 Christum
