3976 6219
999 425 1133 478 GAP.
1168 425 1276 478 ΧΠ.
1311 423 1525 478 m'mm
1555 421 1936 478 IGNORANTIA
1966 421 2249 477 Excnsm·
2279 424 2519 480 POENAH
2549 428 2744 483 LEGIS.

266 548 443 605 nam,
457 525 558 588 vel
574 523 1057 606 prohibitionem
1078 525 1239 604 juris
1260 524 1545 586 humani.
1569 524 1828 587 Eadem·

269 642 391 704 que
413 621 572 683 ratio
600 625 693 681 est
719 618 794 681 de
822 619 1148 681 similibus.
1180 619 1302 680 Nec
1332 619 1514 680 video
1541 618 1830 697 objectio-

268 734 416 777 nem
436 712 697 791 alicujus
719 713 1043 787 momenti,
1078 717 1141 773 et
1168 711 1258 772 ita
1283 711 1461 774 docet
1488 710 1823 773 Panormit.

267 811 337 870 in
364 828 498 889 cap.
521 806 578 870 A
605 809 802 883 nobis,
832 806 908 869 de
937 806 1255 869 Sententia
1285 807 1825 883 excommunicat„

270 907 333 963 et
358 902 541 962 latius
560 900 723 962 Deci.
736 945 755 975 ,
767 899 835 960 in
864 899 1027 960 dicto
1045 918 1180 978 cap.
1200 899 1469 961 secundo
1488 900 1564 960 de
1592 900 1824 975 const„

269 995 410 1056 lect.
466 998 525 1070 1,
561 1011 826 1055 numero
867 992 1106 1054 decimo
1140 993 1348 1068 tertio,
1380 998 1443 1054 et
1483 992 1592 1053 alii
1619 993 1825 1069 multi,

271 1106 424 1168 quos
451 1086 649 1148 Felin.
678 1104 868 1166 supra
893 1085 1103 1147 refert.
1142 1086 1351 1165 Neque
1379 1085 1567 1146 etiam
1590 1089 1831 1164 oportet

271 1181 653 1258 distinguere
684 1178 849 1240 inter
875 1195 1124 1257 poenam
1149 1176 1342 1239 latam
1370 1178 1502 1258 ipso
1533 1178 1695 1239 facto
1721 1196 1831 1258 per

267 1273 495 1351 legem,
529 1270 629 1332 vel
654 1289 764 1351 per
780 1270 1052 1350 judicem
1079 1270 1544 1350 imponendam,
1573 1270 1719 1331 licet
1743 1270 1831 1330 ita

271 1366 659 1443 distinguant
705 1364 872 1424 Bart.
922 1369 985 1424 et
1029 1362 1159 1439 alii,
1210 1368 1397 1443 prout
1435 1362 1624 1424 refert
1663 1361 1832 1424 idem

270 1457 495 1532 Felin.,
535 1456 807 1517 dicentes
847 1473 1097 1536 poenam
1120 1456 1257 1533 lege
1293 1455 1482 1516 latam
1524 1456 1658 1535 ipso
1689 1456 1830 1535 jure

272 1550 552 1612 excusari
582 1568 692 1628 per
718 1549 884 1610 illius
923 1548 1367 1628 ignorantiam,
1411 1566 1538 1609 non
1564 1566 1712 1610 vero
1742 1549 1831 1610 fe-

272 1642 551 1705 rendam.
600 1643 744 1703 Hoec
790 1642 959 1703 enim
1001 1642 1310 1702 distinctio
1352 1658 1467 1702 nec
1498 1640 1666 1719 jure,
1716 1658 1831 1701 nec

270 1737 510 1796 ratione
536 1735 853 1796 fundatur.
882 1735 1171 1796 Rationes
1197 1733 1366 1795 enim
1394 1752 1431 1794 a
1460 1731 1637 1794 nobis
1654 1733 1830 1795 factae

272 1828 640 1908 generaliter
656 1828 1013 1908 procedunt,
1038 1834 1101 1891 et
1125 1827 1390 1908 probant
1407 1844 1657 1906 poenam
1685 1826 1832 1887 sim-

274 1921 513 2001 pliciter
543 1922 758 1998 latam,
789 1921 1148 2002 simpliciter
1174 1921 1365 1983 etiam
1400 1918 1656 1995 incurri,
1705 1937 1834 1980 non

271 2015 551 2076 obstante
592 2015 946 2093 ignorantia
981 2032 1202 2094 poenae,
1243 2014 1391 2093 quia
1416 2011 1547 2074 haec
1572 2029 1702 2073 non
1730 2029 1834 2073 ex-

272 2112 445 2167 cusat
462 2124 712 2167 causam
736 2124 958 2187 pcenae,
977 2107 1143 2168 etita
1169 2125 1295 2168 non
1324 2110 1522 2185 potest
1543 2123 1833 2167 excusare

272 2217 544 2281 poenam,
575 2199 676 2260 vel
711 2218 909 2279 poenae
934 2206 1197 2261 reatum.

356 2296 454 2354 13.
499 2293 781 2355 Secunda
808 2311 951 2372 pars
978 2294 1330 2355 assertionis
1355 2293 1555 2374 posita
1576 2299 1667 2355 est
1693 2311 1834 2374 pro-

274 2393 412 2469 pter
437 2386 737 2465 quasdam
754 2385 922 2464 leges
926 2430 945 2460 ,
965 2404 1105 2464 quae
1129 2404 1410 2466 expresse
1436 2386 1672 2447 addunt
1697 2404 1833 2448 ver-

273 2481 425 2541 bum
453 2480 724 2555 scienter,
742 2484 851 2540 aut
864 2480 1345 2557 proesumpsm‘t,
1360 2484 1471 2541 aut
1489 2480 1594 2560 qui
1624 2485 1837 2543 temere

276 2573 382 2635 hoc
406 2573 640 2648 fecerit,
670 2571 770 2632 vel
797 2570 966 2631 aliud
994 2572 1389 2650 aequivalens,
1429 2572 1594 2651 quod
1621 2571 1832 2632 dolum

276 2664 557 2743 requirit,
593 2669 664 2724 ιιι
699 2664 937 2742 juristae
967 2663 1326 2742 loquuntur.
1370 2665 1456 2725 De
1495 2663 1720 2742 quibus
1746 2664 1834 2724 le-

275 2754 456 2834 gibus
483 2756 641 2815 dixit
662 2756 871 2817 Glossa
897 2756 1081 2817 citata
1108 2774 1241 2835 cap.
1275 2756 1389 2816 ult.
1422 2755 1499 2816 de
1525 2754 1696 2817 Offic.
1729 2755 1835 2816 de-

274 2847 486 2925 legati,
516 2848 690 2909 verb.
720 2847 1016 2923 Scientes,
1042 2866 1169 2908 non
1201 2848 1478 2910 obstante
1497 2847 1607 2909 tali
1634 2847 1836 2909 forma

275 2940 451 3019 legis,
476 2940 789 3001 incurrere
811 2958 1064 3019 poenam
1077 2941 1234 3019 ejus,
1255 2941 1362 3019 qui
1388 2958 1465 3001 ex
1485 2940 1837 3019 ignorantia

279 3051 485 3094 crassa
510 3032 684 3093 illam
711 3032 922 3093 violat.
951 3032 1119 3092 Idem
1135 3037 1307 3093 tenet
1319 3032 1511 3094 Gloss.
1538 3033 1607 3092 in
1634 3051 1769 3113 cap.
1801 3036 1830 3093 1

278 3127 355 3188 de
380 3125 795 3204 Consanguin.
828 3131 890 3186 et
910 3124 1158 3201 affluit„
1175 3125 1345 3187 verb.
1374 3125 1838 3205 &iente-,quas

279 3222 472 3282 secuti
499 3225 645 3280 sunt
676 3218 881 3295 multi,
908 3210 1062 3296 quos
1102 3218 1290 3279 refert
1329 3218 1536 3297 Tiraq.
1574 3219 1642 3278 in
1674 3219 1838 3279 dicto

280 3319 456 3374 tract.
495 3313 571 3373 de
599 3311 803 3372 Poenis
829 3311 1266 3390 temperandis,
1296 3329 1480 3372 causa
1509 3314 1610 3387 13,
1637 3330 1702 3371 ιι.
1734 3313 1834 3372 22.

281 3404 647 3466 Fundantur
686 3403 754 3464 in
781 3403 945 3463 dicta
970 3402 1015 3462 l.
1050 3407 1109 3480 1,
1141 3402 1208 3464 ff.
1241 3403 1306 3464 Si
1341 3422 1589 3465 mensor
1612 3402 1840 3465 falsum

280 3499 537 3559 modum
565 3495 811 3572 dixerit,
847 3514 986 3576 quae
1016 3495 1186 3572 dicit,
1228 3496 1648 3574 ignorantiam
1681 3514 1841 3558 cras-

200 3623 226 3640 ·
279 3609 412 3652 sam
463 3589 831 3670 aequiparari
890 3587 1031 3651 dolo
1045 3605 1067 3667 3
1125 3594 1186 3650 et
1236 3590 1396 3650 ratio
1437 3608 1568 3651 esse
1617 3594 1837 3669 potest,

280 3685 427 3766 quia
451 3702 578 3746 non
601 3689 854 3746 excusat
875 3684 1121 3764 culpam
1142 3700 1395 3763 gravem
1413 3690 1629 3745 contra
1648 3683 1842 3746 talem

283 3778 509 3860 legem.
645 3837 652 3844 .

361 3873 460 3932 14.
507 3870 626 3933 Sed
666 3867 1072 3931 nihilominus
1118 3868 1371 3931 assertio
1423 3868 1624 3949 posita
1678 3874 1843 3931 certa

280 3971 371 4026 est
395 4012 409 4039 ,
458 3970 521 4026 et
561 3982 674 4044 pro
721 3963 982 4025 materia
1031 3961 1107 4024 de
1149 3962 1421 4023 censuris
1475 3962 1838 4038 necessaria,

280 4076 467 4138 quam
517 4057 606 4119 ibi
664 4061 1011 4136 sequuntur
1069 4053 1483 4118 communiter
1525 4053 1803 4117 doctores
1825 4103 1839 4130 ‚

278 4152 622 4231 praesertim
656 4149 874 4229 cajet„
904 4146 1078 4209 verb.
1112 4148 1699 4224 Eoeoommwnicatio,
1729 4167 1843 4210 ex-

280 4242 562 4325 plicando
589 4243 718 4304 fere
758 4239 1034 4320 singulas
1061 4240 1750 4317 excommunicationes,
1783 4247 1845 4303 et

279 4339 501 4400 Navar.
534 4335 830 4411 inSum.,
855 4352 988 4414 cap.
1025 4336 1104 4395 27
1123 4350 1147 4413 3
1194 4338 1256 4394 et
1287 4332 1418 4395 dixi
1443 4332 1566 4396 late
1600 4335 1670 4395 in
1699 4340 1746 4396 t.
1779 4336 1840 4411 5,

281 4429 436 4510 disp.
465 4431 528 4506 4,
565 4434 713 4490 sect.
742 4429 803 4505 3,
838 4446 877 4489 a
912 4445 1088 4489 num.
1125 4429 1188 4503 9,
1218 4432 1282 4488 et
1307 4427 1582 4507 sequitur
1606 4428 1841 4507 Tiraq.,

281 4542 466 4603 supra
484 4541 549 4583 n.
576 4523 656 4582 23
680 4527 742 4583 et
757 4526 1036 4601 sequent.
1045 4519 1399 4597 ,referendo
1413 4520 1641 4600 plureS.
1663 4521 1843 4582 Ratio

280 4624 488 4679 autem
520 4621 633 4693 est,
663 4615 810 4696 quia
828 4633 1052 4696 poenae,
1097 4621 1168 4676 ut
1207 4615 1275 4675 in
1296 4615 1439 4694 jure
1478 4613 1725 4691 dicitur,
1754 4615 1844 4678 le-

283 4711 525 4773 niendae
558 4715 704 4771 sunt
729 4708 934 4789 potius
967 4725 1157 4788 quam
1196 4706 1662 4788 exaggerandoe,
1702 4726 1838 4788 cap.

282 4804 510 4880 Poenoe,
541 4803 617 4864 de
644 4802 896 4878 Posuit„
939 4800 1082 4862 dist.
1134 4804 1194 4875 1,
1224 4806 1286 4861 et
1322 4801 1366 4861 l.
1399 4801 1628 4876 Peme,
1660 4799 1725 4863 ff.
1766 4800 1843 4862 de

281 4897 485 4957 Poenis
511 4919 530 4972 3
560 4896 667 4957 sed
690 4894 937 4975 quando
958 4894 1060 4956 lex
1077 4893 1250 4956 addit
1276 4893 1427 4955 talia
1442 4892 1654 4970 verba,
1684 4893 1844 4973 ipsa-

281 4994 412 5051 met
438 4988 794 5051 moderatur
810 5005 1081 5067 poenam,
1103 5005 1217 5049 nec
1237 4986 1370 5049 vult
1388 4985 1562 5048 illam
1586 4986 1842 5064 incurri,

282 5082 401 5143 nisi
452 5080 701 5161 quando
745 5084 1064 5160 peccatum
1107 5077 1297 5140 habet
1348 5078 1539 5140 talem
1584 5078 1845 5139 circum-

281 5175 613 5249 stantiam3
660 5190 806 5252 ergo
852 5189 981 5232 non
1026 5176 1117 5233 est
1156 5171 1565 5247 extendenda,
1609 5176 1680 5231 ut
1711 5171 1846 5234 sine

280 5268 390 5329 illa
416 5265 879 5328 circumstantia
902 5264 1275 5325 incurratur.
1303 5265 1379 5325 Et
1419 5263 1841 5342 confirmatur,

282 5360 430 5438 quia
460 5358 647 5438 paulo
676 5356 956 5437 superius
992 5356 1143 5433 dixi,
1175 5357 1457 5437 quamvis
1492 5357 1846 5436 ignorantia

281 5470 409 5513 non
438 5457 685 5514 excuset
712 5448 961 5529 culpam
986 5447 1336 5527 mortalem,
1361 5449 1414 5510 si
1441 5454 1689 5511 excuset
1715 5467 1848 5510 mo-

281 5546 456 5626 dum,
472 5551 585 5610 aut
603 5543 1150 5622 circumstantiam,
1177 5547 1288 5608 aut
1304 5542 1573 5627 speciem
1585 5542 1844 5624 peccati,

1907 543 2097 604 quam
2145 525 2247 589 lex
2287 528 2556 610 respicit,
2605 532 2752 592 satis
2796 548 2925 593 esse
2954 538 3026 593 ut
3067 541 3312 596 excuset
3336 555 3473 618 poe-

1906 636 2078 695 nam,
2110 621 2257 700 quia
2300 641 2515 685 revera
2542 623 2702 685 tollit
2724 643 2971 686 causam
2996 625 3129 705 ejus
3155 649 3173 702 ;
3208 627 3297 689 ita
3326 647 3472 691 vero

1909 716 2003 772 est
2033 712 2102 771 in
2136 716 2426 792 praesenti
2453 732 2469 777 ε
2500 734 2648 776 nam
2679 734 2930 796 peccare
2980 736 3056 778 ex
3083 724 3250 781 certa
3278 722 3471 783 scien-

1910 802 2000 865 tia
2044 811 2137 866 est
2185 806 2647 869 circumstantia
2685 826 2822 888 quae
2862 809 3132 872 multum
3176 822 3473 892 aggravat

1908 897 2156 977 culpam
2183 904 2246 959 et
2265 899 2585 979 injuriam,
2609 919 2798 980 quam
2819 903 3188 980 gravitatem
3224 907 3472 986 respicit

1908 988 2033 1066 lex,
2068 990 2317 1070 quando
2362 992 2589 1053 similia
2635 993 2824 1055 verba
2871 995 3076 1071 addit3
3122 997 3474 1077 ignorantia

1910 1088 2141 1161 autem,
2172 1083 2317 1146 licet
2340 1085 2419 1146 sit
2454 1104 2676 1163 crassa,
2714 1093 2963 1149 excusat
2984 1088 3159 1150 illam
3196 1092 3471 1169 gravita-

1909 1181 2063 1251 tem,
2102 1180 2230 1238 esto
2265 1195 2392 1238 non
2425 1183 2671 1240 excuset
2696 1179 2940 1258 culpam
2969 1182 3296 1243 mortalem
3323 1199 3345 1261 3
3377 1202 3472 1245 er-

1910 1286 1991 1347 go
2018 1268 2084 1329 id
2105 1269 2253 1330 satis
2280 1276 2374 1331 est
2388 1276 2459 1332 ut
2480 1277 2727 1333 excuset
2737 1289 2987 1351 poenam
3008 1273 3150 1335 talis
3177 1274 3351 1354 legis.

1993 1364 2093 1423 15.
2137 1361 2339 1442 Atque
2382 1363 2470 1424 ita
2500 1369 2670 1443 patet
2696 1365 3012 1443 responsio
3047 1365 3128 1426 ad
3168 1368 3471 1430 rationem

1911 1454 1979 1515 in
2011 1455 2411 1517 contrarium.
2434 1456 2614 1531 Nam,
2643 1455 2787 1518 licet
2804 1457 2946 1518 talis
2970 1458 3326 1536 ignorantia
3344 1479 3471 1522 non

1910 1554 2155 1611 excuset
2181 1548 2527 1611 absolutam
2554 1549 2922 1628 gravitatem
2939 1552 3198 1631 peccati,
3224 1566 3475 1615 excusat

1909 1640 2319 1702 nihilominus
2360 1642 2439 1702 ab
2484 1642 2591 1704 illo
2635 1643 2821 1705 modo
2866 1644 3184 1723 gravitatis
3215 1648 3470 1726 peccati,

1911 1733 2045 1795 sine
2065 1750 2188 1813 quo
2215 1733 2419 1795 noluit
2443 1734 2545 1797 lex
2567 1742 2886 1815 peccatum
2910 1737 3159 1817 punire,
3190 1743 3263 1798 ut
3288 1738 3476 1800 verba

1913 1825 2077 1887 dicta
2124 1825 2497 1905 significant.
2542 1827 2637 1889 Ad
2684 1829 2912 1890 dictam
2953 1835 3164 1890 autem
3201 1830 3307 1890 1.1
3347 1849 3476 1893 res·

1910 1919 2217 1999 pondetur
2242 1919 2572 1999 spectando
2593 1939 2727 1983 rem
2749 1922 2971 2001 ipsam,
2996 1922 3088 1983 et
3069 1940 3138 1982 111
3163 1923 3477 1984 conscien-

1911 2010 2023 2084 tia,
2063 2016 2126 2071 et
2166 2012 2367 2090 quoad
2412 2013 2781 2120 gravitatem
2812 2014 3032 2093 culpae,
3080 2013 3317 2075 solam
3300 2033 3477 2120 igno-

1911 2103 2182 2164 rantiam
2209 2102 2555 2166 affectatam
2589 2106 2960 2185 aequiparari
2999 2106 3290 2183 scientiae,
3329 2107 3478 2187 quia

1913 2197 2043 2257 sola
2054 2197 2161 2257 illa
2177 2196 2596 2260 voluntarium
2610 2199 2911 2262 directum
2924 2200 3208 2276 includit,
3230 2206 3301 2262 ut
3318 2200 3477 2264 bene

1911 2290 2152 2351 notavit
2177 2290 2340 2351 Glos.
2369 2310 2446 2352 ex
2467 2297 2644 2353 textu
2666 2292 2810 2353 satis
2835 2309 3120 2371 expresso
3146 2293 3214 2353 in
3235 2311 3289 2354 c.
3319 2295 3474 2372 Eos,

1912 2382 1988 2443 de
2021 2381 2303 2462 Tempor.
2336 2383 2567 2460 ordin„
2592 2385 2661 2445 in
2689 2387 2749 2446 6.
2792 2384 2954 2458 Quin
2981 2385 3183 2464 potius
3209 2403 3337 2446 non
3374 2386 3479 2448 de·

1911 2474 2188 2550 fuerunt,
2218 2476 2326 2554 qui
2369 2475 2662 2551 dixerint,
2709 2477 2897 2537 etiam
2936 2477 3354 2555 ignorantiam
3390 2480 3482 2540 af-

1911 2567 2203 2629 fectatam
2229 2568 2510 2631 sufficere
2537 2570 2613 2630 ad
2646 2569 3062 2631 excusandam
3080 2573 3148 2630 in
3167 2570 3356 2631 simili
3380 2590 3480 2634 ca-

1912 2677 1985 2719 su
2012 2678 2259 2738 poenam
2276 2661 2454 2740 legis,
2481 2662 2627 2741 quia
2639 2668 2731 2722 est
2755 2662 2963 2723 minor
2984 2680 3171 2742 quam
3201 2664 3478 2740 scientia,

1912 2759 2281 2831 argumento
2324 2771 2455 2832 cap.
2499 2752 2650 2817 Cum
2678 2755 2987 2830 inhibitio,
3017 2755 3054 2834 ξ,
3088 2758 3117 2814 1
3161 2756 3236 2816 de
3263 2755 3477 2818 Claud.

1913 2845 2226 2925 despons.,
2256 2844 2382 2905 ibi:
2423 2847 2501 2912 N
2497 2863 2571 2907 on
2602 2851 2866 2925 expertes
2910 2848 3198 2923 soientioe,
3227 2849 3318 2910 vel
3349 2851 3482 2911 sal-

1918 2943 2032 3001 tem
2055 2941 2435 3019 affectatores
2455 2939 2840 3018 iquorantioe.
2861 2938 3032 3012 Quod
3054 2939 3247 3000 sensit
3266 2939 3483 3002 Crotus

1916 3030 1985 3090 in
2040 3048 2175 3109 cap.
2243 3031 2323 3093 Ut
2364 3032 2732 3106 animarum,
2771 3032 2845 3093 de
2886 3033 3121 3106 Const.,
3168 3034 3236 3093 in
3267 3035 3328 3095 6.
3362 3034 3481 3095 Sed

1916 3141 2133 3185 revera
2175 3123 2529 3202 ignorantia
2562 3122 2848 3185 affectata
2874 3124 2943 3184 in
2975 3126 3115 3203 jure
3141 3127 3483 3205 aequipara-

1916 3221 2021 3276 tur
2045 3215 2337 3289 scientim,
2363 3215 2510 3295 quia
2534 3220 2596 3276 et
2616 3215 2840 3277 sufficit
2866 3216 2946 3277 ad
2964 3216 3262 3278 directam
3282 3218 3485 3280 inten-

1918 3310 2178 3385 tionem,
2229 3309 2665 3386 temeritatem,
2706 3316 2767 3371 et
2794 3312 3338 3392 praesumptionem
3369 3330 3385 3374 z
3421 3320 3486 3374 et

1917 3401 2180 3462 includit
2226 3401 2548 3463 scientiam
2590 3401 2810 3464 saltem
2848 3403 3109 3482 periculi
3137 3416 3200 3465 et
3240 3404 3482 3467 dubita-

1919 3494 2131 3570 tionis„
2162 3499 2225 3556 et
2251 3495 2366 3555 hac
2389 3494 2630 3556 ratione
2657 3495 3113 3574 quodammodo
3138 3496 3339 3559 videri
3377 3516 3484 3578 po-

1917 3592 2041 3650 test
2065 3587 2271 3667 potius
2292 3604 2520 3666 augere
2555 3587 2804 3668 culpam
2836 3605 3025 3668 quam
3058 3588 3365 3664 minuere,
3413 3595 3486 3650 ut

1920 3681 1986 3741 in
2014 3684 2043 3740 1
2059 3725 2074 3741 .
2105 3682 2144 3740 2
2161 3678 2346 3741 latius
2375 3678 2658 3742 traditur.
2692 3680 2934 3741 Seclusa
2961 3698 3111 3759 ergo
3133 3682 3487 3760 ignorantia

1920 3774 2228 3850 affectata,
2278 3773 2399 3835 alia
2430 3792 2630 3836 crassa
2667 3779 2729 3836 et
2776 3773 3097 3853 negligens
3131 3791 3259 3835 non
3297 3775 3488 3854 aequi·

1921 3872 2175 3947 paratur
2206 3866 2493 3929 scientiae.
2547 3867 2659 3928 Illa
2696 3885 2844 3928 vero
2874 3867 2977 3929 lex
3017 3871 3047 3928 1
3086 3867 3487 3947 intelligenda

1924 3965 2017 4021 est
2039 3959 2114 4020 de
2141 3958 2621 4039 aequiparatione
2643 3977 2772 4019 non
2792 3958 2861 4019 in
2894 3959 3097 4039 culpa,
3139 3960 3240 4021 vel
3274 3977 3484 4041 poena,

1923 4052 2032 4114 sed
2079 4053 2146 4112 in
2189 4051 2566 4131 obligatione
2602 4051 2683 4112 ad
2725 4052 3142 4132 reparandum
3183 4052 3485 4113 damnum

1922 4144 2070 4207 inde
2101 4145 2537 4207 subsecutum:
2585 4160 2735 4205 nam
2777 4144 2888 4224 qui
2930 4144 3340 4223 negligenter,
3387 4143 3488 4206 vel

1923 4238 2285 4317 ignoranter
2319 4255 2515 4299 crasse
2550 4243 2793 4299 exercet
2823 4235 3237 4297 ministerium
3276 4255 3482 4315 suum,

1924 4338 2171 4394 tenetur
2202 4333 2521 4394 restituere
2552 4331 2784 4392 damna
2829 4335 3059 4407 secuta,
3108 4348 3239 4391 non
3278 4331 3487 4392 minus

1923 4444 2114 4506 quam
2141 4426 2196 4487 si
2222 4431 2391 4487 certa
2429 4424 2685 4487 scientia
2721 4422 2983 4485 fecisset.
3021 4423 3193 4497 Quod
3214 4423 3303 4485 ita
3328 4424 3487 4487 bene

1923 4519 2222 4599 explicuit
2263 4518 2386 4579 alia
2412 4517 2626 4580 Glossa
2645 4516 2715 4577 in
2735 4515 2780 4576 l.
2812 4515 2897 4578 In
2927 4516 3283 4589 actionibus,
3308 4517 3482 4579 verb.

1922 4613 2070 4679 Non
2091 4613 2294 4688 etiam,
2338 4611 2407 4673 ff.
2455 4612 2532 4672 de
2563 4611 2635 4672 In
2668 4610 2845 4672 litem
2878 4609 3172 4688 jurando.
3231 4611 3489 4673 Possunt

1923 4706 2112 4768 etiam
2153 4705 2517 4786 aequiparari
2551 4705 2620 4766 in
2641 4721 2828 4785 poena
2846 4703 3133 4783 imposita
3158 4703 3292 4783 ipso
3317 4704 3482 4784 jure,

1922 4799 2170 4878 quando
2190 4799 2292 4861 lex
2328 4816 2456 4861 non
2481 4798 2653 4860 addit
2676 4797 3046 4879 particulam
3075 4796 3357 4874 wimer,
3387 4798 3488 4860 vel

1923 4892 2175 4970 similes,
2217 4892 2325 4954 sed
2361 4891 2720 4973 simpliciter
2747 4890 2929 4972 punit
2961 4896 3483 4970 transgressores3

1924 4990 1990 5047 at
2007 5004 2154 5048 vero
2167 4986 2412 5066 quando
2439 4985 2608 5047 addit
2625 4983 2994 5065 particulam
3011 4983 3286 5057 scienter,
3313 4982 3486 5043 nullo

1923 5079 2108 5141 modo
2133 5080 2615 5160 aequiparantur,
2645 5094 2759 5138 nec
2783 5073 3119 5137 incurritur
3140 5073 3278 5135 talis
3302 5092 3488 5154 poena

1925 5179 2174 5253 propter
2198 5178 2406 5234 actum
2434 5190 2512 5234 ex
2532 5169 2887 5251 ignorantia
2913 5186 3111 5230 crassa
3136 5167 3394 5245 factum,
3415 5174 3488 5231 ut

1925 5265 2161 5327 dictum
2186 5270 2297 5327 est.

2009 5359 2108 5418 16.
2151 5358 2201 5420 I
2193 5356 2518 5437 morantia
2562 5371 2850 5419 ommam
2878 5356 3182 5433 peccatum
3210 5353 3483 5431 mortale,

1927 5455 2170 5514 excusat
2191 5467 2231 5513 a
2253 5466 2433 5530 poma
2454 5447 2635 5528 qravi
2648 5446 2822 5526 leyis.
2847 5477 2930 5491 —
2946 5444 3153 5506 Tertia
3180 5450 3242 5507 et
3268 5445 3488 5506 ultima

1927 5541 2144 5624 regula
2189 5547 2316 5605 est:
2366 5538 2720 5623 ignorantia
2763 5555 2902 5621 quse
2948 5543 3197 5602 excusat
3242 5537 3485 5619 culpam
