3976 6219
540 381 657 441 370
1534 379 1651 431 Lm.
1688 377 1770 432 IV.
1807 377 1888 430 DE
1920 375 2082 429 LEGE
2112 375 2400 430 Posrrlva
2431 377 2758 430 CANONICA.

539 477 886 544 absolutam
905 474 1343 555 obligationem
1357 493 1470 555 per
1489 475 1820 546 Ecclesiam
1834 473 2099 554 imponi,
2173 474 2355 551 teria,
2387 475 2637 554 quando
2665 473 2918 554 quidem
2938 476 3202 552 utraque
3227 472 3297 533 in
3318 474 3602 536 materia
3641 490 3795 533 om-
3894 473 3895 482 ’

540 579 611 634 111
638 577 728 634 est
745 575 1038 650 perpetua
1064 570 1327 644 castitaS,
1351 574 1412 629 et
1431 569 1680 629 similia.
1707 569 1785 628 Et
1801 567 1959 627 ratio
1982 571 2098 640 est,

539 666 687 744 quia
708 664 810 724 lex
828 662 1144 735 canonica,
1168 661 1313 721 licet
1334 678 1373 720 a
1401 661 1613 721 divina
1634 665 1934 739 potestate
1967 676 2102 737 spe-

539 756 775 817 cialiter
811 754 1161 829 descendat,
1190 753 1552 832 simpliciter
1583 753 1859 813 humana
1895 756 2011 826 est,
2042 756 2104 812 et

538 848 686 910 ferri
736 846 918 909 debet
956 847 1141 907 modo
1185 845 1542 907 hominibus
1593 844 2058 906 accommodato
2079 885 2099 919 ‚

539 945 603 1003 et
653 939 793 1000 ideo
847 956 975 1000 esse
1008 939 1195 999 etiam
1227 938 1409 999 debct
1446 937 1720 999 moribus
1772 936 2102 998 hominum

538 1030 1024 1105 accommodata,
1062 1037 1122 1091 et
1164 1029 1481 1092 moraliter
1511 1029 1814 1109 possibilis
1838 1034 1900 1090 et
1931 1027 2103 1088 utilis

539 1125 952 1200 multitudini,
984 1125 1141 1186 sicut
1184 1125 1260 1185 de
1307 1123 1443 1204 lege
1493 1125 1563 1186 in
1605 1123 1946 1198 communi,
1975 1122 2102 1183 dic-

539 1226 674 1281 tum
715 1223 827 1280 est.
859 1217 997 1278 Dixi
1026 1223 1235 1280 autem
1277 1216 1555 1278 absolute
1583 1216 1939 1297 proecipere,
1964 1220 2101 1276 tum

411 1316 426 1333 ⁸
539 1313 686 1391 quia
713 1329 841 1371 non
872 1307 1171 1386 absolute,
1202 1310 1310 1371 sed
1354 1309 1470 1370 sub
1515 1309 1725 1389 aliqua
1746 1308 1912 1387 justa
1955 1325 2099 1368 con-

540 1405 775 1466 ditione
826 1407 1026 1482 potest
1078 1403 1348 1465 Ecclesia
1408 1402 1722 1464 interdum
1771 1401 2101 1482 praecipere

541 1515 730 1577 opera
757 1495 1036 1557 consilii:
1065 1495 1150 1556 sic
1172 1496 1341 1557 enim
1359 1495 1624 1575 imponit
1651 1494 1886 1556 clericis
1911 1494 1978 1553 in
2006 1512 2100 1554 sa·

538 1591 657 1650 cris
676 1588 1102 1651 necessitatem
1124 1588 1418 1650 castitatis
1438 1587 1776 1661 servandae,
1798 1586 1946 1666 quia
1970 1603 2100 1646 non

538 1680 922 1761 simpliciter,
960 1680 1065 1741 sed
1087 1680 1201 1740 sub
1228 1680 1457 1760 praevia
1489 1679 1842 1741 conditione
1878 1676 2100 1739 volun-

536 1775 697 1835 taria
722 1773 876 1833 illud
909 1790 1066 1831 onus
1101 1772 1389 1851 imponit,
1432 1771 1685 1845 scilicet,
1730 1771 1783 1832 si
1808 1769 2005 1831 velint
2030 1769 2098 1830 in

536 1866 645 1926 illo
691 1865 905 1925 ordine
941 1864 1252 1939 constitui,
1298 1863 1463 1942 quod
1508 1863 1631 1922 illis
1677 1860 2105 1922 voluntarium·

536 1963 663 2034 est3
699 1964 833 2018 tum
857 1957 1047 2018 etiam
1086 1957 1256 2035 quia,
1295 1955 1442 2017 licet
1466 1954 1747 2016 absolute
1788 1973 1915 2015 non
1942 1972 2098 2033 prae-

535 2051 723 2129 cipiat
762 2067 949 2129 opera
983 2048 1140 2109 dura
1167 2055 1230 2110 et
1255 2066 1486 2128 asperae
1523 2047 1925 2128 poenitentiae,
1957 2065 2101 2126 sup-

533 2142 732 2222 posito
767 2141 990 2203 delicto
1011 2146 1213 2220 potest
1249 2140 1357 2201 illa
1395 2142 1728 2220 praecipere
1770 2140 1838 2200 in
1865 2139 2100 2200 vindic-

533 2241 662 2296 tam
713 2234 849 2313 ejus
879 2239 942 2294 et
990 2232 1455 2294 correctionem.
1496 2234 1581 2293 De
1624 2231 1843 2311 regula
1887 2236 2100 2292 autem

533 2327 836 2389 servanda
867 2327 933 2386 in
981 2326 1334 2388 definienda
1376 2326 1494 2387 hac
1530 2325 1813 2401 materia,
1849 2325 2099 2404 quando

533 2420 806 2495 excedat,
863 2419 965 2480 vel
1017 2436 1145 2479 non
1197 2417 1455 2481 excedat
1502 2418 1731 2479 limites
1778 2418 2100 2497 potestatis

531 2512 834 2588 Ecclesiae,
860 2510 1022 2572 nihil
1062 2511 1333 2572 occurrit
1360 2510 1712 2571 addendum
1734 2510 1831 2570 his
1859 2528 1998 2588 quae
2021 2510 2098 2570 de

531 2605 669 2684 lege
694 2604 862 2665 civili
887 2603 1039 2678 dixi,
1068 2603 1174 2663 sed
1200 2602 1491 2682 prudenti
1519 2601 1774 2662 arbitrio
1803 2619 1956 2679 opus
1979 2605 2095 2676 est,

534 2696 698 2776 quod
718 2695 990 2756 maxime
1013 2692 1604 2756 accommodandum
1627 2698 1720 2752 est
1741 2693 1881 2752 usui
1898 2693 2098 2753 Eccle-

534 2791 664 2863 siae,
697 2793 761 2848 et
782 2786 1004 2847 morali
1029 2785 1375 2848 necessitati
1402 2784 1544 2844 talis
1565 2784 1862 2860 materiae,
1887 2784 1986 2845 vel
2013 2784 2099 2846 18-

536 2882 632 2962 gis
658 2881 726 2941 in
756 2879 975 2940 ordine
998 2879 1078 2941 ad
1118 2894 1513 2939 communem
1550 2877 1811 2939 salutem
1858 2878 2099 2939 anima·

535 2993 705 3050 rum,
734 2974 801 3034 in
824 2990 947 3053 quo
971 2972 1160 3035 etiam
1182 2971 1663 3034 considerandus
1698 2976 1790 3032 est
1810 2989 2101 3050 persona-

533 3085 678 3131 rum
724 3073 918 3129 status
960 3083 1073 3146 pro
1107 3064 1332 3147 quibus
1369 3064 1538 3146 leges
1563 3063 1868 3142 feruntur,
1907 3071 1980 3126 ut
2006 3063 2097 3125 illi

535 3162 724 3223 etiam
749 3160 1313 3224 accommodentur.

616 3256 676 3316 3.
726 3254 961 3329 Quarta
984 3252 1406 3316 convenientia.
1427 3284 1507 3298 —
1526 3251 1780 3326 Quarto,
1811 3251 2098 3313 similiter

535 3348 824 3410 convenit
843 3347 946 3408 lex
958 3346 1255 3408 canonica
1275 3362 1418 3405 cum
1441 3344 1630 3420 civili,
1649 3344 1796 3422 quia
1816 3362 1943 3406 non
1957 3362 2098 3424 pro-

533 3441 708 3502 hibet
734 3437 1011 3499 absolute
1034 3438 1246 3499 omnia
1262 3437 1417 3497 vitia
1438 3441 1500 3496 et
1529 3441 1803 3514 peccata.
1822 3436 1965 3496 Dico
1988 3454 2096 3497 au-

532 3540 662 3594 tem
675 3549 803 3592 non
814 3528 1139 3610 prohibere
1151 3528 1365 3590 omnia
1376 3526 1627 3606 speciali
1640 3526 1978 3603 coactione,
1988 3536 2100 3590 aut

536 3641 818 3697 censura,
844 3622 953 3682 illa
976 3621 1245 3697 utendo;
1278 3636 1427 3680 nam
1466 3617 1746 3679 absolute
1769 3620 1940 3699 cupit
1966 3639 2098 3682 om-

532 3718 641 3778 nia
668 3713 912 3789 evitari,
941 3718 1004 3774 et
1028 3730 1141 3792 per
1183 3710 1555 3785 doctrinan),
1592 3715 1656 3771 et
1686 3712 2094 3774 monitionem

533 3809 599 3869 id
628 3810 942 3887 procurat,
983 3803 1375 3884 pertinetque
1401 3802 1672 3864 maxime
1695 3801 1826 3863 haec
1847 3821 1995 3865 cura
2016 3804 2096 3866 ad

531 3899 822 3962 Ecclesiae
858 3902 1152 3977 pastores.
1197 3896 1280 3957 At
1314 3904 1426 3975 per
1449 3896 1578 3956 vim
1607 3895 1968 3974 coactivam,
1994 3898 2094 3959 vel

533 3992 943 4072 legislativam
991 4008 1119 4051 non
1154 3988 1367 4051 omnia
1390 3987 1698 4068 prohihet,
1745 3989 1896 4070 quia
1935 3996 2095 4052 esset

532 4086 722 4148 nimis
750 4101 1082 4146 onerosum
1111 4082 1406 4143 humanm
1431 4081 1779 4160 fragilitati,
1803 4088 1876 4144 e't.
1892 4085 2095 4162 potius

532 4183 689 4241 esset
707 4178 776 4238 in
797 4175 1276 4238 destructionem
1299 4191 1488 4255 quam
1506 4174 1575 4233 in
1594 4172 2092 4253 aedificationem,

531 4270 679 4351 quia
700 4269 939 4347 majora
965 4266 1131 4329 mala
1151 4271 1556 4345 sequerentur
1576 4284 1654 4326 ex
1672 4267 2091 4347 prohibitione

530 4362 684 4423 adeo
712 4359 1004 4440 generali,
1039 4372 1229 4439 quam·
1251 4376 1329 4419 ex
1356 4358 1565 4437 aliqua
1591 4358 1934 4421 tolerantia.
1968 4361 2086 4424 Re-

530 4453 681 4532 gula
707 4470 855 4531 ergo
880 4451 1082 4533 posita
1116 4450 1485 4530 generaliter
1521 4469 1561 4511 a
1604 4451 1676 4512 D.
1711 4451 1972 4528 Thema,
2020 4455 2085 4515 d.

530 4551 749 4626 quaest.
781 4547 885 4623 95,
916 4549 1035 4606 art.
1072 4544 1135 4619 2,
1165 4548 1231 4605 et
1254 4556 1440 4621 supra
1467 4542 1776 4604 declarata
1813 4546 2091 4625 speciali-

526 4647 626 4702 ter
644 4639 712 4700 in
734 4638 974 4717 legibus
990 4633 1294 4711 civilibus,
1314 4653 1456 4697 cum
1477 4637 1874 4716 proportione
1897 4639 2089 4720 appli-

530 4726 729 4794 canda
751 4737 845 4793 est
878 4731 956 4791 ad
981 4730 1149 4808 leges
1180 4728 1543 4807 canonicas;
1571 4730 1888 4808 prohibuit
1918 4734 2088 4793 enim

526 4826 679 4888 vitia
710 4841 849 4904 quae
884 4822 1170 4902 graviora
1208 4826 1373 4897 sunt,
1404 4822 1506 4883 vel
1543 4840 1681 4901 quae
1727 4823 2090 4885 scandalum

527 4925 590 4981 et
615 4921 1063 4980 nocumentum
1079 4914 1397 4996 spirituale
1415 4913 1551 4975 aliis
1572 4914 1789 4978 afferre
1808 4922 2082 4996 possunt:

527 5012 650 5074 alia
676 5030 824 5074 vero
852 5011 1098 5072 minora
1135 5009 1381 5084 tolerat,
1411 5026 1520 5070 seu
1547 5009 1914 5086 dissimulat,
1940 5028 2089 5072 cum

526 5104 949 5166 moderatione
1011 5108 1222 5164 autem
1274 5106 1337 5164 et
1389 5101 1574 5162 modo
1622 5101 1833 5163 statim
1861 5105 2087 5185 expli-

526 5198 745 5259 cando.

608 5292 668 5352 4.
713 5291 805 5350 Ex
846 5289 945 5351 his
971 5289 1166 5368 igitur
1199 5288 1397 5351 oritur
1439 5288 1599 5350 ratio
1643 5286 1968 5355 dubitandi
2017 5290 2089 5353 in

523 5382 816 5464 praesenti
849 5388 1077 5460 puncto
1087 5398 1109 5460 3
1151 5382 1349 5443 videri
1388 5381 1556 5443 enim
1596 5388 1799 5462 potest
1837 5384 2083 5445 nullum

526 5495 655 5540 esse
682 5474 1012 5537 discrimen
1056 5474 1221 5537 inter
1244 5474 1359 5536 has
1383 5474 1549 5554 leges
1584 5476 1652 5536 in
1704 5493 1922 5539 earum
1952 5494 2085 5539 ma·-

2177 566 2355 628 nium
2383 567 2687 629 virtutum
2730 571 2793 627 et
2836 565 3132 625 vitiorum
3159 571 3462 629 versatur.
3510 565 3792 627 Accedit

2177 676 2306 719 non
2332 658 2532 721 videri
2566 657 2979 721 necessarium
3020 662 3090 717 ut
3118 662 3383 736 potestas
3435 658 3669 720 civilis
3729 663 3791 716 et

2177 752 2605 827 ecclesiastica,
2634 752 2781 813 licet
2811 750 3118 812 distinctae
3159 751 3308 828 sint,
3368 752 3437 812 in
3496 752 3791 812 materia

2179 846 2470 907 distincta
2494 850 2848 926 versentur3
2894 861 3055 924 saepe
3098 843 3269 906 enim
3310 845 3649 921 contingit
3692 843 3789 903 fa-

2178 938 2464 1013 88118188,
2483 937 2582 999 vel
2597 938 2858 998 virtutes
2876 936 3147 997 diversas
3173 937 3243 998 in
3267 937 3497 998 eadem
3530 937 3786 996 versari

2179 1030 2294 1092 sub
2325 1031 2568 1093 diversa
2602 1030 2845 1091 ratione
2848 1069 2868 1105 ,-
2905 1034 2977 1089 ut
3008 1035 3178 1109 patet
3207 1030 3285 1089 de
3328 1029 3680 1090 intellectu
3724 1035 3785 1088 et

2179 1121 2520 1198 voluntate,
2550 1128 2614 1184 81
2637 1122 3053 1202 temperantia
3078 1121 3376 1201 aequisita
3403 1128 3471 1182 et
3507 1120 3778 1181 iniuffl:

2177 1216 2265 1277 sic
2307 1234 2455 1295 ergo
2502 1221 2770 1296 potestas
2810 1215 3010 1277 civilis
3051 1219 3115 1276 et
3149 1214 3579 1276 ecclesiastiea
3608 1221 3781 1293 pote·

2175 1316 2326 1370 runt
2352 1309 2582 1372 habere
2617 1309 2947 1372 materiam
2972 1325 3370 1369 communem
3405 1307 3537 1368 suh
3567 1307 3775 1368 diver·

2177 1402 2259 1462 sis
2298 1402 2667 1478 rationibus,
2710 1401 3058 1464 ordinando
3097 1399 3231 1460 illas
3273 1399 3355 1460 ad
3410 1417 3570 1460 suos
3619 1399 3770 1460 fines

2177 1494 2468 1556 diversos.
2509 1495 2785 1574 Denique
2832 1494 2950 1554 hoc
3010 1492 3256 1554 videtur
3295 1491 3578 1553 suadere
3627 1509 3769 1553 usus

2177 1588 2331 1668 ipse,
2366 1605 2516 1649 nam
2540 1588 2710 1666 leges
2736 1586 2949 1649 civiles
2977 1591 3039 1647 et
3080 1585 3398 1647 canonicas
3429 1592 3766 1647 versantur

2178 1681 2340 1742 circa
2370 1680 2789 1755 matrimonia,
2813 1681 3196 1758 juramenta,
3222 1694 3478 1752 usuraS,
3509 1684 3580 1738 et
3602 1676 3762 1737 simi·

2177 1773 2264 1835 lia
2290 1795 2306 1834 z
2340 1778 2423 1852 et,
2453 1773 2623 1853 quod
2644 1773 2957 1834 difficilius
2979 1771 3249 1846 videtur,
3284 1770 3356 1831 in
3382 1770 3542 1831 God.
3575 1771 3759 1831 susti-

2177 1866 2353 1928 niani
2389 1865 2701 1929 habentur
2721 1865 2890 1944 leges
2910 1865 2987 1926 de
3014 1862 3354 1943 EpiscopiS,
3380 1862 3471 1923 de
3499 1861 3750 1934 clericis,

2177 1957 2520 2034 monachis,
2552 1959 2631 2040 de
2658 1957 2962 2032 Ecclesiis,
2997 1974 3138 2035 quae
3166 1960 3315 2016 sunt
3353 1955 3623 2016 matariae
3668 1956 3745 2015 111

2175 2050 2400 2130 quibus
2427 2051 2700 2112 maxime
2728 2054 2987 2130 possunt
3011 2048 3180 2127 leges
3200 2048 3505 2109 canonice
3526 2066 3564 2108 a
3585 2047 3737 2107 civi-

2176 2141 2340 2204 libus
2371 2143 2691 2222 distingui.
2722 2142 2894 2204 Adde
2923 2141 3088 2222 ipsos
3114 2157 3384 2202 canones
3429 2139 3744 2218 disponent

2176 2233 2346 2313 leges
2399 2235 2608 2297 civiles
2652 2233 2990 2314 aliquando
3016 2251 3190 2314 posse
3229 2233 3472 2294 habere
3516 2233 3643 2293 vim
3684 2232 3752 2291 in

2176 2327 2313 2388 foro
2343 2326 2650 2404 Ecclesiae,
2677 2346 2735 2388 e.
2774 2326 3041 2401 Cortum,
3066 2343 3208 2386 cum
3234 2324 3398 2399 aliis,
3434 2324 3503 2386 d.
3557 2326 3657 2398 10,
3697 2341 3749 2383 c.

2176 2423 2208 2480 1
2253 2421 2330 2481 de
2354 2420 2508 2481 Novi
2527 2439 2628 2500 op.
2654 2420 2926 2481 nuntiat.

2256 2516 2318 2576 5.
2363 2515 2433 2574 In
2460 2514 2848 2575 contrarium
2880 2516 3091 2575 autem
3118 2516 3227 2586 est,
3263 2510 3414 2590 quia
3458 2528 3756 2589 111180118-

2174 2624 2294 2686 que
2322 2607 2600 2685 potentia
2621 2605 2803 2667 debet
2843 2604 3074 2667 habere
3096 2603 3429 2665 materiam
3458 2602 3591 2663 sibi
3623 2621 3755 2682 pro-

2173 2699 2615 2780 portionatam,
2637 2700 2908 2761 maxime
2927 2697 3175 2778 quando
3193 2702 3339 2757 sunt
3357 2696 3752 2758 diversorum

2174 2791 2467 2854 ordinum
2497 2808 2514 2853 ε
2545 2792 2928 2853 ostendimus
2953 2795 3166 2851 autem
3194 2794 3573 2868 potestatem
3612 2790 3755 2850 civi-

2174 2883 2298 2945 lem
2316 2889 2379 2944 et
2406 2884 2879 2946 ecclesiasticam
2899 2883 3017 2943 hoc
3039 2881 3227 2943 modo
3250 2900 3382 2943 esse
3401 2882 3748 2957 distinctas,

2173 2976 2322 3056 quia
2343 2995 2471 3038 una
2493 2982 2585 3038 est
2608 2974 2941 3057 spiritualis
2964 2981 3026 3037 et
3042 2973 3243 3035 divini
3261 2975 3507 3035 ordinis
3518 2992 3539 3052 ;
3560 2976 3753 3036 altera

2175 3069 2513 3132 materialis
2558 3075 2622 3131 et
2659 3068 2957 3131 naturalis
2990 3084 3007 3129 z
3054 3085 3204 3146 ergo
3253 3085 3514 3130 necesse
3556 3074 3654 3129 est
3688 3074 3751 3128 ut

2173 3164 2447 3226 habeant
2464 3164 2756 3224 materias
2769 3160 3213 3242 proportionali
3236 3161 3423 3222 modo
3446 3161 3747 3222 diversas.

2172 3256 2426 3329 Deinde,
2450 3256 2597 3335 quia
2621 3254 2702 3318 ad
2721 3254 2877 3315 fines
2914 3253 3232 3314 distinctos
3266 3253 3520 3315 diversa
3546 3255 3749 3315 media

2175 3348 2541 3410 ordinantur
2568 3354 2630 3408 et
2656 3346 3222 3421 accommodantur,
3253 3364 3396 3425 que
3418 3346 3636 3407 media
3659 3365 3748 3407 so—

2175 3440 2307 3502 lent
2339 3457 2469 3502 esse
2508 3440 2779 3502 materiae
2808 3439 3017 3518 legum
3045 3459 3061 3499 :
3097 3438 3267 3516 leges
3294 3443 3514 3498 autem
3542 3438 3745 3499 civiles

2174 3537 2238 3594 et
2279 3532 2591 3593 canonicas
2633 3531 2868 3593 habent
2903 3529 3060 3592 fines
3099 3530 3287 3610 longe
3330 3530 3641 3605 diversos,
3680 3537 3745 3590 ut

2173 3624 2558 3686 ostendimus
2598 3642 2616 3686 2
2659 3641 2808 3704 ergo
2850 3624 3080 3699 media,
3113 3640 3264 3701 ergo
3308 3627 3373 3684 et
3422 3623 3739 3685 materias.

2173 3717 2345 3789 Quod
2369 3735 2410 3778 a
2431 3716 2676 3778 fortiori
2709 3713 2992 3795 exemplo
3020 3714 3318 3777 declarari
3338 3720 3571 3794 potest,
3598 3716 3744 3795 quia

2170 3810 2339 3872 intra
2383 3809 2782 3871 latitudinem
2830 3809 3042 3888 legum
3093 3808 3529 3889 temporalium
3556 3811 3744 3888 juxta

2171 3903 2444 3965 diversos
2464 3901 2621 3964 fines
2647 3901 3121 3981 distinguuntur
3147 3903 3336 3963 etiam
3350 3902 3619 3963 1118181118
3639 3902 3743 3961 di-

2171 4015 2491 4060 versarum
2517 3997 2755 4075 legum,
2784 4000 2849 4057 et
2889 3995 2978 4057 ita
3016 3994 3408 4076 distinguitur
3436 3993 3541 4073 ins
3563 3994 3735 4055 mili-

2173 4095 2303 4153 tare
2346 4109 2387 4151 a
2419 4090 2562 4169 jure
2609 4088 2861 4168 proprio
2915 4088 3203 4163 civitatis,
3248 4094 3322 4149 ut
3367 4085 3743 4166 significavit

2170 4182 2383 4243 Isidor.
2417 4185 2455 4244 5
2474 4179 2773 4260 Etymol„
2804 4197 2941 4259 cap.
2973 4182 3050 4257 73
3078 4178 3343 4242 habetur
3359 4180 3430 4240 in
3455 4197 3599 4258 cap.
3617 4180 3745 4242 ΙΝ·

2170 4275 2463 4351 militaro,
2492 4273 2556 4334 d.
2589 4276 2649 4350 1,
2687 4278 2752 4335 et
2786 4271 3055 4334 sumitur
3097 4290 3174 4334 ex
3213 4272 3402 4333 Arist.
3448 4275 3487 4332 7
3534 4273 3738 4347 Ρο111.,

2170 4385 2223 4429 c.
2254 4368 2295 4428 8
2313 4373 2375 4429 et
2404 4368 2477 4445 93
2503 4372 2566 4427 81
2587 4365 2743 4427 Plat.
2773 4364 2820 4428 1.
2846 4367 2887 4426 2
2909 4364 2987 4426 de
3008 4364 3276 4444 Repub„
3301 4370 3365 4426 et
3394 4362 3541 4426 8de
3568 4366 3738 4444 Leg.;

2168 4459 2255 4520 ita
2290 4477 2441 4538 ergo
2466 4478 2506 4520 a
2547 4458 2791 4519 fortiori
2837 4457 2905 4518 in
2930 4456 3241 4537 praesenti.
3278 4456 3570 4536 Denique
3602 4476 3743 4519 con·

2168 4557 2290 4612 stat
2308 4551 2448 4612 illas
2473 4550 2642 4630 leges
2663 4549 2877 4613 civiles
2898 4549 3102 4611 nullas
3129 4567 3284 4626 esse,
3313 4567 3456 4629 quae
3478 4550 3744 4612 mittunt

2168 4643 2389 4705 falcem
2416 4643 2485 4704 in
2510 4652 2774 4706 messem
2801 4643 3095 4719 alienam,
3120 4642 3286 4703 utin
3317 4642 3744 4721 saperionbm

2169 4737 2546 4798 ostendendo
2585 4736 3002 4799 differentiam
3036 4735 3362 4817 utriusque
3413 4737 3743 4815 potestatis

2170 4829 2661 4892 demonstratum
2688 4835 2800 4892 est.

2249 4923 2308 4983 6.
2342 4923 2427 4985 In
2447 4923 2664 5002 quibus
2691 4923 2990 5005 differant
3012 4922 3109 4984 law
3135 4920 3421 4984 canoniea
3449 4924 3508 4981 et
3537 4920 3743 4982 civilis

2170 5031 2243 5078 σω
2270 5020 2449 5095 parto
2486 5016 2780 5078 matu-ior.
2819 5042 2903 5062 —-
2934 5015 3130 5093 Igitur
3155 5011 3486 5074 dicendum
3519 5019 3624 5073 est
3641 5014 3743 5090 jus

2168 5107 2536 5169 canonicum
2575 5113 2638 5169 et
2658 5106 2836 5169 civile
2857 5107 2927 5168 in
2942 5105 3160 5167 multis
3185 5104 3433 5167 differre
3460 5122 3544 5166 ex
3563 5110 3743 5185 parte

2167 5202 2462 5265 1118181181.
2519 5202 2727 5264 Primo
2770 5203 3043 5282 quidem,
3086 5219 3160 5263 ac
3202 5200 3539 5280 pmcipue,
3570 5198 3742 5280 quod

2165 5295 2426 5355 materia
2453 5294 2611 5373 legis
2635 5293 2833 5356 civilis
2872 5292 3230 5374 temporalis
3261 5298 3376 5369 est,
3414 5293 3740 5354 canonice

2164 5400 2377 5449 autem
2398 5387 2754 5467 spiritualis.
2783 5389 2875 5449 lta
2893 5388 3173 5450 sentiunt
3200 5387 3629 5448 communiter
3644 5404 3739 5446 ca-

2164 5480 2424 5542 nonistoe
2451 5480 2519 5541 in
2537 5479 2991 5561 cap.Ecolesia,
3007 5479 3086 5542 de
3112 5478 3398 5558 Constit.3
3411 5485 3477 5541 et
3490 5477 3736 5561 legista}
