3976 6219
779 373 912 426 GAP.
949 375 1052 426 vll.
1089 374 1302 426 mmm
1333 375 1429 425 SIT
1465 376 1545 426 DE
1574 373 1847 426 RATIONE
1877 372 2056 427 LEGIS
2090 372 2167 424 ΟΒ
2200 373 2494 427 commum:
2526 375 2733 428 nomm
2765 377 2963 428 FERRI.
3395 379 3472 438 33

280 470 540 548 alicujus
566 479 747 534 certae
769 493 1044 553 personae
1066 477 1467 536 constitutum
1493 476 1692 553 :quod
1714 476 1836 535 11151
1915 476 2004 534 113
2035 475 2216 535 debet
2250 495 2376 536 esse
2416 477 2766 555 aliquorum
2808 480 3125 557 proprium
3152 486 3222 540 ut
3261 480 3328 539 in
3368 482 3474 542 bo-

281 560 503 623 habeat
555 568 853 643 majorem
900 568 1373 647 amplitudinem
1423 574 1484 629 et
1537 569 1836 645 majorem

279 655 692 734 durationem,
727 679 853 719 non
883 666 974 720 est
1000 662 1245 739 proprie
1272 661 1395 735 lex,
1426 666 1497 719 31
1520 662 1715 738 capite
1737 680 1837 719 su-

282 748 509 825 periori
539 750 779 810 dictum
802 758 912 812 est.

365 844 462 900 11.
507 843 582 900 Et
608 842 754 902 binc
774 849 942 921 patet
973 844 1121 921 quid
1146 844 1479 903 dicendum
1511 844 1591 902 sit
1610 844 1684 902 de
1716 844 1840 922 pri-

281 931 531 1010 vilegio,
556 934 633 993 de
658 953 779 1013 quo
807 936 996 994 etiam
1022 935 1190 1014 loqui
1209 936 1451 995 videtur
1470 936 1632 994 dicta
1668 936 1767 995 lex
1806 939 1832 995 1

282 1023 349 1082 ff.
392 1025 467 1085 de
501 1026 703 1086 Const.
738 1027 932 1104 princ.
975 1027 1321 1105 Respondet
1365 1027 1556 1105 igitur
1604 1026 1849 1109 Glossa,

282 1114 349 1172 in
376 1114 438 1173 d.
470 1134 522 1175 c.
556 1118 708 1178 Erit
737 1124 930 1180 autem
961 1120 1074 1193 lese,
1107 1138 1217 1196 per
1244 1119 1402 1178 113110
1427 1118 1844 1178 conditionem

283 1206 579 1284 distingui
606 1207 809 1285 legem
829 1229 865 1269 a
896 1211 1242 1289 privilegi0.
1274 1210 1470 1282 Quam
1505 1211 1845 1289 responsio-

282 1316 428 1358 nem
456 1301 679 1360 acriter
703 1304 1028 1380 impugnat
1053 1305 1286 1377 Castro,
1326 1321 1530 1380 supra,
1580 1304 1725 1381 quia
1767 1321 1845 1363 ex

284 1389 389 1448 illa
415 1392 657 1469 (inquit)
703 1394 980 1471 sequitur
1021 1393 1226 1471 legem
1263 1394 1454 1453 latam
1502 1413 1539 1453 a
1565 1394 1845 1474 principe

285 1481 361 1543 de
390 1489 686 1562 perpetuo
712 1484 945 1545 tributo
959 1486 1074 1545 51111
1092 1486 1383 1546 solvendo
1397 1486 1656 1545 insnum
1679 1503 1850 1545 com-

286 1575 566 1649 modum,
599 1576 920 1636 dicendam
966 1595 1094 1637 esse
1134 1577 1552 1656 privilegium.
1587 1578 1705 1638 Sed
1732 1577 1850 1636 1100

287 1685 417 1726 11011
470 1668 735 1728 multum
762 1675 945 1747 urget
976 1676 1189 1730 contra
1214 1670 1523 1730 Glossam:
1561 1671 1709 1748 quia
1752 1670 1852 1729 vel

289 1758 412 1820 tale
454 1760 755 1821 tributum
800 1767 957 1822 esset
1007 1763 1244 1839 justum
1286 1763 1383 1822 vel
1408 1764 1748 1839 injustum:
1800 1763 1852 1821 si

284 1852 550 1929 justum,
593 1853 779 1912 etiam
807 1853 907 1912 lex
936 1859 1091 1913 esset
1123 1855 1309 1930 justa,
1341 1859 1403 1913 et
1431 1855 1573 1913 11031
1606 1860 1761 1913 35531
1787 1855 1854 1913 111

291 1945 690 2003 commodum
722 1945 1040 2022 principiS,
1093 1945 1494 2003 nihilominus
1532 1951 1685 2004 esset
1721 1962 1857 2021 pro-

288 2041 426 2112 pter
448 2053 778 2096 commune
803 2036 1037 2096 bonum
1064 2053 1083 2111 3
1105 2042 1240 2095 tum
1265 2037 1410 2113 quia
1437 2035 1671 2094 bonum
1692 2036 1859 2112 prin-

288 2127 463 2206 cipiS,
495 2134 800 2204 quatenus
842 2128 983 2187 talis
1013 2133 1130 2200 est,
1179 2133 1458 2187 censetur
1505 2145 1857 2201 commune,

288 2221 584 2297 cumipse
638 2220 718 2279 sit
762 2238 1025 2297 persona
1070 2219 1315 2297 publica
1360 2226 1421 2279 et
1461 2221 1806 2280 communis
1836 2241 1854 2293 3

287 2317 424 2371 tum
449 2312 635 2371 etiam
654 2312 800 2388 quia
822 2313 1060 2388 justum
1080 2310 1423 2370 subsidium
1446 2312 1661 2370 datum
1689 2312 1856 2388 prin-

290 2405 411 2483 cipi
444 2423 481 2464 a
530 2404 846 2482 republica
884 2422 1211 2464 commune
1260 2404 1495 2463 bonum
1539 2412 1630 2464 est
1667 2404 1855 2463 totius

291 2497 665 2576 reipublicae.
696 2498 759 2557 Si
796 2503 1004 2557 autem
1031 2498 1335 2557 tributum
1368 2503 1526 2556 35531
1552 2497 1855 2574 injustum

293 2596 353 2650 et
379 2590 801 2668 tyrannicum,
831 2595 980 2648 tunc
1009 2607 1135 2648 non
1165 2594 1322 2648 esset
1365 2588 1489 2663 lex,
1535 2589 1641 2648 sed
1670 2588 1856 2648 113113-

291 2688 384 2742 131
412 2701 474 2742 53
510 2682 587 2741 ad
631 2682 885 2741 modum
913 2681 1223 2759 privilegii
1258 2680 1457 2757 iniqui
1502 2686 1563 2740 et
1614 2680 1850 2758 injusti.

292 2774 412 2834 Nec
437 2774 684 2835 videtur
704 2773 812 2833 illa
837 2773 1147 2851 responsio
1174 2772 1396 2832 Glossae
1423 2771 1625 2831 aliena
1653 2790 1690 2831 3
1718 2789 1857 2831 sen-

290 2865 484 2925 tentia
517 2865 867 2940 ‘CiceroniS,
913 2864 1023 2925 lib.
1064 2865 1101 2924 3
1142 2864 1218 2924 de
1258 2864 1495 2941 Legib.,
1550 2863 1853 2924 dicentis:

287 2957 563 3035 Majores
589 2959 784 3019 nostri
813 2958 880 3017 in
896 2957 1180 3034 privatas
1208 2974 1492 3034 personas
1523 2957 1675 3034 leyes
1696 2957 1855 3030 ferri

282 3049 628 3123 noluerunt,
653 3050 722 3109 id
743 3053 831 3111 est
859 3049 1014 3109 enim
1037 3048 1452 3127 privileqium.

376 3143 476 3200 12.
521 3142 929 3219 Privileyium
949 3160 1071 3203 esse
1091 3158 1291 3203 veram
1317 3142 1522 3218 leqem.
1548 3173 1631 3185 —
1661 3138 1853 3198 Nihil·

279 3233 540 3293 ominus
556 3238 766 3293 tamen
787 3233 1069 3294 existimo
1093 3233 1275 3293 istam
1289 3231 1703 3292 conditionem
1725 3248 1853 3291 non

274 3343 421 3387 esse
450 3325 714 3403 positam
750 3324 829 3384 ab
864 3325 1092 3384 Isidoro
1129 3324 1207 3385 ad
1248 3323 1700 3384 excludendum
1728 3323 1855 3400 pri-

271 3417 590 3494 vilegium
627 3435 665 3476 a
703 3418 943 3476 ratione
992 3416 1191 3493 legis:
1249 3421 1387 3475 tum
1443 3414 1590 3493 quia
1637 3414 1852 3474 eadem

269 3507 524 3584 Glossa,
547 3510 614 3569 in
643 3527 776 3587 cap.
811 3509 1183 3587 Privileqia,
1226 3508 1286 3569 d.
1328 3509 1387 3581 3,
1432 3507 1581 3566 dicit
1606 3505 1853 3584 privile-

265 3603 466 3681 gium
496 3618 623 3662 esse
658 3600 883 3678 legem,
915 3605 977 3660 et
1014 3599 1082 3659 in
1119 3599 1225 3660 illo
1246 3599 1508 3679 requirit
1530 3598 1681 3658 alias
1708 3615 1852 3657 con-

264 3693 556 3754 ditiones
584 3692 811 3770 positas
846 3691 924 3751 ab
969 3691 1200 3751 Isidoro
1243 3692 1309 3751 in
1345 3692 1466 3751 alio
1510 3708 1645 3769 cap.
1697 3691 1852 3751 Erit

262 3791 492 3848 autem
518 3784 650 3846 lem:
677 3789 816 3843 tum
865 3783 1054 3843 etiam
1089 3783 1237 3861 quia
1277 3782 1386 3842 illa
1427 3781 1726 3861 particula
1758 3781 1850 3841 di-

256 3883 450 3939 recte
480 3876 731 3955 ponitur
757 3874 835 3934 ad
850 3874 1262 3935 excludendas
1287 3875 1452 3952 leges
1469 3874 1842 3953 tyrannicas,

214 3970 379 4046 ‚vel
432 3985 574 4047 quae
620 3986 748 4028 non
802 3967 1029 4027 cedunt
1086 3968 1154 4025 in
1195 3984 1521 4027 commune
1569 3966 1804 4026 bonum
1825 4010 1845 4040 ,

255 4059 535 4123 etiamsi
557 4057 810 4120 fortasse
832 4077 947 4119 1130
969 4058 1049 4119 ad
1075 4060 1385 4137 privatum
1408 4058 1761 4136 respiciant,
1790 4062 1853 4116 et

252 4156 358 4215 ita
384 4170 646 4214 11303553
675 4158 766 4211 351
800 4170 911 4230 per
946 4151 1120 4210 illam
1160 4150 1576 4210 conditionem
1609 4147 1852 4208 excludi

249 4262 511 4327 pravas
536 4243 725 4322 leges,
747 4245 860 4304 etsi
879 4242 1205 4323 privilegia
1238 4260 1366 4301 non
1401 4243 1553 4300 sint:
1585 4245 1724 4299 tum
1747 4239 1852 4299 de-

249 4340 480 4418 nique
525 4338 672 4415 quia
713 4336 871 4396 forte
904 4353 1148 4396 necesse
1174 4354 1301 4395 non
1319 4334 1440 4394 fuit
1458 4332 1852 4412 privilegium

248 4429 641 4502 excludere,
666 4428 742 4489 de
766 4445 888 4506 quo
916 4427 1120 4487 dicam
1151 4427 1314 4487 infra
1345 4443 1456 4485 suo
1485 4425 1640 4485 1000.
1678 4425 1853 4483 Nunc

246 4523 490 4585 solum
530 4538 756 4594 assero,
804 4538 881 4580 ex
931 4525 1105 4598 parte
1153 4519 1302 4579 boni
1341 4517 1688 4578 communis
1722 4533 1852 4576 non

241 4630 640 4695 repugnare
660 4611 812 4691 quin
835 4612 914 4672 sit
930 4611 1055 4685 lex,
1086 4612 1234 4690 quia
1255 4611 1397 4671 licet
1419 4610 1699 4688 proxima
1720 4610 1852 4686 ejus

241 4707 554 4771 materia
590 4704 673 4765 sit
719 4702 979 4783 speciale
1016 4703 1252 4762 bonum
1288 4703 1545 4779 alicujus
1575 4701 1849 4775 familiae,

237 4799 357 4863 vel
395 4799 667 4870 domus,
710 4795 809 4854 vel
852 4794 1204 4872 aliquarum
1247 4811 1650 4873 personarum
1689 4808 1854 4870 (pro-

239 4900 406 4977 pter
446 4889 633 4971 quod
669 4887 925 4947 fortasse
958 4887 1199 4965 privata
1230 4887 1332 4947 lex
1359 4885 1735 4965 appellatum
1762 4889 1855 4944 est

239 4988 334 5049 ab
381 4983 667 5055 Isidore,
702 4980 771 5039 in
800 4978 860 5039 (1.
902 4997 954 5038 0.
990 4979 1418 5062 Priviteqium)
1453 4977 1856 5038 nihilominus

236 5074 636 5142 formaliter
671 5071 860 5131 etiam
888 5069 1069 5129 debet
1105 5071 1401 5148 respicere
1426 5069 1661 5130 bonum
1693 5085 1857 5128 com·

238 5188 494 5243 mune,
531 5170 910 5243 argumento
931 5182 1064 5242 cap.
1091 5164 1473 5243 Requiritur,
1514 5169 1574 5223 et
1619 5162 1656 5241 ἓ
1702 5163 1858 5226 Nisi

239 5268 470 5344 rigor,
525 5263 600 5318 et
645 5274 780 5334 cap.
821 5256 1332 5333 Dispensationes,
1363 5258 1420 5329 ⁴,
1462 5258 1677 5331 quaest.
1710 5255 1770 5326 7,
1798 5258 1859 5312 31

242 5376 399 5436 quae
432 5349 652 5413 tradit
675 5350 745 5407 D.
770 5347 1058 5419 ThomaS,
1085 5350 1138 5405 1.
1162 5348 1224 5419 2,
1253 5364 1313 5423 q.
1345 5349 1449 5418 97,
1476 5350 1593 5402 311.
1612 5347 1674 5417 4,
1705 5344 1781 5402 ad
1800 5347 1853 5403 1.

240 5452 422 5513 Nam
455 5439 640 5507 illud
667 5439 902 5499 bonum
926 5456 1036 5517 per
1062 5437 1455 5516 privilegium
1483 5451 1858 5502 concessum,

697 5555 765 5602 V.

1917 586 2070 627 num
2098 587 2424 628 commune
2455 570 2786 645 redundet,
2824 572 3005 630 modo
3051 573 3330 649 superius
3371 574 3475 634 de-

1918 657 2171 718 clarato.
2209 659 2295 718 Ac
2323 666 2618 736 praeterea
2653 661 2785 739 ipsa
2831 664 3133 722 concessio
3170 665 3478 743 privilegii

1917 755 2048 809 tam
2082 751 2464 810 rationabilis
2487 771 2614 811 esse
2644 752 2849 827 debet,
2879 760 2948 813 ut
2967 755 3043 814 ad
3059 754 3291 815 bonum
3316 775 3479 817 com-

1919 860 2108 902 mune
2137 848 2387 921 spectet,
2419 862 2494 902 ex
2544 844 2845 903 similibus
2876 847 3071 905 causis
3108 847 3331 907 similia
3358 849 3483 926 pri-

1919 934 2145 1010 vilegia
2189 935 2461 994 concedi.
2496 936 2586 993 Ex
2640 936 2755 995 hoc
2800 955 2948 1014 3130
2990 938 3186 1016 capite
3228 958 3352 999 non
3382 960 3484 1001 ex-

1922 1023 2258 1084 cluduntur
2292 1026 2614 1103 privilegia
2651 1046 2689 1085 a
2728 1030 2976 1106 propria
3003 1031 3244 1089 ratione
3287 1031 3482 1109 legis3

1926 1134 2008 1175 an
2054 1133 2201 1176 vero
2244 1116 2650 1177 excludantur
2698 1136 2770 1179 ex
2821 1138 2893 1179 00
2949 1122 3112 1198 quod
3153 1123 3490 1200 respiciunt

1923 1208 2231 1286 privatam
2255 1227 2605 1287 personam,
2640 1211 2740 1270 vel
2786 1213 3022 1290 possint
3069 1231 3198 1274 esse
3242 1217 3491 1295 proprie

1924 1301 2113 1378 13335,
2150 1302 2421 1362 maxime
2478 1303 2528 1361 si
2588 1310 2884 1382 perpetua
2928 1304 3073 1379 sint,
3105 1306 3381 1367 dicemus
3422 1308 3490 1369 in

2011 1486 2108 1545 13.
2154 1485 2357 1545 Minor
2398 1485 2721 1546 difficultas
2744 1488 2928 1548 estin
2955 1488 3193 1567 legibus
3232 1491 3492 1551 tributo-

1928 1592 2102 1635 rum:
2148 1595 2293 1636 nam
2349 1577 2470 1636 illae
2505 1580 2937 1638 communitati
2959 1582 3390 1659 imponuntur,
3424 1590 3496 1645 ut

1929 1685 2043 1746 per
2073 1687 2136 1728 se
2151 1675 2414 1743 constat,
2438 1674 2500 1728 et
2526 1670 2879 1731 immediate
2903 1674 3238 1750 respiciunt
3261 1674 3496 1735 bonum

1933 1777 2280 1835 commune,
2313 1761 2483 1839 quia,
2504 1767 2575 1821 ut
2603 1762 2755 1837 dixi,
2778 1763 2919 1822 licet
2938 1765 3264 1824 videantur
3282 1766 3497 1827 cedere

1934 1852 2002 1911 in
2031 1853 2422 1911 commodum
2455 1854 2774 1932 principiS,
2805 1861 3015 1915 tamen
3046 1863 3116 1917 ut
3142 1876 3303 1917 verae
3331 1858 3528 1936 leges'

1937 1943 2080 2016 sint,
2112 1961 2440 2003 commune
2468 1944 2703 2003 bonum
2734 1948 3029 2023 respicere
3071 1948 3320 2023 debent,
3353 1952 3500 2028 quia

1939 2053 2067 2093 non
2111 2036 2337 2094 dantur
2370 2036 2503 2112 regi
2537 2037 2657 2094 11151
2692 2044 2995 2114 quatenus
3036 2059 3297 2118 persona
3336 2062 3500 2102 com-

1940 2127 2146 2184 munis
2187 2133 2248 2185 et
2282 2126 2528 2204 publica
2572 2134 2685 2201 est,
2720 2135 2782 2187 et
2810 2131 2972 2187 utin
3016 2149 3342 2192 commune
3390 2134 3501 2193 bo-

1940 2237 2093 2277 num
2122 2219 2242 2277 illis
2270 2225 2502 2277 utatur.
2530 2218 2701 2278 Unde
2723 2220 2786 2277 in
2805 2220 3074 2280 Concilio
3096 2223 3413 2298 ToletanO,
3436 2227 3499 2301 8,

1939 2329 2072 2388 cap.
2109 2313 2208 2384 10,
2239 2311 2314 2369 de
2338 2310 2587 2386 regibus
2615 2310 2874 2372 dicitur:
2902 2314 2976 2375 N
2974 2332 3045 2373 on
3061 2321 3504 2392 prospectantes

1927 2404 2174 2479 proprii
2200 2404 2359 2479 jura
2404 2404 2710 2477 commodi,
2741 2406 2845 2465 sed
2872 2407 3234 2468 consulentes
3250 2411 3498 2485 patrioe,

1935 2501 2113 2574 atque
2133 2495 2319 2572 yenti.

2019 2588 2117 2645 14.
2163 2585 2257 2645 Ad
2292 2585 2547 2644 alteram
2591 2591 2832 2663 partem
2868 2587 3287 2665 objectionum
3316 2611 3502 2670 gene-

1937 2677 2122 2736 ratim
2178 2677 2403 2738 dicitur
2452 2676 2614 2736 hanc
2664 2696 2790 2738 esse
2838 2681 3254 2743 conditionem
3289 2704 3502 2746 rerum

1934 2768 2373 2843 humanarum,
2392 2774 2461 2827 ut
2490 2787 2615 2828 non
2640 2777 2883 2830 servent
2912 2772 3399 2837 uniformitatem
3431 2778 3503 2838 in

1937 2861 2246 2935 0131111135,
2290 2867 2352 2921 31
2391 2861 2530 2920 ideo
2563 2861 2928 2940 plerumque
2966 2865 3190 2927 accidit
3234 2875 3304 2928 ut
3334 2870 3500 2947 quod

1937 2954 2367 3013 communitati
2391 2953 2660 3030 expedit,
2688 2955 2800 3013 uni
2826 2955 2925 3015 vel
2948 2956 3123 3017 alteri
3160 2977 3498 3022 nocumen-

1935 3047 2068 3103 tum
2087 3044 2335 3104 ‘afferat.
2367 3044 2524 3116 Quia
2550 3062 2694 3104 vero
2728 3064 3054 3108 commune
3082 3049 3317 3112 bonum
3343 3071 3501 3133 11131-

1934 3135 2133 3196 fertur
2150 3136 2388 3214 privato
2421 3136 2667 3213 quando
2699 3138 2886 3197 simul
2910 3156 3037 3199 3553
3066 3159 3192 3201 non
3218 3151 3497 3221 possunt,

1935 3228 2075 3288 ideo
2102 3228 2267 3305 leges
2303 3227 2661 3305 simpliciter
2686 3228 2974 3289 feruntur
3001 3250 3113 3309 pro
3141 3233 3303 3295 bono
3333 3254 3498 3296 com-

1932 3321 2133 3394 muni,
2187 3326 2249 3380 et
2296 3321 2375 3379 ad
2408 3320 2806 3399 particularia
2854 3341 2979 3382 non
3018 3327 3380 3403 attendunt,
3429 3335 3498 3389 ut

1931 3411 2197 3472 habetur
2230 3413 2297 3471 in
2329 3413 2539 3472 multis
2561 3412 2825 3489 13311135,
2856 3413 2909 3472 ff
2928 3414 3004 3474 de
3051 3417 3286 3494 Legib.,
3319 3425 3381 3479 et
3419 3421 3497 3481 de

1925 3504 2124 3581 justit.
2176 3510 2237 3564 et
2288 3504 2412 3581 jur.
2423 3549 2443 3578 ‚
2496 3510 2557 3564 31
2606 3505 2871 3564 sumitur
2904 3523 2978 3564 ex
3011 3525 3144 3585 cap.
3196 3501 3384 3581 Licet,
3418 3512 3495 3572 de

1932 3596 2249 3674 Regular.,
2276 3602 2337 3656 et
2363 3614 2440 3656 ex
2480 3615 2615 3676 cap.
2653 3597 2860 3671 Scias,
2892 3601 2952 3673 7,
2988 3618 3049 3677 q.
3085 3603 3143 3660 1.
3181 3603 3495 3682 Contingit

1930 3694 2141 3748 autem
2177 3688 2506 3766 aliquando
2548 3688 2661 3747 sub
2703 3689 2918 3749 eodem
2968 3709 3114 3769 rege
3148 3711 3276 3754 esse
3309 3694 3493 3773 plura

1929 3798 2144 3857 regna,
2168 3780 2268 3840 vel
2293 3780 2497 3858 plures
2524 3782 2993 3841 communitates
3034 3785 3209 3860 quasi
3254 3804 3365 3863 per
3392 3804 3492 3846 ac-

1929 3872 2159 3947 cidens,
2190 3872 2337 3950 quia
2364 3890 2431 3932 re
2452 3890 2599 3932 vera
2627 3873 2790 3932 inter
2833 3891 2896 3934 53
2943 3892 3070 3934 non
3111 3885 3493 3955 componunt

1928 3981 2125 4022 unum
2149 3980 2368 4040 corpus
2395 3963 2738 4040 politicum,
2781 3964 2886 4022 sed
2933 3983 3009 4024 ex
3050 3967 3350 4027 accidenti
3398 3968 3491 4027 di-

1931 4055 2120 4113 versis
2149 4053 2343 4113 titulis
2385 4055 2452 4111 in
2479 4053 2646 4110 illius
2685 4058 3051 4129 potestatem
3081 4056 3484 4134 devenerunt,

1930 4150 1994 4203 et
2024 4149 2173 4202 tunc
2210 4144 2511 4218 injustum
2534 4148 2690 4199 esset
2718 4140 2950 4201 eisdem
2976 4143 3218 4220 legibus
3248 4147 3491 4209 diversa

1932 4251 2127 4311 regna
2171 4232 2466 4311 obligare,
2514 4232 2566 4291 si
2598 4232 2710 4290 uni
2765 4238 2966 4292 essent
3018 4234 3222 4311 utiles,
3267 4244 3329 4297 et
3360 4256 3489 4300 non

1931 4326 2128 4385 alteri.
2162 4325 2314 4397 Quia
2337 4342 2463 4383 non
2503 4329 2943 4401 comparantur
2972 4332 3122 4386 tunc
3152 4335 3222 4387 ut
3252 4330 3488 4392 bonum

1931 4435 2258 4478 commune
2282 4423 2342 4477 et
2366 4416 2759 4496 particulare,
2782 4416 2888 4476 sed
2908 4424 2978 4477 31
3000 4418 3124 4478 (130
3134 4419 3298 4481 110113
3321 4441 3488 4484 com-

1930 4513 2169 4586 munia,
2206 4510 2427 4589 quibus
2466 4528 2576 4588 per
2603 4526 2667 4568 se
2694 4527 2765 4569 ac
2791 4508 3107 4586 sigillatim
3124 4515 3387 4592 propriis
3405 4516 3492 4577 13-

1932 4604 2112 4683 311135
2162 4602 2658 4682 prospiciendum
2704 4607 2813 4675 est,
2869 4620 2940 4662 30
2990 4604 3043 4662 51
3091 4605 3205 4663 5311
3236 4606 3491 4668 diversis

1932 4696 2180 4774 regibus
2206 4702 2660 4774 permanerent,
2691 4694 2844 4753 510111
2869 4694 3016 4754 facit
3055 4698 3243 4757 etiam
3284 4700 3490 4759 Ponti-

1931 4790 2034 4850 fex
2058 4807 2201 4849 cum
2231 4788 2506 4867 praecipit
2531 4787 2787 4846 diversis
2822 4787 3247 4865 religionibus,
3278 4798 3492 4869 quate-

1934 4900 2052 4941 nus
2101 4880 2399 4940 distinctae
2431 4879 2904 4940 communitates
2944 4886 3088 4939 sunt
3115 4887 3177 4940 et
3198 4900 3492 4961 1111311313-

1935 4992 2054 5052 (1113
2109 4973 2369 5051 propriis
2421 4970 2660 5048 legibus
2721 4968 2978 5046 indiget.
3042 4970 3298 5042 Quando
3346 4992 3491 5035 vero

1936 5064 2408 5124 communitates
2450 5070 2596 5120 sunt
2632 5065 2834 5137 partes
2875 5061 3149 5137 ejusdcm
3178 5065 3353 5142 regni
3384 5085 3493 5127 seu

1936 5156 2168 5235 politici
2215 5154 2521 5231 corporis,
2565 5158 2716 5211 tunc
2776 5152 3255 5233 uniuscujusque
3303 5159 3495 5234 partis

1938 5248 2173 5308 bonum
2196 5249 2474 5304 censetur
2496 5246 2803 5321 privatum
2827 5251 3104 5321 respectu
3128 5249 3316 5306 totius
3334 5266 3499 5307 com-

1941 5339 2283 5409 munitatis,
2311 5337 2388 5394 ad
2412 5353 2598 5412 quam
2631 5335 2797 5410 leges
2821 5353 2929 5411 per
2969 5355 3031 5396 53
3058 5339 3258 5416 primo
3287 5340 3497 5397 ferun-

1942 5441 2080 5492 tur:
2114 5429 2494 5490 observanda
2513 5445 2657 5488 vero
2687 5427 2809 5485 duo
2838 5435 3017 5487 sunt:
3055 5449 3273 5503 unum,
3301 5448 3380 5490 ne
3407 5436 3500 5490 tot

3065 5533 3103 5589 3
