<?xml version="1.0" encoding="UTF-8"?>
<!DOCTYPE html PUBLIC "-//W3C//DTD XHTML 1.0 Transitional//EN"
    "http://www.w3.org/TR/xhtml1/DTD/xhtml1-transitional.dtd">
<html xmlns="http://www.w3.org/1999/xhtml" xml:lang="en" lang="en">
 <head>
  <title>
</title>
<meta http-equiv="Content-Type" content="text/html;charset=utf-8" />
  <meta name='ocr-system' content='tesseract 3.04.00' />
  <meta name='ocr-capabilities' content='ocr_page ocr_carea ocr_par ocr_line ocrx_word'/>
</head>
<body>
  <div class='ocr_page' id='page_1' title='image "./rpfranciscisuar02duvagoog_0087.png"; bbox 0 0 3976 6219; ppageno 0'>
   <div class='ocr_carea' id='block_1_1' title="bbox 922 409 2848 474">
    <p class='ocr_par' dir='ltr' id='par_1_1' title="bbox 922 409 2848 474">
     <span class='ocr_line' id='line_1_1' title="bbox 922 409 2848 474; baseline 0.002 -14"><span class='ocrx_word' id='word_1_1' title='bbox 922 409 1058 462; x_wconf 74' lang='lat' dir='ltr'><strong>CAP.</strong></span> <span class='ocrx_word' id='word_1_2' title='bbox 1094 411 1270 464; x_wconf 85' lang='lat' dir='ltr'><strong>xvm.</strong></span> <span class='ocrx_word' id='word_1_3' title='bbox 1304 412 1386 463; x_wconf 78' lang='grc' dir='ltr'><strong>ΒΕ</strong></span> <span class='ocrx_word' id='word_1_4' title='bbox 1418 412 1518 464; x_wconf 80' lang='lat' dir='ltr'><strong>ms</strong></span> <span class='ocrx_word' id='word_1_5' title='bbox 1550 411 1655 474; x_wconf 83' lang='lat' dir='ltr'><strong>QUI</strong></span> <span class='ocrx_word' id='word_1_6' title='bbox 1687 410 1830 464; x_wconf 82' lang='lat' dir='ltr'><strong>LEGI</strong></span> <span class='ocrx_word' id='word_1_7' title='bbox 1861 411 2297 465; x_wconf 76' lang='lat' dir='ltr'><strong>sumtcmNTnR</strong></span> <span class='ocrx_word' id='word_1_8' title='bbox 2329 412 2410 464; x_wconf 74' lang='lat' dir='ltr'><strong>AC</strong></span> <span class='ocrx_word' id='word_1_9' title='bbox 2442 412 2848 466; x_wconf 81' lang='lat' dir='ltr'><strong>OBLIGANTUR.</strong></span> 
     </span>
    </p>
   </div>
   <div class='ocr_carea' id='block_1_2' title="bbox 268 507 1840 1679">
    <p class='ocr_par' dir='ltr' id='par_1_2' title="bbox 268 507 1840 1679">
     <span class='ocr_line' id='line_1_2' title="bbox 273 507 1840 591; baseline 0.001 -20"><span class='ocrx_word' id='word_1_10' title='bbox 273 510 451 589; x_wconf 81' lang='lat' dir='ltr'><strong>legiS.</strong></span> <span class='ocrx_word' id='word_1_11' title='bbox 483 509 558 569; x_wconf 90' lang='lat' dir='ltr'><strong>Et</strong></span> <span class='ocrx_word' id='word_1_12' title='bbox 583 507 715 568; x_wconf 81' lang='lat' dir='ltr'><strong>haec</strong></span> <span class='ocrx_word' id='word_1_13' title='bbox 743 511 1050 571; x_wconf 87' lang='lat' dir='ltr'><strong>sententia</strong></span> <span class='ocrx_word' id='word_1_14' title='bbox 1075 511 1228 571; x_wconf 91' lang='lat' dir='ltr'><strong>mihi</strong></span> <span class='ocrx_word' id='word_1_15' title='bbox 1256 511 1476 591; x_wconf 88' lang='lat' dir='ltr'><strong>placet.</strong></span> <span class='ocrx_word' id='word_1_16' title='bbox 1509 512 1669 572; x_wconf 86' lang='lat' dir='ltr'><strong>Addi</strong></span> <span class='ocrx_word' id='word_1_17' title='bbox 1695 531 1840 573; x_wconf 85' lang='lat' dir='ltr'><strong>vero</strong></span> 
     </span>
     <span class='ocr_line' id='line_1_3' title="bbox 272 602 1836 684; baseline 0.003 -24"><span class='ocrx_word' id='word_1_18' title='bbox 272 608 472 682; x_wconf 87' lang='lat' dir='ltr'><strong>potest</strong></span> <span class='ocrx_word' id='word_1_19' title='bbox 497 618 695 679; x_wconf 84' lang='lat' dir='ltr'><strong>poenae</strong></span> <span class='ocrx_word' id='word_1_20' title='bbox 722 602 1134 680; x_wconf 88' lang='lat' dir='ltr'><strong>adjectionem</strong></span> <span class='ocrx_word' id='word_1_21' title='bbox 1167 622 1295 664; x_wconf 90' lang='lat' dir='ltr'><strong>esse</strong></span> <span class='ocrx_word' id='word_1_22' title='bbox 1329 605 1524 665; x_wconf 89' lang='lat' dir='ltr'><strong>multo</strong></span> <span class='ocrx_word' id='word_1_23' title='bbox 1551 605 1836 684; x_wconf 87' lang='lat' dir='ltr'><strong>frequen·</strong></span> 
     </span>
     <span class='ocr_line' id='line_1_4' title="bbox 270 693 1830 776; baseline 0.003 -23"><span class='ocrx_word' id='word_1_24' title='bbox 270 695 493 755; x_wconf 87' lang='lat' dir='ltr'><strong>tiorem</strong></span> <span class='ocrx_word' id='word_1_25' title='bbox 517 694 583 752; x_wconf 89' lang='lat' dir='ltr'><strong>in</strong></span> <span class='ocrx_word' id='word_1_26' title='bbox 601 693 842 770; x_wconf 89' lang='lat' dir='ltr'><strong>legibus</strong></span> <span class='ocrx_word' id='word_1_27' title='bbox 866 712 1054 773; x_wconf 90' lang='lat' dir='ltr'><strong>quam</strong></span> <span class='ocrx_word' id='word_1_28' title='bbox 1074 696 1546 774; x_wconf 83' lang='lat' dir='ltr'><strong>promissionem</strong></span> <span class='ocrx_word' id='word_1_29' title='bbox 1568 697 1830 776; x_wconf 84' lang='lat' dir='ltr'><strong>praemii,</strong></span> 
     </span>
     <span class='ocr_line' id='line_1_5' title="bbox 273 786 1829 866; baseline 0.003 -20"><span class='ocrx_word' id='word_1_30' title='bbox 273 788 421 866; x_wconf 90' lang='lat' dir='ltr'><strong>quia</strong></span> <span class='ocrx_word' id='word_1_31' title='bbox 436 792 547 862; x_wconf 82' lang='lat' dir='ltr'><strong>est,</strong></span> <span class='ocrx_word' id='word_1_32' title='bbox 566 786 880 848; x_wconf 81' lang='lat' dir='ltr'><strong>moraliter</strong></span> <span class='ocrx_word' id='word_1_33' title='bbox 896 787 1227 866; x_wconf 91' lang='lat' dir='ltr'><strong>loquendo,</strong></span> <span class='ocrx_word' id='word_1_34' title='bbox 1247 789 1447 866; x_wconf 90' lang='lat' dir='ltr'><strong>magis</strong></span> <span class='ocrx_word' id='word_1_35' title='bbox 1462 790 1829 863; x_wconf 82' lang='lat' dir='ltr'><strong>necessaria3</strong></span> 
     </span>
     <span class='ocr_line' id='line_1_6' title="bbox 271 879 1837 960; baseline 0.001 -21"><span class='ocrx_word' id='word_1_36' title='bbox 271 879 557 939; x_wconf 89' lang='lat' dir='ltr'><strong>homines</strong></span> <span class='ocrx_word' id='word_1_37' title='bbox 583 879 753 938; x_wconf 90' lang='lat' dir='ltr'><strong>enim</strong></span> <span class='ocrx_word' id='word_1_38' title='bbox 794 880 1016 957; x_wconf 91' lang='lat' dir='ltr'><strong>majori</strong></span> <span class='ocrx_word' id='word_1_39' title='bbox 1045 898 1119 940; x_wconf 88' lang='lat' dir='ltr'><strong>ex</strong></span> <span class='ocrx_word' id='word_1_40' title='bbox 1153 886 1330 959; x_wconf 88' lang='lat' dir='ltr'><strong>parte</strong></span> <span class='ocrx_word' id='word_1_41' title='bbox 1357 882 1534 960; x_wconf 85' lang='lat' dir='ltr'><strong>pravi</strong></span> <span class='ocrx_word' id='word_1_42' title='bbox 1577 888 1722 942; x_wconf 92' lang='lat' dir='ltr'><strong>sunt</strong></span> <span class='ocrx_word' id='word_1_43' title='bbox 1759 881 1837 941; x_wconf 88' lang='lat' dir='ltr'><strong>ad</strong></span> 
     </span>
     <span class='ocr_line' id='line_1_7' title="bbox 271 971 1835 1052; baseline 0.003 -22"><span class='ocrx_word' id='word_1_44' title='bbox 271 971 529 1045; x_wconf 90' lang='lat' dir='ltr'><strong>malum,</strong></span> <span class='ocrx_word' id='word_1_45' title='bbox 552 976 614 1030; x_wconf 88' lang='lat' dir='ltr'><strong>et</strong></span> <span class='ocrx_word' id='word_1_46' title='bbox 641 971 769 1031; x_wconf 87' lang='lat' dir='ltr'><strong>suis</strong></span> <span class='ocrx_word' id='word_1_47' title='bbox 790 971 1102 1032; x_wconf 87' lang='lat' dir='ltr'><strong>ducuntur</strong></span> <span class='ocrx_word' id='word_1_48' title='bbox 1129 973 1589 1052; x_wconf 79' lang='lat' dir='ltr'><strong>cupiditatihuS,</strong></span> <span class='ocrx_word' id='word_1_49' title='bbox 1609 979 1672 1034; x_wconf 88' lang='lat' dir='ltr'><strong>et</strong></span> <span class='ocrx_word' id='word_1_50' title='bbox 1695 974 1835 1034; x_wconf 91' lang='lat' dir='ltr'><strong>ideo</strong></span> 
     </span>
     <span class='ocr_line' id='line_1_8' title="bbox 269 1064 1832 1143; baseline 0.001 -19"><span class='ocrx_word' id='word_1_51' title='bbox 269 1064 654 1142; x_wconf 85' lang='lat' dir='ltr'><strong>frequentius</strong></span> <span class='ocrx_word' id='word_1_52' title='bbox 706 1064 927 1125; x_wconf 89' lang='lat' dir='ltr'><strong>timore</strong></span> <span class='ocrx_word' id='word_1_53' title='bbox 983 1082 1180 1143; x_wconf 81' lang='lat' dir='ltr'><strong>poenae</strong></span> <span class='ocrx_word' id='word_1_54' title='bbox 1231 1064 1499 1126; x_wconf 81' lang='lat' dir='ltr'><strong>coerceri</strong></span> <span class='ocrx_word' id='word_1_55' title='bbox 1556 1065 1784 1126; x_wconf 88' lang='lat' dir='ltr'><strong>debent</strong></span> <span class='ocrx_word' id='word_1_56' title='bbox 1816 1082 1832 1125; x_wconf 92' lang='lat'><strong>:</strong></span> 
     </span>
     <span class='ocr_line' id='line_1_9' title="bbox 271 1155 1836 1234; baseline 0.001 -19"><span class='ocrx_word' id='word_1_57' title='bbox 271 1157 437 1217; x_wconf 89' lang='lat' dir='ltr'><strong>unde</strong></span> <span class='ocrx_word' id='word_1_58' title='bbox 470 1156 658 1215; x_wconf 86' lang='lat' dir='ltr'><strong>etiam</strong></span> <span class='ocrx_word' id='word_1_59' title='bbox 679 1155 919 1233; x_wconf 87' lang='lat' dir='ltr'><strong>judices</strong></span> <span class='ocrx_word' id='word_1_60' title='bbox 946 1163 1007 1217; x_wconf 89' lang='lat' dir='ltr'><strong>et</strong></span> <span class='ocrx_word' id='word_1_61' title='bbox 1034 1156 1310 1218; x_wconf 85' lang='lat' dir='ltr'><strong>custodes</strong></span> <span class='ocrx_word' id='word_1_62' title='bbox 1342 1157 1552 1234; x_wconf 88' lang='lat' dir='ltr'><strong>legum</strong></span> <span class='ocrx_word' id='word_1_63' title='bbox 1589 1158 1836 1217; x_wconf 88' lang='lat' dir='ltr'><strong>ordina-</strong></span> 
     </span>
     <span class='ocr_line' id='line_1_10' title="bbox 268 1249 1833 1329; baseline 0.001 -20"><span class='ocrx_word' id='word_1_64' title='bbox 268 1249 359 1309; x_wconf 85' lang='lat' dir='ltr'><strong>rie</strong></span> <span class='ocrx_word' id='word_1_65' title='bbox 416 1249 613 1326; x_wconf 81' lang='lat' dir='ltr'><strong>magis</strong></span> <span class='ocrx_word' id='word_1_66' title='bbox 671 1249 1027 1326; x_wconf 82' lang='lat' dir='ltr'><strong>obligantur</strong></span> <span class='ocrx_word' id='word_1_67' title='bbox 1085 1250 1163 1309; x_wconf 90' lang='lat' dir='ltr'><strong>ad</strong></span> <span class='ocrx_word' id='word_1_68' title='bbox 1223 1250 1571 1329; x_wconf 83' lang='lat' dir='ltr'><strong>puniendos</strong></span> <span class='ocrx_word' id='word_1_69' title='bbox 1624 1251 1833 1329; x_wconf 91' lang='lat' dir='ltr'><strong>legum</strong></span> 
     </span>
     <span class='ocr_line' id='line_1_11' title="bbox 275 1342 1836 1422; baseline 0.003 -22"><span class='ocrx_word' id='word_1_70' title='bbox 275 1346 772 1417; x_wconf 69' lang='lat' dir='ltr'><strong>transgressores.</strong></span> <span class='ocrx_word' id='word_1_71' title='bbox 819 1359 1008 1419; x_wconf 90' lang='lat' dir='ltr'><strong>quam</strong></span> <span class='ocrx_word' id='word_1_72' title='bbox 1060 1342 1137 1401; x_wconf 89' lang='lat' dir='ltr'><strong>ad</strong></span> <span class='ocrx_word' id='word_1_73' title='bbox 1188 1342 1629 1402; x_wconf 83' lang='lat' dir='ltr'><strong>conferendum</strong></span> <span class='ocrx_word' id='word_1_74' title='bbox 1680 1362 1836 1422; x_wconf 65' lang='grc'>11181-</span> 
     </span>
     <span class='ocr_line' id='line_1_12' title="bbox 270 1433 1833 1512; baseline 0.003 -20"><span class='ocrx_word' id='word_1_75' title='bbox 270 1434 472 1493; x_wconf 86' lang='lat' dir='ltr'><strong>mium</strong></span> <span class='ocrx_word' id='word_1_76' title='bbox 499 1433 966 1494; x_wconf 84' lang='lat' dir='ltr'><strong>observantibus</strong></span> <span class='ocrx_word' id='word_1_77' title='bbox 993 1433 1152 1508; x_wconf 88' lang='grc'>11183,</span> <span class='ocrx_word' id='word_1_78' title='bbox 1179 1440 1240 1494; x_wconf 89' lang='lat' dir='ltr'><strong>et</strong></span> <span class='ocrx_word' id='word_1_79' title='bbox 1268 1440 1588 1512; x_wconf 89' lang='lat' dir='ltr'><strong>propterea</strong></span> <span class='ocrx_word' id='word_1_80' title='bbox 1612 1435 1833 1496; x_wconf 87' lang='lat' dir='ltr'><strong>merito</strong></span> 
     </span>
     <span class='ocr_line' id='line_1_13' title="bbox 273 1525 1832 1609; baseline 0.003 -23"><span class='ocrx_word' id='word_1_81' title='bbox 273 1527 439 1586; x_wconf 88' lang='lat' dir='ltr'><strong>inter</strong></span> <span class='ocrx_word' id='word_1_82' title='bbox 473 1525 630 1602; x_wconf 89' lang='lat' dir='ltr'><strong>legis</strong></span> <span class='ocrx_word' id='word_1_83' title='bbox 666 1525 933 1600; x_wconf 76' lang='lat' dir='ltr'><strong>effeetus,</strong></span> <span class='ocrx_word' id='word_1_84' title='bbox 966 1527 1172 1604; x_wconf 89' lang='lat' dir='ltr'><strong>potius</strong></span> <span class='ocrx_word' id='word_1_85' title='bbox 1206 1544 1413 1606; x_wconf 72' lang='lat' dir='ltr'><strong>poena,</strong></span> <span class='ocrx_word' id='word_1_86' title='bbox 1450 1545 1637 1606; x_wconf 87' lang='lat' dir='ltr'><strong>quam</strong></span> <span class='ocrx_word' id='word_1_87' title='bbox 1676 1546 1832 1609; x_wconf 84' lang='lat' dir='ltr'><strong>prae-</strong></span> 
     </span>
     <span class='ocr_line' id='line_1_14' title="bbox 273 1618 913 1679; baseline 0.003 -3"><span class='ocrx_word' id='word_1_88' title='bbox 273 1618 475 1677; x_wconf 91' lang='lat' dir='ltr'><strong>mium</strong></span> <span class='ocrx_word' id='word_1_89' title='bbox 505 1618 913 1679; x_wconf 84' lang='lat' dir='ltr'><strong>constituitur.</strong></span> 
     </span>
    </p>
   </div>
   <div class='ocr_carea' id='block_1_3' title="bbox 801 1776 1298 1838">
    <p class='ocr_par' dir='ltr' id='par_1_3' title="bbox 801 1776 1298 1838">
     <span class='ocr_line' id='line_1_15' title="bbox 801 1776 1298 1838; baseline 0.002 -1"><span class='ocrx_word' id='word_1_90' title='bbox 801 1776 1045 1837; x_wconf 81' lang='lat' dir='ltr'>CAPUT</span> <span class='ocrx_word' id='word_1_91' title='bbox 1087 1777 1298 1838; x_wconf 85' lang='lat' dir='ltr'><strong>XVIII.</strong></span> 
     </span>
    </p>
   </div>
   <div class='ocr_carea' id='block_1_4' title="bbox 269 1937 1830 2075">
    <p class='ocr_par' dir='ltr' id='par_1_4' title="bbox 269 1937 1830 2075">
     <span class='ocr_line' id='line_1_16' title="bbox 269 1937 1830 1986; baseline 0.003 -4"><span class='ocrx_word' id='word_1_92' title='bbox 269 1937 354 1982; x_wconf 77' lang='lat' dir='ltr'><strong>AN</strong></span> <span class='ocrx_word' id='word_1_93' title='bbox 387 1937 679 1983; x_wconf 67' lang='lat' dir='ltr'><strong>vu‘romts</strong></span> <span class='ocrx_word' id='word_1_94' title='bbox 711 1937 902 1984; x_wconf 75' lang='lat' dir='ltr'>OMNES</span> <span class='ocrx_word' id='word_1_95' title='bbox 935 1938 1068 1982; x_wconf 78' lang='lat' dir='ltr'><strong>LEGI</strong></span> <span class='ocrx_word' id='word_1_96' title='bbox 1107 1938 1367 1984; x_wconf 80' lang='lat' dir='ltr'><strong>SUBJEGTI</strong></span> <span class='ocrx_word' id='word_1_97' title='bbox 1408 1940 1537 1986; x_wconf 74' lang='lat' dir='ltr'>SINT</span> <span class='ocrx_word' id='word_1_98' title='bbox 1577 1940 1654 1985; x_wconf 79' lang='lat' dir='ltr'><strong>m·</strong></span> <span class='ocrx_word' id='word_1_99' title='bbox 1700 1941 1830 1986; x_wconf 76' lang='lat' dir='ltr'>ILLA</span> 
     </span>
     <span class='ocr_line' id='line_1_17' title="bbox 855 2029 1233 2075; baseline 0.003 -1"><span class='ocrx_word' id='word_1_100' title='bbox 855 2029 1233 2075; x_wconf 81' lang='lat' dir='ltr'><strong>OBLIGENTUR.</strong></span> 
     </span>
    </p>
   </div>
   <div class='ocr_carea' id='block_1_5' title="bbox 345 2170 1831 2253">
    <p class='ocr_par' dir='ltr' id='par_1_5' title="bbox 345 2170 1831 2253">
     <span class='ocr_line' id='line_1_18' title="bbox 345 2170 1831 2253; baseline 0.003 -21"><span class='ocrx_word' id='word_1_101' title='bbox 345 2175 404 2232; x_wconf 78' lang='grc'><strong>1.</strong></span> <span class='ocrx_word' id='word_1_102' title='bbox 450 2170 729 2231; x_wconf 85' lang='lat' dir='ltr'><strong>Diximus</strong></span> <span class='ocrx_word' id='word_1_103' title='bbox 782 2172 1176 2249; x_wconf 83' lang='lat' dir='ltr'><strong>potissimum</strong></span> <span class='ocrx_word' id='word_1_104' title='bbox 1223 2175 1512 2235; x_wconf 83' lang='lat' dir='ltr'><strong>effectum</strong></span> <span class='ocrx_word' id='word_1_105' title='bbox 1557 2176 1712 2253; x_wconf 86' lang='lat' dir='ltr'><strong>legis</strong></span> <span class='ocrx_word' id='word_1_106' title='bbox 1763 2177 1831 2237; x_wconf 86' lang='lat' dir='ltr'><strong>in</strong></span> 
     </span>
    </p>
   </div>
   <div class='ocr_carea' id='block_1_6' title="bbox 264 2255 1868 2346">
    <p class='ocr_par' dir='ltr' id='par_1_6' title="bbox 264 2255 1868 2346">
     <span class='ocr_line' id='line_1_19' title="bbox 264 2255 1868 2346; baseline 0.002 -21"><span class='ocrx_word' id='word_1_107' title='bbox 264 2262 642 2342; x_wconf 83' lang='lat' dir='ltr'><strong>obligatione</strong></span> <span class='ocrx_word' id='word_1_108' title='bbox 682 2264 951 2341; x_wconf 89' lang='lat' dir='ltr'><strong>positum</strong></span> <span class='ocrx_word' id='word_1_109' title='bbox 995 2282 1149 2340; x_wconf 88' lang='lat' dir='ltr'><strong>esse,</strong></span> <span class='ocrx_word' id='word_1_110' title='bbox 1190 2285 1524 2346; x_wconf 89' lang='lat' dir='ltr'><strong>omnesque</strong></span> <span class='ocrx_word' id='word_1_111' title='bbox 1570 2269 1721 2328; x_wconf 90' lang='lat' dir='ltr'><strong>alios</strong></span> <span class='ocrx_word' id='word_1_112' title='bbox 1762 2269 1830 2328; x_wconf 93' lang='lat' dir='ltr'><strong>in</strong></span> <span class='ocrx_word' id='word_1_113' title='bbox 1854 2255 1868 2266; x_wconf 70' lang='grc'><strong><em>’</em></strong></span> 
     </span>
    </p>
   </div>
   <div class='ocr_carea' id='block_1_7' title="bbox 257 2355 1830 5586">
    <p class='ocr_par' dir='ltr' id='par_1_7' title="bbox 257 2355 1829 5215">
     <span class='ocr_line' id='line_1_20' title="bbox 263 2355 1829 2434; baseline 0.003 -17"><span class='ocrx_word' id='word_1_114' title='bbox 263 2356 380 2417; x_wconf 86' lang='grc'>1108</span> <span class='ocrx_word' id='word_1_115' title='bbox 398 2375 524 2416; x_wconf 90' lang='grc'>11110</span> <span class='ocrx_word' id='word_1_116' title='bbox 551 2355 814 2416; x_wconf 88' lang='lat' dir='ltr'><strong>radicari</strong></span> <span class='ocrx_word' id='word_1_117' title='bbox 839 2375 851 2416; x_wconf 93' lang='lat'><strong>:</strong></span> <span class='ocrx_word' id='word_1_118' title='bbox 876 2355 1172 2434; x_wconf 82' lang='lat' dir='ltr'><strong>obligatio</strong></span> <span class='ocrx_word' id='word_1_119' title='bbox 1190 2364 1399 2419; x_wconf 91' lang='lat' dir='ltr'><strong>autem</strong></span> <span class='ocrx_word' id='word_1_120' title='bbox 1423 2360 1829 2422; x_wconf 79' lang='lat' dir='ltr'><strong>essentialiter</strong></span> 
     </span>
     <span class='ocr_line' id='line_1_21' title="bbox 262 2449 1825 2529; baseline 0.002 -19"><span class='ocrx_word' id='word_1_121' title='bbox 262 2450 510 2529; x_wconf 86' lang='lat' dir='ltr'><strong>respicit</strong></span> <span class='ocrx_word' id='word_1_122' title='bbox 554 2449 826 2527; x_wconf 83' lang='lat' dir='ltr'><strong>aliquem</strong></span> <span class='ocrx_word' id='word_1_123' title='bbox 873 2450 973 2508; x_wconf 92' lang='lat' dir='ltr'><strong>cui</strong></span> <span class='ocrx_word' id='word_1_124' title='bbox 1014 2450 1403 2529; x_wconf 83' lang='lat' dir='ltr'><strong>imponatur,</strong></span> <span class='ocrx_word' id='word_1_125' title='bbox 1452 2459 1514 2512; x_wconf 90' lang='lat' dir='ltr'><strong>et</strong></span> <span class='ocrx_word' id='word_1_126' title='bbox 1559 2452 1698 2512; x_wconf 89' lang='lat' dir='ltr'><strong>ideo</strong></span> <span class='ocrx_word' id='word_1_127' title='bbox 1746 2454 1825 2514; x_wconf 90' lang='lat' dir='ltr'><strong>ad</strong></span> 
     </span>
     <span class='ocr_line' id='line_1_22' title="bbox 263 2542 1823 2623; baseline 0.003 -21"><span class='ocrx_word' id='word_1_128' title='bbox 263 2544 599 2623; x_wconf 85' lang='lat' dir='ltr'><strong>perfectam</strong></span> <span class='ocrx_word' id='word_1_129' title='bbox 613 2542 798 2619; x_wconf 88' lang='lat' dir='ltr'><strong>hujus</strong></span> <span class='ocrx_word' id='word_1_130' title='bbox 815 2542 1067 2602; x_wconf 85' lang='lat' dir='ltr'><strong>effectus</strong></span> <span class='ocrx_word' id='word_1_131' title='bbox 1084 2543 1558 2604; x_wconf 88' lang='lat' dir='ltr'><strong>declarationem</strong></span> <span class='ocrx_word' id='word_1_132' title='bbox 1578 2564 1823 2607; x_wconf 88' lang='lat' dir='ltr'><strong>necesse</strong></span> 
     </span>
     <span class='ocr_line' id='line_1_23' title="bbox 264 2634 1822 2714; baseline 0.001 -18"><span class='ocrx_word' id='word_1_133' title='bbox 264 2641 358 2696; x_wconf 92' lang='lat' dir='ltr'><strong>est</strong></span> <span class='ocrx_word' id='word_1_134' title='bbox 386 2652 713 2713; x_wconf 84' lang='lat' dir='ltr'><strong>exponere,</strong></span> <span class='ocrx_word' id='word_1_135' title='bbox 744 2634 812 2694; x_wconf 91' lang='lat' dir='ltr'><strong>in</strong></span> <span class='ocrx_word' id='word_1_136' title='bbox 850 2652 1002 2713; x_wconf 90' lang='lat' dir='ltr'><strong>quos</strong></span> <span class='ocrx_word' id='word_1_137' title='bbox 1042 2635 1221 2696; x_wconf 90' lang='lat' dir='ltr'><strong>cadat</strong></span> <span class='ocrx_word' id='word_1_138' title='bbox 1253 2636 1384 2696; x_wconf 82' lang='lat' dir='ltr'><strong>haec</strong></span> <span class='ocrx_word' id='word_1_139' title='bbox 1416 2637 1709 2714; x_wconf 87' lang='lat' dir='ltr'><strong>obligatio</strong></span> <span class='ocrx_word' id='word_1_140' title='bbox 1735 2639 1822 2699; x_wconf 88' lang='lat' dir='ltr'><strong>le·</strong></span> 
     </span>
     <span class='ocr_line' id='line_1_24' title="bbox 262 2727 1820 2807; baseline 0.003 -19"><span class='ocrx_word' id='word_1_141' title='bbox 262 2729 380 2806; x_wconf 80' lang='lat' dir='ltr'><strong>giS‚</strong></span> <span class='ocrx_word' id='word_1_142' title='bbox 410 2727 508 2787; x_wconf 86' lang='lat' dir='ltr'><strong>vel</strong></span> <span class='ocrx_word' id='word_1_143' title='bbox 541 2728 648 2806; x_wconf 91' lang='lat' dir='ltr'><strong>qui</strong></span> <span class='ocrx_word' id='word_1_144' title='bbox 675 2729 800 2787; x_wconf 88' lang='lat' dir='ltr'><strong>sint</strong></span> <span class='ocrx_word' id='word_1_145' title='bbox 828 2746 1079 2807; x_wconf 90' lang='lat' dir='ltr'><strong>capaces</strong></span> <span class='ocrx_word' id='word_1_146' title='bbox 1107 2728 1292 2789; x_wconf 91' lang='lat' dir='ltr'><strong>illius.</strong></span> <span class='ocrx_word' id='word_1_147' title='bbox 1333 2730 1626 2803; x_wconf 88' lang='lat' dir='ltr'><strong>Quamvis</strong></span> <span class='ocrx_word' id='word_1_148' title='bbox 1651 2732 1820 2792; x_wconf 89' lang='lat' dir='ltr'><strong>enim</strong></span> 
     </span>
     <span class='ocr_line' id='line_1_25' title="bbox 260 2821 1818 2900; baseline 0.004 -20"><span class='ocrx_word' id='word_1_149' title='bbox 260 2839 447 2900; x_wconf 88' lang='lat' dir='ltr'><strong>snpra</strong></span> <span class='ocrx_word' id='word_1_150' title='bbox 485 2827 797 2881; x_wconf 89' lang='lat' dir='ltr'><strong>ostensum</strong></span> <span class='ocrx_word' id='word_1_151' title='bbox 842 2821 922 2881; x_wconf 88' lang='lat' dir='ltr'><strong>sit</strong></span> <span class='ocrx_word' id='word_1_152' title='bbox 960 2821 1163 2900; x_wconf 88' lang='lat' dir='ltr'><strong>legem</strong></span> <span class='ocrx_word' id='word_1_153' title='bbox 1199 2823 1277 2882; x_wconf 90' lang='lat' dir='ltr'><strong>ad</strong></span> <span class='ocrx_word' id='word_1_154' title='bbox 1312 2823 1615 2900; x_wconf 89' lang='lat' dir='ltr'><strong>homines,</strong></span> <span class='ocrx_word' id='word_1_155' title='bbox 1648 2831 1709 2886; x_wconf 88' lang='lat' dir='ltr'><strong>et</strong></span> <span class='ocrx_word' id='word_1_156' title='bbox 1751 2826 1818 2886; x_wconf 92' lang='grc'><strong>111</strong></span> 
     </span>
     <span class='ocr_line' id='line_1_26' title="bbox 261 2913 1813 2993; baseline 0.003 -19"><span class='ocrx_word' id='word_1_157' title='bbox 261 2915 596 2989; x_wconf 86' lang='grc'>8011111111111,</span> <span class='ocrx_word' id='word_1_158' title='bbox 628 2932 738 2975; x_wconf 89' lang='grc'>3811</span> <span class='ocrx_word' id='word_1_159' title='bbox 771 2932 882 2992; x_wconf 90' lang='lat' dir='ltr'><strong>pro</strong></span> <span class='ocrx_word' id='word_1_160' title='bbox 914 2913 1123 2993; x_wconf 88' lang='lat' dir='ltr'><strong>aliqua</strong></span> <span class='ocrx_word' id='word_1_161' title='bbox 1157 2918 1598 2979; x_wconf 84' lang='lat' dir='ltr'><strong>communitate</strong></span> <span class='ocrx_word' id='word_1_162' title='bbox 1633 2919 1781 2980; x_wconf 82' lang='lat' dir='ltr'><strong>ferri</strong></span> <span class='ocrx_word' id='word_1_163' title='bbox 1797 2942 1813 2993; x_wconf 80' lang='lat'><em>3</em></span> 
     </span>
     <span class='ocr_line' id='line_1_27' title="bbox 259 3008 1820 3072; baseline 0.003 -4"><span class='ocrx_word' id='word_1_164' title='bbox 259 3026 388 3068; x_wconf 90' lang='lat' dir='ltr'><strong>non</strong></span> <span class='ocrx_word' id='word_1_165' title='bbox 417 3014 623 3068; x_wconf 89' lang='lat' dir='ltr'><strong>tamen</strong></span> <span class='ocrx_word' id='word_1_166' title='bbox 649 3008 1031 3068; x_wconf 89' lang='lat' dir='ltr'><strong>declaratum</strong></span> <span class='ocrx_word' id='word_1_167' title='bbox 1069 3015 1160 3068; x_wconf 90' lang='lat' dir='ltr'><strong>est</strong></span> <span class='ocrx_word' id='word_1_168' title='bbox 1186 3027 1268 3069; x_wconf 91' lang='lat' dir='ltr'><strong>an</strong></span> <span class='ocrx_word' id='word_1_169' title='bbox 1296 3028 1508 3071; x_wconf 90' lang='lat' dir='ltr'><strong>omnes</strong></span> <span class='ocrx_word' id='word_1_170' title='bbox 1539 3011 1820 3072; x_wconf 90' lang='lat' dir='ltr'><strong>homines</strong></span> 
     </span>
     <span class='ocr_line' id='line_1_28' title="bbox 259 3100 1821 3182; baseline 0.001 -20"><span class='ocrx_word' id='word_1_171' title='bbox 259 3101 385 3162; x_wconf 90' lang='lat' dir='ltr'><strong>sint</strong></span> <span class='ocrx_word' id='word_1_172' title='bbox 408 3119 655 3180; x_wconf 86' lang='lat' dir='ltr'><strong>capaces</strong></span> <span class='ocrx_word' id='word_1_173' title='bbox 690 3100 880 3178; x_wconf 89' lang='lat' dir='ltr'><strong>hujus</strong></span> <span class='ocrx_word' id='word_1_174' title='bbox 908 3100 1322 3179; x_wconf 84' lang='lat' dir='ltr'><strong>obligationis,</strong></span> <span class='ocrx_word' id='word_1_175' title='bbox 1347 3103 1445 3163; x_wconf 84' lang='lat' dir='ltr'><strong>vel</strong></span> <span class='ocrx_word' id='word_1_176' title='bbox 1471 3102 1663 3182; x_wconf 87' lang='lat' dir='ltr'><strong>aliqui</strong></span> <span class='ocrx_word' id='word_1_177' title='bbox 1695 3103 1821 3163; x_wconf 89' lang='lat' dir='ltr'><strong>sint</strong></span> 
     </span>
     <span class='ocr_line' id='line_1_29' title="bbox 259 3194 1819 3275; baseline 0.002 -22"><span class='ocrx_word' id='word_1_178' title='bbox 259 3195 434 3273; x_wconf 91' lang='lat' dir='ltr'><strong>quasi</strong></span> <span class='ocrx_word' id='word_1_179' title='bbox 459 3194 748 3272; x_wconf 82' lang='lat' dir='ltr'><strong>exempti.</strong></span> <span class='ocrx_word' id='word_1_180' title='bbox 778 3194 977 3266; x_wconf 89' lang='lat' dir='ltr'><strong>Quam</strong></span> <span class='ocrx_word' id='word_1_181' title='bbox 997 3194 1400 3272; x_wconf 66' lang='lat' dir='ltr'><strong>quaestionem</strong></span> <span class='ocrx_word' id='word_1_182' title='bbox 1427 3196 1503 3255; x_wconf 90' lang='lat' dir='ltr'><strong>de</strong></span> <span class='ocrx_word' id='word_1_183' title='bbox 1541 3196 1676 3275; x_wconf 89' lang='lat' dir='ltr'><strong>lege</strong></span> <span class='ocrx_word' id='word_1_184' title='bbox 1705 3195 1819 3256; x_wconf 87' lang='lat' dir='ltr'><strong>hu·</strong></span> 
     </span>
     <span class='ocr_line' id='line_1_30' title="bbox 259 3285 1812 3365; baseline 0.001 -19"><span class='ocrx_word' id='word_1_185' title='bbox 259 3305 446 3346; x_wconf 89' lang='lat' dir='ltr'><strong>mana</strong></span> <span class='ocrx_word' id='word_1_186' title='bbox 483 3285 839 3365; x_wconf 89' lang='lat' dir='ltr'><strong>particulari</strong></span> <span class='ocrx_word' id='word_1_187' title='bbox 878 3287 1163 3346; x_wconf 87' lang='lat' dir='ltr'><strong>tractavit</strong></span> <span class='ocrx_word' id='word_1_188' title='bbox 1206 3288 1275 3346; x_wconf 91' lang='lat' dir='ltr'><strong>D.</strong></span> <span class='ocrx_word' id='word_1_189' title='bbox 1315 3287 1603 3362; x_wconf 78' lang='lat' dir='ltr'><strong>ThomaS,</strong></span> <span class='ocrx_word' id='word_1_190' title='bbox 1649 3292 1704 3349; x_wconf 81' lang='lat'><strong>1.</strong></span> <span class='ocrx_word' id='word_1_191' title='bbox 1752 3290 1812 3364; x_wconf 72' lang='lat'><strong>2,</strong></span> 
     </span>
     <span class='ocr_line' id='line_1_31' title="bbox 259 3378 1815 3459; baseline 0.002 -20"><span class='ocrx_word' id='word_1_192' title='bbox 259 3381 610 3459; x_wconf 83' lang='lat' dir='ltr'><strong>quaest.·96‚</strong></span> <span class='ocrx_word' id='word_1_193' title='bbox 636 3378 895 3439; x_wconf 90' lang='lat' dir='ltr'><strong>articulo</strong></span> <span class='ocrx_word' id='word_1_194' title='bbox 919 3381 979 3453; x_wconf 83' lang='lat'><strong>5,</strong></span> <span class='ocrx_word' id='word_1_195' title='bbox 1010 3379 1158 3457; x_wconf 89' lang='lat' dir='ltr'><strong>quia</strong></span> <span class='ocrx_word' id='word_1_196' title='bbox 1184 3379 1434 3441; x_wconf 84' lang='lat' dir='ltr'><strong>fortasse</strong></span> <span class='ocrx_word' id='word_1_197' title='bbox 1471 3380 1548 3441; x_wconf 91' lang='lat' dir='ltr'><strong>de</strong></span> <span class='ocrx_word' id='word_1_198' title='bbox 1579 3382 1716 3459; x_wconf 90' lang='lat' dir='ltr'><strong>lege</strong></span> <span class='ocrx_word' id='word_1_199' title='bbox 1748 3383 1815 3442; x_wconf 94' lang='lat' dir='ltr'><strong>in</strong></span> 
     </span>
     <span class='ocr_line' id='line_1_32' title="bbox 258 3471 1815 3550; baseline 0.002 -19"><span class='ocrx_word' id='word_1_200' title='bbox 258 3472 575 3532; x_wconf 92' lang='lat' dir='ltr'><strong>communi</strong></span> <span class='ocrx_word' id='word_1_201' title='bbox 619 3489 746 3531; x_wconf 88' lang='lat' dir='ltr'><strong>non</strong></span> <span class='ocrx_word' id='word_1_202' title='bbox 793 3471 1034 3550; x_wconf 85' lang='lat' dir='ltr'><strong>putavit</strong></span> <span class='ocrx_word' id='word_1_203' title='bbox 1079 3490 1207 3532; x_wconf 86' lang='lat' dir='ltr'><strong>esse</strong></span> <span class='ocrx_word' id='word_1_204' title='bbox 1257 3473 1693 3548; x_wconf 86' lang='lat' dir='ltr'><strong>necessariam,</strong></span> <span class='ocrx_word' id='word_1_205' title='bbox 1742 3492 1815 3535; x_wconf 90' lang='lat' dir='ltr'><strong>eo</strong></span> 
     </span>
     <span class='ocr_line' id='line_1_33' title="bbox 259 3562 1815 3643; baseline 0.002 -20"><span class='ocrx_word' id='word_1_206' title='bbox 259 3565 426 3643; x_wconf 90' lang='lat' dir='ltr'><strong>quod</strong></span> <span class='ocrx_word' id='word_1_207' title='bbox 462 3562 990 3624; x_wconf 85' lang='lat' dir='ltr'><strong>evidentissimum</strong></span> <span class='ocrx_word' id='word_1_208' title='bbox 1028 3564 1130 3639; x_wconf 91' lang='lat' dir='ltr'><strong>sit,</strong></span> <span class='ocrx_word' id='word_1_209' title='bbox 1160 3580 1374 3626; x_wconf 89' lang='lat' dir='ltr'><strong>omnes</strong></span> <span class='ocrx_word' id='word_1_210' title='bbox 1415 3567 1669 3626; x_wconf 90' lang='lat' dir='ltr'><strong>omnino</strong></span> <span class='ocrx_word' id='word_1_211' title='bbox 1705 3566 1815 3626; x_wconf 89' lang='lat' dir='ltr'><strong>ho-</strong></span> 
     </span>
     <span class='ocr_line' id='line_1_34' title="bbox 258 3654 1813 3737; baseline 0.001 -21"><span class='ocrx_word' id='word_1_212' title='bbox 258 3655 458 3716; x_wconf 90' lang='lat' dir='ltr'><strong>mines</strong></span> <span class='ocrx_word' id='word_1_213' title='bbox 488 3659 753 3716; x_wconf 86' lang='lat' dir='ltr'><strong>viatores</strong></span> <span class='ocrx_word' id='word_1_214' title='bbox 775 3654 1015 3716; x_wconf 87' lang='lat' dir='ltr'><strong>adultos</strong></span> <span class='ocrx_word' id='word_1_215' title='bbox 1036 3657 1133 3733; x_wconf 89' lang='lat' dir='ltr'><strong>(de</strong></span> <span class='ocrx_word' id='word_1_216' title='bbox 1160 3657 1258 3717; x_wconf 89' lang='lat' dir='ltr'><strong>his</strong></span> <span class='ocrx_word' id='word_1_217' title='bbox 1285 3658 1451 3718; x_wconf 87' lang='lat' dir='ltr'><strong>enim</strong></span> <span class='ocrx_word' id='word_1_218' title='bbox 1477 3658 1813 3737; x_wconf 85' lang='lat' dir='ltr'><strong>loquimur)</strong></span> 
     </span>
     <span class='ocr_line' id='line_1_35' title="bbox 257 3747 1816 3827; baseline 0.003 -19"><span class='ocrx_word' id='word_1_219' title='bbox 257 3767 390 3808; x_wconf 87' lang='lat' dir='ltr'><strong>esse</strong></span> <span class='ocrx_word' id='word_1_220' title='bbox 423 3747 727 3826; x_wconf 87' lang='lat' dir='ltr'><strong>subjectos</strong></span> <span class='ocrx_word' id='word_1_221' title='bbox 769 3747 956 3807; x_wconf 86' lang='lat' dir='ltr'><strong>alicui</strong></span> <span class='ocrx_word' id='word_1_222' title='bbox 998 3749 1144 3827; x_wconf 85' lang='lat' dir='ltr'><strong>legi.</strong></span> <span class='ocrx_word' id='word_1_223' title='bbox 1177 3750 1592 3811; x_wconf 90' lang='lat' dir='ltr'><strong>Nihilominus</strong></span> <span class='ocrx_word' id='word_1_224' title='bbox 1623 3751 1816 3812; x_wconf 84' lang='lat' dir='ltr'><strong>haere·</strong></span> 
     </span>
     <span class='ocr_line' id='line_1_36' title="bbox 257 3840 1814 3921; baseline 0.002 -21"><span class='ocrx_word' id='word_1_225' title='bbox 257 3840 363 3900; x_wconf 87' lang='lat' dir='ltr'><strong>tici</strong></span> <span class='ocrx_word' id='word_1_226' title='bbox 393 3840 579 3918; x_wconf 73' lang='lat' dir='ltr'><strong>hans</strong></span> <span class='ocrx_word' id='word_1_227' title='bbox 610 3840 905 3919; x_wconf 88' lang='lat' dir='ltr'><strong>temporis</strong></span> <span class='ocrx_word' id='word_1_228' title='bbox 936 3848 1165 3919; x_wconf 89' lang='lat' dir='ltr'><strong>cogunt</strong></span> <span class='ocrx_word' id='word_1_229' title='bbox 1191 3860 1302 3902; x_wconf 90' lang='lat' dir='ltr'><strong>nos</strong></span> <span class='ocrx_word' id='word_1_230' title='bbox 1321 3847 1390 3901; x_wconf 88' lang='lat' dir='ltr'><strong>ut</strong></span> <span class='ocrx_word' id='word_1_231' title='bbox 1412 3844 1814 3921; x_wconf 63' lang='lat' dir='ltr'><strong>quaestionem</strong></span> 
     </span>
     <span class='ocr_line' id='line_1_37' title="bbox 257 3931 1816 4015; baseline 0.003 -24"><span class='ocrx_word' id='word_1_232' title='bbox 257 3931 420 3992; x_wconf 90' lang='lat' dir='ltr'><strong>hanc</strong></span> <span class='ocrx_word' id='word_1_233' title='bbox 460 3932 579 3992; x_wconf 93' lang='lat' dir='ltr'><strong>hoc</strong></span> <span class='ocrx_word' id='word_1_234' title='bbox 622 3931 757 3992; x_wconf 91' lang='lat' dir='ltr'><strong>loco</strong></span> <span class='ocrx_word' id='word_1_235' title='bbox 787 3932 856 3991; x_wconf 91' lang='lat' dir='ltr'><strong>in</strong></span> <span class='ocrx_word' id='word_1_236' title='bbox 901 3933 1175 4009; x_wconf 90' lang='lat' dir='ltr'><strong>generali</strong></span> <span class='ocrx_word' id='word_1_237' title='bbox 1213 3939 1566 4010; x_wconf 78' lang='lat' dir='ltr'><strong>tractemuS,</strong></span> <span class='ocrx_word' id='word_1_238' title='bbox 1596 3937 1664 3996; x_wconf 92' lang='lat' dir='ltr'><strong>in</strong></span> <span class='ocrx_word' id='word_1_239' title='bbox 1693 3954 1816 4015; x_wconf 88' lang='lat' dir='ltr'><strong>qua</strong></span> 
     </span>
     <span class='ocr_line' id='line_1_38' title="bbox 259 4025 1817 4106; baseline 0.003 -21"><span class='ocrx_word' id='word_1_240' title='bbox 259 4042 389 4086; x_wconf 91' lang='lat' dir='ltr'><strong>non</strong></span> <span class='ocrx_word' id='word_1_241' title='bbox 423 4025 791 4104; x_wconf 88' lang='lat' dir='ltr'><strong>inquirimus</strong></span> <span class='ocrx_word' id='word_1_242' title='bbox 821 4025 925 4102; x_wconf 90' lang='lat' dir='ltr'><strong>qui</strong></span> <span class='ocrx_word' id='word_1_243' title='bbox 965 4025 1247 4087; x_wconf 86' lang='lat' dir='ltr'><strong>homines</strong></span> <span class='ocrx_word' id='word_1_244' title='bbox 1273 4027 1627 4105; x_wconf 87' lang='lat' dir='ltr'><strong>obligentur</strong></span> <span class='ocrx_word' id='word_1_245' title='bbox 1665 4029 1817 4106; x_wconf 84' lang='lat' dir='ltr'><strong>legi-</strong></span> 
     </span>
     <span class='ocr_line' id='line_1_39' title="bbox 258 4118 1816 4196; baseline 0.001 -18"><span class='ocrx_word' id='word_1_246' title='bbox 258 4118 374 4178; x_wconf 87' lang='lat' dir='ltr'><strong>bus</strong></span> <span class='ocrx_word' id='word_1_247' title='bbox 413 4118 714 4196; x_wconf 80' lang='lat' dir='ltr'><strong>positiviS‚</strong></span> <span class='ocrx_word' id='word_1_248' title='bbox 749 4118 996 4191; x_wconf 78' lang='lat' dir='ltr'><strong>diviniS‚</strong></span> <span class='ocrx_word' id='word_1_249' title='bbox 1035 4124 1145 4177; x_wconf 91' lang='lat' dir='ltr'><strong>aut</strong></span> <span class='ocrx_word' id='word_1_250' title='bbox 1182 4119 1504 4195; x_wconf 85' lang='lat' dir='ltr'><strong>humanis3</strong></span> <span class='ocrx_word' id='word_1_251' title='bbox 1534 4120 1662 4178; x_wconf 91' lang='lat' dir='ltr'><strong>imo</strong></span> <span class='ocrx_word' id='word_1_252' title='bbox 1703 4137 1816 4179; x_wconf 90' lang='lat' dir='ltr'><strong>nec</strong></span> 
     </span>
     <span class='ocr_line' id='line_1_40' title="bbox 260 4209 1820 4289; baseline 0 -19"><span class='ocrx_word' id='word_1_253' title='bbox 260 4210 369 4289; x_wconf 90' lang='lat' dir='ltr'><strong>qui</strong></span> <span class='ocrx_word' id='word_1_254' title='bbox 397 4209 752 4287; x_wconf 89' lang='lat' dir='ltr'><strong>obligentur</strong></span> <span class='ocrx_word' id='word_1_255' title='bbox 778 4209 915 4288; x_wconf 89' lang='lat' dir='ltr'><strong>lege</strong></span> <span class='ocrx_word' id='word_1_256' title='bbox 939 4210 1237 4270; x_wconf 84' lang='lat' dir='ltr'><strong>naturali:</strong></span> <span class='ocrx_word' id='word_1_257' title='bbox 1265 4210 1394 4270; x_wconf 82' lang='lat' dir='ltr'><strong>haec</strong></span> <span class='ocrx_word' id='word_1_258' title='bbox 1416 4211 1584 4269; x_wconf 91' lang='lat' dir='ltr'><strong>enim</strong></span> <span class='ocrx_word' id='word_1_259' title='bbox 1609 4216 1820 4288; x_wconf 87' lang='lat' dir='ltr'><strong>postea</strong></span> 
     </span>
     <span class='ocr_line' id='line_1_41' title="bbox 260 4301 1821 4383; baseline 0 -20"><span class='ocrx_word' id='word_1_260' title='bbox 260 4304 328 4363; x_wconf 92' lang='lat' dir='ltr'><strong>in</strong></span> <span class='ocrx_word' id='word_1_261' title='bbox 374 4303 730 4383; x_wconf 85' lang='lat' dir='ltr'><strong>particulari</strong></span> <span class='ocrx_word' id='word_1_262' title='bbox 762 4302 1139 4379; x_wconf 83' lang='lat' dir='ltr'><strong>videbimus;</strong></span> <span class='ocrx_word' id='word_1_263' title='bbox 1170 4303 1336 4363; x_wconf 90' lang='lat' dir='ltr'><strong>unde</strong></span> <span class='ocrx_word' id='word_1_264' title='bbox 1375 4301 1572 4362; x_wconf 87' lang='lat' dir='ltr'><strong>multo</strong></span> <span class='ocrx_word' id='word_1_265' title='bbox 1612 4302 1821 4363; x_wconf 90' lang='lat' dir='ltr'><strong>minus</strong></span> 
     </span>
     <span class='ocr_line' id='line_1_42' title="bbox 258 4396 1821 4476; baseline 0.001 -20"><span class='ocrx_word' id='word_1_266' title='bbox 258 4397 634 4476; x_wconf 83' lang='lat' dir='ltr'><strong>inquirimus</strong></span> <span class='ocrx_word' id='word_1_267' title='bbox 674 4415 756 4456; x_wconf 90' lang='lat' dir='ltr'><strong>an</strong></span> <span class='ocrx_word' id='word_1_268' title='bbox 793 4414 1007 4457; x_wconf 90' lang='lat' dir='ltr'><strong>omnes</strong></span> <span class='ocrx_word' id='word_1_269' title='bbox 1032 4396 1316 4457; x_wconf 90' lang='lat' dir='ltr'><strong>homines</strong></span> <span class='ocrx_word' id='word_1_270' title='bbox 1356 4396 1644 4457; x_wconf 89' lang='lat' dir='ltr'><strong>omnibus</strong></span> <span class='ocrx_word' id='word_1_271' title='bbox 1669 4397 1821 4474; x_wconf 90' lang='lat' dir='ltr'><strong>legi·</strong></span> 
     </span>
     <span class='ocr_line' id='line_1_43' title="bbox 258 4489 1823 4568; baseline -0.001 -17"><span class='ocrx_word' id='word_1_272' title='bbox 258 4490 375 4551; x_wconf 91' lang='lat' dir='ltr'><strong>bus</strong></span> <span class='ocrx_word' id='word_1_273' title='bbox 412 4489 803 4567; x_wconf 87' lang='lat' dir='ltr'><strong>obligentur:</strong></span> <span class='ocrx_word' id='word_1_274' title='bbox 833 4507 981 4549; x_wconf 88' lang='lat' dir='ltr'><strong>nam</strong></span> <span class='ocrx_word' id='word_1_275' title='bbox 1015 4490 1253 4549; x_wconf 90' lang='lat' dir='ltr'><strong>clarum</strong></span> <span class='ocrx_word' id='word_1_276' title='bbox 1290 4498 1380 4550; x_wconf 87' lang='lat' dir='ltr'><strong>est</strong></span> <span class='ocrx_word' id='word_1_277' title='bbox 1405 4508 1532 4549; x_wconf 92' lang='lat' dir='ltr'><strong>non</strong></span> <span class='ocrx_word' id='word_1_278' title='bbox 1560 4489 1823 4568; x_wconf 89' lang='lat' dir='ltr'><strong>obligari</strong></span> 
     </span>
     <span class='ocr_line' id='line_1_44' title="bbox 257 4581 1819 4660; baseline -0.001 -18"><span class='ocrx_word' id='word_1_279' title='bbox 257 4582 534 4660; x_wconf 86' lang='lat' dir='ltr'><strong>singulos</strong></span> <span class='ocrx_word' id='word_1_280' title='bbox 562 4581 849 4642; x_wconf 90' lang='lat' dir='ltr'><strong>omnibus</strong></span> <span class='ocrx_word' id='word_1_281' title='bbox 877 4587 939 4641; x_wconf 93' lang='lat' dir='ltr'><strong>et</strong></span> <span class='ocrx_word' id='word_1_282' title='bbox 966 4582 1226 4659; x_wconf 88' lang='lat' dir='ltr'><strong>singulis</strong></span> <span class='ocrx_word' id='word_1_283' title='bbox 1251 4582 1530 4659; x_wconf 91' lang='lat' dir='ltr'><strong>legibus:</strong></span> <span class='ocrx_word' id='word_1_284' title='bbox 1564 4582 1627 4641; x_wconf 91' lang='lat' dir='ltr'><strong>id</strong></span> <span class='ocrx_word' id='word_1_285' title='bbox 1651 4583 1819 4643; x_wconf 90' lang='lat' dir='ltr'><strong>enim</strong></span> 
     </span>
     <span class='ocr_line' id='line_1_45' title="bbox 257 4674 1821 4754; baseline -0.001 -19"><span class='ocrx_word' id='word_1_286' title='bbox 257 4674 462 4754; x_wconf 88' lang='lat' dir='ltr'><strong>quoad</strong></span> <span class='ocrx_word' id='word_1_287' title='bbox 486 4675 654 4752; x_wconf 89' lang='lat' dir='ltr'><strong>leges</strong></span> <span class='ocrx_word' id='word_1_288' title='bbox 679 4675 976 4753; x_wconf 87' lang='lat' dir='ltr'><strong>positivas</strong></span> <span class='ocrx_word' id='word_1_289' title='bbox 999 4692 1113 4735; x_wconf 91' lang='lat' dir='ltr'><strong>nec</strong></span> <span class='ocrx_word' id='word_1_290' title='bbox 1135 4675 1542 4736; x_wconf 88' lang='lat' dir='ltr'><strong>necessarium</strong></span> <span class='ocrx_word' id='word_1_291' title='bbox 1564 4681 1675 4750; x_wconf 89' lang='lat' dir='ltr'><strong>est,</strong></span> <span class='ocrx_word' id='word_1_292' title='bbox 1706 4692 1821 4734; x_wconf 91' lang='lat' dir='ltr'><strong>nec</strong></span> 
     </span>
     <span class='ocr_line' id='line_1_46' title="bbox 258 4767 1819 4847; baseline -0.001 -20"><span class='ocrx_word' id='word_1_293' title='bbox 258 4767 570 4847; x_wconf 88' lang='lat' dir='ltr'><strong>possibile,</strong></span> <span class='ocrx_word' id='word_1_294' title='bbox 606 4772 677 4827; x_wconf 94' lang='lat' dir='ltr'><strong>ut</strong></span> <span class='ocrx_word' id='word_1_295' title='bbox 719 4784 830 4846; x_wconf 90' lang='lat' dir='ltr'><strong>per</strong></span> <span class='ocrx_word' id='word_1_296' title='bbox 875 4785 939 4827; x_wconf 90' lang='lat' dir='ltr'><strong>se</strong></span> <span class='ocrx_word' id='word_1_297' title='bbox 985 4771 1077 4826; x_wconf 90' lang='lat' dir='ltr'><strong>est</strong></span> <span class='ocrx_word' id='word_1_298' title='bbox 1115 4772 1372 4826; x_wconf 83' lang='lat' dir='ltr'><strong>notum:</strong></span> <span class='ocrx_word' id='word_1_299' title='bbox 1424 4767 1624 4827; x_wconf 87' lang='lat' dir='ltr'><strong>solum</strong></span> <span class='ocrx_word' id='word_1_300' title='bbox 1672 4784 1819 4844; x_wconf 89' lang='lat' dir='ltr'><strong>ergo</strong></span> 
     </span>
     <span class='ocr_line' id='line_1_47' title="bbox 259 4858 1819 4938; baseline 0.001 -20"><span class='ocrx_word' id='word_1_301' title='bbox 259 4859 638 4938; x_wconf 89' lang='lat' dir='ltr'><strong>inquirimus</strong></span> <span class='ocrx_word' id='word_1_302' title='bbox 674 4877 757 4919; x_wconf 89' lang='lat' dir='ltr'><strong>an</strong></span> <span class='ocrx_word' id='word_1_303' title='bbox 785 4858 1079 4936; x_wconf 85' lang='lat' dir='ltr'><strong>obligatio</strong></span> <span class='ocrx_word' id='word_1_304' title='bbox 1111 4858 1287 4936; x_wconf 75' lang='lat' dir='ltr'><strong>legiS,</strong></span> <span class='ocrx_word' id='word_1_305' title='bbox 1316 4863 1386 4918; x_wconf 88' lang='lat' dir='ltr'><strong>ut</strong></span> <span class='ocrx_word' id='word_1_306' title='bbox 1424 4858 1532 4934; x_wconf 90' lang='lat' dir='ltr'><strong>sic,</strong></span> <span class='ocrx_word' id='word_1_307' title='bbox 1567 4877 1674 4919; x_wconf 90' lang='lat' dir='ltr'><strong>seu</strong></span> <span class='ocrx_word' id='word_1_308' title='bbox 1707 4858 1819 4919; x_wconf 89' lang='lat' dir='ltr'><strong>ali-</strong></span> 
     </span>
     <span class='ocr_line' id='line_1_48' title="bbox 261 4951 1817 5029; baseline -0.001 -18"><span class='ocrx_word' id='word_1_309' title='bbox 261 4954 441 5029; x_wconf 88' lang='lat' dir='ltr'><strong>cujus</strong></span> <span class='ocrx_word' id='word_1_310' title='bbox 468 4952 646 5029; x_wconf 66' lang='grc'>18513,</span> <span class='ocrx_word' id='word_1_311' title='bbox 673 4951 998 5024; x_wconf 87' lang='lat' dir='ltr'><strong>abstracte,</strong></span> <span class='ocrx_word' id='word_1_312' title='bbox 1024 4969 1133 5012; x_wconf 89' lang='lat' dir='ltr'><strong>seu</strong></span> <span class='ocrx_word' id='word_1_313' title='bbox 1159 4952 1516 5029; x_wconf 86' lang='lat' dir='ltr'><strong>disjunctim</strong></span> <span class='ocrx_word' id='word_1_314' title='bbox 1538 4955 1817 5029; x_wconf 82' lang='lat' dir='ltr'><strong>sumptae,</strong></span> 
     </span>
     <span class='ocr_line' id='line_1_49' title="bbox 261 5043 1819 5123; baseline -0.001 -19"><span class='ocrx_word' id='word_1_315' title='bbox 261 5044 342 5105; x_wconf 88' lang='lat' dir='ltr'><strong>ad</strong></span> <span class='ocrx_word' id='word_1_316' title='bbox 372 5062 589 5105; x_wconf 88' lang='lat' dir='ltr'><strong>omnes</strong></span> <span class='ocrx_word' id='word_1_317' title='bbox 611 5045 896 5106; x_wconf 87' lang='lat' dir='ltr'><strong>homines</strong></span> <span class='ocrx_word' id='word_1_318' title='bbox 922 5044 1248 5123; x_wconf 88' lang='lat' dir='ltr'><strong>pertineat,</strong></span> <span class='ocrx_word' id='word_1_319' title='bbox 1272 5046 1359 5104; x_wconf 88' lang='lat' dir='ltr'><strong>ita</strong></span> <span class='ocrx_word' id='word_1_320' title='bbox 1388 5050 1458 5104; x_wconf 90' lang='lat' dir='ltr'><strong>ut</strong></span> <span class='ocrx_word' id='word_1_321' title='bbox 1485 5043 1691 5103; x_wconf 89' lang='lat' dir='ltr'><strong>nullus</strong></span> <span class='ocrx_word' id='word_1_322' title='bbox 1717 5044 1819 5118; x_wconf 88' lang='lat' dir='ltr'><strong>sit,</strong></span> 
     </span>
     <span class='ocr_line' id='line_1_50' title="bbox 260 5135 1579 5215; baseline 0.001 -20"><span class='ocrx_word' id='word_1_323' title='bbox 260 5137 369 5215; x_wconf 86' lang='lat' dir='ltr'><strong>qui</strong></span> <span class='ocrx_word' id='word_1_324' title='bbox 395 5137 552 5215; x_wconf 87' lang='lat' dir='ltr'><strong>jugo</strong></span> <span class='ocrx_word' id='word_1_325' title='bbox 574 5136 832 5215; x_wconf 89' lang='lat' dir='ltr'><strong>alicujus</strong></span> <span class='ocrx_word' id='word_1_326' title='bbox 865 5136 1020 5215; x_wconf 88' lang='lat' dir='ltr'><strong>legis</strong></span> <span class='ocrx_word' id='word_1_327' title='bbox 1041 5154 1169 5196; x_wconf 93' lang='lat' dir='ltr'><strong>non</strong></span> <span class='ocrx_word' id='word_1_328' title='bbox 1196 5135 1579 5215; x_wconf 88' lang='lat' dir='ltr'><strong>subjiciatur.</strong></span> 
     </span>
    </p>

    <p class='ocr_par' dir='ltr' id='par_1_8' title="bbox 258 5229 1830 5586">
     <span class='ocr_line' id='line_1_51' title="bbox 342 5229 1825 5307; baseline 0 -19"><span class='ocrx_word' id='word_1_329' title='bbox 342 5231 402 5288; x_wconf 75' lang='lat'><strong>2.</strong></span> <span class='ocrx_word' id='word_1_330' title='bbox 449 5230 748 5291; x_wconf 71' lang='lat' dir='ltr'><strong>Hoeretioi</strong></span> <span class='ocrx_word' id='word_1_331' title='bbox 765 5231 970 5307; x_wconf 73' lang='lat' dir='ltr'><strong>justos</strong></span> <span class='ocrx_word' id='word_1_332' title='bbox 997 5247 1192 5290; x_wconf 77' lang='lat' dir='ltr'><strong>omnes</strong></span> <span class='ocrx_word' id='word_1_333' title='bbox 1222 5231 1488 5290; x_wconf 61' lang='lat' dir='ltr'><strong>azimum</strong></span> <span class='ocrx_word' id='word_1_334' title='bbox 1515 5247 1554 5291; x_wconf 85' lang='lat' dir='ltr'><strong><em>a</em></strong></span> <span class='ocrx_word' id='word_1_335' title='bbox 1579 5229 1721 5307; x_wconf 73' lang='lat' dir='ltr'><strong>leqe.</strong></span> <span class='ocrx_word' id='word_1_336' title='bbox 1745 5263 1825 5273; x_wconf 95' lang='lat'>—</span> 
     </span>
     <span class='ocr_line' id='line_1_52' title="bbox 265 5321 1829 5399; baseline 0 -18"><span class='ocrx_word' id='word_1_337' title='bbox 265 5321 551 5381; x_wconf 62' lang='lat' dir='ltr'><strong>Haeretici</strong></span> <span class='ocrx_word' id='word_1_338' title='bbox 579 5323 749 5382; x_wconf 91' lang='lat' dir='ltr'><strong>enim</strong></span> <span class='ocrx_word' id='word_1_339' title='bbox 776 5321 964 5399; x_wconf 89' lang='lat' dir='ltr'><strong>hujus</strong></span> <span class='ocrx_word' id='word_1_340' title='bbox 994 5321 1291 5398; x_wconf 85' lang='lat' dir='ltr'><strong>temporis</strong></span> <span class='ocrx_word' id='word_1_341' title='bbox 1319 5321 1539 5380; x_wconf 89' lang='lat' dir='ltr'><strong>docent</strong></span> <span class='ocrx_word' id='word_1_342' title='bbox 1565 5321 1763 5397; x_wconf 89' lang='lat' dir='ltr'><strong>justos</strong></span> <span class='ocrx_word' id='word_1_343' title='bbox 1791 5339 1829 5381; x_wconf 91' lang='lat' dir='ltr'><strong>a</strong></span> 
     </span>
     <span class='ocr_line' id='line_1_53' title="bbox 258 5414 1829 5493; baseline 0 -19"><span class='ocrx_word' id='word_1_344' title='bbox 258 5415 414 5493; x_wconf 89' lang='lat' dir='ltr'><strong>jugo</strong></span> <span class='ocrx_word' id='word_1_345' title='bbox 441 5414 594 5492; x_wconf 85' lang='lat' dir='ltr'><strong>legis</strong></span> <span class='ocrx_word' id='word_1_346' title='bbox 621 5419 937 5493; x_wconf 85' lang='lat' dir='ltr'><strong>exemptos</strong></span> <span class='ocrx_word' id='word_1_347' title='bbox 961 5431 1115 5489; x_wconf 89' lang='lat' dir='ltr'><strong>esse,</strong></span> <span class='ocrx_word' id='word_1_348' title='bbox 1146 5420 1208 5475; x_wconf 88' lang='lat' dir='ltr'><strong>et</strong></span> <span class='ocrx_word' id='word_1_349' title='bbox 1233 5432 1360 5474; x_wconf 91' lang='lat' dir='ltr'><strong>non</strong></span> <span class='ocrx_word' id='word_1_350' title='bbox 1388 5414 1728 5492; x_wconf 87' lang='lat' dir='ltr'><strong>loquuntur</strong></span> <span class='ocrx_word' id='word_1_351' title='bbox 1754 5414 1829 5474; x_wconf 88' lang='lat' dir='ltr'><strong>de</strong></span> 
     </span>
     <span class='ocr_line' id='line_1_54' title="bbox 264 5506 1830 5586; baseline 0.001 -19"><span class='ocrx_word' id='word_1_352' title='bbox 264 5507 406 5585; x_wconf 90' lang='lat' dir='ltr'><strong>lege</strong></span> <span class='ocrx_word' id='word_1_353' title='bbox 451 5512 696 5568; x_wconf 86' lang='lat' dir='ltr'><strong>tantum</strong></span> <span class='ocrx_word' id='word_1_354' title='bbox 738 5506 1037 5582; x_wconf 90' lang='lat' dir='ltr'><strong>humana,</strong></span> <span class='ocrx_word' id='word_1_355' title='bbox 1081 5513 1153 5567; x_wconf 90' lang='lat' dir='ltr'><strong>ut</strong></span> <span class='ocrx_word' id='word_1_356' title='bbox 1197 5506 1387 5586; x_wconf 88' lang='lat' dir='ltr'><strong>aliqui</strong></span> <span class='ocrx_word' id='word_1_357' title='bbox 1428 5512 1690 5585; x_wconf 84' lang='lat' dir='ltr'><strong>putant:</strong></span> <span class='ocrx_word' id='word_1_358' title='bbox 1723 5506 1830 5568; x_wconf 89' lang='lat' dir='ltr'><strong>sed</strong></span> 
     </span>
    </p>
   </div>
   <div class='ocr_carea' id='block_1_8' title="bbox 3402 402 3482 463">
    <p class='ocr_par' dir='ltr' id='par_1_9' title="bbox 3402 402 3482 463">
     <span class='ocr_line' id='line_1_55' title="bbox 3402 402 3482 463; baseline 0 0"><span class='ocrx_word' id='word_1_359' title='bbox 3402 402 3482 463; x_wconf 79' lang='lat'><strong>69</strong></span> 
     </span>
    </p>
   </div>
   <div class='ocr_carea' id='block_1_9' title="bbox 1894 509 3483 4830">
    <p class='ocr_par' dir='ltr' id='par_1_10' title="bbox 1894 509 3483 4830">
     <span class='ocr_line' id='line_1_56' title="bbox 1918 509 3481 592; baseline -0.003 -20"><span class='ocrx_word' id='word_1_360' title='bbox 1918 512 2281 591; x_wconf 88' lang='lat' dir='ltr'><strong>simpliciter</strong></span> <span class='ocrx_word' id='word_1_361' title='bbox 2315 513 2392 574; x_wconf 90' lang='lat' dir='ltr'><strong>de</strong></span> <span class='ocrx_word' id='word_1_362' title='bbox 2420 513 2581 592; x_wconf 89' lang='lat' dir='ltr'><strong>lege,</strong></span> <span class='ocrx_word' id='word_1_363' title='bbox 2610 520 2681 572; x_wconf 87' lang='lat' dir='ltr'><strong>ut</strong></span> <span class='ocrx_word' id='word_1_364' title='bbox 2709 532 2782 573; x_wconf 88' lang='lat' dir='ltr'><strong>ex</strong></span> <span class='ocrx_word' id='word_1_365' title='bbox 2814 529 3026 572; x_wconf 90' lang='lat' dir='ltr'><strong>eorum</strong></span> <span class='ocrx_word' id='word_1_366' title='bbox 3056 509 3481 569; x_wconf 85' lang='lat' dir='ltr'><strong>fundamentis</strong></span> 
     </span>
     <span class='ocr_line' id='line_1_57' title="bbox 1918 605 3478 685; baseline -0.004 -19"><span class='ocrx_word' id='word_1_367' title='bbox 1918 607 2242 666; x_wconf 85' lang='lat' dir='ltr'><strong>manifeste</strong></span> <span class='ocrx_word' id='word_1_368' title='bbox 2269 606 2619 685; x_wconf 85' lang='lat' dir='ltr'><strong>colligitur:</strong></span> <span class='ocrx_word' id='word_1_369' title='bbox 2678 624 2817 685; x_wconf 81' lang='lat' dir='ltr'><strong>quae</strong></span> <span class='ocrx_word' id='word_1_370' title='bbox 2845 605 3175 682; x_wconf 70' lang='lat' dir='ltr'><strong>dulgenter</strong></span> <span class='ocrx_word' id='word_1_371' title='bbox 3204 608 3265 661; x_wconf 89' lang='lat' dir='ltr'><strong>et</strong></span> <span class='ocrx_word' id='word_1_372' title='bbox 3305 620 3478 662; x_wconf 84' lang='lat' dir='ltr'><strong>aecu-</strong></span> 
     </span>
     <span class='ocr_line' id='line_1_58' title="bbox 1919 694 3478 775; baseline -0.003 -16"><span class='ocrx_word' id='word_1_373' title='bbox 1919 703 2051 758; x_wconf 90' lang='lat' dir='ltr'><strong>rate</strong></span> <span class='ocrx_word' id='word_1_374' title='bbox 2101 698 2458 775; x_wconf 86' lang='lat' dir='ltr'><strong>expendunt</strong></span> <span class='ocrx_word' id='word_1_375' title='bbox 2514 699 2727 758; x_wconf 87' lang='lat' dir='ltr'><strong>Petrus</strong></span> <span class='ocrx_word' id='word_1_376' title='bbox 2773 697 3076 770; x_wconf 89' lang='lat' dir='ltr'><strong>Canisius,</strong></span> <span class='ocrx_word' id='word_1_377' title='bbox 3119 694 3279 753; x_wconf 89' lang='lat' dir='ltr'><strong>libro</strong></span> <span class='ocrx_word' id='word_1_378' title='bbox 3324 698 3353 754; x_wconf 83' lang='lat'><strong>1</strong></span> <span class='ocrx_word' id='word_1_379' title='bbox 3400 694 3478 756; x_wconf 88' lang='lat' dir='ltr'><strong>de</strong></span> 
     </span>
     <span class='ocr_line' id='line_1_59' title="bbox 1921 786 3475 868; baseline -0.003 -18"><span class='ocrx_word' id='word_1_380' title='bbox 1921 789 2292 868; x_wconf 89' lang='lat' dir='ltr'><strong>Corruptelis</strong></span> <span class='ocrx_word' id='word_1_381' title='bbox 2332 788 2503 849; x_wconf 83' lang='lat' dir='ltr'><strong>verbi</strong></span> <span class='ocrx_word' id='word_1_382' title='bbox 2568 790 2714 863; x_wconf 89' lang='lat' dir='ltr'><strong>Dei,</strong></span> <span class='ocrx_word' id='word_1_383' title='bbox 2769 807 2903 867; x_wconf 87' lang='lat' dir='ltr'><strong>cap.</strong></span> <span class='ocrx_word' id='word_1_384' title='bbox 2950 791 3018 848; x_wconf 78' lang='lat'><strong>11</strong></span> <span class='ocrx_word' id='word_1_385' title='bbox 3051 831 3073 862; x_wconf 93' lang='lat'><strong>,</strong></span> <span class='ocrx_word' id='word_1_386' title='bbox 3116 786 3434 847; x_wconf 87' lang='lat' dir='ltr'><strong>Salmcron</strong></span> <span class='ocrx_word' id='word_1_387' title='bbox 3454 831 3475 862; x_wconf 93' lang='lat'><strong>,</strong></span> 
     </span>
     <span class='ocr_line' id='line_1_60' title="bbox 1918 879 3482 963; baseline -0.002 -19"><span class='ocrx_word' id='word_1_388' title='bbox 1918 885 1986 944; x_wconf 90' lang='lat' dir='ltr'><strong>in</strong></span> <span class='ocrx_word' id='word_1_389' title='bbox 2017 885 2268 963; x_wconf 87' lang='lat' dir='ltr'><strong>Epistol.</strong></span> <span class='ocrx_word' id='word_1_390' title='bbox 2295 884 2373 944; x_wconf 90' lang='lat' dir='ltr'><strong>ad</strong></span> <span class='ocrx_word' id='word_1_391' title='bbox 2395 883 2621 957; x_wconf 68' lang='lat' dir='ltr'><strong>Galat„</strong></span> <span class='ocrx_word' id='word_1_392' title='bbox 2663 883 2892 963; x_wconf 90' lang='lat' dir='ltr'><strong>disput.</strong></span> <span class='ocrx_word' id='word_1_393' title='bbox 2915 883 3015 956; x_wconf 69' lang='lat'><strong>14,</strong></span> <span class='ocrx_word' id='word_1_394' title='bbox 3056 887 3116 941; x_wconf 89' lang='lat' dir='ltr'><strong>et</strong></span> <span class='ocrx_word' id='word_1_395' title='bbox 3157 879 3482 941; x_wconf 85' lang='lat' dir='ltr'><strong>cardinalis</strong></span> 
     </span>
     <span class='ocr_line' id='line_1_61' title="bbox 1917 971 3483 1052; baseline -0.004 -15"><span class='ocrx_word' id='word_1_396' title='bbox 1917 976 2351 1052; x_wconf 81' lang='lat' dir='ltr'><strong>BellarminuS,</strong></span> <span class='ocrx_word' id='word_1_397' title='bbox 2392 975 2552 1036; x_wconf 88' lang='lat' dir='ltr'><strong>libro</strong></span> <span class='ocrx_word' id='word_1_398' title='bbox 2580 978 2620 1036; x_wconf 69' lang='lat'>4</span> <span class='ocrx_word' id='word_1_399' title='bbox 2651 975 2728 1036; x_wconf 88' lang='lat' dir='ltr'><strong>de</strong></span> <span class='ocrx_word' id='word_1_400' title='bbox 2749 971 3102 1047; x_wconf 84' lang='lat' dir='ltr'><strong>Justificat.‚</strong></span> <span class='ocrx_word' id='word_1_401' title='bbox 3124 989 3259 1050; x_wconf 90' lang='lat' dir='ltr'><strong>cap.</strong></span> <span class='ocrx_word' id='word_1_402' title='bbox 3288 976 3316 1031; x_wconf 79' lang='lat'><strong>1</strong></span> <span class='ocrx_word' id='word_1_403' title='bbox 3333 1019 3347 1043; x_wconf 92' lang='lat'><strong>,</strong></span> <span class='ocrx_word' id='word_1_404' title='bbox 3374 972 3483 1031; x_wconf 88' lang='lat' dir='ltr'><strong>ubi</strong></span> 
     </span>
     <span class='ocr_line' id='line_1_62' title="bbox 1914 1067 3481 1146; baseline -0.001 -18"><span class='ocrx_word' id='word_1_405' title='bbox 1914 1069 2079 1130; x_wconf 90' lang='lat' dir='ltr'><strong>inter</strong></span> <span class='ocrx_word' id='word_1_406' title='bbox 2106 1068 2259 1129; x_wconf 89' lang='lat' dir='ltr'><strong>alias</strong></span> <span class='ocrx_word' id='word_1_407' title='bbox 2287 1068 2539 1129; x_wconf 82' lang='lat' dir='ltr'><strong>Lutheri</strong></span> <span class='ocrx_word' id='word_1_408' title='bbox 2568 1067 2984 1146; x_wconf 87' lang='lat' dir='ltr'><strong>blasphemias</strong></span> <span class='ocrx_word' id='word_1_409' title='bbox 3005 1070 3365 1144; x_wconf 88' lang='lat' dir='ltr'><strong>sequentem</strong></span> <span class='ocrx_word' id='word_1_410' title='bbox 3386 1082 3481 1126; x_wconf 90' lang='grc'><strong>18-</strong></span> 
     </span>
     <span class='ocr_line' id='line_1_63' title="bbox 1912 1157 3481 1240; baseline -0.001 -20"><span class='ocrx_word' id='word_1_411' title='bbox 1912 1160 2033 1222; x_wconf 82' lang='lat' dir='ltr'><strong>fert</strong></span> <span class='ocrx_word' id='word_1_412' title='bbox 2078 1180 2156 1223; x_wconf 83' lang='lat' dir='ltr'><strong>ex</strong></span> <span class='ocrx_word' id='word_1_413' title='bbox 2193 1162 2461 1240; x_wconf 90' lang='lat' dir='ltr'><strong>quodam</strong></span> <span class='ocrx_word' id='word_1_414' title='bbox 2505 1161 2638 1237; x_wconf 88' lang='lat' dir='ltr'><strong>ejus</strong></span> <span class='ocrx_word' id='word_1_415' title='bbox 2683 1177 3007 1220; x_wconf 89' lang='lat' dir='ltr'><strong>sermone:</strong></span> <span class='ocrx_word' id='word_1_416' title='bbox 3068 1157 3397 1220; x_wconf 78' lang='lat' dir='ltr'><strong>Caveamus</strong></span> <span class='ocrx_word' id='word_1_417' title='bbox 3440 1174 3481 1219; x_wconf 83' lang='lat' dir='ltr'><em>a</em></span> 
     </span>
     <span class='ocr_line' id='line_1_64' title="bbox 1904 1251 3479 1333; baseline -0.003 -17"><span class='ocrx_word' id='word_1_418' title='bbox 1904 1256 2190 1333; x_wconf 77' lang='lat' dir='ltr'><strong>peccatis,</strong></span> <span class='ocrx_word' id='word_1_419' title='bbox 2218 1256 2322 1316; x_wconf 76' lang='lat' dir='ltr'><strong>sed</strong></span> <span class='ocrx_word' id='word_1_420' title='bbox 2350 1261 2404 1316; x_wconf 79' lang='lat' dir='ltr'><strong>et</strong></span> <span class='ocrx_word' id='word_1_421' title='bbox 2438 1255 2625 1316; x_wconf 75' lang='lat' dir='ltr'><strong>multo</strong></span> <span class='ocrx_word' id='word_1_422' title='bbox 2659 1253 2860 1330; x_wconf 61' lang='lat' dir='ltr'><strong>magis</strong></span> <span class='ocrx_word' id='word_1_423' title='bbox 2888 1269 2926 1312; x_wconf 87' lang='lat' dir='ltr'><em>a</em></span> <span class='ocrx_word' id='word_1_424' title='bbox 2956 1251 3188 1330; x_wconf 60' lang='lat' dir='ltr'><strong>legibus</strong></span> <span class='ocrx_word' id='word_1_425' title='bbox 3219 1255 3274 1313; x_wconf 77' lang='lat' dir='ltr'><strong>et</strong></span> <span class='ocrx_word' id='word_1_426' title='bbox 3311 1251 3479 1312; x_wconf 74' lang='lat' dir='ltr'><strong>bonis</strong></span> 
     </span>
     <span class='ocr_line' id='line_1_65' title="bbox 1910 1344 3479 1426; baseline -0.002 -17"><span class='ocrx_word' id='word_1_427' title='bbox 1910 1348 2210 1426; x_wconf 77' lang='lat' dir='ltr'><strong>operibus,</strong></span> <span class='ocrx_word' id='word_1_428' title='bbox 2235 1353 2289 1409; x_wconf 80' lang='lat' dir='ltr'><strong>et</strong></span> <span class='ocrx_word' id='word_1_429' title='bbox 2318 1352 2554 1409; x_wconf 78' lang='lat' dir='ltr'><strong>tantum</strong></span> <span class='ocrx_word' id='word_1_430' title='bbox 2579 1347 2956 1407; x_wconf 76' lang='lat' dir='ltr'><strong>attendamus</strong></span> <span class='ocrx_word' id='word_1_431' title='bbox 2974 1345 3056 1405; x_wconf 85' lang='lat' dir='ltr'><strong>ad</strong></span> <span class='ocrx_word' id='word_1_432' title='bbox 3082 1344 3198 1405; x_wconf 78' lang='lat' dir='ltr'><strong>Dei</strong></span> <span class='ocrx_word' id='word_1_433' title='bbox 3220 1345 3479 1421; x_wconf 77' lang='lat' dir='ltr'><strong>promis-</strong></span> 
     </span>
     <span class='ocr_line' id='line_1_66' title="bbox 1910 1435 3479 1516; baseline -0.005 -14"><span class='ocrx_word' id='word_1_434' title='bbox 1910 1442 2134 1502; x_wconf 77' lang='lat' dir='ltr'><strong>sionem</strong></span> <span class='ocrx_word' id='word_1_435' title='bbox 2156 1445 2212 1502; x_wconf 79' lang='lat' dir='ltr'><strong>et</strong></span> <span class='ocrx_word' id='word_1_436' title='bbox 2232 1441 2433 1516; x_wconf 79' lang='lat' dir='ltr'><strong>fidem.</strong></span> <span class='ocrx_word' id='word_1_437' title='bbox 2458 1439 2667 1500; x_wconf 82' lang='lat' dir='ltr'><strong>Refert</strong></span> <span class='ocrx_word' id='word_1_438' title='bbox 2695 1438 2909 1512; x_wconf 90' lang='lat' dir='ltr'><strong>etiam,</strong></span> <span class='ocrx_word' id='word_1_439' title='bbox 2929 1436 3091 1515; x_wconf 90' lang='lat' dir='ltr'><strong>ipsos</strong></span> <span class='ocrx_word' id='word_1_440' title='bbox 3107 1436 3175 1495; x_wconf 91' lang='lat' dir='ltr'><strong>in</strong></span> <span class='ocrx_word' id='word_1_441' title='bbox 3190 1435 3308 1495; x_wconf 93' lang='lat' dir='ltr'><strong>hoc</strong></span> <span class='ocrx_word' id='word_1_442' title='bbox 3334 1453 3479 1495; x_wconf 89' lang='lat' dir='ltr'><strong>con-</strong></span> 
     </span>
     <span class='ocr_line' id='line_1_67' title="bbox 1907 1528 3476 1606; baseline -0.003 -12"><span class='ocrx_word' id='word_1_443' title='bbox 1907 1533 2162 1594; x_wconf 88' lang='lat' dir='ltr'><strong>stituere</strong></span> <span class='ocrx_word' id='word_1_444' title='bbox 2207 1532 2557 1592; x_wconf 89' lang='lat' dir='ltr'><strong>libertatem</strong></span> <span class='ocrx_word' id='word_1_445' title='bbox 2600 1530 3039 1604; x_wconf 86' lang='lat' dir='ltr'><strong>Christianam,</strong></span> <span class='ocrx_word' id='word_1_446' title='bbox 3088 1528 3253 1606; x_wconf 92' lang='lat' dir='ltr'><strong>quod</strong></span> <span class='ocrx_word' id='word_1_447' title='bbox 3288 1528 3476 1589; x_wconf 90' lang='lat' dir='ltr'><strong>homo</strong></span> 
     </span>
     <span class='ocr_line' id='line_1_68' title="bbox 1903 1620 3473 1704; baseline -0.002 -20"><span class='ocrx_word' id='word_1_448' title='bbox 1903 1627 2105 1704; x_wconf 83' lang='lat' dir='ltr'><strong>justus</strong></span> <span class='ocrx_word' id='word_1_449' title='bbox 2135 1624 2293 1684; x_wconf 88' lang='lat' dir='ltr'><strong>liber</strong></span> <span class='ocrx_word' id='word_1_450' title='bbox 2320 1625 2398 1684; x_wconf 91' lang='lat' dir='ltr'><strong>sit</strong></span> <span class='ocrx_word' id='word_1_451' title='bbox 2427 1642 2466 1683; x_wconf 92' lang='lat' dir='ltr'><strong>a</strong></span> <span class='ocrx_word' id='word_1_452' title='bbox 2493 1623 2700 1684; x_wconf 88' lang='lat' dir='ltr'><strong>debito</strong></span> <span class='ocrx_word' id='word_1_453' title='bbox 2728 1621 2883 1698; x_wconf 89' lang='lat' dir='ltr'><strong>legis</strong></span> <span class='ocrx_word' id='word_1_454' title='bbox 2910 1620 3240 1701; x_wconf 80' lang='lat' dir='ltr'><strong>implendae</strong></span> <span class='ocrx_word' id='word_1_455' title='bbox 3267 1638 3473 1681; x_wconf 91' lang='lat' dir='ltr'><strong>coram</strong></span> 
     </span>
     <span class='ocr_line' id='line_1_69' title="bbox 1907 1699 3471 1792; baseline -0.002 -16"><span class='ocrx_word' id='word_1_456' title='bbox 1907 1718 2055 1792; x_wconf 90' lang='lat' dir='ltr'><strong>Deo,</strong></span> <span class='ocrx_word' id='word_1_457' title='bbox 2088 1717 2176 1776; x_wconf 88' lang='lat' dir='ltr'><strong>ita</strong></span> <span class='ocrx_word' id='word_1_458' title='bbox 2208 1721 2278 1776; x_wconf 85' lang='lat' dir='ltr'><strong>ut</strong></span> <span class='ocrx_word' id='word_1_459' title='bbox 2302 1715 2398 1775; x_wconf 89' lang='lat' dir='ltr'><strong>illi</strong></span> <span class='ocrx_word' id='word_1_460' title='bbox 2426 1715 2637 1775; x_wconf 89' lang='lat' dir='ltr'><strong>omnia</strong></span> <span class='ocrx_word' id='word_1_461' title='bbox 2669 1732 2856 1792; x_wconf 90' lang='lat' dir='ltr'><strong>opera</strong></span> <span class='ocrx_word' id='word_1_462' title='bbox 2877 1713 3003 1773; x_wconf 91' lang='lat' dir='ltr'><strong>sint</strong></span> <span class='ocrx_word' id='word_1_463' title='bbox 3029 1699 3471 1788; x_wconf 74' lang='lat' dir='ltr'><strong>indifferentia,</strong></span> 
     </span>
     <span class='ocr_line' id='line_1_70' title="bbox 1905 1803 3474 1887; baseline -0.001 -19"><span class='ocrx_word' id='word_1_464' title='bbox 1905 1808 1971 1868; x_wconf 91' lang='lat' dir='ltr'><strong>id</strong></span> <span class='ocrx_word' id='word_1_465' title='bbox 1996 1814 2104 1882; x_wconf 89' lang='lat' dir='ltr'><strong>est,</strong></span> <span class='ocrx_word' id='word_1_466' title='bbox 2132 1826 2246 1868; x_wconf 89' lang='lat' dir='ltr'><strong>nec</strong></span> <span class='ocrx_word' id='word_1_467' title='bbox 2265 1819 2591 1887; x_wconf 85' lang='lat' dir='ltr'><strong>praeeepta,</strong></span> <span class='ocrx_word' id='word_1_468' title='bbox 2618 1825 2732 1867; x_wconf 87' lang='lat' dir='ltr'><strong>nec</strong></span> <span class='ocrx_word' id='word_1_469' title='bbox 2754 1805 3085 1885; x_wconf 83' lang='lat' dir='ltr'><strong>prohibita.</strong></span> <span class='ocrx_word' id='word_1_470' title='bbox 3106 1803 3474 1866; x_wconf 89' lang='lat' dir='ltr'><strong>Fundantur</strong></span> 
     </span>
     <span class='ocr_line' id='line_1_71' title="bbox 1910 1898 3473 1979; baseline -0.001 -19"><span class='ocrx_word' id='word_1_471' title='bbox 1910 1901 2013 1961; x_wconf 87' lang='lat' dir='ltr'><strong>isti</strong></span> <span class='ocrx_word' id='word_1_472' title='bbox 2028 1901 2255 1979; x_wconf 87' lang='lat' dir='ltr'><strong>partim</strong></span> <span class='ocrx_word' id='word_1_473' title='bbox 2278 1901 2346 1959; x_wconf 91' lang='lat' dir='ltr'><strong>in</strong></span> <span class='ocrx_word' id='word_1_474' title='bbox 2374 1900 2685 1961; x_wconf 88' lang='lat' dir='ltr'><strong>erroribus</strong></span> <span class='ocrx_word' id='word_1_475' title='bbox 2714 1899 2860 1973; x_wconf 90' lang='lat' dir='ltr'><strong>suis,</strong></span> <span class='ocrx_word' id='word_1_476' title='bbox 2885 1899 3111 1978; x_wconf 90' lang='lat' dir='ltr'><strong>partim</strong></span> <span class='ocrx_word' id='word_1_477' title='bbox 3130 1899 3197 1957; x_wconf 91' lang='lat' dir='ltr'><strong>in</strong></span> <span class='ocrx_word' id='word_1_478' title='bbox 3218 1898 3473 1976; x_wconf 89' lang='lat' dir='ltr'><strong>quibus·</strong></span> 
     </span>
     <span class='ocr_line' id='line_1_72' title="bbox 1909 1990 3464 2070; baseline 0 -17"><span class='ocrx_word' id='word_1_479' title='bbox 1909 1993 2055 2053; x_wconf 90' lang='lat' dir='ltr'><strong>dam</strong></span> <span class='ocrx_word' id='word_1_480' title='bbox 2106 1993 2472 2053; x_wconf 88' lang='lat' dir='ltr'><strong>testimoniis</strong></span> <span class='ocrx_word' id='word_1_481' title='bbox 2518 1993 2848 2070; x_wconf 64' lang='lat' dir='ltr'><strong>Scriptura:</strong></span> <span class='ocrx_word' id='word_1_482' title='bbox 2890 2010 3078 2070; x_wconf 82' lang='lat' dir='ltr'><strong>prave</strong></span> <span class='ocrx_word' id='word_1_483' title='bbox 3119 1990 3464 2053; x_wconf 59' lang='lat' dir='ltr'><strong>intellectis</strong></span> 
     </span>
     <span class='ocr_line' id='line_1_73' title="bbox 1910 2083 3470 2163; baseline -0.001 -17"><span class='ocrx_word' id='word_1_484' title='bbox 1910 2086 2300 2163; x_wconf 63' lang='lat' dir='ltr'><strong>Praecipuum</strong></span> <span class='ocrx_word' id='word_1_485' title='bbox 2351 2083 2831 2145; x_wconf 87' lang='lat' dir='ltr'><strong>fundamentum</strong></span> <span class='ocrx_word' id='word_1_486' title='bbox 2877 2090 2992 2159; x_wconf 88' lang='lat' dir='ltr'><strong>est,</strong></span> <span class='ocrx_word' id='word_1_487' title='bbox 3042 2083 3188 2162; x_wconf 91' lang='lat' dir='ltr'><strong>quia</strong></span> <span class='ocrx_word' id='word_1_488' title='bbox 3236 2089 3470 2161; x_wconf 89' lang='lat' dir='ltr'><strong>negant</strong></span> 
     </span>
     <span class='ocr_line' id='line_1_74' title="bbox 1908 2177 3468 2255; baseline -0.001 -17"><span class='ocrx_word' id='word_1_489' title='bbox 1908 2196 2123 2238; x_wconf 87' lang='lat' dir='ltr'><strong>veram</strong></span> <span class='ocrx_word' id='word_1_490' title='bbox 2163 2177 2492 2255; x_wconf 87' lang='lat' dir='ltr'><strong>justitiam,</strong></span> <span class='ocrx_word' id='word_1_491' title='bbox 2537 2182 2599 2237; x_wconf 87' lang='lat' dir='ltr'><strong>et</strong></span> <span class='ocrx_word' id='word_1_492' title='bbox 2633 2177 3055 2237; x_wconf 87' lang='lat' dir='ltr'><strong>necessitatem</strong></span> <span class='ocrx_word' id='word_1_493' title='bbox 3092 2193 3350 2254; x_wconf 89' lang='lat' dir='ltr'><strong>operum</strong></span> <span class='ocrx_word' id='word_1_494' title='bbox 3388 2177 3468 2236; x_wconf 90' lang='lat' dir='ltr'><strong>ad</strong></span> 
     </span>
     <span class='ocr_line' id='line_1_75' title="bbox 1907 2267 3469 2347; baseline -0.001 -17"><span class='ocrx_word' id='word_1_495' title='bbox 1907 2270 2116 2330; x_wconf 92' lang='lat' dir='ltr'><strong>illam:</strong></span> <span class='ocrx_word' id='word_1_496' title='bbox 2148 2287 2298 2330; x_wconf 90' lang='lat' dir='ltr'><strong>nam</strong></span> <span class='ocrx_word' id='word_1_497' title='bbox 2325 2270 2539 2329; x_wconf 89' lang='lat' dir='ltr'><strong>dicunt</strong></span> <span class='ocrx_word' id='word_1_498' title='bbox 2575 2269 2857 2329; x_wconf 88' lang='lat' dir='ltr'><strong>homines</strong></span> <span class='ocrx_word' id='word_1_499' title='bbox 2875 2267 3201 2347; x_wconf 84' lang='lat' dir='ltr'><strong>justificari</strong></span> <span class='ocrx_word' id='word_1_500' title='bbox 3240 2286 3350 2346; x_wconf 89' lang='lat' dir='ltr'><strong>per</strong></span> <span class='ocrx_word' id='word_1_501' title='bbox 3374 2285 3469 2329; x_wconf 88' lang='lat' dir='ltr'><strong>so·</strong></span> 
     </span>
     <span class='ocr_line' id='line_1_76' title="bbox 1904 2359 3468 2441; baseline -0.001 -18"><span class='ocrx_word' id='word_1_502' title='bbox 1904 2363 2034 2423; x_wconf 91' lang='lat' dir='ltr'><strong>lam</strong></span> <span class='ocrx_word' id='word_1_503' title='bbox 2062 2361 2568 2441; x_wconf 82' lang='lat' dir='ltr'><strong>acceptationem,</strong></span> <span class='ocrx_word' id='word_1_504' title='bbox 2592 2361 2691 2422; x_wconf 83' lang='lat' dir='ltr'><strong>vel</strong></span> <span class='ocrx_word' id='word_1_505' title='bbox 2714 2379 2839 2420; x_wconf 93' lang='lat' dir='ltr'><strong>non</strong></span> <span class='ocrx_word' id='word_1_506' title='bbox 2864 2359 3334 2439; x_wconf 88' lang='lat' dir='ltr'><strong>imputationem</strong></span> <span class='ocrx_word' id='word_1_507' title='bbox 3362 2361 3468 2421; x_wconf 89' lang='lat' dir='ltr'><strong>Dei</strong></span> 
     </span>
     <span class='ocr_line' id='line_1_77' title="bbox 1906 2452 3467 2532; baseline -0.001 -17"><span class='ocrx_word' id='word_1_508' title='bbox 1906 2456 2339 2528; x_wconf 84' lang='lat' dir='ltr'><strong>extrinsecam,</strong></span> <span class='ocrx_word' id='word_1_509' title='bbox 2367 2472 2554 2532; x_wconf 91' lang='lat' dir='ltr'><strong>quam</strong></span> <span class='ocrx_word' id='word_1_510' title='bbox 2584 2453 2788 2514; x_wconf 89' lang='lat' dir='ltr'><strong>omnis</strong></span> <span class='ocrx_word' id='word_1_511' title='bbox 2826 2452 2928 2514; x_wconf 85' lang='lat' dir='ltr'><strong>ille</strong></span> <span class='ocrx_word' id='word_1_512' title='bbox 2964 2453 3332 2530; x_wconf 85' lang='lat' dir='ltr'><strong>assequitur,</strong></span> <span class='ocrx_word' id='word_1_513' title='bbox 3359 2453 3467 2531; x_wconf 88' lang='lat' dir='ltr'><strong>qui</strong></span> 
     </span>
     <span class='ocr_line' id='line_1_78' title="bbox 1903 2545 3465 2623; baseline -0.001 -16"><span class='ocrx_word' id='word_1_514' title='bbox 1903 2547 2168 2608; x_wconf 88' lang='lat' dir='ltr'><strong>firmiter</strong></span> <span class='ocrx_word' id='word_1_515' title='bbox 2196 2546 2392 2607; x_wconf 88' lang='lat' dir='ltr'><strong>credit</strong></span> <span class='ocrx_word' id='word_1_516' title='bbox 2431 2545 2550 2606; x_wconf 89' lang='lat' dir='ltr'><strong>sibi</strong></span> <span class='ocrx_word' id='word_1_517' title='bbox 2588 2563 2720 2606; x_wconf 88' lang='lat' dir='ltr'><strong>esse</strong></span> <span class='ocrx_word' id='word_1_518' title='bbox 2762 2546 3020 2606; x_wconf 88' lang='lat' dir='ltr'><strong>remissa</strong></span> <span class='ocrx_word' id='word_1_519' title='bbox 3063 2550 3336 2623; x_wconf 86' lang='lat' dir='ltr'><strong>peccata,</strong></span> <span class='ocrx_word' id='word_1_520' title='bbox 3368 2545 3465 2606; x_wconf 89' lang='lat' dir='ltr'><strong>vel</strong></span> 
     </span>
     <span class='ocr_line' id='line_1_79' title="bbox 1900 2637 3465 2719; baseline 0 -20"><span class='ocrx_word' id='word_1_521' title='bbox 1900 2641 2106 2719; x_wconf 89' lang='lat' dir='ltr'><strong>potius</strong></span> <span class='ocrx_word' id='word_1_522' title='bbox 2125 2651 2251 2699; x_wconf 91' lang='lat' dir='ltr'><strong>non</strong></span> <span class='ocrx_word' id='word_1_523' title='bbox 2275 2638 2569 2718; x_wconf 80' lang='lat' dir='ltr'><strong>imputari</strong></span> <span class='ocrx_word' id='word_1_524' title='bbox 2587 2644 2840 2718; x_wconf 89' lang='lat' dir='ltr'><strong>propter</strong></span> <span class='ocrx_word' id='word_1_525' title='bbox 2864 2638 3204 2700; x_wconf 87' lang='lat' dir='ltr'><strong>Christum:</strong></span> <span class='ocrx_word' id='word_1_526' title='bbox 3223 2643 3285 2698; x_wconf 89' lang='lat' dir='ltr'><strong>et</strong></span> <span class='ocrx_word' id='word_1_527' title='bbox 3304 2637 3465 2699; x_wconf 89' lang='lat' dir='ltr'><strong>hanc</strong></span> 
     </span>
     <span class='ocr_line' id='line_1_80' title="bbox 1900 2729 3461 2817; baseline -0.003 -24"><span class='ocrx_word' id='word_1_528' title='bbox 1900 2733 2089 2793; x_wconf 91' lang='lat' dir='ltr'><strong>fidem</strong></span> <span class='ocrx_word' id='word_1_529' title='bbox 2128 2733 2340 2793; x_wconf 91' lang='lat' dir='ltr'><strong>dicunt</strong></span> <span class='ocrx_word' id='word_1_530' title='bbox 2385 2731 2668 2792; x_wconf 87' lang='lat' dir='ltr'><strong>sufficere</strong></span> <span class='ocrx_word' id='word_1_531' title='bbox 2709 2731 2789 2792; x_wconf 91' lang='lat' dir='ltr'><strong>ad</strong></span> <span class='ocrx_word' id='word_1_532' title='bbox 2829 2731 3115 2817; x_wconf 79' lang='lat' dir='ltr'><strong>salutem,</strong></span> <span class='ocrx_word' id='word_1_533' title='bbox 3163 2729 3461 2809; x_wconf 89' lang='lat' dir='ltr'><strong>quidquid</strong></span> 
     </span>
     <span class='ocr_line' id='line_1_81' title="bbox 1898 2823 3461 2905; baseline -0.003 -19"><span class='ocrx_word' id='word_1_534' title='bbox 1898 2826 2086 2887; x_wconf 90' lang='lat' dir='ltr'><strong>homo</strong></span> <span class='ocrx_word' id='word_1_535' title='bbox 2131 2831 2440 2905; x_wconf 90' lang='lat' dir='ltr'><strong>operetur.</strong></span> <span class='ocrx_word' id='word_1_536' title='bbox 2490 2826 2580 2884; x_wconf 86' lang='lat' dir='ltr'><strong>Ex</strong></span> <span class='ocrx_word' id='word_1_537' title='bbox 2622 2842 2745 2903; x_wconf 91' lang='lat' dir='ltr'><strong>quo</strong></span> <span class='ocrx_word' id='word_1_538' title='bbox 2780 2823 3081 2904; x_wconf 89' lang='lat' dir='ltr'><strong>principio</strong></span> <span class='ocrx_word' id='word_1_539' title='bbox 3118 2823 3461 2884; x_wconf 88' lang='lat' dir='ltr'><strong>necessario</strong></span> 
     </span>
     <span class='ocr_line' id='line_1_82' title="bbox 1900 2915 3462 2997; baseline -0.001 -18"><span class='ocrx_word' id='word_1_540' title='bbox 1900 2920 2176 2997; x_wconf 89' lang='lat' dir='ltr'><strong>sequitur</strong></span> <span class='ocrx_word' id='word_1_541' title='bbox 2191 2919 2455 2996; x_wconf 88' lang='lat' dir='ltr'><strong>justum,</strong></span> <span class='ocrx_word' id='word_1_542' title='bbox 2472 2917 2670 2995; x_wconf 80' lang='lat' dir='ltr'><strong>qualis</strong></span> <span class='ocrx_word' id='word_1_543' title='bbox 2692 2917 2772 2976; x_wconf 90' lang='lat' dir='ltr'><strong>ab</strong></span> <span class='ocrx_word' id='word_1_544' title='bbox 2799 2917 2886 2977; x_wconf 90' lang='lat' dir='ltr'><strong>eis</strong></span> <span class='ocrx_word' id='word_1_545' title='bbox 2912 2915 3186 2994; x_wconf 86' lang='lat' dir='ltr'><strong>fingitur,</strong></span> <span class='ocrx_word' id='word_1_546' title='bbox 3214 2916 3265 2975; x_wconf 91' lang='lat' dir='ltr'><strong>si</strong></span> <span class='ocrx_word' id='word_1_547' title='bbox 3292 2916 3360 2976; x_wconf 90' lang='lat' dir='ltr'><strong>in</strong></span> <span class='ocrx_word' id='word_1_548' title='bbox 3387 2934 3462 2977; x_wconf 90' lang='lat' dir='ltr'><strong>ea</strong></span> 
     </span>
     <span class='ocr_line' id='line_1_83' title="bbox 1900 3009 3461 3087; baseline -0.001 -16"><span class='ocrx_word' id='word_1_549' title='bbox 1900 3011 2021 3071; x_wconf 87' lang='lat' dir='ltr'><strong>fide</strong></span> <span class='ocrx_word' id='word_1_550' title='bbox 2049 3017 2333 3071; x_wconf 86' lang='lat' dir='ltr'><strong>constans</strong></span> <span class='ocrx_word' id='word_1_551' title='bbox 2370 3010 2471 3085; x_wconf 89' lang='lat' dir='ltr'><strong>sit,</strong></span> <span class='ocrx_word' id='word_1_552' title='bbox 2503 3028 2631 3069; x_wconf 91' lang='lat' dir='ltr'><strong>non</strong></span> <span class='ocrx_word' id='word_1_553' title='bbox 2671 3009 2933 3087; x_wconf 86' lang='lat' dir='ltr'><strong>obligari</strong></span> <span class='ocrx_word' id='word_1_554' title='bbox 2960 3009 3087 3067; x_wconf 92' lang='grc'>11118</span> <span class='ocrx_word' id='word_1_555' title='bbox 3118 3009 3277 3085; x_wconf 89' lang='lat' dir='ltr'><strong>lege,</strong></span> <span class='ocrx_word' id='word_1_556' title='bbox 3315 3009 3461 3087; x_wconf 84' lang='lat' dir='ltr'><strong>quia</strong></span> 
     </span>
     <span class='ocr_line' id='line_1_84' title="bbox 1902 3101 3456 3184; baseline -0.001 -20"><span class='ocrx_word' id='word_1_557' title='bbox 1902 3104 2205 3184; x_wconf 87' lang='lat' dir='ltr'><strong>quidquid</strong></span> <span class='ocrx_word' id='word_1_558' title='bbox 2235 3108 2523 3183; x_wconf 87' lang='lat' dir='ltr'><strong>operetur</strong></span> <span class='ocrx_word' id='word_1_559' title='bbox 2554 3102 2806 3163; x_wconf 88' lang='lat' dir='ltr'><strong>credens</strong></span> <span class='ocrx_word' id='word_1_560' title='bbox 2834 3101 2950 3162; x_wconf 91' lang='lat' dir='ltr'><strong>sibi</strong></span> <span class='ocrx_word' id='word_1_561' title='bbox 2977 3121 3106 3163; x_wconf 90' lang='lat' dir='ltr'><strong>non</strong></span> <span class='ocrx_word' id='word_1_562' title='bbox 3136 3102 3456 3181; x_wconf 91' lang='lat' dir='ltr'><strong>imputari,</strong></span> 
     </span>
     <span class='ocr_line' id='line_1_85' title="bbox 1900 3195 3459 3275; baseline -0.002 -18"><span class='ocrx_word' id='word_1_563' title='bbox 1900 3217 2028 3257; x_wconf 89' lang='lat' dir='ltr'><strong>non</strong></span> <span class='ocrx_word' id='word_1_564' title='bbox 2057 3197 2129 3258; x_wconf 87' lang='lat' dir='ltr'><strong>fit</strong></span> <span class='ocrx_word' id='word_1_565' title='bbox 2167 3215 2306 3258; x_wconf 90' lang='lat' dir='ltr'><strong>reus</strong></span> <span class='ocrx_word' id='word_1_566' title='bbox 2332 3214 2553 3275; x_wconf 80' lang='lat' dir='ltr'><strong>poenae,</strong></span> <span class='ocrx_word' id='word_1_567' title='bbox 2594 3214 2707 3256; x_wconf 91' lang='lat' dir='ltr'><strong>nec</strong></span> <span class='ocrx_word' id='word_1_568' title='bbox 2742 3195 2859 3255; x_wconf 87' lang='lat' dir='ltr'><strong>sibi</strong></span> <span class='ocrx_word' id='word_1_569' title='bbox 2886 3196 2965 3254; x_wconf 89' lang='lat' dir='ltr'><strong>ad</strong></span> <span class='ocrx_word' id='word_1_570' title='bbox 2992 3200 3310 3273; x_wconf 88' lang='lat' dir='ltr'><strong>peccatum</strong></span> <span class='ocrx_word' id='word_1_571' title='bbox 3341 3196 3459 3255; x_wconf 91' lang='lat' dir='ltr'><strong>im-</strong></span> 
     </span>
     <span class='ocr_line' id='line_1_86' title="bbox 1898 3286 3460 3369; baseline -0.003 -19"><span class='ocrx_word' id='word_1_572' title='bbox 1898 3295 2172 3369; x_wconf 88' lang='lat' dir='ltr'><strong>putatur.</strong></span> <span class='ocrx_word' id='word_1_573' title='bbox 2210 3290 2384 3350; x_wconf 86' lang='lat' dir='ltr'><strong>Unde</strong></span> <span class='ocrx_word' id='word_1_574' title='bbox 2412 3307 2538 3349; x_wconf 92' lang='lat' dir='ltr'><strong>non</strong></span> <span class='ocrx_word' id='word_1_575' title='bbox 2564 3287 2855 3348; x_wconf 88' lang='lat' dir='ltr'><strong>videntur</strong></span> <span class='ocrx_word' id='word_1_576' title='bbox 2885 3286 2973 3347; x_wconf 89' lang='lat' dir='ltr'><strong>ita</strong></span> <span class='ocrx_word' id='word_1_577' title='bbox 2999 3305 3226 3364; x_wconf 89' lang='lat' dir='ltr'><strong>negare</strong></span> <span class='ocrx_word' id='word_1_578' title='bbox 3260 3286 3460 3346; x_wconf 94' lang='lat' dir='ltr'><strong>homi-</strong></span> 
     </span>
     <span class='ocr_line' id='line_1_87' title="bbox 1897 3379 3458 3461; baseline -0.003 -18"><span class='ocrx_word' id='word_1_579' title='bbox 1897 3402 2008 3443; x_wconf 90' lang='lat' dir='ltr'><strong>nes</strong></span> <span class='ocrx_word' id='word_1_580' title='bbox 2029 3383 2212 3461; x_wconf 90' lang='lat' dir='ltr'><strong>ligari</strong></span> <span class='ocrx_word' id='word_1_581' title='bbox 2231 3383 2391 3460; x_wconf 91' lang='lat' dir='ltr'><strong>lege,</strong></span> <span class='ocrx_word' id='word_1_582' title='bbox 2412 3387 2483 3441; x_wconf 90' lang='lat' dir='ltr'><strong>ut</strong></span> <span class='ocrx_word' id='word_1_583' title='bbox 2503 3398 2688 3460; x_wconf 88' lang='grc'>011818</span> <span class='ocrx_word' id='word_1_584' title='bbox 2705 3381 2831 3461; x_wconf 68' lang='lat' dir='ltr'><strong>legi</strong></span> <span class='ocrx_word' id='word_1_585' title='bbox 2855 3380 3165 3441; x_wconf 89' lang='lat' dir='ltr'><strong>contraria</strong></span> <span class='ocrx_word' id='word_1_586' title='bbox 3187 3398 3314 3439; x_wconf 93' lang='lat' dir='ltr'><strong>non</strong></span> <span class='ocrx_word' id='word_1_587' title='bbox 3334 3379 3458 3440; x_wconf 90' lang='lat' dir='ltr'><strong>sint</strong></span> 
     </span>
     <span class='ocr_line' id='line_1_88' title="bbox 1898 3466 3459 3554; baseline -0.001 -20"><span class='ocrx_word' id='word_1_588' title='bbox 1898 3484 2179 3554; x_wconf 88' lang='lat' dir='ltr'><strong>peccata:</strong></span> <span class='ocrx_word' id='word_1_589' title='bbox 2206 3492 2355 3534; x_wconf 91' lang='lat' dir='ltr'><strong>nam</strong></span> <span class='ocrx_word' id='word_1_590' title='bbox 2385 3473 2589 3552; x_wconf 90' lang='lat' dir='ltr'><strong>potius</strong></span> <span class='ocrx_word' id='word_1_591' title='bbox 2614 3472 2768 3535; x_wconf 89' lang='lat' dir='ltr'><strong>alias</strong></span> <span class='ocrx_word' id='word_1_592' title='bbox 2787 3466 3007 3533; x_wconf 54' lang='lat' dir='ltr'><strong>docent</strong></span> <span class='ocrx_word' id='word_1_593' title='bbox 3034 3473 3245 3533; x_wconf 91' lang='lat' dir='ltr'><strong>omnia</strong></span> <span class='ocrx_word' id='word_1_594' title='bbox 3272 3490 3459 3550; x_wconf 88' lang='lat' dir='ltr'><strong>opera</strong></span> 
     </span>
     <span class='ocr_line' id='line_1_89' title="bbox 1895 3564 3458 3645; baseline 0.001 -20"><span class='ocrx_word' id='word_1_595' title='bbox 1895 3567 2205 3645; x_wconf 89' lang='lat' dir='ltr'><strong>justorum</strong></span> <span class='ocrx_word' id='word_1_596' title='bbox 2260 3583 2391 3627; x_wconf 87' lang='lat' dir='ltr'><strong>esse</strong></span> <span class='ocrx_word' id='word_1_597' title='bbox 2451 3571 2726 3644; x_wconf 87' lang='lat' dir='ltr'><strong>peccata,</strong></span> <span class='ocrx_word' id='word_1_598' title='bbox 2780 3570 2843 3624; x_wconf 91' lang='lat' dir='ltr'><strong>et</strong></span> <span class='ocrx_word' id='word_1_599' title='bbox 2893 3564 3271 3644; x_wconf 91' lang='lat' dir='ltr'><strong>impossibile</strong></span> <span class='ocrx_word' id='word_1_600' title='bbox 3330 3582 3458 3626; x_wconf 89' lang='lat' dir='ltr'><strong>esse</strong></span> 
     </span>
     <span class='ocr_line' id='line_1_90' title="bbox 1895 3656 3456 3737; baseline -0.001 -18"><span class='ocrx_word' id='word_1_601' title='bbox 1895 3660 2084 3719; x_wconf 86' lang='lat' dir='ltr'><strong>etiam</strong></span> <span class='ocrx_word' id='word_1_602' title='bbox 2102 3657 2514 3737; x_wconf 61' lang='grc' dir='ltr'><strong>Ι11131031838111</strong></span> <span class='ocrx_word' id='word_1_603' title='bbox 2530 3658 2639 3717; x_wconf 92' lang='lat' dir='ltr'><strong>Dei</strong></span> <span class='ocrx_word' id='word_1_604' title='bbox 2658 3656 2940 3736; x_wconf 89' lang='lat' dir='ltr'><strong>implere,</strong></span> <span class='ocrx_word' id='word_1_605' title='bbox 2962 3663 3024 3717; x_wconf 85' lang='lat' dir='ltr'><strong>et</strong></span> <span class='ocrx_word' id='word_1_606' title='bbox 3042 3657 3292 3732; x_wconf 89' lang='lat' dir='ltr'><strong>similia,</strong></span> <span class='ocrx_word' id='word_1_607' title='bbox 3317 3675 3456 3736; x_wconf 83' lang='lat' dir='ltr'><strong>quae</strong></span> 
     </span>
     <span class='ocr_line' id='line_1_91' title="bbox 1895 3749 3457 3831; baseline -0.002 -20"><span class='ocrx_word' id='word_1_608' title='bbox 1895 3756 2253 3831; x_wconf 86' lang='lat' dir='ltr'><strong>supponunt</strong></span> <span class='ocrx_word' id='word_1_609' title='bbox 2306 3750 2508 3827; x_wconf 90' lang='lat' dir='ltr'><strong>legem</strong></span> <span class='ocrx_word' id='word_1_610' title='bbox 2554 3749 2851 3827; x_wconf 90' lang='lat' dir='ltr'><strong>obligare,</strong></span> <span class='ocrx_word' id='word_1_611' title='bbox 2910 3754 2971 3810; x_wconf 91' lang='lat' dir='ltr'><strong>et</strong></span> <span class='ocrx_word' id='word_1_612' title='bbox 3010 3768 3138 3811; x_wconf 89' lang='lat' dir='ltr'><strong>esse</strong></span> <span class='ocrx_word' id='word_1_613' title='bbox 3175 3749 3457 3826; x_wconf 90' lang='lat' dir='ltr'><strong>regulam</strong></span> 
     </span>
     <span class='ocr_line' id='line_1_92' title="bbox 1894 3842 3456 3922; baseline -0.003 -18"><span class='ocrx_word' id='word_1_614' title='bbox 1894 3845 2115 3906; x_wconf 90' lang='lat' dir='ltr'><strong>talium</strong></span> <span class='ocrx_word' id='word_1_615' title='bbox 2138 3861 2417 3922; x_wconf 89' lang='lat' dir='ltr'><strong>operum.</strong></span> <span class='ocrx_word' id='word_1_616' title='bbox 2435 3842 2627 3902; x_wconf 91' lang='lat' dir='ltr'><strong>Aiunt</strong></span> <span class='ocrx_word' id='word_1_617' title='bbox 2650 3859 2798 3919; x_wconf 89' lang='lat' dir='ltr'><strong>ergo</strong></span> <span class='ocrx_word' id='word_1_618' title='bbox 2821 3842 2993 3901; x_wconf 90' lang='lat' dir='ltr'><strong>illam</strong></span> <span class='ocrx_word' id='word_1_619' title='bbox 3014 3842 3456 3919; x_wconf 90' lang='lat' dir='ltr'><strong>obligationem</strong></span> 
     </span>
     <span class='ocr_line' id='line_1_93' title="bbox 1895 3933 3457 4013; baseline -0.003 -16"><span class='ocrx_word' id='word_1_620' title='bbox 1895 3936 2213 3999; x_wconf 89' lang='lat' dir='ltr'><strong>moraliter</strong></span> <span class='ocrx_word' id='word_1_621' title='bbox 2258 3936 2433 4013; x_wconf 90' lang='lat' dir='ltr'><strong>quasi</strong></span> <span class='ocrx_word' id='word_1_622' title='bbox 2472 3934 2630 4007; x_wconf 90' lang='lat' dir='ltr'><strong>tolli,</strong></span> <span class='ocrx_word' id='word_1_623' title='bbox 2676 3934 2776 3993; x_wconf 87' lang='lat' dir='ltr'><strong>vel</strong></span> <span class='ocrx_word' id='word_1_624' title='bbox 2812 3933 3104 4012; x_wconf 88' lang='lat' dir='ltr'><strong>impediri</strong></span> <span class='ocrx_word' id='word_1_625' title='bbox 3128 3952 3241 4012; x_wconf 90' lang='lat' dir='ltr'><strong>per</strong></span> <span class='ocrx_word' id='word_1_626' title='bbox 3284 3933 3457 3993; x_wconf 91' lang='lat' dir='ltr'><strong>illam</strong></span> 
     </span>
     <span class='ocr_line' id='line_1_94' title="bbox 1896 4025 3455 4105; baseline -0.003 -16"><span class='ocrx_word' id='word_1_627' title='bbox 1896 4047 2076 4089; x_wconf 89' lang='lat' dir='ltr'><strong>suam</strong></span> <span class='ocrx_word' id='word_1_628' title='bbox 2112 4028 2322 4102; x_wconf 90' lang='lat' dir='ltr'><strong>fidem,</strong></span> <span class='ocrx_word' id='word_1_629' title='bbox 2372 4027 2519 4105; x_wconf 90' lang='lat' dir='ltr'><strong>quia</strong></span> <span class='ocrx_word' id='word_1_630' title='bbox 2563 4043 2691 4085; x_wconf 90' lang='lat' dir='ltr'><strong>non</strong></span> <span class='ocrx_word' id='word_1_631' title='bbox 2726 4025 2872 4085; x_wconf 89' lang='lat' dir='ltr'><strong>facit</strong></span> <span class='ocrx_word' id='word_1_632' title='bbox 2914 4026 3233 4086; x_wconf 91' lang='lat' dir='ltr'><strong>hominem</strong></span> <span class='ocrx_word' id='word_1_633' title='bbox 3275 4044 3455 4086; x_wconf 90' lang='lat' dir='ltr'><strong>reum</strong></span> 
     </span>
     <span class='ocr_line' id='line_1_95' title="bbox 1897 4117 3458 4199; baseline -0.003 -19"><span class='ocrx_word' id='word_1_634' title='bbox 1897 4138 2096 4199; x_wconf 77' lang='grc'>11081118</span> <span class='ocrx_word' id='word_1_635' title='bbox 2102 4164 2120 4193; x_wconf 91' lang='grc'>,</span> <span class='ocrx_word' id='word_1_636' title='bbox 2144 4137 2258 4178; x_wconf 91' lang='lat' dir='ltr'><strong>nec</strong></span> <span class='ocrx_word' id='word_1_637' title='bbox 2282 4118 2524 4179; x_wconf 88' lang='lat' dir='ltr'><strong>ratione</strong></span> <span class='ocrx_word' id='word_1_638' title='bbox 2549 4117 2716 4175; x_wconf 89' lang='lat' dir='ltr'><strong>illius</strong></span> <span class='ocrx_word' id='word_1_639' title='bbox 2738 4134 2888 4195; x_wconf 91' lang='lat' dir='ltr'><strong>opus</strong></span> <span class='ocrx_word' id='word_1_640' title='bbox 2908 4117 2976 4174; x_wconf 93' lang='lat' dir='ltr'><strong>in</strong></span> <span class='ocrx_word' id='word_1_641' title='bbox 3003 4124 3330 4195; x_wconf 81' lang='lat' dir='ltr'><strong>conspectu</strong></span> <span class='ocrx_word' id='word_1_642' title='bbox 3352 4117 3458 4178; x_wconf 91' lang='lat' dir='ltr'><strong>Dei</strong></span> 
     </span>
     <span class='ocr_line' id='line_1_96' title="bbox 1899 4206 3456 4290; baseline -0.003 -18"><span class='ocrx_word' id='word_1_643' title='bbox 1899 4219 2199 4290; x_wconf 90' lang='lat' dir='ltr'><strong>tanquam</strong></span> <span class='ocrx_word' id='word_1_644' title='bbox 2223 4209 2460 4269; x_wconf 81' lang='lat' dir='ltr'><strong>malum</strong></span> <span class='ocrx_word' id='word_1_645' title='bbox 2487 4212 2829 4285; x_wconf 85' lang='lat' dir='ltr'><strong>reputatur,</strong></span> <span class='ocrx_word' id='word_1_646' title='bbox 2854 4207 2998 4267; x_wconf 90' lang='lat' dir='ltr'><strong>licet</strong></span> <span class='ocrx_word' id='word_1_647' title='bbox 3022 4206 3089 4266; x_wconf 92' lang='lat' dir='ltr'><strong>in</strong></span> <span class='ocrx_word' id='word_1_648' title='bbox 3119 4225 3184 4267; x_wconf 90' lang='lat' dir='ltr'><strong>se</strong></span> <span class='ocrx_word' id='word_1_649' title='bbox 3206 4208 3328 4268; x_wconf 84' lang='lat' dir='ltr'><strong>tale</strong></span> <span class='ocrx_word' id='word_1_650' title='bbox 3355 4209 3456 4268; x_wconf 89' lang='lat' dir='ltr'><strong>sit.</strong></span> 
     </span>
     <span class='ocr_line' id='line_1_97' title="bbox 1901 4298 3463 4365; baseline -0.003 -1"><span class='ocrx_word' id='word_1_651' title='bbox 1901 4303 2086 4365; x_wconf 90' lang='lat' dir='ltr'><strong>Aliud</strong></span> <span class='ocrx_word' id='word_1_652' title='bbox 2124 4319 2338 4362; x_wconf 89' lang='lat' dir='ltr'><strong>eorum</strong></span> <span class='ocrx_word' id='word_1_653' title='bbox 2380 4298 2854 4359; x_wconf 88' lang='lat' dir='ltr'><strong>fundamentum</strong></span> <span class='ocrx_word' id='word_1_654' title='bbox 2895 4298 3159 4358; x_wconf 89' lang='lat' dir='ltr'><strong>sumitur</strong></span> <span class='ocrx_word' id='word_1_655' title='bbox 3189 4317 3263 4359; x_wconf 83' lang='lat' dir='ltr'><strong>ex</strong></span> <span class='ocrx_word' id='word_1_656' title='bbox 3308 4299 3463 4360; x_wconf 83' lang='lat' dir='ltr'><strong>falsa</strong></span> 
     </span>
     <span class='ocr_line' id='line_1_98' title="bbox 1900 4392 3459 4476; baseline -0.002 -20"><span class='ocrx_word' id='word_1_657' title='bbox 1900 4395 2169 4476; x_wconf 91' lang='lat' dir='ltr'><strong>quadam</strong></span> <span class='ocrx_word' id='word_1_658' title='bbox 2188 4394 2534 4455; x_wconf 86' lang='lat' dir='ltr'><strong>differentia</strong></span> <span class='ocrx_word' id='word_1_659' title='bbox 2551 4394 2715 4453; x_wconf 89' lang='lat' dir='ltr'><strong>inter</strong></span> <span class='ocrx_word' id='word_1_660' title='bbox 2729 4392 2932 4471; x_wconf 89' lang='lat' dir='ltr'><strong>legem</strong></span> <span class='ocrx_word' id='word_1_661' title='bbox 2953 4397 3015 4452; x_wconf 90' lang='lat' dir='ltr'><strong>et</strong></span> <span class='ocrx_word' id='word_1_662' title='bbox 3029 4393 3459 4471; x_wconf 85' lang='lat' dir='ltr'><strong>Evangelium,</strong></span> 
     </span>
     <span class='ocr_line' id='line_1_99' title="bbox 1901 4485 3463 4569; baseline -0.002 -20"><span class='ocrx_word' id='word_1_663' title='bbox 1901 4507 2088 4569; x_wconf 87' lang='lat' dir='ltr'><strong>quam</strong></span> <span class='ocrx_word' id='word_1_664' title='bbox 2115 4488 2281 4548; x_wconf 74' lang='lat' dir='ltr'><strong>infra</strong></span> <span class='ocrx_word' id='word_1_665' title='bbox 2305 4485 2625 4548; x_wconf 88' lang='lat' dir='ltr'><strong>tractando</strong></span> <span class='ocrx_word' id='word_1_666' title='bbox 2649 4485 2726 4547; x_wconf 92' lang='lat' dir='ltr'><strong>de</strong></span> <span class='ocrx_word' id='word_1_667' title='bbox 2751 4485 2890 4564; x_wconf 90' lang='lat' dir='ltr'><strong>lege</strong></span> <span class='ocrx_word' id='word_1_668' title='bbox 2911 4485 3126 4564; x_wconf 83' lang='lat' dir='ltr'><strong>gratiae</strong></span> <span class='ocrx_word' id='word_1_669' title='bbox 3154 4485 3463 4565; x_wconf 85' lang='lat' dir='ltr'><strong>expende-</strong></span> 
     </span>
     <span class='ocr_line' id='line_1_100' title="bbox 1901 4577 3463 4658; baseline -0.004 -15"><span class='ocrx_word' id='word_1_670' title='bbox 1901 4601 2061 4642; x_wconf 90' lang='lat' dir='ltr'><strong>mus.</strong></span> <span class='ocrx_word' id='word_1_671' title='bbox 2110 4580 2488 4642; x_wconf 86' lang='lat' dir='ltr'><strong>Testimonia</strong></span> <span class='ocrx_word' id='word_1_672' title='bbox 2526 4597 2673 4640; x_wconf 84' lang='lat' dir='ltr'><strong>vero</strong></span> <span class='ocrx_word' id='word_1_673' title='bbox 2712 4580 3193 4658; x_wconf 88' lang='lat' dir='ltr'><strong>Scripturarum,</strong></span> <span class='ocrx_word' id='word_1_674' title='bbox 3238 4577 3463 4657; x_wconf 88' lang='lat' dir='ltr'><strong>quibus</strong></span> 
     </span>
     <span class='ocr_line' id='line_1_101' title="bbox 1902 4673 3462 4752; baseline -0.003 -16"><span class='ocrx_word' id='word_1_675' title='bbox 1902 4676 2021 4736; x_wconf 90' lang='lat' dir='ltr'><strong>niti</strong></span> <span class='ocrx_word' id='word_1_676' title='bbox 2066 4694 2130 4736; x_wconf 89' lang='grc'><strong>38</strong></span> <span class='ocrx_word' id='word_1_677' title='bbox 2180 4674 2501 4750; x_wconf 90' lang='lat' dir='ltr'><strong>simulant,</strong></span> <span class='ocrx_word' id='word_1_678' title='bbox 2558 4673 2624 4733; x_wconf 90' lang='lat' dir='ltr'><strong>in</strong></span> <span class='ocrx_word' id='word_1_679' title='bbox 2665 4673 2865 4752; x_wconf 88' lang='lat' dir='ltr'><strong>capite</strong></span> <span class='ocrx_word' id='word_1_680' title='bbox 2911 4673 3193 4752; x_wconf 89' lang='lat' dir='ltr'><strong>sequenti</strong></span> <span class='ocrx_word' id='word_1_681' title='bbox 3234 4690 3462 4751; x_wconf 84' lang='lat' dir='ltr'><strong>expen-</strong></span> 
     </span>
     <span class='ocr_line' id='line_1_102' title="bbox 1903 4769 2149 4830; baseline 0.004 -1"><span class='ocrx_word' id='word_1_682' title='bbox 1903 4769 2149 4830; x_wconf 89' lang='lat' dir='ltr'><strong>dentur.</strong></span> 
     </span>
    </p>
   </div>
   <div class='ocr_carea' id='block_1_10' title="bbox 1905 4858 3471 5584">
    <p class='ocr_par' dir='ltr' id='par_1_11' title="bbox 1905 4858 3471 5584">
     <span class='ocr_line' id='line_1_103' title="bbox 1983 4858 3463 4937; baseline -0.002 -15"><span class='ocrx_word' id='word_1_683' title='bbox 1983 4863 2044 4923; x_wconf 89' lang='lat'><strong>3.</strong></span> <span class='ocrx_word' id='word_1_684' title='bbox 2075 4860 2285 4923; x_wconf 73' lang='lat' dir='ltr'><strong>omnes</strong></span> <span class='ocrx_word' id='word_1_685' title='bbox 2316 4859 2580 4922; x_wconf 73' lang='lat' dir='ltr'><strong>homines</strong></span> <span class='ocrx_word' id='word_1_686' title='bbox 2601 4859 2863 4920; x_wconf 75' lang='lat' dir='ltr'><strong>viatores</strong></span> <span class='ocrx_word' id='word_1_687' title='bbox 2885 4858 3173 4935; x_wconf 77' lang='lat' dir='ltr'><strong>subjectos</strong></span> <span class='ocrx_word' id='word_1_688' title='bbox 3204 4876 3325 4921; x_wconf 74' lang='lat' dir='ltr'><strong>esse</strong></span> <span class='ocrx_word' id='word_1_689' title='bbox 3342 4858 3463 4937; x_wconf 65' lang='lat' dir='ltr'><strong>leyi</strong></span> 
     </span>
     <span class='ocr_line' id='line_1_104' title="bbox 1905 4948 3466 5030; baseline -0.003 -14"><span class='ocrx_word' id='word_1_690' title='bbox 1905 4954 2053 5030; x_wconf 75' lang='lat' dir='ltr'><strong>fides</strong></span> <span class='ocrx_word' id='word_1_691' title='bbox 2084 4954 2262 5015; x_wconf 79' lang='lat' dir='ltr'><strong>docet.</strong></span> <span class='ocrx_word' id='word_1_692' title='bbox 2286 4986 2365 4996; x_wconf 88' lang='lat'>—</span> <span class='ocrx_word' id='word_1_693' title='bbox 2383 4952 2623 5013; x_wconf 87' lang='lat' dir='ltr'><strong>Veritas</strong></span> <span class='ocrx_word' id='word_1_694' title='bbox 2645 4956 2855 5010; x_wconf 91' lang='lat' dir='ltr'><strong>autem</strong></span> <span class='ocrx_word' id='word_1_695' title='bbox 2878 4948 3177 5009; x_wconf 87' lang='lat' dir='ltr'><strong>catholica</strong></span> <span class='ocrx_word' id='word_1_696' title='bbox 3198 4956 3312 5026; x_wconf 88' lang='lat' dir='ltr'><strong>est,</strong></span> <span class='ocrx_word' id='word_1_697' title='bbox 3335 4969 3466 5011; x_wconf 90' lang='lat' dir='ltr'><strong>om-</strong></span> 
     </span>
     <span class='ocr_line' id='line_1_105' title="bbox 1906 5040 3467 5120; baseline -0.001 -14"><span class='ocrx_word' id='word_1_698' title='bbox 1906 5064 2017 5106; x_wconf 89' lang='lat' dir='ltr'><strong>nes</strong></span> <span class='ocrx_word' id='word_1_699' title='bbox 2037 5045 2319 5105; x_wconf 90' lang='lat' dir='ltr'><strong>homines</strong></span> <span class='ocrx_word' id='word_1_700' title='bbox 2341 5043 2607 5103; x_wconf 83' lang='lat' dir='ltr'><strong>viatores</strong></span> <span class='ocrx_word' id='word_1_701' title='bbox 2633 5059 2763 5101; x_wconf 88' lang='lat' dir='ltr'><strong>esse</strong></span> <span class='ocrx_word' id='word_1_702' title='bbox 2791 5041 3099 5117; x_wconf 86' lang='lat' dir='ltr'><strong>subjectos</strong></span> <span class='ocrx_word' id='word_1_703' title='bbox 3126 5040 3272 5120; x_wconf 87' lang='lat' dir='ltr'><strong>legi,</strong></span> <span class='ocrx_word' id='word_1_704' title='bbox 3285 5042 3373 5104; x_wconf 89' lang='lat' dir='ltr'><strong>ita</strong></span> <span class='ocrx_word' id='word_1_705' title='bbox 3395 5049 3467 5104; x_wconf 91' lang='lat' dir='ltr'><strong>ut</strong></span> 
     </span>
     <span class='ocr_line' id='line_1_106' title="bbox 1907 5132 3462 5215; baseline 0 -17"><span class='ocrx_word' id='word_1_706' title='bbox 1907 5142 2238 5197; x_wconf 88' lang='lat' dir='ltr'><strong>teneantur</strong></span> <span class='ocrx_word' id='word_1_707' title='bbox 2271 5134 2363 5193; x_wconf 87' lang='lat' dir='ltr'><strong>illi</strong></span> <span class='ocrx_word' id='word_1_708' title='bbox 2403 5151 2618 5212; x_wconf 89' lang='lat' dir='ltr'><strong>parere</strong></span> <span class='ocrx_word' id='word_1_709' title='bbox 2640 5177 2660 5207; x_wconf 89' lang='lat'><strong>,</strong></span> <span class='ocrx_word' id='word_1_710' title='bbox 2700 5132 2955 5209; x_wconf 86' lang='lat' dir='ltr'><strong>ejusque</strong></span> <span class='ocrx_word' id='word_1_711' title='bbox 2984 5132 3075 5191; x_wconf 90' lang='lat' dir='ltr'><strong>rei</strong></span> <span class='ocrx_word' id='word_1_712' title='bbox 3119 5132 3273 5194; x_wconf 91' lang='lat' dir='ltr'><strong>fiant</strong></span> <span class='ocrx_word' id='word_1_713' title='bbox 3300 5138 3462 5215; x_wconf 89' lang='lat' dir='ltr'><strong>apud</strong></span> 
     </span>
     <span class='ocr_line' id='line_1_107' title="bbox 1907 5224 3466 5303; baseline -0.001 -13"><span class='ocrx_word' id='word_1_714' title='bbox 1907 5230 2127 5303; x_wconf 90' lang='lat' dir='ltr'><strong>Deum,</strong></span> <span class='ocrx_word' id='word_1_715' title='bbox 2158 5228 2209 5285; x_wconf 89' lang='lat' dir='ltr'><strong>si</strong></span> <span class='ocrx_word' id='word_1_716' title='bbox 2254 5225 2426 5285; x_wconf 88' lang='lat' dir='ltr'><strong>illam</strong></span> <span class='ocrx_word' id='word_1_717' title='bbox 2469 5224 2817 5284; x_wconf 83' lang='lat' dir='ltr'><strong>voluntarie</strong></span> <span class='ocrx_word' id='word_1_718' title='bbox 2858 5242 2985 5283; x_wconf 90' lang='lat' dir='ltr'><strong>non</strong></span> <span class='ocrx_word' id='word_1_719' title='bbox 3013 5234 3277 5288; x_wconf 85' lang='lat' dir='ltr'><strong>servent.</strong></span> <span class='ocrx_word' id='word_1_720' title='bbox 3311 5229 3466 5289; x_wconf 92' lang='lat' dir='ltr'><strong>Con-</strong></span> 
     </span>
     <span class='ocr_line' id='line_1_108' title="bbox 1911 5315 3467 5391; baseline -0.002 -10"><span class='ocrx_word' id='word_1_721' title='bbox 1911 5321 2103 5382; x_wconf 90' lang='lat' dir='ltr'><strong>clusio</strong></span> <span class='ocrx_word' id='word_1_722' title='bbox 2136 5325 2225 5378; x_wconf 89' lang='lat' dir='ltr'><strong>est</strong></span> <span class='ocrx_word' id='word_1_723' title='bbox 2266 5323 2432 5377; x_wconf 89' lang='lat' dir='ltr'><strong>certa</strong></span> <span class='ocrx_word' id='word_1_724' title='bbox 2474 5317 2550 5376; x_wconf 91' lang='lat' dir='ltr'><strong>de</strong></span> <span class='ocrx_word' id='word_1_725' title='bbox 2597 5315 2741 5391; x_wconf 90' lang='lat' dir='ltr'><strong>fide,</strong></span> <span class='ocrx_word' id='word_1_726' title='bbox 2790 5316 3044 5378; x_wconf 85' lang='lat' dir='ltr'><strong>definita</strong></span> <span class='ocrx_word' id='word_1_727' title='bbox 3088 5319 3157 5379; x_wconf 91' lang='lat' dir='ltr'><strong>in</strong></span> <span class='ocrx_word' id='word_1_728' title='bbox 3196 5321 3467 5380; x_wconf 89' lang='lat' dir='ltr'><strong>Concilio</strong></span> 
     </span>
     <span class='ocr_line' id='line_1_109' title="bbox 1910 5411 3468 5488; baseline -0.003 -14"><span class='ocrx_word' id='word_1_729' title='bbox 1910 5411 2296 5483; x_wconf 89' lang='lat' dir='ltr'><strong>Tridentino,</strong></span> <span class='ocrx_word' id='word_1_730' title='bbox 2325 5426 2457 5488; x_wconf 89' lang='lat' dir='ltr'><strong>cap.</strong></span> <span class='ocrx_word' id='word_1_731' title='bbox 2489 5413 2587 5484; x_wconf 82' lang='grc'><strong>11,</strong></span> <span class='ocrx_word' id='word_1_732' title='bbox 2618 5415 2681 5470; x_wconf 91' lang='lat' dir='ltr'><strong>et</strong></span> <span class='ocrx_word' id='word_1_733' title='bbox 2715 5428 2851 5472; x_wconf 91' lang='lat' dir='ltr'><strong>can.</strong></span> <span class='ocrx_word' id='word_1_734' title='bbox 2891 5413 2990 5487; x_wconf 80' lang='lat'><strong>18,</strong></span> <span class='ocrx_word' id='word_1_735' title='bbox 3019 5415 3094 5473; x_wconf 82' lang='lat'><strong>19</strong></span> <span class='ocrx_word' id='word_1_736' title='bbox 3131 5418 3194 5472; x_wconf 89' lang='lat' dir='ltr'><strong>et</strong></span> <span class='ocrx_word' id='word_1_737' title='bbox 3228 5414 3330 5486; x_wconf 66' lang='grc' dir='ltr'><strong>ΞΟ,</strong></span> <span class='ocrx_word' id='word_1_738' title='bbox 3362 5411 3468 5469; x_wconf 86' lang='grc'>11111</span> 
     </span>
     <span class='ocr_line' id='line_1_110' title="bbox 1910 5502 3471 5584; baseline -0.003 -18"><span class='ocrx_word' id='word_1_739' title='bbox 1910 5503 2253 5584; x_wconf 87' lang='lat' dir='ltr'><strong>specialiter</strong></span> <span class='ocrx_word' id='word_1_740' title='bbox 2272 5502 2546 5581; x_wconf 87' lang='lat' dir='ltr'><strong>loquitur</strong></span> <span class='ocrx_word' id='word_1_741' title='bbox 2576 5502 2654 5563; x_wconf 90' lang='lat' dir='ltr'><strong>de</strong></span> <span class='ocrx_word' id='word_1_742' title='bbox 2687 5503 2869 5583; x_wconf 83' lang='lat' dir='ltr'><strong>justis</strong></span> <span class='ocrx_word' id='word_1_743' title='bbox 2902 5510 2964 5565; x_wconf 87' lang='lat' dir='ltr'><strong>et</strong></span> <span class='ocrx_word' id='word_1_744' title='bbox 2984 5503 3292 5583; x_wconf 87' lang='lat' dir='ltr'><strong>perfectis,</strong></span> <span class='ocrx_word' id='word_1_745' title='bbox 3322 5502 3471 5580; x_wconf 82' lang='lat' dir='ltr'><strong>quia</strong></span> 
     </span>
    </p>
   </div>
  </div>
 </body>
</html>
