<?xml version="1.0" encoding="UTF-8"?>
<!DOCTYPE html PUBLIC "-//W3C//DTD XHTML 1.0 Transitional//EN"
    "http://www.w3.org/TR/xhtml1/DTD/xhtml1-transitional.dtd">
<html xmlns="http://www.w3.org/1999/xhtml" xml:lang="en" lang="en">
 <head>
  <title>
</title>
<meta http-equiv="Content-Type" content="text/html;charset=utf-8" />
  <meta name='ocr-system' content='tesseract 3.04.00' />
  <meta name='ocr-capabilities' content='ocr_page ocr_carea ocr_par ocr_line ocrx_word'/>
</head>
<body>
  <div class='ocr_page' id='page_1' title='image "./rpfranciscisuar02duvagoog_0443.png"; bbox 0 0 3976 6219; ppageno 0'>
   <div class='ocr_carea' id='block_1_1' title="bbox 755 431 2935 497">
    <p class='ocr_par' dir='ltr' id='par_1_1' title="bbox 755 431 2935 497">
     <span class='ocr_line' id='line_1_1' title="bbox 755 431 2935 497; baseline -0.003 -6"><span class='ocrx_word' id='word_1_1' title='bbox 755 439 890 491; x_wconf 77' lang='lat' dir='ltr'>CAP.</span> <span class='ocrx_word' id='word_1_2' title='bbox 926 439 1008 491; x_wconf 87' lang='lat' dir='ltr'>lv.</span> <span class='ocrx_word' id='word_1_3' title='bbox 1043 438 1128 491; x_wconf 77' lang='lat' dir='ltr'>AN</span> <span class='ocrx_word' id='word_1_4' title='bbox 1159 438 1412 492; x_wconf 72' lang='lat' dir='ltr'>Possm</span> <span class='ocrx_word' id='word_1_5' title='bbox 1444 439 1592 493; x_wconf 80' lang='lat' dir='ltr'>nAm</span> <span class='ocrx_word' id='word_1_6' title='bbox 1622 437 1819 491; x_wconf 85' lang='lat' dir='ltr'><strong>LEGES</strong></span> <span class='ocrx_word' id='word_1_7' title='bbox 1850 436 2128 490; x_wconf 70' lang='lat' dir='ltr'><strong>RUMANAE</strong></span> <span class='ocrx_word' id='word_1_8' title='bbox 2158 434 2360 489; x_wconf 76' lang='lat' dir='ltr'>soum</span> <span class='ocrx_word' id='word_1_9' title='bbox 2392 435 2475 487; x_wconf 75' lang='lat' dir='ltr'>An</span> <span class='ocrx_word' id='word_1_10' title='bbox 2506 432 2761 497; x_wconf 72' lang='lat' dir='ltr'>POENAM,</span> <span class='ocrx_word' id='word_1_11' title='bbox 2796 431 2935 485; x_wconf 82' lang='lat' dir='ltr'>E&#39;rc.</span> 
     </span>
    </p>
   </div>
   <div class='ocr_carea' id='block_1_2' title="bbox 230 539 1818 5635">
    <p class='ocr_par' dir='ltr' id='par_1_2' title="bbox 244 539 1811 1828">
     <span class='ocr_line' id='line_1_2' title="bbox 244 539 1805 620; baseline -0.003 -17"><span class='ocrx_word' id='word_1_12' title='bbox 244 541 640 604; x_wconf 88' lang='lat' dir='ltr'>afflictionem</span> <span class='ocrx_word' id='word_1_13' title='bbox 678 558 906 619; x_wconf 92' lang='lat' dir='ltr'>ponere</span> <span class='ocrx_word' id='word_1_14' title='bbox 945 546 1195 620; x_wconf 89' lang='lat' dir='ltr'>propter</span> <span class='ocrx_word' id='word_1_15' title='bbox 1221 541 1613 601; x_wconf 90' lang='lat' dir='ltr'>omissionem</span> <span class='ocrx_word' id='word_1_16' title='bbox 1639 539 1805 600; x_wconf 91' lang='lat' dir='ltr'>illius</span> 
     </span>
     <span class='ocr_line' id='line_1_3' title="bbox 245 632 1799 713; baseline -0.003 -17"><span class='ocrx_word' id='word_1_17' title='bbox 245 641 439 709; x_wconf 81' lang='lat' dir='ltr'>actuS,</span> <span class='ocrx_word' id='word_1_18' title='bbox 475 634 716 695; x_wconf 90' lang='lat' dir='ltr'>etiamsi</span> <span class='ocrx_word' id='word_1_19' title='bbox 757 633 938 713; x_wconf 90' lang='lat' dir='ltr'>culpa</span> <span class='ocrx_word' id='word_1_20' title='bbox 977 651 1105 694; x_wconf 92' lang='lat' dir='ltr'>non</span> <span class='ocrx_word' id='word_1_21' title='bbox 1143 633 1332 694; x_wconf 90' lang='lat' dir='ltr'>fuerit</span> <span class='ocrx_word' id='word_1_22' title='bbox 1373 632 1537 712; x_wconf 89' lang='lat' dir='ltr'>apud</span> <span class='ocrx_word' id='word_1_23' title='bbox 1582 633 1799 694; x_wconf 90' lang='lat' dir='ltr'>Deum.</span> 
     </span>
     <span class='ocr_line' id='line_1_4' title="bbox 248 725 1807 806; baseline -0.003 -16"><span class='ocrx_word' id='word_1_24' title='bbox 248 727 548 789; x_wconf 83' lang='lat' dir='ltr'>Probatur</span> <span class='ocrx_word' id='word_1_25' title='bbox 582 726 1038 805; x_wconf 84' lang='lat' dir='ltr'><strong>consequentia,</strong></span> <span class='ocrx_word' id='word_1_26' title='bbox 1064 726 1209 806; x_wconf 90' lang='lat' dir='ltr'>quia</span> <span class='ocrx_word' id='word_1_27' title='bbox 1240 726 1346 786; x_wconf 89' lang='lat' dir='ltr'>illa</span> <span class='ocrx_word' id='word_1_28' title='bbox 1384 725 1626 805; x_wconf 90' lang='lat' dir='ltr'>punitio</span> <span class='ocrx_word' id='word_1_29' title='bbox 1661 731 1807 786; x_wconf 88' lang='lat' dir='ltr'>tunc</span> 
     </span>
     <span class='ocr_line' id='line_1_5' title="bbox 248 818 1805 898; baseline -0.002 -17"><span class='ocrx_word' id='word_1_30' title='bbox 248 839 375 881; x_wconf 91' lang='lat' dir='ltr'>non</span> <span class='ocrx_word' id='word_1_31' title='bbox 400 826 511 895; x_wconf 88' lang='lat' dir='ltr'>est,</span> <span class='ocrx_word' id='word_1_32' title='bbox 543 819 664 878; x_wconf 90' lang='lat' dir='ltr'>nisi</span> <span class='ocrx_word' id='word_1_33' title='bbox 700 819 982 898; x_wconf 69' lang='lat' dir='ltr'>quasdam</span> <span class='ocrx_word' id='word_1_34' title='bbox 1018 819 1249 880; x_wconf 82' lang='lat' dir='ltr'>coactio</span> <span class='ocrx_word' id='word_1_35' title='bbox 1286 825 1356 878; x_wconf 88' lang='lat' dir='ltr'>ut</span> <span class='ocrx_word' id='word_1_36' title='bbox 1388 818 1498 881; x_wconf 90' lang='lat' dir='ltr'>fiat</span> <span class='ocrx_word' id='word_1_37' title='bbox 1537 818 1637 879; x_wconf 89' lang='lat' dir='ltr'>vel</span> <span class='ocrx_word' id='word_1_38' title='bbox 1677 837 1805 879; x_wconf 90' lang='lat' dir='ltr'>non</span> 
     </span>
     <span class='ocr_line' id='line_1_6' title="bbox 247 911 1808 990; baseline -0.001 -16"><span class='ocrx_word' id='word_1_39' title='bbox 247 914 356 974; x_wconf 89' lang='lat' dir='ltr'>fiat</span> <span class='ocrx_word' id='word_1_40' title='bbox 395 912 534 972; x_wconf 89' lang='lat' dir='ltr'>talis</span> <span class='ocrx_word' id='word_1_41' title='bbox 575 917 770 988; x_wconf 88' lang='lat' dir='ltr'>actus,</span> <span class='ocrx_word' id='word_1_42' title='bbox 817 930 955 990; x_wconf 79' lang='lat' dir='ltr'>quae</span> <span class='ocrx_word' id='word_1_43' title='bbox 990 911 1334 973; x_wconf 87' lang='lat' dir='ltr'>necessaria</span> <span class='ocrx_word' id='word_1_44' title='bbox 1373 917 1464 973; x_wconf 84' lang='lat' dir='ltr'>est</span> <span class='ocrx_word' id='word_1_45' title='bbox 1511 918 1581 972; x_wconf 93' lang='lat' dir='ltr'>ut</span> <span class='ocrx_word' id='word_1_46' title='bbox 1620 911 1808 972; x_wconf 89' lang='lat' dir='ltr'>timor</span> 
     </span>
     <span class='ocr_line' id='line_1_7' title="bbox 247 1004 1807 1083; baseline -0.001 -17"><span class='ocrx_word' id='word_1_47' title='bbox 247 1006 413 1066; x_wconf 90' lang='lat' dir='ltr'>illius</span> <span class='ocrx_word' id='word_1_48' title='bbox 456 1005 890 1066; x_wconf 80' lang='lat' dir='ltr'>antecedenter</span> <span class='ocrx_word' id='word_1_49' title='bbox 933 1006 1120 1066; x_wconf 86' lang='lat' dir='ltr'>etiam</span> <span class='ocrx_word' id='word_1_50' title='bbox 1155 1010 1333 1083; x_wconf 86' lang='lat' dir='ltr'>cogat</span> <span class='ocrx_word' id='word_1_51' title='bbox 1374 1005 1452 1064; x_wconf 89' lang='lat' dir='ltr'>ad</span> <span class='ocrx_word' id='word_1_52' title='bbox 1490 1004 1807 1065; x_wconf 86' lang='lat' dir='ltr'>vitandam</span> 
     </span>
     <span class='ocr_line' id='line_1_8' title="bbox 248 1096 1807 1176; baseline -0.003 -15"><span class='ocrx_word' id='word_1_53' title='bbox 248 1098 513 1161; x_wconf 87' lang='lat' dir='ltr'>similem</span> <span class='ocrx_word' id='word_1_54' title='bbox 524 1098 1095 1176; x_wconf 83' lang='lat' dir='ltr'>transgressionem.</span> <span class='ocrx_word' id='word_1_55' title='bbox 1109 1099 1186 1158; x_wconf 88' lang='lat' dir='ltr'>Et</span> <span class='ocrx_word' id='word_1_56' title='bbox 1204 1096 1604 1158; x_wconf 86' lang='lat' dir='ltr'>confirmatur</span> <span class='ocrx_word' id='word_1_57' title='bbox 1621 1114 1640 1174; x_wconf 86' lang='lat'>3</span> <span class='ocrx_word' id='word_1_58' title='bbox 1658 1113 1807 1157; x_wconf 91' lang='lat' dir='ltr'>nam</span> 
     </span>
     <span class='ocr_line' id='line_1_9' title="bbox 246 1192 1811 1272; baseline -0.001 -18"><span class='ocrx_word' id='word_1_59' title='bbox 246 1193 561 1254; x_wconf 88' lang='lat' dir='ltr'>interdum</span> <span class='ocrx_word' id='word_1_60' title='bbox 577 1199 772 1272; x_wconf 84' lang='lat' dir='ltr'>potest</span> <span class='ocrx_word' id='word_1_61' title='bbox 786 1192 1128 1271; x_wconf 78' lang='lat' dir='ltr'>respublica</span> <span class='ocrx_word' id='word_1_62' title='bbox 1144 1193 1267 1252; x_wconf 90' lang='lat' dir='ltr'>alia</span> <span class='ocrx_word' id='word_1_63' title='bbox 1285 1210 1474 1253; x_wconf 89' lang='lat' dir='ltr'>onera</span> <span class='ocrx_word' id='word_1_64' title='bbox 1491 1192 1811 1272; x_wconf 86' lang='lat' dir='ltr'>imponere</span> 
     </span>
     <span class='ocr_line' id='line_1_10' title="bbox 249 1285 1810 1365; baseline -0.001 -18"><span class='ocrx_word' id='word_1_65' title='bbox 249 1305 326 1347; x_wconf 89' lang='lat' dir='ltr'>ex</span> <span class='ocrx_word' id='word_1_66' title='bbox 346 1288 513 1364; x_wconf 88' lang='lat' dir='ltr'>justa</span> <span class='ocrx_word' id='word_1_67' title='bbox 540 1303 744 1360; x_wconf 90' lang='lat' dir='ltr'>causa,</span> <span class='ocrx_word' id='word_1_68' title='bbox 763 1290 825 1345; x_wconf 90' lang='lat' dir='ltr'>et</span> <span class='ocrx_word' id='word_1_69' title='bbox 848 1286 981 1346; x_wconf 90' lang='lat' dir='ltr'>sine</span> <span class='ocrx_word' id='word_1_70' title='bbox 1011 1286 1214 1365; x_wconf 90' lang='lat' dir='ltr'>culpa,</span> <span class='ocrx_word' id='word_1_71' title='bbox 1233 1291 1303 1345; x_wconf 92' lang='lat' dir='ltr'>ut</span> <span class='ocrx_word' id='word_1_72' title='bbox 1320 1285 1584 1364; x_wconf 92' lang='lat' dir='ltr'>probant</span> <span class='ocrx_word' id='word_1_73' title='bbox 1602 1302 1810 1345; x_wconf 89' lang='lat' dir='ltr'>exem-</span> 
     </span>
     <span class='ocr_line' id='line_1_11' title="bbox 249 1377 1810 1458; baseline 0.001 -20"><span class='ocrx_word' id='word_1_74' title='bbox 249 1378 353 1458; x_wconf 89' lang='lat' dir='ltr'>pla</span> <span class='ocrx_word' id='word_1_75' title='bbox 381 1395 566 1457; x_wconf 88' lang='lat' dir='ltr'>supra</span> <span class='ocrx_word' id='word_1_76' title='bbox 600 1377 863 1438; x_wconf 90' lang='lat' dir='ltr'>adducta</span> <span class='ocrx_word' id='word_1_77' title='bbox 890 1384 952 1438; x_wconf 90' lang='lat' dir='ltr'>et</span> <span class='ocrx_word' id='word_1_78' title='bbox 988 1378 1111 1438; x_wconf 93' lang='lat' dir='ltr'>alia</span> <span class='ocrx_word' id='word_1_79' title='bbox 1143 1396 1281 1457; x_wconf 81' lang='lat' dir='ltr'>quae</span> <span class='ocrx_word' id='word_1_80' title='bbox 1309 1378 1561 1439; x_wconf 79' lang='lat' dir='ltr'>adducit</span> <span class='ocrx_word' id='word_1_81' title='bbox 1599 1377 1810 1439; x_wconf 88' lang='lat' dir='ltr'>Glossa</span> 
     </span>
     <span class='ocr_line' id='line_1_12' title="bbox 250 1469 1810 1549; baseline 0.001 -20"><span class='ocrx_word' id='word_1_82' title='bbox 250 1471 313 1530; x_wconf 86' lang='lat' dir='ltr'>in</span> <span class='ocrx_word' id='word_1_83' title='bbox 346 1489 479 1548; x_wconf 91' lang='lat' dir='ltr'>cap.</span> <span class='ocrx_word' id='word_1_84' title='bbox 511 1471 551 1529; x_wconf 69' lang='grc' dir='ltr'>Ξ</span> <span class='ocrx_word' id='word_1_85' title='bbox 570 1469 646 1530; x_wconf 90' lang='lat' dir='ltr'>de</span> <span class='ocrx_word' id='word_1_86' title='bbox 664 1471 868 1530; x_wconf 91' lang='lat' dir='ltr'>Const.</span> <span class='ocrx_word' id='word_1_87' title='bbox 894 1472 970 1531; x_wconf 92' lang='lat' dir='ltr'>Et</span> <span class='ocrx_word' id='word_1_88' title='bbox 990 1471 1147 1530; x_wconf 89' lang='lat' dir='ltr'>ratio</span> <span class='ocrx_word' id='word_1_89' title='bbox 1176 1476 1290 1546; x_wconf 90' lang='lat' dir='ltr'>est,</span> <span class='ocrx_word' id='word_1_90' title='bbox 1308 1470 1455 1549; x_wconf 86' lang='lat' dir='ltr'>quia</span> <span class='ocrx_word' id='word_1_91' title='bbox 1476 1471 1556 1531; x_wconf 90' lang='lat' dir='ltr'>ad</span> <span class='ocrx_word' id='word_1_92' title='bbox 1573 1470 1810 1532; x_wconf 92' lang='lat' dir='ltr'>bonum</span> 
     </span>
     <span class='ocr_line' id='line_1_13' title="bbox 250 1562 1806 1642; baseline -0.001 -19"><span class='ocrx_word' id='word_1_93' title='bbox 250 1562 531 1641; x_wconf 88' lang='lat' dir='ltr'>regimen</span> <span class='ocrx_word' id='word_1_94' title='bbox 558 1562 911 1642; x_wconf 82' lang='lat' dir='ltr'>reipublicae</span> <span class='ocrx_word' id='word_1_95' title='bbox 947 1580 1105 1642; x_wconf 81' lang='lat' dir='ltr'>saepe</span> <span class='ocrx_word' id='word_1_96' title='bbox 1135 1563 1194 1623; x_wconf 92' lang='lat' dir='ltr'>id</span> <span class='ocrx_word' id='word_1_97' title='bbox 1234 1564 1642 1625; x_wconf 85' lang='lat' dir='ltr'>necessarium</span> <span class='ocrx_word' id='word_1_98' title='bbox 1680 1568 1771 1624; x_wconf 89' lang='lat' dir='ltr'>est</span> <span class='ocrx_word' id='word_1_99' title='bbox 1785 1579 1806 1641; x_wconf 83' lang='lat'>3</span> 
     </span>
     <span class='ocr_line' id='line_1_14' title="bbox 252 1655 1811 1735; baseline 0 -18"><span class='ocrx_word' id='word_1_100' title='bbox 252 1674 400 1734; x_wconf 91' lang='lat' dir='ltr'>ergo</span> <span class='ocrx_word' id='word_1_101' title='bbox 439 1656 529 1715; x_wconf 88' lang='lat' dir='ltr'>ita</span> <span class='ocrx_word' id='word_1_102' title='bbox 569 1655 757 1716; x_wconf 90' lang='lat' dir='ltr'>etiam</span> <span class='ocrx_word' id='word_1_103' title='bbox 786 1655 921 1716; x_wconf 92' lang='lat' dir='ltr'>fieri</span> <span class='ocrx_word' id='word_1_104' title='bbox 964 1662 1166 1735; x_wconf 89' lang='lat' dir='ltr'>potest</span> <span class='ocrx_word' id='word_1_105' title='bbox 1204 1656 1271 1716; x_wconf 92' lang='lat' dir='ltr'>in</span> <span class='ocrx_word' id='word_1_106' title='bbox 1300 1657 1614 1735; x_wconf 85' lang='lat' dir='ltr'>praesenti,</span> <span class='ocrx_word' id='word_1_107' title='bbox 1661 1674 1811 1717; x_wconf 87' lang='lat' dir='ltr'>nam</span> 
     </span>
     <span class='ocr_line' id='line_1_15' title="bbox 252 1747 1504 1828; baseline 0.001 -20"><span class='ocrx_word' id='word_1_108' title='bbox 252 1765 435 1808; x_wconf 88' lang='lat' dir='ltr'>causa</span> <span class='ocrx_word' id='word_1_109' title='bbox 457 1753 547 1808; x_wconf 90' lang='lat' dir='ltr'>est</span> <span class='ocrx_word' id='word_1_110' title='bbox 573 1747 903 1824; x_wconf 87' lang='lat' dir='ltr'>sufficiens,</span> <span class='ocrx_word' id='word_1_111' title='bbox 929 1748 1161 1810; x_wconf 89' lang='lat' dir='ltr'>seclusa</span> <span class='ocrx_word' id='word_1_112' title='bbox 1181 1749 1384 1828; x_wconf 89' lang='lat' dir='ltr'>culpa.</span> <span class='ocrx_word' id='word_1_113' title='bbox 1492 1779 1504 1789; x_wconf 95' lang='lat'><strong>·</strong></span> 
     </span>
    </p>

    <p class='ocr_par' dir='ltr' id='par_1_3' title="bbox 245 1839 1818 4235">
     <span class='ocr_line' id='line_1_16' title="bbox 332 1839 1811 1921; baseline 0.001 -20"><span class='ocrx_word' id='word_1_114' title='bbox 332 1841 393 1901; x_wconf 84' lang='lat'>6.</span> <span class='ocrx_word' id='word_1_115' title='bbox 440 1839 620 1919; x_wconf 79' lang='lat' dir='ltr'>Soepe</span> <span class='ocrx_word' id='word_1_116' title='bbox 650 1842 923 1921; x_wconf 67' lang='lat' dir='ltr'>expedire</span> <span class='ocrx_word' id='word_1_117' title='bbox 950 1843 1032 1904; x_wconf 85' lang='lat' dir='ltr'>ad</span> <span class='ocrx_word' id='word_1_118' title='bbox 1051 1842 1322 1921; x_wconf 78' lang='lat' dir='ltr'>pericula</span> <span class='ocrx_word' id='word_1_119' title='bbox 1350 1843 1693 1906; x_wconf 76' lang='lat' dir='ltr'>animarum</span> <span class='ocrx_word' id='word_1_120' title='bbox 1721 1843 1811 1904; x_wconf 81' lang='lat' dir='ltr'>vi-</span> 
     </span>
     <span class='ocr_line' id='line_1_17' title="bbox 254 1934 1818 2015; baseline 0.003 -22"><span class='ocrx_word' id='word_1_121' title='bbox 254 1935 439 1994; x_wconf 84' lang='lat' dir='ltr'>tanda</span> <span class='ocrx_word' id='word_1_122' title='bbox 491 1934 757 2012; x_wconf 72' lang='lat' dir='ltr'>obliqare</span> <span class='ocrx_word' id='word_1_123' title='bbox 808 1935 891 1996; x_wconf 84' lang='lat' dir='ltr'>ad</span> <span class='ocrx_word' id='word_1_124' title='bbox 928 1952 1191 2013; x_wconf 60' lang='lat' dir='ltr'>poenam,</span> <span class='ocrx_word' id='word_1_125' title='bbox 1241 1935 1346 2015; x_wconf 82' lang='lat' dir='ltr'>qui</span> <span class='ocrx_word' id='word_1_126' title='bbox 1393 1936 1687 2014; x_wconf 73' lang='lat' dir='ltr'>obliqetm·</span> <span class='ocrx_word' id='word_1_127' title='bbox 1734 1937 1818 1999; x_wconf 82' lang='lat' dir='ltr'>ad</span> 
     </span>
     <span class='ocr_line' id='line_1_18' title="bbox 254 2025 1812 2108; baseline 0.003 -23"><span class='ocrx_word' id='word_1_128' title='bbox 254 2025 490 2103; x_wconf 79' lang='lat' dir='ltr'>eulpam</span> <span class='ocrx_word' id='word_1_129' title='bbox 510 2051 532 2085; x_wconf 94' lang='lat'>.·</span> <span class='ocrx_word' id='word_1_130' title='bbox 562 2027 650 2089; x_wconf 70' lang='lat' dir='ltr'>sic</span> <span class='ocrx_word' id='word_1_131' title='bbox 673 2027 740 2088; x_wconf 90' lang='lat' dir='ltr'>in</span> <span class='ocrx_word' id='word_1_132' title='bbox 767 2027 890 2106; x_wconf 64' lang='lat' dir='ltr'>leffe</span> <span class='ocrx_word' id='word_1_133' title='bbox 921 2028 1185 2090; x_wconf 75' lang='lat' dir='ltr'>humana</span> <span class='ocrx_word' id='word_1_134' title='bbox 1216 2033 1503 2103; x_wconf 75' lang='lat' dir='ltr'>censetur,</span> <span class='ocrx_word' id='word_1_135' title='bbox 1535 2047 1666 2108; x_wconf 81' lang='lat' dir='ltr'>quoe</span> <span class='ocrx_word' id='word_1_136' title='bbox 1688 2046 1812 2108; x_wconf 83' lang='lat' dir='ltr'>poe-</span> 
     </span>
     <span class='ocr_line' id='line_1_19' title="bbox 252 2119 1813 2198; baseline 0.003 -20"><span class='ocrx_word' id='word_1_137' title='bbox 252 2134 394 2179; x_wconf 83' lang='lat' dir='ltr'>nam</span> <span class='ocrx_word' id='word_1_138' title='bbox 436 2119 689 2197; x_wconf 78' lang='lat' dir='ltr'>imponit</span> <span class='ocrx_word' id='word_1_139' title='bbox 727 2119 1000 2198; x_wconf 73' lang='lat' dir='ltr'>fuqienti</span> <span class='ocrx_word' id='word_1_140' title='bbox 1046 2122 1114 2183; x_wconf 86' lang='lat' dir='ltr'>de</span> <span class='ocrx_word' id='word_1_141' title='bbox 1158 2138 1389 2184; x_wconf 78' lang='lat' dir='ltr'>carcere</span> <span class='ocrx_word' id='word_1_142' title='bbox 1425 2126 1479 2184; x_wconf 80' lang='lat' dir='ltr'>et</span> <span class='ocrx_word' id='word_1_143' title='bbox 1521 2121 1813 2184; x_wconf 73' lang='lat' dir='ltr'>scindenti</span> 
     </span>
     <span class='ocr_line' id='line_1_20' title="bbox 254 2208 1814 2293; baseline 0.004 -25"><span class='ocrx_word' id='word_1_144' title='bbox 254 2208 424 2288; x_wconf 73' lang='lat' dir='ltr'>liqna</span> <span class='ocrx_word' id='word_1_145' title='bbox 452 2210 519 2270; x_wconf 81' lang='lat' dir='ltr'>in</span> <span class='ocrx_word' id='word_1_146' title='bbox 546 2211 1102 2290; x_wconf 54' lang='lat' dir='ltr'>sylva—Denique</span> <span class='ocrx_word' id='word_1_147' title='bbox 1124 2231 1282 2292; x_wconf 83' lang='lat' dir='ltr'>saepe</span> <span class='ocrx_word' id='word_1_148' title='bbox 1305 2218 1504 2293; x_wconf 89' lang='lat' dir='ltr'>potest</span> <span class='ocrx_word' id='word_1_149' title='bbox 1527 2213 1814 2292; x_wconf 86' lang='lat' dir='ltr'>expedire</span> 
     </span>
     <span class='ocr_line' id='line_1_21' title="bbox 255 2297 1814 2379; baseline 0.003 -18"><span class='ocrx_word' id='word_1_150' title='bbox 255 2301 332 2361; x_wconf 90' lang='lat' dir='ltr'>ad</span> <span class='ocrx_word' id='word_1_151' title='bbox 350 2302 620 2379; x_wconf 89' lang='lat' dir='ltr'>pericula</span> <span class='ocrx_word' id='word_1_152' title='bbox 641 2304 993 2365; x_wconf 90' lang='lat' dir='ltr'>animarum</span> <span class='ocrx_word' id='word_1_153' title='bbox 1013 2306 1265 2366; x_wconf 87' lang='lat' dir='ltr'>vitanda</span> <span class='ocrx_word' id='word_1_154' title='bbox 1276 2306 1394 2367; x_wconf 91' lang='lat' dir='ltr'>hoc</span> <span class='ocrx_word' id='word_1_155' title='bbox 1417 2297 1660 2367; x_wconf 84' lang='lat' dir='ltr'>tantum</span> <span class='ocrx_word' id='word_1_156' title='bbox 1682 2323 1814 2366; x_wconf 90' lang='lat' dir='ltr'>mo-</span> 
     </span>
     <span class='ocr_line' id='line_1_22' title="bbox 255 2393 1816 2470; baseline 0.004 -18"><span class='ocrx_word' id='word_1_157' title='bbox 255 2393 334 2453; x_wconf 90' lang='lat' dir='ltr'>do</span> <span class='ocrx_word' id='word_1_158' title='bbox 371 2412 589 2470; x_wconf 90' lang='lat' dir='ltr'>cogere</span> <span class='ocrx_word' id='word_1_159' title='bbox 619 2395 697 2455; x_wconf 90' lang='lat' dir='ltr'>ad</span> <span class='ocrx_word' id='word_1_160' title='bbox 733 2401 940 2455; x_wconf 91' lang='lat' dir='ltr'>actum</span> <span class='ocrx_word' id='word_1_161' title='bbox 970 2396 1121 2457; x_wconf 89' lang='lat' dir='ltr'>alias</span> <span class='ocrx_word' id='word_1_162' title='bbox 1150 2399 1619 2459; x_wconf 74' lang='lat' dir='ltr'>convenientem</span> <span class='ocrx_word' id='word_1_163' title='bbox 1652 2417 1816 2459; x_wconf 91' lang='lat' dir='ltr'>com-</span> 
     </span>
     <span class='ocr_line' id='line_1_23' title="bbox 257 2486 1817 2569; baseline 0.004 -25"><span class='ocrx_word' id='word_1_164' title='bbox 257 2486 568 2547; x_wconf 87' lang='lat' dir='ltr'>munitati.</span> <span class='ocrx_word' id='word_1_165' title='bbox 593 2487 746 2559; x_wconf 83' lang='lat' dir='ltr'>Quia</span> <span class='ocrx_word' id='word_1_166' title='bbox 764 2489 996 2548; x_wconf 87' lang='lat' dir='ltr'>coactio</span> <span class='ocrx_word' id='word_1_167' title='bbox 1017 2487 1224 2568; x_wconf 87' lang='lat' dir='ltr'>aliqua</span> <span class='ocrx_word' id='word_1_168' title='bbox 1252 2494 1341 2549; x_wconf 89' lang='lat' dir='ltr'>est</span> <span class='ocrx_word' id='word_1_169' title='bbox 1366 2490 1554 2565; x_wconf 88' lang='lat' dir='ltr'>utilis,</span> <span class='ocrx_word' id='word_1_170' title='bbox 1579 2496 1641 2551; x_wconf 89' lang='lat' dir='ltr'>et</span> <span class='ocrx_word' id='word_1_171' title='bbox 1653 2491 1817 2569; x_wconf 90' lang='lat' dir='ltr'>quod</span> 
     </span>
     <span class='ocr_line' id='line_1_24' title="bbox 256 2578 1816 2655; baseline 0.003 -18"><span class='ocrx_word' id='word_1_172' title='bbox 256 2578 457 2655; x_wconf 90' lang='lat' dir='ltr'>major</span> <span class='ocrx_word' id='word_1_173' title='bbox 492 2596 618 2638; x_wconf 90' lang='lat' dir='ltr'>non</span> <span class='ocrx_word' id='word_1_174' title='bbox 649 2578 780 2654; x_wconf 92' lang='lat' dir='ltr'>fiat,</span> <span class='ocrx_word' id='word_1_175' title='bbox 828 2585 923 2640; x_wconf 89' lang='lat' dir='ltr'>est</span> <span class='ocrx_word' id='word_1_176' title='bbox 961 2580 1149 2640; x_wconf 89' lang='lat' dir='ltr'>etiam</span> <span class='ocrx_word' id='word_1_177' title='bbox 1176 2581 1325 2641; x_wconf 92' lang='lat' dir='ltr'>utile</span> <span class='ocrx_word' id='word_1_178' title='bbox 1362 2581 1713 2655; x_wconf 77' lang='lat' dir='ltr'>animabuS,</span> <span class='ocrx_word' id='word_1_179' title='bbox 1755 2587 1816 2642; x_wconf 86' lang='lat' dir='ltr'>et</span> 
     </span>
     <span class='ocr_line' id='line_1_25' title="bbox 257 2671 1815 2752; baseline 0.003 -23"><span class='ocrx_word' id='word_1_180' title='bbox 257 2671 524 2749; x_wconf 88' lang='lat' dir='ltr'>pertinet</span> <span class='ocrx_word' id='word_1_181' title='bbox 551 2672 752 2750; x_wconf 90' lang='lat' dir='ltr'>potius</span> <span class='ocrx_word' id='word_1_182' title='bbox 773 2672 851 2732; x_wconf 89' lang='lat' dir='ltr'>ad</span> <span class='ocrx_word' id='word_1_183' title='bbox 876 2690 1128 2733; x_wconf 84' lang='lat' dir='ltr'>suavem</span> <span class='ocrx_word' id='word_1_184' title='bbox 1147 2673 1602 2752; x_wconf 86' lang='lat' dir='ltr'>providentiam</span> <span class='ocrx_word' id='word_1_185' title='bbox 1626 2692 1815 2752; x_wconf 90' lang='lat' dir='ltr'>quam</span> 
     </span>
     <span class='ocr_line' id='line_1_26' title="bbox 259 2763 1815 2842; baseline 0.003 -20"><span class='ocrx_word' id='word_1_186' title='bbox 259 2763 339 2822; x_wconf 90' lang='lat' dir='ltr'>ad</span> <span class='ocrx_word' id='word_1_187' title='bbox 366 2764 653 2842; x_wconf 87' lang='lat' dir='ltr'>rigorem.</span> <span class='ocrx_word' id='word_1_188' title='bbox 672 2765 747 2823; x_wconf 90' lang='lat' dir='ltr'>Et</span> <span class='ocrx_word' id='word_1_189' title='bbox 767 2764 885 2825; x_wconf 92' lang='lat' dir='ltr'>hoc</span> <span class='ocrx_word' id='word_1_190' title='bbox 906 2764 1196 2842; x_wconf 89' lang='lat' dir='ltr'>prudenti</span> <span class='ocrx_word' id='word_1_191' title='bbox 1228 2764 1485 2826; x_wconf 91' lang='lat' dir='ltr'>consilio</span> <span class='ocrx_word' id='word_1_192' title='bbox 1513 2765 1674 2826; x_wconf 90' lang='lat' dir='ltr'>fiunt</span> <span class='ocrx_word' id='word_1_193' title='bbox 1694 2770 1815 2827; x_wconf 87' lang='lat' dir='ltr'>sta-</span> 
     </span>
     <span class='ocr_line' id='line_1_27' title="bbox 259 2849 1816 2936; baseline 0.001 -20"><span class='ocrx_word' id='word_1_194' title='bbox 259 2860 397 2916; x_wconf 89' lang='lat' dir='ltr'>tuta</span> <span class='ocrx_word' id='word_1_195' title='bbox 424 2856 491 2914; x_wconf 89' lang='lat' dir='ltr'>in</span> <span class='ocrx_word' id='word_1_196' title='bbox 517 2849 944 2932; x_wconf 77' lang='lat' dir='ltr'>religionibuS,</span> <span class='ocrx_word' id='word_1_197' title='bbox 969 2856 1037 2915; x_wconf 93' lang='lat' dir='ltr'>in</span> <span class='ocrx_word' id='word_1_198' title='bbox 1065 2856 1289 2935; x_wconf 92' lang='lat' dir='ltr'>quibus</span> <span class='ocrx_word' id='word_1_199' title='bbox 1310 2858 1676 2936; x_wconf 88' lang='lat' dir='ltr'>supponitur</span> <span class='ocrx_word' id='word_1_200' title='bbox 1691 2858 1816 2917; x_wconf 93' lang='lat' dir='ltr'>vir-</span> 
     </span>
     <span class='ocr_line' id='line_1_28' title="bbox 262 2947 1815 3028; baseline 0.004 -22"><span class='ocrx_word' id='word_1_201' title='bbox 262 2947 428 3007; x_wconf 90' lang='lat' dir='ltr'>tuale</span> <span class='ocrx_word' id='word_1_202' title='bbox 447 2953 697 3026; x_wconf 89' lang='lat' dir='ltr'>pactum</span> <span class='ocrx_word' id='word_1_203' title='bbox 722 2949 786 3007; x_wconf 91' lang='lat' dir='ltr'>in</span> <span class='ocrx_word' id='word_1_204' title='bbox 805 2953 948 3009; x_wconf 88' lang='lat' dir='ltr'>voto</span> <span class='ocrx_word' id='word_1_205' title='bbox 966 2947 1332 3010; x_wconf 85' lang='lat' dir='ltr'>obedientiae</span> <span class='ocrx_word' id='word_1_206' title='bbox 1355 2954 1418 3010; x_wconf 90' lang='lat' dir='ltr'>et</span> <span class='ocrx_word' id='word_1_207' title='bbox 1439 2950 1815 3028; x_wconf 87' lang='lat' dir='ltr'>professione</span> 
     </span>
     <span class='ocr_line' id='line_1_29' title="bbox 261 3040 1816 3122; baseline 0.003 -23"><span class='ocrx_word' id='word_1_208' title='bbox 261 3040 591 3117; x_wconf 91' lang='lat' dir='ltr'>inclusum,</span> <span class='ocrx_word' id='word_1_209' title='bbox 618 3041 973 3121; x_wconf 90' lang='lat' dir='ltr'>acceptandi</span> <span class='ocrx_word' id='word_1_210' title='bbox 994 3041 1181 3103; x_wconf 90' lang='lat' dir='ltr'>talem</span> <span class='ocrx_word' id='word_1_211' title='bbox 1212 3060 1483 3122; x_wconf 87' lang='lat' dir='ltr'>poenam,</span> <span class='ocrx_word' id='word_1_212' title='bbox 1520 3043 1571 3102; x_wconf 93' lang='lat' dir='ltr'>si</span> <span class='ocrx_word' id='word_1_213' title='bbox 1602 3044 1668 3103; x_wconf 91' lang='lat' dir='ltr'>in</span> <span class='ocrx_word' id='word_1_214' title='bbox 1698 3043 1816 3104; x_wconf 88' lang='lat' dir='ltr'>hac</span> 
     </span>
     <span class='ocr_line' id='line_1_30' title="bbox 263 3134 1816 3216; baseline 0.003 -23"><span class='ocrx_word' id='word_1_215' title='bbox 263 3134 359 3193; x_wconf 90' lang='lat' dir='ltr'>vel</span> <span class='ocrx_word' id='word_1_216' title='bbox 397 3135 507 3194; x_wconf 90' lang='lat' dir='ltr'>illa</span> <span class='ocrx_word' id='word_1_217' title='bbox 552 3134 781 3212; x_wconf 81' lang='lat' dir='ltr'>regulae</span> <span class='ocrx_word' id='word_1_218' title='bbox 829 3137 1315 3213; x_wconf 81' lang='lat' dir='ltr'>transgressione</span> <span class='ocrx_word' id='word_1_219' title='bbox 1358 3136 1495 3214; x_wconf 90' lang='lat' dir='ltr'>quis</span> <span class='ocrx_word' id='word_1_220' title='bbox 1542 3154 1816 3216; x_wconf 88' lang='lat' dir='ltr'>compre-</span> 
     </span>
     <span class='ocr_line' id='line_1_31' title="bbox 257 3227 1813 3307; baseline 0.001 -19"><span class='ocrx_word' id='word_1_221' title='bbox 257 3227 587 3302; x_wconf 89' lang='lat' dir='ltr'>hendatur,</span> <span class='ocrx_word' id='word_1_222' title='bbox 627 3233 698 3288; x_wconf 92' lang='lat' dir='ltr'>ut</span> <span class='ocrx_word' id='word_1_223' title='bbox 732 3228 971 3289; x_wconf 84' lang='lat' dir='ltr'>notavit</span> <span class='ocrx_word' id='word_1_224' title='bbox 997 3228 1255 3303; x_wconf 87' lang='lat' dir='ltr'>Anton.,</span> <span class='ocrx_word' id='word_1_225' title='bbox 1288 3230 1325 3289; x_wconf 90' lang='lat'><strong>3</strong></span> <span class='ocrx_word' id='word_1_226' title='bbox 1351 3234 1538 3307; x_wconf 89' lang='lat' dir='ltr'>part.,</span> <span class='ocrx_word' id='word_1_227' title='bbox 1577 3230 1674 3289; x_wconf 91' lang='lat' dir='ltr'>tit.</span> <span class='ocrx_word' id='word_1_228' title='bbox 1712 3230 1813 3304; x_wconf 81' lang='lat'>16,</span> 
     </span>
     <span class='ocr_line' id='line_1_32' title="bbox 257 3320 1817 3401; baseline 0.002 -21"><span class='ocrx_word' id='word_1_229' title='bbox 257 3340 388 3399; x_wconf 88' lang='lat' dir='ltr'>cap.</span> <span class='ocrx_word' id='word_1_230' title='bbox 424 3323 485 3396; x_wconf 77' lang='lat'>1,</span> <span class='ocrx_word' id='word_1_231' title='bbox 527 3321 564 3401; x_wconf 64' lang='grc' dir='ltr'>ξ</span> <span class='ocrx_word' id='word_1_232' title='bbox 602 3321 713 3383; x_wconf 88' lang='lat' dir='ltr'>ult.</span> <span class='ocrx_word' id='word_1_233' title='bbox 722 3367 742 3397; x_wconf 93' lang='lat'>,</span> <span class='ocrx_word' id='word_1_234' title='bbox 774 3321 936 3381; x_wconf 89' lang='lat' dir='ltr'>circa</span> <span class='ocrx_word' id='word_1_235' title='bbox 974 3320 1085 3381; x_wconf 89' lang='lat' dir='ltr'>fin.</span> <span class='ocrx_word' id='word_1_236' title='bbox 1134 3321 1303 3394; x_wconf 88' lang='lat' dir='ltr'>Quod</span> <span class='ocrx_word' id='word_1_237' title='bbox 1335 3322 1586 3382; x_wconf 87' lang='lat' dir='ltr'>extendi</span> <span class='ocrx_word' id='word_1_238' title='bbox 1629 3323 1817 3383; x_wconf 85' lang='lat' dir='ltr'>etiam</span> 
     </span>
     <span class='ocr_line' id='line_1_33' title="bbox 254 3414 1815 3494; baseline 0.001 -20"><span class='ocrx_word' id='word_1_239' title='bbox 254 3420 453 3493; x_wconf 90' lang='lat' dir='ltr'>potest</span> <span class='ocrx_word' id='word_1_240' title='bbox 498 3414 579 3474; x_wconf 88' lang='lat' dir='ltr'>ad</span> <span class='ocrx_word' id='word_1_241' title='bbox 617 3432 1075 3494; x_wconf 86' lang='lat' dir='ltr'>quamcumque</span> <span class='ocrx_word' id='word_1_242' title='bbox 1121 3416 1655 3490; x_wconf 89' lang='lat' dir='ltr'>communitatem,</span> <span class='ocrx_word' id='word_1_243' title='bbox 1707 3433 1815 3476; x_wconf 91' lang='lat' dir='ltr'>seu</span> 
     </span>
     <span class='ocr_line' id='line_1_34' title="bbox 253 3508 1814 3587; baseline 0.002 -20"><span class='ocrx_word' id='word_1_244' title='bbox 253 3508 727 3586; x_wconf 87' lang='lat' dir='ltr'>rempublicam,</span> <span class='ocrx_word' id='word_1_245' title='bbox 754 3508 904 3587; x_wconf 87' lang='lat' dir='ltr'>quia</span> <span class='ocrx_word' id='word_1_246' title='bbox 926 3508 1090 3568; x_wconf 89' lang='lat' dir='ltr'>inter</span> <span class='ocrx_word' id='word_1_247' title='bbox 1108 3526 1244 3568; x_wconf 92' lang='lat' dir='ltr'>eam</span> <span class='ocrx_word' id='word_1_248' title='bbox 1269 3514 1331 3569; x_wconf 90' lang='lat' dir='ltr'>et</span> <span class='ocrx_word' id='word_1_249' title='bbox 1357 3509 1600 3587; x_wconf 89' lang='lat' dir='ltr'>singula</span> <span class='ocrx_word' id='word_1_250' title='bbox 1621 3527 1814 3570; x_wconf 90' lang='lat' dir='ltr'>mem-</span> 
     </span>
     <span class='ocr_line' id='line_1_35' title="bbox 252 3599 1814 3681; baseline 0.001 -21"><span class='ocrx_word' id='word_1_251' title='bbox 252 3599 365 3661; x_wconf 90' lang='lat' dir='ltr'>bra</span> <span class='ocrx_word' id='word_1_252' title='bbox 385 3601 516 3679; x_wconf 88' lang='lat' dir='ltr'>ejus</span> <span class='ocrx_word' id='word_1_253' title='bbox 538 3602 887 3677; x_wconf 89' lang='lat' dir='ltr'>intercedit,</span> <span class='ocrx_word' id='word_1_254' title='bbox 911 3600 1010 3661; x_wconf 91' lang='lat' dir='ltr'>vel</span> <span class='ocrx_word' id='word_1_255' title='bbox 1037 3601 1256 3661; x_wconf 88' lang='lat' dir='ltr'>saltem</span> <span class='ocrx_word' id='word_1_256' title='bbox 1280 3603 1647 3681; x_wconf 84' lang='lat' dir='ltr'>supponitur</span> <span class='ocrx_word' id='word_1_257' title='bbox 1673 3602 1814 3663; x_wconf 89' lang='lat' dir='ltr'>talis</span> 
     </span>
     <span class='ocr_line' id='line_1_36' title="bbox 253 3693 1811 3774; baseline 0.001 -20"><span class='ocrx_word' id='word_1_258' title='bbox 253 3695 581 3754; x_wconf 88' lang='lat' dir='ltr'>conventio</span> <span class='ocrx_word' id='word_1_259' title='bbox 608 3695 686 3754; x_wconf 89' lang='lat' dir='ltr'>ad</span> <span class='ocrx_word' id='word_1_260' title='bbox 706 3693 950 3754; x_wconf 89' lang='lat' dir='ltr'>civilem</span> <span class='ocrx_word' id='word_1_261' title='bbox 975 3693 1271 3754; x_wconf 89' lang='lat' dir='ltr'>unionem</span> <span class='ocrx_word' id='word_1_262' title='bbox 1291 3694 1357 3754; x_wconf 91' lang='lat' dir='ltr'>in</span> <span class='ocrx_word' id='word_1_263' title='bbox 1385 3712 1514 3755; x_wconf 90' lang='lat' dir='ltr'>uno</span> <span class='ocrx_word' id='word_1_264' title='bbox 1534 3713 1785 3774; x_wconf 90' lang='lat' dir='ltr'>corpore</span> <span class='ocrx_word' id='word_1_265' title='bbox 1789 3710 1811 3772; x_wconf 90' lang='lat'>;</span> 
     </span>
     <span class='ocr_line' id='line_1_37' title="bbox 253 3787 1813 3867; baseline 0.001 -19"><span class='ocrx_word' id='word_1_266' title='bbox 253 3787 361 3848; x_wconf 89' lang='lat' dir='ltr'>illa</span> <span class='ocrx_word' id='word_1_267' title='bbox 390 3793 601 3849; x_wconf 89' lang='lat' dir='ltr'>tamen</span> <span class='ocrx_word' id='word_1_268' title='bbox 630 3788 970 3867; x_wconf 87' lang='lat' dir='ltr'>supposita,</span> <span class='ocrx_word' id='word_1_269' title='bbox 994 3806 1068 3847; x_wconf 90' lang='lat' dir='ltr'>ex</span> <span class='ocrx_word' id='word_1_270' title='bbox 1098 3789 1160 3848; x_wconf 91' lang='lat' dir='ltr'>vi</span> <span class='ocrx_word' id='word_1_271' title='bbox 1195 3789 1507 3867; x_wconf 88' lang='lat' dir='ltr'>potestatis</span> <span class='ocrx_word' id='word_1_272' title='bbox 1525 3789 1813 3867; x_wconf 87' lang='lat' dir='ltr'>jurisdic-</span> 
     </span>
     <span class='ocr_line' id='line_1_38' title="bbox 250 3880 1816 3961; baseline 0.001 -20"><span class='ocrx_word' id='word_1_273' title='bbox 250 3881 458 3956; x_wconf 76' lang='lat' dir='ltr'>tioniS,</span> <span class='ocrx_word' id='word_1_274' title='bbox 492 3900 628 3960; x_wconf 81' lang='lat' dir='ltr'>quae</span> <span class='ocrx_word' id='word_1_275' title='bbox 664 3887 754 3941; x_wconf 89' lang='lat' dir='ltr'>est</span> <span class='ocrx_word' id='word_1_276' title='bbox 788 3880 855 3941; x_wconf 89' lang='lat' dir='ltr'>in</span> <span class='ocrx_word' id='word_1_277' title='bbox 891 3881 1218 3961; x_wconf 85' lang='lat' dir='ltr'>superiori,</span> <span class='ocrx_word' id='word_1_278' title='bbox 1250 3882 1425 3959; x_wconf 90' lang='lat' dir='ltr'>sequi</span> <span class='ocrx_word' id='word_1_279' title='bbox 1451 3887 1653 3960; x_wconf 89' lang='lat' dir='ltr'>potest</span> <span class='ocrx_word' id='word_1_280' title='bbox 1673 3881 1816 3942; x_wconf 88' lang='lat' dir='ltr'>talis</span> 
     </span>
     <span class='ocr_line' id='line_1_39' title="bbox 249 3973 1813 4053; baseline 0.001 -20"><span class='ocrx_word' id='word_1_281' title='bbox 249 3973 472 4033; x_wconf 92' lang='lat' dir='ltr'>modus</span> <span class='ocrx_word' id='word_1_282' title='bbox 499 3974 849 4053; x_wconf 88' lang='lat' dir='ltr'>imperandi</span> <span class='ocrx_word' id='word_1_283' title='bbox 874 3979 937 4034; x_wconf 91' lang='lat' dir='ltr'>et</span> <span class='ocrx_word' id='word_1_284' title='bbox 967 3973 1331 4052; x_wconf 89' lang='lat' dir='ltr'>imponendi</span> <span class='ocrx_word' id='word_1_285' title='bbox 1363 3973 1550 4034; x_wconf 86' lang='lat' dir='ltr'>talem</span> <span class='ocrx_word' id='word_1_286' title='bbox 1578 3973 1813 4053; x_wconf 86' lang='lat' dir='ltr'>obliga-</span> 
     </span>
     <span class='ocr_line' id='line_1_40' title="bbox 248 4065 1813 4147; baseline 0.001 -22"><span class='ocrx_word' id='word_1_287' title='bbox 248 4066 507 4141; x_wconf 89' lang='lat' dir='ltr'>tionem,</span> <span class='ocrx_word' id='word_1_288' title='bbox 527 4068 673 4147; x_wconf 90' lang='lat' dir='ltr'>quia</span> <span class='ocrx_word' id='word_1_289' title='bbox 697 4085 806 4146; x_wconf 94' lang='lat' dir='ltr'>per</span> <span class='ocrx_word' id='word_1_290' title='bbox 831 4084 895 4126; x_wconf 90' lang='lat' dir='ltr'>se</span> <span class='ocrx_word' id='word_1_291' title='bbox 923 4072 1014 4127; x_wconf 88' lang='lat' dir='ltr'>est</span> <span class='ocrx_word' id='word_1_292' title='bbox 1031 4067 1233 4145; x_wconf 90' lang='lat' dir='ltr'>justus</span> <span class='ocrx_word' id='word_1_293' title='bbox 1256 4069 1318 4126; x_wconf 90' lang='lat' dir='ltr'>et</span> <span class='ocrx_word' id='word_1_294' title='bbox 1340 4065 1507 4125; x_wconf 89' lang='lat' dir='ltr'>utilis</span> <span class='ocrx_word' id='word_1_295' title='bbox 1536 4084 1813 4128; x_wconf 92' lang='lat' dir='ltr'>commu-</span> 
     </span>
     <span class='ocr_line' id='line_1_41' title="bbox 245 4158 1614 4235; baseline -0.001 -16"><span class='ocrx_word' id='word_1_296' title='bbox 245 4160 452 4235; x_wconf 85' lang='lat' dir='ltr'>nitati,</span> <span class='ocrx_word' id='word_1_297' title='bbox 484 4165 555 4219; x_wconf 89' lang='lat' dir='ltr'>ut</span> <span class='ocrx_word' id='word_1_298' title='bbox 579 4160 960 4220; x_wconf 88' lang='lat' dir='ltr'>declaratum</span> <span class='ocrx_word' id='word_1_299' title='bbox 988 4163 1100 4218; x_wconf 86' lang='lat' dir='ltr'>est.</span> <span class='ocrx_word' id='word_1_300' title='bbox 1607 4158 1614 4165; x_wconf 82' lang='grc'><strong><em>’</em></strong></span> 
     </span>
    </p>

    <p class='ocr_par' dir='ltr' id='par_1_4' title="bbox 235 4250 1811 5541">
     <span class='ocr_line' id='line_1_42' title="bbox 331 4250 1811 4332; baseline 0.001 -21"><span class='ocrx_word' id='word_1_301' title='bbox 331 4256 388 4313; x_wconf 87' lang='grc'>7.</span> <span class='ocrx_word' id='word_1_302' title='bbox 405 4252 685 4316; x_wconf 81' lang='lat' dir='ltr'>Secunda</span> <span class='ocrx_word' id='word_1_303' title='bbox 704 4250 1247 4315; x_wconf 51' lang='lat' dir='ltr'>concinna—Dico</span> <span class='ocrx_word' id='word_1_304' title='bbox 1262 4250 1530 4311; x_wconf 89' lang='lat' dir='ltr'>secundo</span> <span class='ocrx_word' id='word_1_305' title='bbox 1549 4271 1563 4310; x_wconf 75' lang='grc' dir='ltr'><strong><em>ε</em></strong></span> <span class='ocrx_word' id='word_1_306' title='bbox 1589 4251 1811 4332; x_wconf 66' lang='lat' dir='ltr'>aliquas</span> 
     </span>
     <span class='ocr_line' id='line_1_43' title="bbox 245 4343 1808 4424; baseline -0.001 -18"><span class='ocrx_word' id='word_1_307' title='bbox 245 4350 391 4406; x_wconf 91' lang='lat' dir='ltr'>sunt</span> <span class='ocrx_word' id='word_1_308' title='bbox 419 4345 587 4423; x_wconf 90' lang='lat' dir='ltr'>leges</span> <span class='ocrx_word' id='word_1_309' title='bbox 610 4362 765 4424; x_wconf 89' lang='lat' dir='ltr'>pure</span> <span class='ocrx_word' id='word_1_310' title='bbox 786 4343 1080 4423; x_wconf 78' lang='lat' dir='ltr'>poenaleS,</span> <span class='ocrx_word' id='word_1_311' title='bbox 1098 4349 1160 4404; x_wconf 91' lang='lat' dir='ltr'>et</span> <span class='ocrx_word' id='word_1_312' title='bbox 1191 4345 1257 4402; x_wconf 91' lang='lat' dir='ltr'>in</span> <span class='ocrx_word' id='word_1_313' title='bbox 1287 4345 1660 4405; x_wconf 87' lang='lat' dir='ltr'>conscientia</span> <span class='ocrx_word' id='word_1_314' title='bbox 1682 4363 1808 4405; x_wconf 90' lang='lat' dir='ltr'>non</span> 
     </span>
     <span class='ocr_line' id='line_1_44' title="bbox 245 4436 1809 4516; baseline 0 -19"><span class='ocrx_word' id='word_1_315' title='bbox 245 4437 613 4515; x_wconf 79' lang='lat' dir='ltr'>obliganteS,</span> <span class='ocrx_word' id='word_1_316' title='bbox 644 4437 766 4497; x_wconf 92' lang='lat' dir='ltr'>nisi</span> <span class='ocrx_word' id='word_1_317' title='bbox 795 4437 872 4497; x_wconf 88' lang='lat' dir='ltr'>ad</span> <span class='ocrx_word' id='word_1_318' title='bbox 906 4454 1175 4516; x_wconf 87' lang='lat' dir='ltr'>poenam,</span> <span class='ocrx_word' id='word_1_319' title='bbox 1200 4454 1339 4515; x_wconf 83' lang='lat' dir='ltr'>quae</span> <span class='ocrx_word' id='word_1_320' title='bbox 1359 4455 1436 4497; x_wconf 88' lang='lat' dir='ltr'>ex</span> <span class='ocrx_word' id='word_1_321' title='bbox 1465 4436 1723 4497; x_wconf 88' lang='lat' dir='ltr'>materia</span> <span class='ocrx_word' id='word_1_322' title='bbox 1747 4442 1809 4497; x_wconf 91' lang='lat' dir='ltr'>et</span> 
     </span>
     <span class='ocr_line' id='line_1_45' title="bbox 242 4529 1809 4611; baseline -0.001 -19"><span class='ocrx_word' id='word_1_323' title='bbox 242 4530 470 4607; x_wconf 91' lang='lat' dir='ltr'>verbis,</span> <span class='ocrx_word' id='word_1_324' title='bbox 489 4531 746 4611; x_wconf 88' lang='lat' dir='ltr'>aliisque</span> <span class='ocrx_word' id='word_1_325' title='bbox 767 4530 1239 4592; x_wconf 90' lang='lat' dir='ltr'>circumstantiis</span> <span class='ocrx_word' id='word_1_326' title='bbox 1243 4576 1262 4606; x_wconf 97' lang='lat'>,</span> <span class='ocrx_word' id='word_1_327' title='bbox 1281 4548 1319 4590; x_wconf 91' lang='lat' dir='ltr'>a</span> <span class='ocrx_word' id='word_1_328' title='bbox 1335 4529 1575 4609; x_wconf 90' lang='lat' dir='ltr'>legibus</span> <span class='ocrx_word' id='word_1_329' title='bbox 1595 4548 1809 4610; x_wconf 88' lang='lat' dir='ltr'>poena·</span> 
     </span>
     <span class='ocr_line' id='line_1_46' title="bbox 241 4623 1804 4685; baseline 0 -2"><span class='ocrx_word' id='word_1_330' title='bbox 241 4623 405 4683; x_wconf 89' lang='lat' dir='ltr'>libus</span> <span class='ocrx_word' id='word_1_331' title='bbox 419 4624 630 4684; x_wconf 87' lang='lat' dir='ltr'>mixtis</span> <span class='ocrx_word' id='word_1_332' title='bbox 647 4623 1062 4685; x_wconf 62' lang='lat' dir='ltr'>discernendae</span> <span class='ocrx_word' id='word_1_333' title='bbox 1079 4628 1245 4684; x_wconf 88' lang='lat' dir='ltr'>sunt.</span> <span class='ocrx_word' id='word_1_334' title='bbox 1261 4624 1432 4684; x_wconf 89' lang='lat' dir='ltr'>Prior</span> <span class='ocrx_word' id='word_1_335' title='bbox 1450 4624 1804 4684; x_wconf 88' lang='lat' dir='ltr'>assertionis</span> 
     </span>
     <span class='ocr_line' id='line_1_47' title="bbox 240 4716 1804 4796; baseline 0.001 -21"><span class='ocrx_word' id='word_1_336' title='bbox 240 4734 385 4796; x_wconf 87' lang='lat' dir='ltr'>pars</span> <span class='ocrx_word' id='word_1_337' title='bbox 438 4716 606 4777; x_wconf 85' lang='lat' dir='ltr'>clara</span> <span class='ocrx_word' id='word_1_338' title='bbox 651 4723 762 4791; x_wconf 89' lang='lat' dir='ltr'>est,</span> <span class='ocrx_word' id='word_1_339' title='bbox 817 4734 1079 4796; x_wconf 88' lang='lat' dir='ltr'>eamque</span> <span class='ocrx_word' id='word_1_340' title='bbox 1124 4717 1415 4777; x_wconf 86' lang='lat' dir='ltr'>videntur</span> <span class='ocrx_word' id='word_1_341' title='bbox 1458 4734 1804 4795; x_wconf 90' lang='lat' dir='ltr'>supponere</span> 
     </span>
     <span class='ocr_line' id='line_1_48' title="bbox 241 4797 1803 4889; baseline -0.001 -19"><span class='ocrx_word' id='word_1_342' title='bbox 241 4816 527 4872; x_wconf 88' lang='lat' dir='ltr'>auctores</span> <span class='ocrx_word' id='word_1_343' title='bbox 571 4810 821 4888; x_wconf 88' lang='lat' dir='ltr'>allegati</span> <span class='ocrx_word' id='word_1_344' title='bbox 847 4810 915 4870; x_wconf 91' lang='lat' dir='ltr'>in</span> <span class='ocrx_word' id='word_1_345' title='bbox 942 4809 1133 4889; x_wconf 88' lang='lat' dir='ltr'>priori</span> <span class='ocrx_word' id='word_1_346' title='bbox 1163 4797 1516 4884; x_wconf 70' lang='lat' dir='ltr'>assertione,</span> <span class='ocrx_word' id='word_1_347' title='bbox 1567 4814 1629 4869; x_wconf 88' lang='lat' dir='ltr'>et</span> <span class='ocrx_word' id='word_1_348' title='bbox 1660 4808 1803 4870; x_wconf 91' lang='lat' dir='ltr'>licet</span> 
     </span>
     <span class='ocr_line' id='line_1_49' title="bbox 241 4900 1802 4980; baseline -0.002 -16"><span class='ocrx_word' id='word_1_349' title='bbox 241 4904 449 4964; x_wconf 88' lang='lat' dir='ltr'>Castro</span> <span class='ocrx_word' id='word_1_350' title='bbox 492 4902 731 4963; x_wconf 89' lang='lat' dir='ltr'>dubitet</span> <span class='ocrx_word' id='word_1_351' title='bbox 780 4920 862 4962; x_wconf 87' lang='lat' dir='ltr'>an</span> <span class='ocrx_word' id='word_1_352' title='bbox 905 4904 1132 4963; x_wconf 89' lang='lat' dir='ltr'>dentur</span> <span class='ocrx_word' id='word_1_353' title='bbox 1172 4902 1322 4962; x_wconf 89' lang='lat' dir='ltr'>tales</span> <span class='ocrx_word' id='word_1_354' title='bbox 1364 4900 1552 4980; x_wconf 88' lang='lat' dir='ltr'>leges,</span> <span class='ocrx_word' id='word_1_355' title='bbox 1591 4906 1802 4961; x_wconf 86' lang='lat' dir='ltr'>tamen</span> 
     </span>
     <span class='ocr_line' id='line_1_50' title="bbox 240 4994 1802 5072; baseline -0.001 -17"><span class='ocrx_word' id='word_1_356' title='bbox 240 5014 370 5056; x_wconf 90' lang='lat' dir='ltr'>non</span> <span class='ocrx_word' id='word_1_357' title='bbox 389 4995 635 5057; x_wconf 90' lang='lat' dir='ltr'>videtur</span> <span class='ocrx_word' id='word_1_358' title='bbox 663 4996 881 5057; x_wconf 87' lang='lat' dir='ltr'>cadere</span> <span class='ocrx_word' id='word_1_359' title='bbox 904 4997 972 5056; x_wconf 91' lang='lat' dir='ltr'>in</span> <span class='ocrx_word' id='word_1_360' title='bbox 992 4994 1277 5069; x_wconf 89' lang='lat' dir='ltr'>dubium,</span> <span class='ocrx_word' id='word_1_361' title='bbox 1302 4999 1437 5053; x_wconf 92' lang='lat' dir='ltr'>tum</span> <span class='ocrx_word' id='word_1_362' title='bbox 1463 4994 1630 5072; x_wconf 88' lang='lat' dir='ltr'>quia,</span> <span class='ocrx_word' id='word_1_363' title='bbox 1658 5010 1802 5053; x_wconf 86' lang='lat' dir='ltr'>cum</span> 
     </span>
     <span class='ocr_line' id='line_1_51' title="bbox 237 5086 1800 5168; baseline -0.001 -19"><span class='ocrx_word' id='word_1_364' title='bbox 237 5089 554 5168; x_wconf 90' lang='lat' dir='ltr'>possibiles</span> <span class='ocrx_word' id='word_1_365' title='bbox 580 5089 730 5164; x_wconf 91' lang='lat' dir='ltr'>sint,</span> <span class='ocrx_word' id='word_1_366' title='bbox 747 5093 809 5150; x_wconf 91' lang='lat' dir='ltr'>et</span> <span class='ocrx_word' id='word_1_367' title='bbox 837 5107 996 5167; x_wconf 83' lang='lat' dir='ltr'>saepe</span> <span class='ocrx_word' id='word_1_368' title='bbox 1023 5088 1259 5168; x_wconf 89' lang='lat' dir='ltr'>possint</span> <span class='ocrx_word' id='word_1_369' title='bbox 1285 5105 1411 5148; x_wconf 87' lang='lat' dir='ltr'>esse</span> <span class='ocrx_word' id='word_1_370' title='bbox 1434 5087 1699 5167; x_wconf 87' lang='lat' dir='ltr'>aptiores</span> <span class='ocrx_word' id='word_1_371' title='bbox 1721 5086 1800 5160; x_wconf 82' lang='lat' dir='ltr'>ad</span> 
     </span>
     <span class='ocr_line' id='line_1_52' title="bbox 236 5180 1801 5259; baseline -0.001 -16"><span class='ocrx_word' id='word_1_372' title='bbox 236 5183 519 5259; x_wconf 90' lang='lat' dir='ltr'>regimen</span> <span class='ocrx_word' id='word_1_373' title='bbox 560 5182 944 5243; x_wconf 91' lang='lat' dir='ltr'>subditorum</span> <span class='ocrx_word' id='word_1_374' title='bbox 989 5198 1132 5241; x_wconf 92' lang='lat' dir='ltr'>cum</span> <span class='ocrx_word' id='word_1_375' title='bbox 1169 5180 1397 5241; x_wconf 90' lang='lat' dir='ltr'>minori</span> <span class='ocrx_word' id='word_1_376' title='bbox 1426 5180 1698 5259; x_wconf 89' lang='lat' dir='ltr'>periculo</span> <span class='ocrx_word' id='word_1_377' title='bbox 1737 5186 1801 5241; x_wconf 92' lang='lat' dir='ltr'>et</span> 
     </span>
     <span class='ocr_line' id='line_1_53' title="bbox 237 5273 1795 5355; baseline -0.001 -20"><span class='ocrx_word' id='word_1_378' title='bbox 237 5275 598 5352; x_wconf 80' lang='lat' dir='ltr'>gravamine</span> <span class='ocrx_word' id='word_1_379' title='bbox 640 5276 707 5335; x_wconf 89' lang='lat' dir='ltr'>in</span> <span class='ocrx_word' id='word_1_380' title='bbox 758 5274 1069 5355; x_wconf 90' lang='lat' dir='ltr'>aliquibus</span> <span class='ocrx_word' id='word_1_381' title='bbox 1123 5274 1398 5335; x_wconf 87' lang='lat' dir='ltr'>materiis</span> <span class='ocrx_word' id='word_1_382' title='bbox 1448 5273 1515 5333; x_wconf 91' lang='lat' dir='ltr'>in</span> <span class='ocrx_word' id='word_1_383' title='bbox 1571 5274 1795 5353; x_wconf 89' lang='lat' dir='ltr'>quibus</span> 
     </span>
     <span class='ocr_line' id='line_1_54' title="bbox 235 5367 1796 5447; baseline 0 -20"><span class='ocrx_word' id='word_1_384' title='bbox 235 5370 439 5445; x_wconf 90' lang='lat' dir='ltr'>majus</span> <span class='ocrx_word' id='word_1_385' title='bbox 466 5387 624 5428; x_wconf 88' lang='lat' dir='ltr'>onus</span> <span class='ocrx_word' id='word_1_386' title='bbox 654 5368 1069 5428; x_wconf 89' lang='lat' dir='ltr'>necessarium</span> <span class='ocrx_word' id='word_1_387' title='bbox 1099 5385 1224 5428; x_wconf 91' lang='lat' dir='ltr'>non</span> <span class='ocrx_word' id='word_1_388' title='bbox 1253 5373 1365 5443; x_wconf 90' lang='lat' dir='ltr'>est,</span> <span class='ocrx_word' id='word_1_389' title='bbox 1406 5367 1653 5429; x_wconf 89' lang='lat' dir='ltr'>videtur</span> <span class='ocrx_word' id='word_1_390' title='bbox 1685 5385 1796 5447; x_wconf 88' lang='lat' dir='ltr'>per</span> 
     </span>
     <span class='ocr_line' id='line_1_55' title="bbox 235 5460 1795 5541; baseline 0.001 -21"><span class='ocrx_word' id='word_1_391' title='bbox 235 5479 299 5521; x_wconf 91' lang='lat' dir='ltr'>se</span> <span class='ocrx_word' id='word_1_392' title='bbox 341 5460 630 5522; x_wconf 91' lang='lat' dir='ltr'>credibile</span> <span class='ocrx_word' id='word_1_393' title='bbox 672 5478 833 5540; x_wconf 83' lang='lat' dir='ltr'>saepe</span> <span class='ocrx_word' id='word_1_394' title='bbox 859 5461 1007 5522; x_wconf 90' lang='lat' dir='ltr'>ferri</span> <span class='ocrx_word' id='word_1_395' title='bbox 1035 5461 1152 5535; x_wconf 88' lang='lat' dir='ltr'>hoc</span> <span class='ocrx_word' id='word_1_396' title='bbox 1179 5462 1363 5522; x_wconf 91' lang='lat' dir='ltr'>modo</span> <span class='ocrx_word' id='word_1_397' title='bbox 1389 5460 1556 5540; x_wconf 90' lang='lat' dir='ltr'>leges</span> <span class='ocrx_word' id='word_1_398' title='bbox 1584 5479 1795 5541; x_wconf 85' lang='lat' dir='ltr'>poena-</span> 
     </span>
    </p>

    <p class='ocr_par' dir='ltr' id='par_1_5' title="bbox 230 5551 1794 5635">
     <span class='ocr_line' id='line_1_56' title="bbox 230 5551 1794 5635; baseline 0.002 -22"><span class='ocrx_word' id='word_1_399' title='bbox 230 5551 363 5634; x_wconf 80' lang='lat' dir='ltr'>les3</span> <span class='ocrx_word' id='word_1_400' title='bbox 393 5559 529 5616; x_wconf 90' lang='lat' dir='ltr'>tum</span> <span class='ocrx_word' id='word_1_401' title='bbox 556 5553 745 5617; x_wconf 88' lang='lat' dir='ltr'>etiam</span> <span class='ocrx_word' id='word_1_402' title='bbox 767 5555 915 5633; x_wconf 87' lang='lat' dir='ltr'>quia</span> <span class='ocrx_word' id='word_1_403' title='bbox 939 5554 1008 5615; x_wconf 90' lang='lat' dir='ltr'>in</span> <span class='ocrx_word' id='word_1_404' title='bbox 1029 5554 1433 5635; x_wconf 86' lang='lat' dir='ltr'>religionibus</span> <span class='ocrx_word' id='word_1_405' title='bbox 1459 5560 1605 5619; x_wconf 87' lang='lat' dir='ltr'>sunt</span> <span class='ocrx_word' id='word_1_406' title='bbox 1629 5554 1794 5619; x_wconf 89' lang='lat' dir='ltr'>clara</span> 
     </span>
    </p>
   </div>
   <div class='ocr_carea' id='block_1_3' title="bbox 3322 428 3444 489">
    <p class='ocr_par' dir='ltr' id='par_1_6' title="bbox 3322 428 3444 489">
     <span class='ocr_line' id='line_1_57' title="bbox 3322 428 3444 489; baseline 0.025 -3"><span class='ocrx_word' id='word_1_407' title='bbox 3322 428 3444 489; x_wconf 71' lang='lat'>425</span> 
     </span>
    </p>
   </div>
   <div class='ocr_carea' id='block_1_4' title="bbox 1873 532 3523 5641">
    <p class='ocr_par' dir='ltr' id='par_1_7' title="bbox 1883 532 3449 898">
     <span class='ocr_line' id='line_1_58' title="bbox 1883 532 3447 616; baseline -0.003 -17"><span class='ocrx_word' id='word_1_408' title='bbox 1883 537 2166 616; x_wconf 86' lang='lat' dir='ltr'>exempla</span> <span class='ocrx_word' id='word_1_409' title='bbox 2191 536 2417 597; x_wconf 90' lang='lat' dir='ltr'>harum</span> <span class='ocrx_word' id='word_1_410' title='bbox 2436 536 2671 615; x_wconf 90' lang='lat' dir='ltr'>legum,</span> <span class='ocrx_word' id='word_1_411' title='bbox 2697 541 2768 595; x_wconf 92' lang='lat' dir='ltr'>ut</span> <span class='ocrx_word' id='word_1_412' title='bbox 2796 553 2984 616; x_wconf 88' lang='lat' dir='ltr'>supra</span> <span class='ocrx_word' id='word_1_413' title='bbox 3004 532 3155 610; x_wconf 87' lang='lat' dir='ltr'>dixi,</span> <span class='ocrx_word' id='word_1_414' title='bbox 3182 538 3244 595; x_wconf 91' lang='lat' dir='ltr'>et</span> <span class='ocrx_word' id='word_1_415' title='bbox 3262 532 3328 594; x_wconf 91' lang='lat' dir='ltr'>in</span> <span class='ocrx_word' id='word_1_416' title='bbox 3351 534 3447 595; x_wconf 89' lang='lat' dir='ltr'>le·-</span> 
     </span>
     <span class='ocr_line' id='line_1_59' title="bbox 1883 626 3447 712; baseline -0.003 -19"><span class='ocrx_word' id='word_1_417' title='bbox 1883 633 2066 712; x_wconf 89' lang='lat' dir='ltr'>gibus</span> <span class='ocrx_word' id='word_1_418' title='bbox 2078 631 2393 706; x_wconf 91' lang='lat' dir='ltr'>humanis,</span> <span class='ocrx_word' id='word_1_419' title='bbox 2416 648 2570 711; x_wconf 87' lang='lat' dir='ltr'>pure</span> <span class='ocrx_word' id='word_1_420' title='bbox 2584 631 2842 709; x_wconf 90' lang='lat' dir='ltr'>poenalis</span> <span class='ocrx_word' id='word_1_421' title='bbox 2860 641 3144 691; x_wconf 88' lang='lat' dir='ltr'>censetur</span> <span class='ocrx_word' id='word_1_422' title='bbox 3162 626 3290 702; x_wconf 90' lang='lat' dir='ltr'>illa,</span> <span class='ocrx_word' id='word_1_423' title='bbox 3307 646 3447 706; x_wconf 82' lang='lat' dir='ltr'>quae</span> 
     </span>
     <span class='ocr_line' id='line_1_60' title="bbox 1884 720 3449 806; baseline -0.003 -20"><span class='ocrx_word' id='word_1_424' title='bbox 1884 744 2133 806; x_wconf 86' lang='lat' dir='ltr'>poenam</span> <span class='ocrx_word' id='word_1_425' title='bbox 2157 724 2423 803; x_wconf 90' lang='lat' dir='ltr'>imponit</span> <span class='ocrx_word' id='word_1_426' title='bbox 2448 723 2715 801; x_wconf 86' lang='lat' dir='ltr'>fugienti</span> <span class='ocrx_word' id='word_1_427' title='bbox 2745 724 2820 785; x_wconf 91' lang='lat' dir='ltr'>de</span> <span class='ocrx_word' id='word_1_428' title='bbox 2844 738 3105 796; x_wconf 85' lang='lat' dir='ltr'>carcere,</span> <span class='ocrx_word' id='word_1_429' title='bbox 3142 720 3449 782; x_wconf 89' lang='lat' dir='ltr'>scindenti</span> 
     </span>
     <span class='ocr_line' id='line_1_61' title="bbox 1885 817 2885 898; baseline -0.002 -19"><span class='ocrx_word' id='word_1_430' title='bbox 1885 819 2058 898; x_wconf 91' lang='lat' dir='ltr'>ligna</span> <span class='ocrx_word' id='word_1_431' title='bbox 2085 819 2152 879; x_wconf 90' lang='lat' dir='ltr'>in</span> <span class='ocrx_word' id='word_1_432' title='bbox 2184 818 2361 897; x_wconf 82' lang='lat' dir='ltr'>sylva</span> <span class='ocrx_word' id='word_1_433' title='bbox 2395 817 2735 893; x_wconf 90' lang='lat' dir='ltr'>communi,</span> <span class='ocrx_word' id='word_1_434' title='bbox 2767 823 2885 879; x_wconf 90' lang='lat' dir='ltr'>etc.</span> 
     </span>
    </p>

    <p class='ocr_par' dir='ltr' id='par_1_8' title="bbox 1886 907 3523 4688">
     <span class='ocr_line' id='line_1_62' title="bbox 1966 907 3449 989; baseline -0.003 -16"><span class='ocrx_word' id='word_1_435' title='bbox 1966 913 2026 973; x_wconf 88' lang='lat'>8.</span> <span class='ocrx_word' id='word_1_436' title='bbox 2048 912 2313 973; x_wconf 84' lang='lat' dir='ltr'>Pendere</span> <span class='ocrx_word' id='word_1_437' title='bbox 2340 929 2411 973; x_wconf 75' lang='lat' dir='ltr'>ea:</span> <span class='ocrx_word' id='word_1_438' title='bbox 2437 911 2759 974; x_wconf 78' lang='lat' dir='ltr'>intentione</span> <span class='ocrx_word' id='word_1_439' title='bbox 2786 907 3154 989; x_wconf 74' lang='lat' dir='ltr'>leqislatoris</span> <span class='ocrx_word' id='word_1_440' title='bbox 3180 907 3337 987; x_wconf 79' lang='lat' dir='ltr'>quod</span> <span class='ocrx_word' id='word_1_441' title='bbox 3355 907 3449 969; x_wconf 73' lang='lat' dir='ltr'>leo.-</span> 
     </span>
     <span class='ocr_line' id='line_1_63' title="bbox 1886 1001 3449 1084; baseline -0.004 -16"><span class='ocrx_word' id='word_1_442' title='bbox 1886 1006 1972 1069; x_wconf 74' lang='lat' dir='ltr'>eit</span> <span class='ocrx_word' id='word_1_443' title='bbox 1991 1004 2250 1084; x_wconf 61' lang='lat' dir='ltr'>poenalis</span> <span class='ocrx_word' id='word_1_444' title='bbox 2275 1006 2365 1068; x_wconf 84' lang='lat' dir='ltr'>vel</span> <span class='ocrx_word' id='word_1_445' title='bbox 2392 1022 2531 1066; x_wconf 87' lang='lat' dir='ltr'>non.</span> <span class='ocrx_word' id='word_1_446' title='bbox 2566 1037 2646 1051; x_wconf 92' lang='lat'>—</span> <span class='ocrx_word' id='word_1_447' title='bbox 2687 1001 3180 1068; x_wconf 73' lang='lat' dir='ltr'>Consuetudinem</span> <span class='ocrx_word' id='word_1_448' title='bbox 3205 1018 3327 1063; x_wconf 76' lang='lat' dir='ltr'>esse</span> <span class='ocrx_word' id='word_1_449' title='bbox 3353 1002 3449 1062; x_wconf 87' lang='lat' dir='ltr'>in-</span> 
     </span>
     <span class='ocr_line' id='line_1_64' title="bbox 1889 1094 3449 1177; baseline -0.006 -16"><span class='ocrx_word' id='word_1_450' title='bbox 1889 1103 2223 1177; x_wconf 79' lang='lat' dir='ltr'>terpretem,</span> <span class='ocrx_word' id='word_1_451' title='bbox 2251 1115 2331 1160; x_wconf 85' lang='lat' dir='ltr'>an</span> <span class='ocrx_word' id='word_1_452' title='bbox 2356 1097 2451 1160; x_wconf 71' lang='lat' dir='ltr'>lex</span> <span class='ocrx_word' id='word_1_453' title='bbox 2478 1096 2564 1159; x_wconf 77' lang='lat' dir='ltr'>sit</span> <span class='ocrx_word' id='word_1_454' title='bbox 2581 1113 2732 1176; x_wconf 75' lang='lat' dir='ltr'>pure</span> <span class='ocrx_word' id='word_1_455' title='bbox 2751 1094 3274 1175; x_wconf 55' lang='lat' dir='ltr'>premiis—Tota</span> <span class='ocrx_word' id='word_1_456' title='bbox 3302 1111 3449 1171; x_wconf 85' lang='lat' dir='ltr'>ergo</span> 
     </span>
     <span class='ocr_line' id='line_1_65' title="bbox 1891 1185 3450 1269; baseline -0.004 -17"><span class='ocrx_word' id='word_1_457' title='bbox 1891 1190 2222 1252; x_wconf 87' lang='lat' dir='ltr'>difficultas</span> <span class='ocrx_word' id='word_1_458' title='bbox 2265 1196 2359 1252; x_wconf 91' lang='lat' dir='ltr'>est</span> <span class='ocrx_word' id='word_1_459' title='bbox 2405 1189 2475 1249; x_wconf 92' lang='lat' dir='ltr'>in</span> <span class='ocrx_word' id='word_1_460' title='bbox 2514 1188 2839 1269; x_wconf 90' lang='lat' dir='ltr'>posteriori</span> <span class='ocrx_word' id='word_1_461' title='bbox 2878 1191 3053 1266; x_wconf 86' lang='lat' dir='ltr'>parte</span> <span class='ocrx_word' id='word_1_462' title='bbox 3097 1185 3450 1247; x_wconf 88' lang='lat' dir='ltr'>assertionis</span> 
     </span>
     <span class='ocr_line' id='line_1_66' title="bbox 1890 1279 3450 1363; baseline -0.003 -19"><span class='ocrx_word' id='word_1_463' title='bbox 1890 1283 2281 1363; x_wconf 88' lang='lat' dir='ltr'>explicanda,</span> <span class='ocrx_word' id='word_1_464' title='bbox 2309 1283 2581 1362; x_wconf 91' lang='lat' dir='ltr'>quando,</span> <span class='ocrx_word' id='word_1_465' title='bbox 2613 1282 2840 1343; x_wconf 89' lang='lat' dir='ltr'>scilicet</span> <span class='ocrx_word' id='word_1_466' title='bbox 2866 1281 2968 1342; x_wconf 88' lang='lat' dir='ltr'>lex</span> <span class='ocrx_word' id='word_1_467' title='bbox 3004 1279 3265 1360; x_wconf 85' lang='lat' dir='ltr'>poenalis</span> <span class='ocrx_word' id='word_1_468' title='bbox 3293 1297 3450 1358; x_wconf 90' lang='lat' dir='ltr'>pura</span> 
     </span>
     <span class='ocr_line' id='line_1_67' title="bbox 1889 1372 3446 1456; baseline -0.003 -20"><span class='ocrx_word' id='word_1_469' title='bbox 1889 1376 2196 1437; x_wconf 87' lang='lat' dir='ltr'>censenda</span> <span class='ocrx_word' id='word_1_470' title='bbox 2231 1376 2331 1436; x_wconf 91' lang='lat' dir='ltr'>sit.</span> <span class='ocrx_word' id='word_1_471' title='bbox 2377 1377 2446 1437; x_wconf 91' lang='lat' dir='ltr'>In</span> <span class='ocrx_word' id='word_1_472' title='bbox 2491 1392 2613 1456; x_wconf 91' lang='lat' dir='ltr'>quo</span> <span class='ocrx_word' id='word_1_473' title='bbox 2657 1375 2779 1435; x_wconf 91' lang='lat' dir='ltr'>dici</span> <span class='ocrx_word' id='word_1_474' title='bbox 2813 1374 3227 1434; x_wconf 90' lang='lat' dir='ltr'>communiter</span> <span class='ocrx_word' id='word_1_475' title='bbox 3272 1372 3446 1448; x_wconf 89' lang='lat' dir='ltr'>solet,</span> 
     </span>
     <span class='ocr_line' id='line_1_68' title="bbox 1888 1465 3450 1548; baseline -0.001 -21"><span class='ocrx_word' id='word_1_476' title='bbox 1888 1467 2006 1529; x_wconf 91' lang='lat' dir='ltr'>hoc</span> <span class='ocrx_word' id='word_1_477' title='bbox 2036 1467 2308 1548; x_wconf 87' lang='lat' dir='ltr'>pendere</span> <span class='ocrx_word' id='word_1_478' title='bbox 2347 1487 2425 1530; x_wconf 87' lang='lat' dir='ltr'>ex</span> <span class='ocrx_word' id='word_1_479' title='bbox 2467 1468 2814 1529; x_wconf 91' lang='lat' dir='ltr'>intentione</span> <span class='ocrx_word' id='word_1_480' title='bbox 2859 1466 3245 1544; x_wconf 79' lang='lat' dir='ltr'>legislatoris„</span> <span class='ocrx_word' id='word_1_481' title='bbox 3282 1465 3450 1544; x_wconf 87' lang='lat' dir='ltr'>quod</span> 
     </span>
     <span class='ocr_line' id='line_1_69' title="bbox 1888 1559 3444 1638; baseline -0.001 -16"><span class='ocrx_word' id='word_1_482' title='bbox 1888 1562 2278 1622; x_wconf 89' lang='lat' dir='ltr'>verissimum</span> <span class='ocrx_word' id='word_1_483' title='bbox 2321 1581 2448 1623; x_wconf 91' lang='lat' dir='ltr'>esse</span> <span class='ocrx_word' id='word_1_484' title='bbox 2494 1562 2697 1638; x_wconf 80' lang='lat' dir='ltr'>crede,</span> <span class='ocrx_word' id='word_1_485' title='bbox 2737 1561 2816 1622; x_wconf 94' lang='lat' dir='ltr'>ob</span> <span class='ocrx_word' id='word_1_486' title='bbox 2858 1560 3161 1621; x_wconf 85' lang='lat' dir='ltr'>rationem</span> <span class='ocrx_word' id='word_1_487' title='bbox 3197 1559 3444 1621; x_wconf 88' lang='lat' dir='ltr'>factam.</span> 
     </span>
     <span class='ocr_line' id='line_1_70' title="bbox 1889 1652 3453 1734; baseline -0.002 -18"><span class='ocrx_word' id='word_1_488' title='bbox 1889 1656 2101 1732; x_wconf 91' lang='lat' dir='ltr'>Neque</span> <span class='ocrx_word' id='word_1_489' title='bbox 2134 1654 2250 1715; x_wconf 91' lang='lat' dir='ltr'>hoc</span> <span class='ocrx_word' id='word_1_490' title='bbox 2281 1655 2510 1734; x_wconf 90' lang='lat' dir='ltr'>pendet</span> <span class='ocrx_word' id='word_1_491' title='bbox 2538 1672 2614 1716; x_wconf 88' lang='lat' dir='ltr'>ex</span> <span class='ocrx_word' id='word_1_492' title='bbox 2661 1653 2770 1715; x_wconf 91' lang='lat' dir='ltr'>illa</span> <span class='ocrx_word' id='word_1_493' title='bbox 2797 1653 3159 1732; x_wconf 80' lang='lat' dir='ltr'>quaestione,</span> <span class='ocrx_word' id='word_1_494' title='bbox 3189 1671 3271 1713; x_wconf 88' lang='lat' dir='ltr'>an</span> <span class='ocrx_word' id='word_1_495' title='bbox 3296 1652 3453 1714; x_wconf 90' lang='lat' dir='ltr'>obli-</span> 
     </span>
     <span class='ocr_line' id='line_1_71' title="bbox 1891 1745 3454 1828; baseline -0.001 -21"><span class='ocrx_word' id='word_1_496' title='bbox 1891 1748 2059 1826; x_wconf 89' lang='lat' dir='ltr'>gatio</span> <span class='ocrx_word' id='word_1_497' title='bbox 2085 1749 2374 1828; x_wconf 81' lang='lat' dir='ltr'>praecepti</span> <span class='ocrx_word' id='word_1_498' title='bbox 2407 1766 2517 1809; x_wconf 91' lang='lat' dir='ltr'>seu</span> <span class='ocrx_word' id='word_1_499' title='bbox 2551 1747 2706 1825; x_wconf 90' lang='lat' dir='ltr'>legis</span> <span class='ocrx_word' id='word_1_500' title='bbox 2741 1748 2811 1806; x_wconf 87' lang='lat' dir='ltr'>in</span> <span class='ocrx_word' id='word_1_501' title='bbox 2855 1745 3230 1806; x_wconf 86' lang='lat' dir='ltr'>conscientia</span> <span class='ocrx_word' id='word_1_502' title='bbox 3264 1745 3454 1824; x_wconf 89' lang='lat' dir='ltr'>possit</span> 
     </span>
     <span class='ocr_line' id='line_1_72' title="bbox 1891 1837 3454 1919; baseline -0.001 -19"><span class='ocrx_word' id='word_1_503' title='bbox 1891 1857 2022 1901; x_wconf 90' lang='lat' dir='ltr'>esse</span> <span class='ocrx_word' id='word_1_504' title='bbox 2050 1841 2251 1919; x_wconf 88' lang='lat' dir='ltr'>major</span> <span class='ocrx_word' id='word_1_505' title='bbox 2282 1841 2382 1902; x_wconf 92' lang='lat' dir='ltr'>vel</span> <span class='ocrx_word' id='word_1_506' title='bbox 2409 1840 2637 1915; x_wconf 90' lang='lat' dir='ltr'>minor,</span> <span class='ocrx_word' id='word_1_507' title='bbox 2668 1857 2746 1900; x_wconf 85' lang='lat' dir='ltr'>ex</span> <span class='ocrx_word' id='word_1_508' title='bbox 2776 1839 3121 1900; x_wconf 87' lang='lat' dir='ltr'>intentione</span> <span class='ocrx_word' id='word_1_509' title='bbox 3147 1837 3454 1917; x_wconf 89' lang='lat' dir='ltr'>legislato-</span> 
     </span>
     <span class='ocr_line' id='line_1_73' title="bbox 1891 1932 3452 2012; baseline -0.001 -19"><span class='ocrx_word' id='word_1_510' title='bbox 1891 1932 1996 1993; x_wconf 79' lang='lat' dir='ltr'>ris,</span> <span class='ocrx_word' id='word_1_511' title='bbox 2026 1934 2181 1993; x_wconf 89' lang='lat' dir='ltr'>Nam</span> <span class='ocrx_word' id='word_1_512' title='bbox 2209 1933 2509 2012; x_wconf 84' lang='lat' dir='ltr'>quidquid</span> <span class='ocrx_word' id='word_1_513' title='bbox 2536 1933 2613 1994; x_wconf 91' lang='lat' dir='ltr'>de</span> <span class='ocrx_word' id='word_1_514' title='bbox 2640 1932 2758 1993; x_wconf 92' lang='lat' dir='ltr'>hoc</span> <span class='ocrx_word' id='word_1_515' title='bbox 2790 1932 2891 2009; x_wconf 87' lang='lat' dir='ltr'>sit,</span> <span class='ocrx_word' id='word_1_516' title='bbox 2924 1936 3124 1992; x_wconf 86' lang='lat' dir='ltr'>stante</span> <span class='ocrx_word' id='word_1_517' title='bbox 3145 1932 3275 2010; x_wconf 88' lang='lat' dir='ltr'>jam</span> <span class='ocrx_word' id='word_1_518' title='bbox 3297 1948 3452 2010; x_wconf 82' lang='lat' dir='ltr'>prse-</span> 
     </span>
     <span class='ocr_line' id='line_1_74' title="bbox 1892 2023 3453 2104; baseline -0.002 -18"><span class='ocrx_word' id='word_1_519' title='bbox 1892 2030 2093 2104; x_wconf 92' lang='lat' dir='ltr'>cepto,</span> <span class='ocrx_word' id='word_1_520' title='bbox 2148 2025 2554 2087; x_wconf 89' lang='lat' dir='ltr'>nihilominus</span> <span class='ocrx_word' id='word_1_521' title='bbox 2604 2031 2840 2087; x_wconf 91' lang='lat' dir='ltr'>certum</span> <span class='ocrx_word' id='word_1_522' title='bbox 2892 2029 3006 2100; x_wconf 91' lang='lat' dir='ltr'>est,</span> <span class='ocrx_word' id='word_1_523' title='bbox 3051 2023 3320 2104; x_wconf 88' lang='lat' dir='ltr'>pendere</span> <span class='ocrx_word' id='word_1_524' title='bbox 3375 2041 3453 2084; x_wconf 88' lang='lat' dir='ltr'>ex</span> 
     </span>
     <span class='ocr_line' id='line_1_75' title="bbox 1894 2115 3457 2199; baseline -0.001 -20"><span class='ocrx_word' id='word_1_525' title='bbox 1894 2119 2241 2181; x_wconf 88' lang='lat' dir='ltr'>intentione</span> <span class='ocrx_word' id='word_1_526' title='bbox 2276 2119 2629 2198; x_wconf 91' lang='lat' dir='ltr'>superioris,</span> <span class='ocrx_word' id='word_1_527' title='bbox 2668 2119 3019 2199; x_wconf 84' lang='lat' dir='ltr'>praecipere,</span> <span class='ocrx_word' id='word_1_528' title='bbox 3069 2123 3132 2178; x_wconf 94' lang='lat' dir='ltr'>et</span> <span class='ocrx_word' id='word_1_529' title='bbox 3172 2115 3457 2178; x_wconf 90' lang='lat' dir='ltr'>similiter</span> 
     </span>
     <span class='ocr_line' id='line_1_76' title="bbox 1894 2208 3456 2292; baseline -0.004 -20"><span class='ocrx_word' id='word_1_530' title='bbox 1894 2212 2020 2272; x_wconf 89' lang='lat' dir='ltr'>duo</span> <span class='ocrx_word' id='word_1_531' title='bbox 2038 2218 2339 2292; x_wconf 82' lang='lat' dir='ltr'>praecepta</span> <span class='ocrx_word' id='word_1_532' title='bbox 2365 2218 2474 2272; x_wconf 85' lang='lat' dir='ltr'>aut</span> <span class='ocrx_word' id='word_1_533' title='bbox 2504 2231 2703 2273; x_wconf 91' lang='lat' dir='ltr'>unum</span> <span class='ocrx_word' id='word_1_534' title='bbox 2719 2217 2966 2272; x_wconf 88' lang='lat' dir='ltr'>tantum</span> <span class='ocrx_word' id='word_1_535' title='bbox 2988 2208 3456 2288; x_wconf 81' lang='lat' dir='ltr'>hypotheticum</span> 
     </span>
     <span class='ocr_line' id='line_1_77' title="bbox 1895 2301 3456 2384; baseline -0.003 -20"><span class='ocrx_word' id='word_1_536' title='bbox 1895 2304 2238 2384; x_wconf 90' lang='lat' dir='ltr'>imponere,</span> <span class='ocrx_word' id='word_1_537' title='bbox 2269 2305 2425 2365; x_wconf 91' lang='lat' dir='ltr'>sicut</span> <span class='ocrx_word' id='word_1_538' title='bbox 2446 2305 2672 2384; x_wconf 87' lang='lat' dir='ltr'>pendet</span> <span class='ocrx_word' id='word_1_539' title='bbox 2700 2323 2778 2366; x_wconf 86' lang='lat' dir='ltr'>ex</span> <span class='ocrx_word' id='word_1_540' title='bbox 2803 2304 3147 2365; x_wconf 90' lang='lat' dir='ltr'>intentione</span> <span class='ocrx_word' id='word_1_541' title='bbox 3174 2301 3456 2362; x_wconf 88' lang='lat' dir='ltr'>voventis</span> 
     </span>
     <span class='ocr_line' id='line_1_78' title="bbox 1897 2397 3456 2478; baseline -0.003 -20"><span class='ocrx_word' id='word_1_542' title='bbox 1897 2397 2012 2458; x_wconf 87' lang='lat' dir='ltr'>sub</span> <span class='ocrx_word' id='word_1_543' title='bbox 2036 2416 2221 2477; x_wconf 88' lang='lat' dir='ltr'>poena</span> <span class='ocrx_word' id='word_1_544' title='bbox 2252 2397 2484 2478; x_wconf 88' lang='lat' dir='ltr'>aliqua,</span> <span class='ocrx_word' id='word_1_545' title='bbox 2509 2397 2608 2459; x_wconf 90' lang='lat' dir='ltr'>vel</span> <span class='ocrx_word' id='word_1_546' title='bbox 2648 2403 2978 2476; x_wconf 87' lang='lat' dir='ltr'>utramque</span> <span class='ocrx_word' id='word_1_547' title='bbox 3010 2413 3120 2475; x_wconf 89' lang='lat' dir='ltr'>per</span> <span class='ocrx_word' id='word_1_548' title='bbox 3148 2412 3210 2455; x_wconf 93' lang='lat' dir='ltr'>se</span> <span class='ocrx_word' id='word_1_549' title='bbox 3233 2411 3456 2454; x_wconf 87' lang='lat' dir='ltr'>vovere</span> 
     </span>
     <span class='ocr_line' id='line_1_79' title="bbox 1897 2486 3457 2569; baseline -0.002 -19"><span class='ocrx_word' id='word_1_550' title='bbox 1897 2494 1960 2550; x_wconf 90' lang='lat' dir='ltr'>et</span> <span class='ocrx_word' id='word_1_551' title='bbox 2001 2508 2282 2569; x_wconf 86' lang='lat' dir='ltr'>expresse</span> <span class='ocrx_word' id='word_1_552' title='bbox 2320 2496 2426 2551; x_wconf 89' lang='lat' dir='ltr'>aut</span> <span class='ocrx_word' id='word_1_553' title='bbox 2472 2491 2658 2553; x_wconf 90' lang='lat' dir='ltr'>tacite</span> <span class='ocrx_word' id='word_1_554' title='bbox 2686 2491 2808 2550; x_wconf 89' lang='lat' dir='ltr'>duo</span> <span class='ocrx_word' id='word_1_555' title='bbox 2842 2495 2986 2550; x_wconf 92' lang='lat' dir='ltr'>vota</span> <span class='ocrx_word' id='word_1_556' title='bbox 3021 2487 3326 2562; x_wconf 88' lang='lat' dir='ltr'>emittere,</span> <span class='ocrx_word' id='word_1_557' title='bbox 3356 2486 3457 2548; x_wconf 80' lang='lat' dir='ltr'>vel</span> 
     </span>
     <span class='ocr_line' id='line_1_80' title="bbox 1894 2581 3455 2662; baseline -0.001 -20"><span class='ocrx_word' id='word_1_558' title='bbox 1894 2600 2094 2642; x_wconf 91' lang='lat' dir='ltr'>unum</span> <span class='ocrx_word' id='word_1_559' title='bbox 2126 2588 2371 2643; x_wconf 90' lang='lat' dir='ltr'>tantum</span> <span class='ocrx_word' id='word_1_560' title='bbox 2410 2583 2901 2662; x_wconf 82' lang='lat' dir='ltr'>hypotheticum.</span> <span class='ocrx_word' id='word_1_561' title='bbox 2947 2581 3274 2660; x_wconf 89' lang='lat' dir='ltr'>Supposita</span> <span class='ocrx_word' id='word_1_562' title='bbox 3306 2597 3455 2657; x_wconf 89' lang='lat' dir='ltr'>ergo</span> 
     </span>
     <span class='ocr_line' id='line_1_81' title="bbox 1895 2672 3456 2755; baseline -0.001 -21"><span class='ocrx_word' id='word_1_563' title='bbox 1895 2676 2258 2737; x_wconf 86' lang='lat' dir='ltr'>necessitate</span> <span class='ocrx_word' id='word_1_564' title='bbox 2301 2676 2686 2749; x_wconf 89' lang='lat' dir='ltr'>intentionis,</span> <span class='ocrx_word' id='word_1_565' title='bbox 2734 2674 3106 2755; x_wconf 89' lang='lat' dir='ltr'>inquirimus</span> <span class='ocrx_word' id='word_1_566' title='bbox 3148 2672 3456 2752; x_wconf 90' lang='lat' dir='ltr'>quomodo</span> 
     </span>
     <span class='ocr_line' id='line_1_82' title="bbox 1894 2767 3456 2845; baseline 0 -18"><span class='ocrx_word' id='word_1_567' title='bbox 1894 2774 2317 2845; x_wconf 87' lang='lat' dir='ltr'>cognoscetur,</span> <span class='ocrx_word' id='word_1_568' title='bbox 2362 2774 2424 2829; x_wconf 92' lang='lat' dir='ltr'>et</span> <span class='ocrx_word' id='word_1_569' title='bbox 2466 2768 2634 2828; x_wconf 88' lang='lat' dir='ltr'>unde</span> <span class='ocrx_word' id='word_1_570' title='bbox 2671 2767 2999 2842; x_wconf 82' lang='lat' dir='ltr'>constabit,</span> <span class='ocrx_word' id='word_1_571' title='bbox 3046 2767 3456 2827; x_wconf 88' lang='lat' dir='ltr'>intentionem</span> 
     </span>
     <span class='ocr_line' id='line_1_83' title="bbox 1895 2858 3456 2944; baseline -0.001 -25"><span class='ocrx_word' id='word_1_572' title='bbox 1895 2860 2190 2940; x_wconf 86' lang='lat' dir='ltr'>principis</span> <span class='ocrx_word' id='word_1_573' title='bbox 2211 2861 2422 2936; x_wconf 89' lang='lat' dir='ltr'>fuisse,</span> <span class='ocrx_word' id='word_1_574' title='bbox 2440 2878 2641 2920; x_wconf 89' lang='lat' dir='ltr'>unum</span> <span class='ocrx_word' id='word_1_575' title='bbox 2667 2864 2912 2920; x_wconf 90' lang='lat' dir='ltr'>tantum</span> <span class='ocrx_word' id='word_1_576' title='bbox 2938 2863 3313 2944; x_wconf 73' lang='lat' dir='ltr'>praeceptum</span> <span class='ocrx_word' id='word_1_577' title='bbox 3339 2858 3456 2938; x_wconf 83' lang='lat' dir='ltr'>hy-</span> 
     </span>
     <span class='ocr_line' id='line_1_84' title="bbox 1894 2950 3456 3032; baseline -0.002 -19"><span class='ocrx_word' id='word_1_578' title='bbox 1894 2953 2277 3031; x_wconf 90' lang='lat' dir='ltr'>potheticum</span> <span class='ocrx_word' id='word_1_579' title='bbox 2313 2953 2655 3032; x_wconf 88' lang='lat' dir='ltr'>imponere.</span> <span class='ocrx_word' id='word_1_580' title='bbox 2703 2954 2774 3013; x_wconf 92' lang='lat' dir='ltr'>In</span> <span class='ocrx_word' id='word_1_581' title='bbox 2803 2970 2927 3032; x_wconf 92' lang='lat' dir='ltr'>quo</span> <span class='ocrx_word' id='word_1_582' title='bbox 2973 2952 3161 3012; x_wconf 88' lang='lat' dir='ltr'>etiam</span> <span class='ocrx_word' id='word_1_583' title='bbox 3206 2955 3298 3012; x_wconf 90' lang='lat' dir='ltr'>est</span> <span class='ocrx_word' id='word_1_584' title='bbox 3333 2950 3456 3011; x_wconf 91' lang='lat' dir='ltr'>cla-</span> 
     </span>
     <span class='ocr_line' id='line_1_85' title="bbox 1897 3045 3454 3125; baseline -0.001 -21"><span class='ocrx_word' id='word_1_585' title='bbox 1897 3062 2062 3119; x_wconf 87' lang='lat' dir='ltr'>rum,</span> <span class='ocrx_word' id='word_1_586' title='bbox 2092 3046 2362 3106; x_wconf 83' lang='lat' dir='ltr'>maxime</span> <span class='ocrx_word' id='word_1_587' title='bbox 2390 3063 2565 3125; x_wconf 92' lang='lat' dir='ltr'>posse</span> <span class='ocrx_word' id='word_1_588' title='bbox 2588 3045 2706 3106; x_wconf 94' lang='lat' dir='ltr'>hoc</span> <span class='ocrx_word' id='word_1_589' title='bbox 2742 3050 3021 3106; x_wconf 88' lang='lat' dir='ltr'>constare</span> <span class='ocrx_word' id='word_1_590' title='bbox 3059 3061 3170 3124; x_wconf 89' lang='lat' dir='ltr'>per</span> <span class='ocrx_word' id='word_1_591' title='bbox 3214 3060 3454 3122; x_wconf 86' lang='lat' dir='ltr'>expres-</span> 
     </span>
     <span class='ocr_line' id='line_1_86' title="bbox 1897 3136 3455 3218; baseline -0.001 -20"><span class='ocrx_word' id='word_1_592' title='bbox 1897 3155 2030 3198; x_wconf 90' lang='lat' dir='ltr'>sam</span> <span class='ocrx_word' id='word_1_593' title='bbox 2052 3137 2526 3199; x_wconf 89' lang='lat' dir='ltr'>declarationem</span> <span class='ocrx_word' id='word_1_594' title='bbox 2551 3139 2744 3218; x_wconf 90' lang='lat' dir='ltr'>ipsius</span> <span class='ocrx_word' id='word_1_595' title='bbox 2761 3137 3129 3217; x_wconf 88' lang='lat' dir='ltr'>legislatoris</span> <span class='ocrx_word' id='word_1_596' title='bbox 3133 3182 3153 3212; x_wconf 97' lang='lat'>,</span> <span class='ocrx_word' id='word_1_597' title='bbox 3177 3138 3305 3197; x_wconf 90' lang='lat' dir='ltr'>sive</span> <span class='ocrx_word' id='word_1_598' title='bbox 3323 3136 3455 3197; x_wconf 81' lang='lat' dir='ltr'>haec</span> 
     </span>
     <span class='ocr_line' id='line_1_87' title="bbox 1896 3229 3454 3310; baseline 0.001 -21"><span class='ocrx_word' id='word_1_599' title='bbox 1896 3229 2280 3310; x_wconf 83' lang='lat' dir='ltr'>exprimatur</span> <span class='ocrx_word' id='word_1_600' title='bbox 2306 3231 2372 3291; x_wconf 93' lang='lat' dir='ltr'>in</span> <span class='ocrx_word' id='word_1_601' title='bbox 2411 3231 2676 3309; x_wconf 83' lang='lat' dir='ltr'>ipsamet</span> <span class='ocrx_word' id='word_1_602' title='bbox 2714 3231 2852 3309; x_wconf 91' lang='lat' dir='ltr'>lege</span> <span class='ocrx_word' id='word_1_603' title='bbox 2897 3230 3277 3310; x_wconf 90' lang='lat' dir='ltr'>particulari,</span> <span class='ocrx_word' id='word_1_604' title='bbox 3324 3230 3454 3291; x_wconf 89' lang='lat' dir='ltr'>sive</span> 
     </span>
     <span class='ocr_line' id='line_1_88' title="bbox 1896 3323 3453 3403; baseline -0.001 -19"><span class='ocrx_word' id='word_1_605' title='bbox 1896 3341 2010 3403; x_wconf 89' lang='lat' dir='ltr'>per</span> <span class='ocrx_word' id='word_1_606' title='bbox 2059 3324 2333 3403; x_wconf 88' lang='lat' dir='ltr'>aliquam</span> <span class='ocrx_word' id='word_1_607' title='bbox 2378 3325 2728 3402; x_wconf 89' lang='lat' dir='ltr'>generalem</span> <span class='ocrx_word' id='word_1_608' title='bbox 2774 3325 3054 3403; x_wconf 87' lang='lat' dir='ltr'>regulam</span> <span class='ocrx_word' id='word_1_609' title='bbox 3103 3323 3453 3402; x_wconf 89' lang='lat' dir='ltr'>aliquarum</span> 
     </span>
     <span class='ocr_line' id='line_1_89' title="bbox 1896 3414 3455 3497; baseline 0.001 -22"><span class='ocrx_word' id='word_1_610' title='bbox 1896 3416 2404 3477; x_wconf 84' lang='lat' dir='ltr'>constitutionum</span> <span class='ocrx_word' id='word_1_611' title='bbox 2424 3418 2491 3477; x_wconf 91' lang='lat' dir='ltr'>in</span> <span class='ocrx_word' id='word_1_612' title='bbox 2507 3418 2594 3478; x_wconf 89' lang='lat' dir='ltr'>eis</span> <span class='ocrx_word' id='word_1_613' title='bbox 2612 3418 3139 3497; x_wconf 85' lang='lat' dir='ltr'>comprehensam,</span> <span class='ocrx_word' id='word_1_614' title='bbox 3170 3434 3307 3496; x_wconf 70' lang='lat' dir='ltr'>quae</span> <span class='ocrx_word' id='word_1_615' title='bbox 3337 3414 3455 3476; x_wconf 89' lang='lat' dir='ltr'>hoc</span> 
     </span>
     <span class='ocr_line' id='line_1_90' title="bbox 1893 3508 3456 3590; baseline 0 -22"><span class='ocrx_word' id='word_1_616' title='bbox 1893 3508 2185 3584; x_wconf 89' lang='lat' dir='ltr'>declaret,</span> <span class='ocrx_word' id='word_1_617' title='bbox 2216 3510 2314 3571; x_wconf 91' lang='lat' dir='ltr'>vel</span> <span class='ocrx_word' id='word_1_618' title='bbox 2352 3510 2632 3589; x_wconf 89' lang='lat' dir='ltr'>designet</span> <span class='ocrx_word' id='word_1_619' title='bbox 2671 3510 2859 3572; x_wconf 89' lang='lat' dir='ltr'>verba</span> <span class='ocrx_word' id='word_1_620' title='bbox 2888 3529 2997 3589; x_wconf 89' lang='lat' dir='ltr'>per</span> <span class='ocrx_word' id='word_1_621' title='bbox 3029 3528 3167 3590; x_wconf 70' lang='lat' dir='ltr'>quae</span> <span class='ocrx_word' id='word_1_622' title='bbox 3203 3508 3331 3570; x_wconf 90' lang='lat' dir='ltr'>sola</span> <span class='ocrx_word' id='word_1_623' title='bbox 3376 3509 3456 3568; x_wconf 92' lang='lat' dir='ltr'>si-</span> 
     </span>
     <span class='ocr_line' id='line_1_91' title="bbox 1895 3600 3453 3681; baseline 0.001 -21"><span class='ocrx_word' id='word_1_624' title='bbox 1895 3600 2224 3679; x_wconf 89' lang='lat' dir='ltr'>gnificetur</span> <span class='ocrx_word' id='word_1_625' title='bbox 2263 3602 2557 3681; x_wconf 90' lang='lat' dir='ltr'>obligatio</span> <span class='ocrx_word' id='word_1_626' title='bbox 2605 3603 2673 3663; x_wconf 91' lang='lat' dir='ltr'>in</span> <span class='ocrx_word' id='word_1_627' title='bbox 2708 3604 3097 3677; x_wconf 88' lang='lat' dir='ltr'>conscientia,</span> <span class='ocrx_word' id='word_1_628' title='bbox 3131 3607 3202 3662; x_wconf 89' lang='lat' dir='ltr'>ut</span> <span class='ocrx_word' id='word_1_629' title='bbox 3242 3602 3310 3661; x_wconf 90' lang='lat' dir='ltr'>in</span> <span class='ocrx_word' id='word_1_630' title='bbox 3341 3600 3453 3662; x_wconf 90' lang='lat' dir='ltr'>ali-</span> 
     </span>
     <span class='ocr_line' id='line_1_92' title="bbox 1894 3693 3523 3775; baseline 0.001 -21"><span class='ocrx_word' id='word_1_631' title='bbox 1894 3694 2121 3773; x_wconf 89' lang='lat' dir='ltr'>quibus</span> <span class='ocrx_word' id='word_1_632' title='bbox 2159 3695 2566 3773; x_wconf 89' lang='lat' dir='ltr'>religionibus</span> <span class='ocrx_word' id='word_1_633' title='bbox 2609 3695 2703 3772; x_wconf 88' lang='lat' dir='ltr'>fit,</span> <span class='ocrx_word' id='word_1_634' title='bbox 2748 3697 2876 3757; x_wconf 92' lang='lat' dir='ltr'>sive</span> <span class='ocrx_word' id='word_1_635' title='bbox 2919 3696 3186 3775; x_wconf 87' lang='lat' dir='ltr'>denique</span> <span class='ocrx_word' id='word_1_636' title='bbox 3223 3693 3300 3754; x_wconf 91' lang='lat' dir='ltr'>de</span> <span class='ocrx_word' id='word_1_637' title='bbox 3340 3694 3454 3755; x_wconf 90' lang='lat' dir='ltr'>tali</span> <span class='ocrx_word' id='word_1_638' title='bbox 3520 3694 3523 3699; x_wconf 75' lang='grc'><strong><em>’</em></strong></span> 
     </span>
     <span class='ocr_line' id='line_1_93' title="bbox 1893 3788 3452 3868; baseline -0.001 -20"><span class='ocrx_word' id='word_1_639' title='bbox 1893 3788 2240 3850; x_wconf 88' lang='lat' dir='ltr'>intentione</span> <span class='ocrx_word' id='word_1_640' title='bbox 2269 3795 2507 3850; x_wconf 89' lang='lat' dir='ltr'>constet</span> <span class='ocrx_word' id='word_1_641' title='bbox 2546 3806 2658 3868; x_wconf 90' lang='lat' dir='ltr'>per</span> <span class='ocrx_word' id='word_1_642' title='bbox 2682 3789 3102 3864; x_wconf 88' lang='lat' dir='ltr'>traditionem,</span> <span class='ocrx_word' id='word_1_643' title='bbox 3134 3793 3452 3848; x_wconf 89' lang='lat' dir='ltr'>consuetu-</span> 
     </span>
     <span class='ocr_line' id='line_1_94' title="bbox 1893 3881 3451 3961; baseline -0.001 -20"><span class='ocrx_word' id='word_1_644' title='bbox 1893 3881 2128 3957; x_wconf 90' lang='lat' dir='ltr'>dinem,</span> <span class='ocrx_word' id='word_1_645' title='bbox 2145 3899 2254 3942; x_wconf 90' lang='lat' dir='ltr'>seu</span> <span class='ocrx_word' id='word_1_646' title='bbox 2268 3882 2468 3959; x_wconf 89' lang='lat' dir='ltr'>legem</span> <span class='ocrx_word' id='word_1_647' title='bbox 2488 3900 2615 3942; x_wconf 92' lang='lat' dir='ltr'>non</span> <span class='ocrx_word' id='word_1_648' title='bbox 2636 3883 2945 3961; x_wconf 88' lang='lat' dir='ltr'>scriptam.</span> <span class='ocrx_word' id='word_1_649' title='bbox 2972 3881 3262 3955; x_wconf 89' lang='lat' dir='ltr'>Quamvis</span> <span class='ocrx_word' id='word_1_650' title='bbox 3281 3881 3451 3941; x_wconf 92' lang='lat' dir='ltr'>enim</span> 
     </span>
     <span class='ocr_line' id='line_1_95' title="bbox 1892 3973 3451 4036; baseline 0 -2"><span class='ocrx_word' id='word_1_651' title='bbox 1892 3973 2033 4034; x_wconf 87' lang='lat' dir='ltr'>talis</span> <span class='ocrx_word' id='word_1_652' title='bbox 2068 3975 2444 4035; x_wconf 82' lang='lat' dir='ltr'>consuetudo</span> <span class='ocrx_word' id='word_1_653' title='bbox 2471 3993 2599 4034; x_wconf 92' lang='lat' dir='ltr'>non</span> <span class='ocrx_word' id='word_1_654' title='bbox 2631 3975 2711 4035; x_wconf 90' lang='lat' dir='ltr'>sit</span> <span class='ocrx_word' id='word_1_655' title='bbox 2751 3974 3115 4036; x_wconf 90' lang='lat' dir='ltr'>universalis</span> <span class='ocrx_word' id='word_1_656' title='bbox 3148 3975 3212 4033; x_wconf 92' lang='lat' dir='ltr'>in</span> <span class='ocrx_word' id='word_1_657' title='bbox 3250 3974 3451 4035; x_wconf 91' lang='lat' dir='ltr'>omni-</span> 
     </span>
     <span class='ocr_line' id='line_1_96' title="bbox 1891 4065 3451 4148; baseline 0 -22"><span class='ocrx_word' id='word_1_658' title='bbox 1891 4065 2009 4127; x_wconf 91' lang='lat' dir='ltr'>bus</span> <span class='ocrx_word' id='word_1_659' title='bbox 2030 4066 2270 4146; x_wconf 90' lang='lat' dir='ltr'>legibus</span> <span class='ocrx_word' id='word_1_660' title='bbox 2296 4067 2641 4147; x_wconf 87' lang='lat' dir='ltr'>poenalibus</span> <span class='ocrx_word' id='word_1_661' title='bbox 2674 4067 2764 4148; x_wconf 92' lang='lat' dir='ltr'>(ut</span> <span class='ocrx_word' id='word_1_662' title='bbox 2787 4069 3010 4129; x_wconf 90' lang='lat' dir='ltr'>Navar.</span> <span class='ocrx_word' id='word_1_663' title='bbox 3036 4065 3321 4147; x_wconf 88' lang='lat' dir='ltr'>volebat),</span> <span class='ocrx_word' id='word_1_664' title='bbox 3343 4085 3451 4146; x_wconf 90' lang='lat' dir='ltr'>po-</span> 
     </span>
     <span class='ocr_line' id='line_1_97' title="bbox 1893 4159 3450 4240; baseline 0.001 -21"><span class='ocrx_word' id='word_1_665' title='bbox 1893 4165 2012 4219; x_wconf 88' lang='lat' dir='ltr'>test</span> <span class='ocrx_word' id='word_1_666' title='bbox 2064 4160 2130 4220; x_wconf 91' lang='lat' dir='ltr'>in</span> <span class='ocrx_word' id='word_1_667' title='bbox 2186 4160 2395 4240; x_wconf 85' lang='lat' dir='ltr'>aliqua</span> <span class='ocrx_word' id='word_1_668' title='bbox 2447 4159 2765 4240; x_wconf 90' lang='lat' dir='ltr'>republica</span> <span class='ocrx_word' id='word_1_669' title='bbox 2814 4179 2922 4220; x_wconf 92' lang='lat' dir='ltr'>seu</span> <span class='ocrx_word' id='word_1_670' title='bbox 2975 4162 3450 4238; x_wconf 89' lang='lat' dir='ltr'>congregatione</span> 
     </span>
     <span class='ocr_line' id='line_1_98' title="bbox 1890 4252 3450 4332; baseline 0.001 -20"><span class='ocrx_word' id='word_1_671' title='bbox 1890 4252 2219 4328; x_wconf 89' lang='lat' dir='ltr'>introduci,</span> <span class='ocrx_word' id='word_1_672' title='bbox 2259 4259 2322 4314; x_wconf 91' lang='lat' dir='ltr'>et</span> <span class='ocrx_word' id='word_1_673' title='bbox 2348 4253 2455 4314; x_wconf 90' lang='lat' dir='ltr'>illa</span> <span class='ocrx_word' id='word_1_674' title='bbox 2487 4254 2605 4315; x_wconf 88' lang='lat' dir='ltr'>crit</span> <span class='ocrx_word' id='word_1_675' title='bbox 2630 4254 2866 4332; x_wconf 89' lang='lat' dir='ltr'>optima</span> <span class='ocrx_word' id='word_1_676' title='bbox 2903 4254 3209 4331; x_wconf 82' lang='lat' dir='ltr'>interpres</span> <span class='ocrx_word' id='word_1_677' title='bbox 3250 4254 3450 4331; x_wconf 87' lang='lat' dir='ltr'>cujus-</span> 
     </span>
     <span class='ocr_line' id='line_1_99' title="bbox 1890 4346 3449 4427; baseline -0.001 -21"><span class='ocrx_word' id='word_1_678' title='bbox 1890 4364 2155 4427; x_wconf 89' lang='lat' dir='ltr'>cumque</span> <span class='ocrx_word' id='word_1_679' title='bbox 2190 4346 2344 4426; x_wconf 90' lang='lat' dir='ltr'>legis</span> <span class='ocrx_word' id='word_1_680' title='bbox 2368 4346 2508 4407; x_wconf 84' lang='lat' dir='ltr'>talis</span> <span class='ocrx_word' id='word_1_681' title='bbox 2539 4346 3019 4421; x_wconf 91' lang='lat' dir='ltr'>communitatis,</span> <span class='ocrx_word' id='word_1_682' title='bbox 3062 4346 3185 4406; x_wconf 91' lang='lat' dir='ltr'>nisi</span> <span class='ocrx_word' id='word_1_683' title='bbox 3216 4363 3325 4424; x_wconf 91' lang='lat' dir='ltr'>per</span> <span class='ocrx_word' id='word_1_684' title='bbox 3355 4346 3449 4425; x_wconf 90' lang='lat' dir='ltr'>ip—</span> 
     </span>
     <span class='ocr_line' id='line_1_100' title="bbox 1886 4438 3446 4518; baseline -0.001 -19"><span class='ocrx_word' id='word_1_685' title='bbox 1886 4444 2148 4500; x_wconf 89' lang='lat' dir='ltr'>sammet</span> <span class='ocrx_word' id='word_1_686' title='bbox 2174 4439 2379 4518; x_wconf 91' lang='lat' dir='ltr'>legem</span> <span class='ocrx_word' id='word_1_687' title='bbox 2406 4444 2749 4514; x_wconf 90' lang='lat' dir='ltr'>revocetur,</span> <span class='ocrx_word' id='word_1_688' title='bbox 2780 4439 3184 4518; x_wconf 86' lang='lat' dir='ltr'>exprimendo</span> <span class='ocrx_word' id='word_1_689' title='bbox 3209 4443 3280 4498; x_wconf 90' lang='lat' dir='ltr'>ut</span> <span class='ocrx_word' id='word_1_690' title='bbox 3306 4438 3446 4498; x_wconf 86' lang='lat' dir='ltr'>talis</span> 
     </span>
     <span class='ocr_line' id='line_1_101' title="bbox 1887 4531 3445 4612; baseline 0.001 -21"><span class='ocrx_word' id='word_1_691' title='bbox 1887 4531 1987 4594; x_wconf 89' lang='lat' dir='ltr'>lex</span> <span class='ocrx_word' id='word_1_692' title='bbox 2016 4532 2267 4612; x_wconf 90' lang='lat' dir='ltr'>obliget,</span> <span class='ocrx_word' id='word_1_693' title='bbox 2306 4532 2408 4593; x_wconf 90' lang='lat' dir='ltr'>vel</span> <span class='ocrx_word' id='word_1_694' title='bbox 2434 4532 2660 4593; x_wconf 88' lang='lat' dir='ltr'>habeat</span> <span class='ocrx_word' id='word_1_695' title='bbox 2688 4532 2817 4593; x_wconf 91' lang='lat' dir='ltr'>vim</span> <span class='ocrx_word' id='word_1_696' title='bbox 2846 4532 3134 4612; x_wconf 81' lang='lat' dir='ltr'>praecepti</span> <span class='ocrx_word' id='word_1_697' title='bbox 3165 4550 3294 4592; x_wconf 90' lang='lat' dir='ltr'>non</span> <span class='ocrx_word' id='word_1_698' title='bbox 3337 4532 3445 4592; x_wconf 84' lang='lat' dir='ltr'>ob·</span> 
     </span>
     <span class='ocr_line' id='line_1_102' title="bbox 1886 4624 2923 4688; baseline 0.003 -3"><span class='ocrx_word' id='word_1_699' title='bbox 1886 4631 2086 4686; x_wconf 88' lang='lat' dir='ltr'>stante</span> <span class='ocrx_word' id='word_1_700' title='bbox 2115 4626 2422 4686; x_wconf 89' lang='lat' dir='ltr'>contraria</span> <span class='ocrx_word' id='word_1_701' title='bbox 2454 4624 2923 4688; x_wconf 89' lang='lat' dir='ltr'>consuetudine.</span> 
     </span>
    </p>

    <p class='ocr_par' dir='ltr' id='par_1_9' title="bbox 1873 4718 3444 5641">
     <span class='ocr_line' id='line_1_103' title="bbox 1962 4718 3443 4800; baseline 0.001 -22"><span class='ocrx_word' id='word_1_702' title='bbox 1962 4721 2025 4779; x_wconf 87' lang='grc'>9.</span> <span class='ocrx_word' id='word_1_703' title='bbox 2047 4720 2282 4799; x_wconf 71' lang='lat' dir='ltr'>Requza</span> <span class='ocrx_word' id='word_1_704' title='bbox 2309 4721 2627 4800; x_wconf 74' lang='lat' dir='ltr'>qeneralie.</span> <span class='ocrx_word' id='word_1_705' title='bbox 2651 4753 2732 4766; x_wconf 89' lang='lat'>—</span> <span class='ocrx_word' id='word_1_706' title='bbox 2758 4719 2932 4781; x_wconf 89' lang='lat' dir='ltr'>Ultra</span> <span class='ocrx_word' id='word_1_707' title='bbox 2954 4718 3068 4779; x_wconf 91' lang='lat' dir='ltr'>hos</span> <span class='ocrx_word' id='word_1_708' title='bbox 3094 4736 3241 4780; x_wconf 90' lang='lat' dir='ltr'>vero</span> <span class='ocrx_word' id='word_1_709' title='bbox 3270 4736 3443 4779; x_wconf 88' lang='lat' dir='ltr'>casus</span> 
     </span>
     <span class='ocr_line' id='line_1_104' title="bbox 1882 4812 3444 4891; baseline 0 -19"><span class='ocrx_word' id='word_1_710' title='bbox 1882 4829 2207 4890; x_wconf 90' lang='lat' dir='ltr'>possumus</span> <span class='ocrx_word' id='word_1_711' title='bbox 2234 4813 2585 4891; x_wconf 87' lang='lat' dir='ltr'>generalem</span> <span class='ocrx_word' id='word_1_712' title='bbox 2616 4812 2895 4891; x_wconf 89' lang='lat' dir='ltr'>regulam</span> <span class='ocrx_word' id='word_1_713' title='bbox 2922 4812 3275 4891; x_wconf 87' lang='lat' dir='ltr'>negativam</span> <span class='ocrx_word' id='word_1_714' title='bbox 3300 4829 3444 4873; x_wconf 90' lang='lat' dir='ltr'>con-</span> 
     </span>
     <span class='ocr_line' id='line_1_105' title="bbox 1882 4903 3439 4985; baseline 0.001 -22"><span class='ocrx_word' id='word_1_715' title='bbox 1882 4904 2155 4966; x_wconf 90' lang='lat' dir='ltr'>stituere.</span> <span class='ocrx_word' id='word_1_716' title='bbox 2204 4905 2451 4979; x_wconf 89' lang='lat' dir='ltr'>Quoties</span> <span class='ocrx_word' id='word_1_717' title='bbox 2481 4924 2592 4985; x_wconf 90' lang='lat' dir='ltr'>per</span> <span class='ocrx_word' id='word_1_718' title='bbox 2616 4905 2805 4967; x_wconf 90' lang='lat' dir='ltr'>verba</span> <span class='ocrx_word' id='word_1_719' title='bbox 2836 4905 2993 4983; x_wconf 89' lang='lat' dir='ltr'>legis</span> <span class='ocrx_word' id='word_1_720' title='bbox 3019 4903 3281 4983; x_wconf 85' lang='lat' dir='ltr'>poenalis</span> <span class='ocrx_word' id='word_1_721' title='bbox 3313 4922 3439 4964; x_wconf 91' lang='lat' dir='ltr'>non</span> 
     </span>
     <span class='ocr_line' id='line_1_106' title="bbox 1883 4995 3437 5078; baseline 0.001 -22"><span class='ocrx_word' id='word_1_722' title='bbox 1883 4995 2228 5058; x_wconf 89' lang='lat' dir='ltr'>declaratur</span> <span class='ocrx_word' id='word_1_723' title='bbox 2271 4999 2646 5059; x_wconf 87' lang='lat' dir='ltr'>sufficienter</span> <span class='ocrx_word' id='word_1_724' title='bbox 2692 4998 3014 5078; x_wconf 87' lang='lat' dir='ltr'>proprium</span> <span class='ocrx_word' id='word_1_725' title='bbox 3062 5001 3437 5076; x_wconf 80' lang='lat' dir='ltr'>praeceptum</span> 
     </span>
     <span class='ocr_line' id='line_1_107' title="bbox 1880 5088 3436 5169; baseline 0 -20"><span class='ocrx_word' id='word_1_726' title='bbox 1880 5088 2163 5168; x_wconf 87' lang='lat' dir='ltr'>obligans</span> <span class='ocrx_word' id='word_1_727' title='bbox 2186 5092 2265 5151; x_wconf 89' lang='lat' dir='ltr'>ad</span> <span class='ocrx_word' id='word_1_728' title='bbox 2293 5097 2523 5167; x_wconf 91' lang='lat' dir='ltr'>actum,</span> <span class='ocrx_word' id='word_1_729' title='bbox 2558 5091 2658 5153; x_wconf 92' lang='lat' dir='ltr'>vel</span> <span class='ocrx_word' id='word_1_730' title='bbox 2685 5091 3076 5152; x_wconf 90' lang='lat' dir='ltr'>omissionem</span> <span class='ocrx_word' id='word_1_731' title='bbox 3099 5090 3251 5169; x_wconf 86' lang='lat' dir='ltr'>ejus,</span> <span class='ocrx_word' id='word_1_732' title='bbox 3283 5108 3436 5169; x_wconf 83' lang='lat' dir='ltr'>prse-</span> 
     </span>
     <span class='ocr_line' id='line_1_108' title="bbox 1877 5183 3438 5263; baseline 0.001 -20"><span class='ocrx_word' id='word_1_733' title='bbox 1877 5184 2253 5245; x_wconf 90' lang='lat' dir='ltr'>sumendum</span> <span class='ocrx_word' id='word_1_734' title='bbox 2285 5190 2379 5246; x_wconf 92' lang='lat' dir='ltr'>est</span> <span class='ocrx_word' id='word_1_735' title='bbox 2408 5203 2536 5246; x_wconf 89' lang='lat' dir='ltr'>esse</span> <span class='ocrx_word' id='word_1_736' title='bbox 2562 5184 2764 5263; x_wconf 91' lang='lat' dir='ltr'>legem</span> <span class='ocrx_word' id='word_1_737' title='bbox 2792 5202 2943 5263; x_wconf 90' lang='lat' dir='ltr'>pure</span> <span class='ocrx_word' id='word_1_738' title='bbox 2988 5183 3319 5263; x_wconf 79' lang='lat' dir='ltr'>poenalem,</span> <span class='ocrx_word' id='word_1_739' title='bbox 3349 5184 3438 5245; x_wconf 87' lang='lat' dir='ltr'>ita</span> 
     </span>
     <span class='ocr_line' id='line_1_109' title="bbox 1877 5277 3435 5357; baseline 0.001 -20"><span class='ocrx_word' id='word_1_740' title='bbox 1877 5282 1950 5337; x_wconf 92' lang='lat' dir='ltr'>ut</span> <span class='ocrx_word' id='word_1_741' title='bbox 1981 5279 2049 5338; x_wconf 93' lang='lat' dir='ltr'>in</span> <span class='ocrx_word' id='word_1_742' title='bbox 2089 5278 2207 5338; x_wconf 92' lang='lat' dir='ltr'>hoc</span> <span class='ocrx_word' id='word_1_743' title='bbox 2232 5296 2376 5338; x_wconf 87' lang='lat' dir='ltr'>casu</span> <span class='ocrx_word' id='word_1_744' title='bbox 2413 5279 2700 5357; x_wconf 90' lang='lat' dir='ltr'>procedat</span> <span class='ocrx_word' id='word_1_745' title='bbox 2729 5277 2938 5357; x_wconf 90' lang='lat' dir='ltr'>opinio</span> <span class='ocrx_word' id='word_1_746' title='bbox 2977 5277 3235 5338; x_wconf 90' lang='lat' dir='ltr'>Navarri</span> <span class='ocrx_word' id='word_1_747' title='bbox 3274 5281 3435 5338; x_wconf 89' lang='lat' dir='ltr'>trac-</span> 
     </span>
     <span class='ocr_line' id='line_1_110' title="bbox 1876 5369 3434 5450; baseline -0.001 -20"><span class='ocrx_word' id='word_1_748' title='bbox 1876 5375 2004 5430; x_wconf 87' lang='lat' dir='ltr'>tata</span> <span class='ocrx_word' id='word_1_749' title='bbox 2028 5388 2160 5450; x_wconf 87' lang='lat' dir='ltr'>cap.</span> <span class='ocrx_word' id='word_1_750' title='bbox 2187 5371 2578 5449; x_wconf 62' lang='lat' dir='ltr'>praecedenti.</span> <span class='ocrx_word' id='word_1_751' title='bbox 2595 5371 2750 5443; x_wconf 89' lang='lat' dir='ltr'>Quia</span> <span class='ocrx_word' id='word_1_752' title='bbox 2767 5369 3042 5449; x_wconf 89' lang='lat' dir='ltr'>procedit</span> <span class='ocrx_word' id='word_1_753' title='bbox 3065 5369 3250 5430; x_wconf 90' lang='lat' dir='ltr'>etiam</span> <span class='ocrx_word' id='word_1_754' title='bbox 3275 5370 3434 5430; x_wconf 91' lang='lat' dir='ltr'>ratio</span> 
     </span>
     <span class='ocr_line' id='line_1_111' title="bbox 1874 5461 3431 5544; baseline -0.001 -20"><span class='ocrx_word' id='word_1_755' title='bbox 1874 5464 2009 5544; x_wconf 88' lang='lat' dir='ltr'>ejus</span> <span class='ocrx_word' id='word_1_756' title='bbox 2020 5480 2039 5541; x_wconf 84' lang='lat'>3</span> <span class='ocrx_word' id='word_1_757' title='bbox 2072 5482 2221 5525; x_wconf 89' lang='lat' dir='ltr'>nam</span> <span class='ocrx_word' id='word_1_758' title='bbox 2249 5464 2303 5523; x_wconf 91' lang='lat' dir='ltr'>si</span> <span class='ocrx_word' id='word_1_759' title='bbox 2345 5463 2447 5524; x_wconf 88' lang='lat' dir='ltr'>lex</span> <span class='ocrx_word' id='word_1_760' title='bbox 2487 5481 2613 5524; x_wconf 92' lang='lat' dir='ltr'>non</span> <span class='ocrx_word' id='word_1_761' title='bbox 2645 5463 2790 5524; x_wconf 90' lang='lat' dir='ltr'>satis</span> <span class='ocrx_word' id='word_1_762' title='bbox 2816 5462 3082 5542; x_wconf 88' lang='lat' dir='ltr'>explicat</span> <span class='ocrx_word' id='word_1_763' title='bbox 3121 5461 3431 5541; x_wconf 89' lang='lat' dir='ltr'>duplicem</span> 
     </span>
     <span class='ocr_line' id='line_1_112' title="bbox 1873 5554 3430 5641; baseline -0.001 -22"><span class='ocrx_word' id='word_1_764' title='bbox 1873 5555 2334 5638; x_wconf 85' lang='lat' dir='ltr'>obligationem,</span> <span class='ocrx_word' id='word_1_765' title='bbox 2376 5575 2486 5621; x_wconf 88' lang='lat' dir='ltr'>seu</span> <span class='ocrx_word' id='word_1_766' title='bbox 2508 5562 2906 5641; x_wconf 79' lang='lat' dir='ltr'>praeceptum,</span> <span class='ocrx_word' id='word_1_767' title='bbox 2940 5554 3268 5635; x_wconf 89' lang='lat' dir='ltr'>benignior</span> <span class='ocrx_word' id='word_1_768' title='bbox 3287 5571 3430 5636; x_wconf 88' lang='lat' dir='ltr'>pars</span> 
     </span>
    </p>
   </div>
  </div>
 </body>
</html>
