3976 6219
553 395 634 453 82
1551 388 1666 441 LIB.
1698 388 1735 440 1.
1771 388 1853 441 DE
1883 386 2137 439 NATURA
2167 385 2230 439 m
2263 386 2424 438 LEGE
2459 380 2751 437 connum.

630 501 691 561 8.
735 499 1111 579 Disputatur
1140 495 1288 578 quid
1306 490 1610 571 siqnifioet
1636 491 1706 553 in
1728 506 1875 553 novo
1902 488 2113 553 Testa-

550 596 742 655 mento
770 591 913 653 item
946 587 1335 669 dispensatio.
1378 617 1461 630 —
1503 582 1749 657 Quando
1771 586 2116 645 moenim-

545 684 803 764 propria
832 683 1197 763 dispensatio
1226 680 1294 741 in
1316 680 1460 757 leffe.
1478 710 1559 721 —-
1577 675 1751 737 Atia
1778 692 1941 735 novo
1972 676 2116 735 Tes-

552 781 829 838 tamento
876 775 957 836 ad
1002 775 1306 846 altiorem,
1352 768 1737 849 spiritualem
1774 767 2005 828 scilicet
2037 766 2117 827 si·

551 868 1011 947 gnificationem
1036 885 1162 929 vox
1186 866 1319 927 haec
1342 862 1637 924 translata
1658 866 1751 923 est
1771 878 1787 922 ε
1807 859 2118 939 significat

552 961 724 1027 enim
764 976 1176 1033 oeconomum,
1221 974 1329 1019 seu
1378 954 1734 1016 ministrum
1779 951 2117 1033 spiritualis

549 1052 773 1113 domus
813 1052 948 1130 Dei,
991 1069 1131 1131 quse
1174 1054 1267 1111 est
1306 1046 1597 1122 Ecclesia,
1650 1047 1829 1125 juxta
1876 1044 2032 1105 illud
2076 1046 2116 1103 2

552 1145 830 1206 Corinth.
862 1147 939 1206 4:
973 1144 1089 1208 Sic
1130 1160 1237 1204 nos
1280 1140 1578 1203 emistimet
1605 1140 1775 1199 homo
1806 1143 1875 1200 ut
1904 1137 2119 1199 minis·

550 1242 679 1300 tros
710 1236 969 1310 Christi,
992 1240 1048 1298 et
1070 1236 1507 1313 dispensatores
1532 1230 1957 1311 mysteriorum
1975 1229 2114 1302 Dei,

551 1334 615 1390 et
654 1331 694 1389 2
721 1331 885 1389 Petr.
915 1329 994 1388 4:
1031 1326 1213 1390 Siout
1248 1324 1387 1387 boni
1425 1324 1862 1403 dispensatores
1900 1322 2116 1383 multi-

550 1420 775 1497 formis
800 1420 1026 1499 qratioe
1058 1418 1198 1480 Dei.
1229 1414 1406 1476 Unde
1446 1416 1636 1476 etiam
1668 1415 1801 1493 ipsa
1825 1413 2118 1475 distribu-

552 1512 663 1586 tio,
693 1529 803 1572 seu
843 1510 1147 1590 generalis
1182 1506 1638 1568 administratio
1680 1507 2117 1585 mysteriorum

550 1604 682 1679 Dei,
705 1620 845 1683 quas
866 1604 933 1663 in
954 1602 1220 1663 Ecclesia
1238 1599 1333 1675 fit,
1354 1598 1508 1661 solet
1526 1601 1593 1661 in
1612 1617 1785 1660 sacra
1802 1599 2120 1677 Scriptura

552 1695 931 1776 dispensatio
954 1694 1277 1775 appellari,
1308 1696 1338 1753 1
1374 1692 1651 1754 Corinth.
1680 1694 1754 1754 9:
1788 1692 2121 1770 Dispensa-

552 1791 639 1853 tio
682 1790 841 1851 mihi
872 1790 1102 1853 credita
1144 1794 1272 1858 em
1298 1787 1378 1848 ad
1424 1786 1647 1867 Ephes.
1680 1786 1757 1845 3.
1795 1783 1879 1848 Si
1922 1789 2122 1846 tamen

551 1881 818 1951 uidistis
841 1880 1339 1961 dispensationem
1362 1879 1503 1954 Dei,
1528 1896 1661 1959 qua.»
1686 1877 1831 1939 dcta
1858 1881 1945 1938 oet
1964 1866 2121 1937 mihi

549 1976 619 2038 in
663 1975 866 2049 vobi-n
892 1975 971 2035 ad
1002 1974 1229 2037 Coloss.
1262 1976 1338 2033 1:
1376 1972 1571 2052 Cujus
1607 1974 1813 2049 factus
1852 1988 1987 2032 sum
2017 1986 2120 2049 eoo

551 2069 831 2131 minister
880 2068 1197 2131 δισυπάτου(
1246 2065 1744 2145 dispensationem
1788 2062 1905 2125 Dei
1921 2107 1943 2138 ,
1986 2080 2122 2143 quoe

552 2160 699 2222 data
730 2165 819 2222 est
862 2159 1041 2221 mihi.
1070 2159 1171 2219 Sic
1214 2157 1406 2219 etiam
1452 2156 1611 2217 dixit
1650 2154 2000 2216 Bernardus
2039 2154 2120 2215 ad

550 2252 925 2331 Eugenium,
960 2250 1119 2312 libro
1162 2252 1201 2311 3
1228 2249 1305 2311 de
1348 2249 1725 2310 Considerat.
1734 2292 1754 2323 ,
1798 2248 1998 2326 capite
2041 2250 2114 2309 3:

552 2344 944 2425 Dispmatio
986 2344 1103 2407 tibi
1132 2360 1313 2423 super
1358 2343 1554 2405 orbem
1596 2342 1825 2405 credita
1864 2346 1971 2414 est,
2001 2359 2121 2403 non

552 2439 697 2502 data
724 2438 1040 2517 possessis.
1058 2437 1217 2498 Hinc
1244 2452 1393 2514 ergo
1421 2434 1679 2495 ulterius
1704 2433 2006 2495 translata
2027 2438 2122 2494 est

550 2529 685 2593 haec
698 2548 843 2607 vox,
860 2530 941 2590 ad
959 2526 1439 2608 significandum
1454 2525 1891 2606 particularem
1910 2530 2118 2586 actum

549 2623 735 2702 hujus
759 2624 1077 2702 potestatis
1102 2619 1611 2681 administrativis
1635 2638 1649 2677 :
1674 2618 1763 2679 sic
1784 2617 1957 2677 enim
1972 2634 2121 2677 con-

549 2716 739 2776 cessio
788 2714 1321 2792 indulgentiarum
1335 2757 1357 2788 ,
1410 2709 1787 2790 dispensatio
1840 2708 2118 2770 thesauri

548 2806 959 2868 Ecclesiastici
984 2804 1255 2865 dicitur:
1280 2804 1367 2863 sic
1400 2803 1591 2864 etiam
1617 2803 1849 2863 dantur
1874 2800 2119 2880 dispen-

550 2899 816 2961 sationes
838 2898 968 2959 voti
988 2903 1051 2959 et
1069 2894 1435 2975 juramenti,
1456 2894 1533 2955 de
1554 2894 1779 2973 quibus
1806 2892 1945 2954 aliis
1965 2892 2118 2953 locis

548 2991 782 3052 dictum
808 2996 924 3053 est.
946 2992 1037 3051 Ita
1062 3007 1213 3067 ergo
1238 2990 1308 3050 in
1334 2988 1625 3069 praesenti
1652 2985 2116 3049 accommodata

549 3090 642 3148 est
676 3103 799 3146 vox
832 3083 1325 3164 dispensationis,
1356 3081 1437 3144 ad
1476 3078 1947 3160 significandam
1973 3096 2114 3158 par·

546 3177 867 3238 ticularem
896 3177 1305 3237 mutationem
1339 3174 1496 3253 legis
1524 3193 1634 3254 per
1670 3172 2116 3235 relaxationem

549 3270 943 3348 obligationis
984 3270 1122 3348 ejus
1161 3269 1327 3329 circa
1370 3285 1563 3328 unam
1607 3266 1706 3329 vel
1742 3265 1931 3327 aliam
1976 3283 2116 3345 per-

548 3380 803 3424 sonam:
848 3369 942 3423 est
983 3362 1153 3423 enim
1200 3360 1495 3438 obligatio
1536 3358 1693 3438 legis
1736 3358 1913 3436 quasi
1957 3375 2116 3418 onus

548 3454 861 3534 quoddam
888 3453 1385 3514 distribuendum
1420 3452 1583 3512 inter
1609 3450 1860 3525 multos,
1886 3453 1950 3510 et
1975 3448 2116 3510 ideo

546 3547 831 3608 liberatio
857 3546 1042 3606 unius
1069 3545 1149 3606 ab
1168 3544 1279 3606 illa
1304 3544 1703 3622 obligatione,
1726 3548 1789 3603 et
1810 3560 1939 3603 non
1964 3541 2120 3602 alio-

544 3657 710 3712 rum,
740 3639 1023 3718 quiedam
1049 3638 1429 3717 dispensatio
1452 3636 1621 3698 illius
1642 3634 1951 3715 appellata
1978 3639 2109 3696 eat:

546 3749 697 3791 nam
733 3731 879 3809 quia
912 3729 1015 3790 lex
1044 3730 1115 3790 in
1140 3729 1457 3790 communi
1478 3728 1759 3808 ponitur,
1784 3733 1847 3788 et
1876 3728 1945 3787 in
1972 3745 2115 3806 par·

548 3822 791 3884 ticuiari
823 3839 1087 3901 persona
1123 3827 1321 3900 potest
1348 3839 1669 3882 occurrere
1700 3819 1981 3900 specialis
2017 3837 2116 3882 ra·

546 3916 659 3991 tio,
690 3916 791 3977 vel
831 3916 1181 3990 necessitas,
1210 3921 1281 3974 ut
1312 3933 1353 3975 a
1394 3914 1507 3976 tali
1550 3932 1737 3976 onere
1778 3913 2111 3989 eximatur,

546 4007 686 4068 ideo
716 4025 913 4086 genus
941 4007 1060 4068 hoc
1094 4007 1457 4068 mutationis
1492 4005 1809 4068 interdum
1840 4022 2117 4066 necessa-

547 4100 737 4176 rium,
780 4105 888 4160 aut
932 4099 1307 4162 conveniens
1352 4105 1467 4161 est.
1516 4099 1691 4160 Unde
1737 4098 2116 4176 dispensatio

548 4197 701 4253 tunc
738 4191 1161 4273 propriissime
1190 4190 1283 4266 fit,
1324 4191 1575 4270 quando
1608 4190 1904 4269 obligatio
1932 4190 2112 4270 legis),

548 4301 686 4365 quai
706 4293 890 4346 antea
900 4289 966 4346 et
982 4284 1491 4346 communitatem
1504 4289 1567 4345 et
1580 4283 1768 4345 talem
1786 4300 2114 4362 personam

548 4377 882 4455 obligabat,
900 4376 979 4437 ab
997 4377 1115 4438 hac
1138 4394 1403 4454 persona
1422 4376 1680 4452 tollitur,
1698 4393 1842 4436 cum
1862 4380 2116 4436 maneat

546 4468 649 4531 lex
704 4471 1215 4532 communitatem
1278 4469 1559 4550 obligans
1610 4469 1773 4531 circa
1828 4469 2112 4531 eamdem

548 4563 899 4623 materiam.

626 4656 689 4716 9.
734 4655 828 4717 De
858 4655 1183 4718 mutatione
1214 4654 1367 4734 lepis
1414 4671 1547 4734 qaoe
1587 4653 1667 4732 fit
1700 4673 1809 4734 per
1857 4672 2112 4717 commu-

548 4748 831 4810 tacionem
852 4747 944 4808 vel
970 4745 1516 4825 compensationem.
1556 4777 1641 4792 —
1680 4746 1844 4820 Quid
1866 4747 1953 4811 sit
1972 4763 2110 4825 per-

548 4839 758 4902 missio
816 4839 887 4900 in
936 4840 1197 4901 materia
1251 4837 1423 4917 legis.
1466 4869 1550 4884 —
1592 4838 1756 4911 Quid
1808 4838 2112 4917 siqnificet

546 4949 759 4995 nomm
822 4931 1085 4994 licenda.
1130 4961 1213 4976 —-
1258 4929 1457 4992 Aliter
1518 4929 1707 4990 etiam
1764 4930 1921 4991 solet
1982 4930 2114 4991 haec

548 5025 812 5086 mutatio
840 5022 979 5086 fieri
1008 5041 1120 5104 per
1146 5023 1403 5084 modum
1442 5023 1964 5101 commutationis,
2003 5041 2114 5085 seu

550 5117 1086 5196 compensationis,
1115 5135 1253 5197 quae
1292 5133 1511 5178 revera
1542 5122 1634 5177 est
1666 5116 1950 5194 quasdam
1986 5115 2112 5176 dis—

548 5210 850 5290 pensatio,
870 5209 1019 5288 quia
1034 5227 1147 5288 per
1170 5209 1345 5270 illam
1366 5208 1555 5269 etiam
1580 5207 1856 5269 aufertur
1878 5208 1947 5268 in
1970 5225 2112 5287 par-

544 5299 793 5362 ticulari
818 5300 1112 5378 obligatio
1138 5300 1293 5379 legis
1298 5317 1318 5378 3
1342 5307 1553 5361 tamen
1580 5299 1831 5379 quando
1846 5317 1973 5360 non
1995 5298 2111 5360 tol·

546 5391 699 5454 litur
732 5409 843 5471 per
866 5408 1097 5470 {puram
1143 5393 1555 5470 privationem
1603 5395 1697 5468 (ut
1740 5391 1827 5452 sic
1854 5391 2108 5466 dicam),

546 5483 654 5544 sed
690 5484 824 5545 loco
864 5483 1030 5544 illius
1068 5483 1318 5562 aliquod
1344 5483 1513 5546 aliud
1548 5501 1705 5545 onus
1742 5484 2106 5563 imponitur,

2191 492 2446 549 vocatur
2503 483 2904 547 commutatio
2925 528 2946 559 ,
3003 484 3106 544 vel
3161 484 3579 563 compensatio
3599 531 3620 562 ,
3679 490 3751 546 ut

2193 579 2439 660 quando
2477 578 2662 639 alicui
2699 576 3014 638 relaxatur
3038 576 3348 655 jejunium
3380 594 3525 637 cum
3565 594 3750 639 onere

2194 672 2495 733 recitandi
2523 671 2870 745 Rosarium,
2891 670 2992 730 vel
3007 669 3155 748 quid
3177 667 3379 729 simile
3387 689 3404 745 3
3425 674 3490 729 et
3510 670 3757 748 quando

2195 765 2350 829 illud
2380 784 2559 839 onus,
2585 764 2750 843 quod
2779 763 2913 825 loco
2935 763 3328 841 obligationis
3353 763 3508 840 legis
3537 763 3756 825 substi-

2195 858 2412 933 tuitur,
2457 855 2886 937 pecuniarium
2925 861 3041 929 est,
3091 855 3316 934 poterit
3355 855 3463 914 illa
3495 854 3617 915 dici
3659 872 3754 916 re-

2195 951 2492 1029 demptio,
2523 951 2682 1011 sicut
2718 949 2788 1009 in
2831 948 2992 1009 votis
3037 947 3193 1009 solet
3234 944 3573 1025 appellari:
3606 966 3754 1009 nam

2195 1042 2400 1122 quoad
2425 1042 2543 1103 hoc
2578 1049 2670 1103 est
2695 1042 2912 1103 eadem
2937 1041 3118 1114 ratio,
3149 1046 3390 1101 servata
3413 1042 3755 1120 proportio-

2195 1153 2311 1196 ne:
2339 1141 2402 1195 et
2429 1134 2569 1195 ideo
2593 1134 2669 1195 de
2691 1134 2788 1194 his
2811 1133 3008 1194 viden'
3029 1138 3288 1212 possunt
3313 1150 3450 1211 qnoe,
3473 1133 3541 1193 in
3569 1134 3756 1193 simili

2198 1228 2494 1303 diximus,
2535 1226 2855 1289 tractando
2900 1226 2977 1286 de
3007 1231 3173 1286 voto.
3201 1224 3318 1285 Hic
3357 1224 3614 1286 demum
3653 1226 3758 1287 ad-

2196 1322 2356 1383 verti
2397 1326 2617 1401 potest,
2657 1320 2854 1381 solere
2890 1319 3052 1380 hanc
3093 1318 3506 1379 mutationem
3555 1318 3759 1379 vocari

2197 1414 2450 1476 nomine
2491 1412 2912 1493 permissionis
2948 1416 3014 1473 et
3055 1412 3334 1484 licentiae,
3365 1427 3506 1489 quae
3547 1418 3758 1472 tamen

2197 1526 2375 1570 voces
2425 1506 2838 1586 generaliores
2885 1510 3053 1580 sunt,
3090 1509 3152 1565 et
3199 1504 3338 1565 ideo
3381 1510 3526 1565 snut
3569 1505 3760 1584 expli-

2197 1602 2428 1663 candae.
2478 1600 2805 1662 Permissio
2859 1598 3030 1659 enim
3073 1615 3202 1659 non
3251 1597 3454 1659 solum
3499 1596 3724 1658 dicitur
3737 1644 3755 1671 ,

2198 1694 2446 1773 quando
2471 1692 2768 1771 obligatio
2799 1690 3101 1767 aufertur,
3125 1690 3234 1751 sed
3273 1690 3464 1751 etiam
3505 1689 3758 1768 quando

2200 1787 2589 1863 connivetur,
2647 1783 3094 1858 dissimulatur,
3145 1790 3255 1844 aut
3309 1801 3454 1845 cum
3511 1782 3760 1844 effectus

2199 1897 2330 1941 non
2367 1878 2728 1958 impeditur,
2759 1895 2874 1938 nec
2905 1876 3166 1955 punitur
3203 1876 3466 1937 violator
3491 1876 3668 1954 legis,
3697 1880 3761 1937 et

2198 1970 2330 2033 haec
2369 1990 2494 2033 non
2522 1977 2614 2032 est
2640 1970 3033 2050 dispensatio,
3074 1975 3145 2029 ut
3169 1986 3282 2048 per
3303 1986 3370 2031 se
3397 1974 3614 2029 notum
3643 1974 3755 2030 est.

2199 2064 2360 2125 Deus
2377 2064 2546 2126 enim
2573 2062 2771 2124 multa
2791 2067 3096 2142 praecepta
3121 2080 3235 2122 sua
3258 2061 3478 2123 violari
3505 2063 3758 2140 permit-

2201 2157 2296 2233 tit,
2327 2158 2392 2218 in
2425 2157 2650 2237 quibus
2684 2174 2811 2217 non
2839 2156 3176 2235 dispensat;
3219 2172 3346 2216 non
3383 2172 3530 2233 ergo
3557 2154 3758 2215 omnis

2197 2250 2516 2330 permissio
2547 2255 2639 2311 est
2671 2248 3067 2328 dispensatio,
3099 2247 3206 2308 sed
3233 2246 3604 2326 dispensatio
3639 2246 3760 2307 dici

2197 2347 2398 2423 potest
2423 2342 2707 2421 quadam
2729 2340 3073 2420 permissio,
3099 2340 3246 2419 quia
3274 2358 3386 2419 per
3409 2338 3580 2399 illam
3613 2339 3762 2399 sini-

2197 2440 2302 2495 tur
2347 2434 2485 2513 quis
2525 2451 2708 2513 agere
2739 2438 2953 2495 conta-a
2985 2432 3410 2511 praescriptum
3437 2430 3596 2509 legis
3627 2449 3754 2491 non

2197 2525 2398 2587 solum
2438 2526 2715 2605 impune,
2758 2526 2867 2587 sed
2907 2526 3096 2586 etiam
3129 2523 3548 2585 immaculate.
3584 2524 3757 2585 Sicut

2197 2623 2408 2680 autem
2451 2617 2724 2679 diximus
2763 2619 2841 2679 de
2887 2616 3310 2695 abrogatione,
3353 2616 3520 2695 quod
3559 2622 3761 2696 potest

2195 2710 2356 2786 fleri,
2383 2711 2486 2773 vel
2515 2710 2856 2772 auferendo
2885 2715 3155 2785 tantum,
3191 2708 3292 2771 vel
3315 2708 3510 2769 etiam
3548 2708 3758 2787 probi-

2196 2802 2423 2879 bendo,
2469 2809 2580 2864 aut
2629 2803 3044 2882 praecipiendo
3089 2801 3502 2876 contrarium,
3551 2802 3638 2863 ita
3679 2802 3762 2863 de

2197 2894 2650 2975 dispensatione
2689 2895 2812 2956 diei
2851 2900 3084 2975 potest:
3119 2910 3268 2955 nam
3313 2845 3628 2955 interdum
3667 2900 3764 2955 est

2196 3005 2375 3066 pura,
2411 2992 2475 3048 et
2517 2991 2669 3048 tunc
2698 2986 2888 3048 habet
2918 2987 3172 3048 modum
3216 2986 3656 3066 permissionis,
3695 2991 3764 3047 et

2195 3098 2308 3161 per
2331 3098 2396 3142 se
2421 3080 2539 3142 hoc
2577 3080 2780 3143 solum
2811 3080 3104 3162 requirit·
3083 3126 3104 3158 ,
3134 3079 3450 3142 interdum
3479 3098 3625 3143 vero
3651 3098 3762 3160 po·

2194 3179 2314 3235 tem
2335 3191 2446 3253 per
2463 3173 2945 3253 prohibitionem
2965 3172 3124 3248 fieri,
3145 3178 3218 3232 ut
3243 3172 3296 3233 si
3319 3172 3610 3234 Praelatus
3631 3191 3762 3234 non

2193 3267 2394 3329 solum
2421 3267 2662 3330 auferat
2691 3285 2729 3328 a
2751 3267 2996 3327 subdito
3010 3266 3450 3345 obligationem
3463 3266 3766 3328 audiendi

2193 3360 2460 3434 Missam,
2495 3359 2670 3420 verbi
2696 3359 2920 3438 gratia,
2957 3359 3062 3419 sed
3091 3360 3279 3420 etiam
3318 3358 3642 3438 prohibeat
3681 3358 3764 3419 il-

2193 3451 2320 3514 lam
2349 3453 2587 3525 audire,
2619 3457 2738 3512 etc.
2771 3452 3010 3513 Nomen
3047 3451 3234 3512 etiam
3265 3450 3533 3513 licentiae
3571 3451 3764 3512 latius

2194 3549 2364 3624 patet
2385 3561 2573 3623 quam
2591 3561 2822 3605 nomen
2839 3543 3343 3622 dispensationis:
3367 3543 3570 3610 omnis
3589 3545 3762 3604 enim

2194 3637 2568 3717 dispensatio
2585 3643 2748 3698 recte
2771 3635 2998 3696 dicitur
3017 3635 3266 3697 licentia
3289 3635 3576 3715 quoedam
3585 3652 3607 3711 ;
3631 3653 3766 3697 non

2193 3735 2404 3791 tamen
2453 3729 2658 3790 omnis
2701 3728 2952 3790 licentia
2998 3733 3094 3789 est
3145 3728 3559 3807 dispensatio:
3613 3747 3770 3790 nam

2195 3839 2355 3900 saepe
2401 3839 2513 3901 per
2555 3821 2870 3882 licentiam
2923 3837 3052 3880 non
3095 3819 3410 3881 relaxatur
3459 3820 3766 3900 obligatio

2193 3913 2372 3992 legis,
2423 3913 2531 3974 sed
2575 3912 2774 3974 solum
2817 3917 2910 3974 est
2959 3913 3422 3974 circumstantia
3471 3915 3765 3993 quoedam

2191 4006 2488 4086 requisita
2510 4006 2584 4067 in
2615 4006 2748 4086 ipsa
2777 4005 2916 4084 lege
2937 4005 3016 4066 ad
3045 4010 3254 4067 actum
3283 4004 3441 4068 bene
3469 4025 3766 4068 exercen-

2193 4100 2378 4176 dum,
2419 4105 2492 4160 ut
2521 4100 2792 4161 maxime
2823 4099 2892 4159 in
2929 4098 3231 4177 religiosis
3272 4100 3515 4160 statutis
3545 4099 3765 4161 videre

2193 4190 2375 4252 licet:
2428 4209 2578 4253 nam
2627 4190 2949 4268 religiosus
2992 4208 3122 4252 non
3171 4190 3353 4252 debet
3401 4191 3596 4271 loqui,
3645 4199 3768 4253 aut

2194 4285 2361 4347 exire
2381 4286 2568 4347 domo
2587 4286 2720 4347 sine
2737 4285 3008 4360 licentia3
3031 4303 3172 4346 cum
3190 4291 3402 4346 tamen
3419 4284 3529 4344 illa
3549 4284 3765 4362 datur,

2191 4396 2318 4439 non
2361 4379 2609 4458 proprie
2649 4379 2722 4438 in
2759 4378 2900 4456 lege
2943 4378 3352 4458 dispensatur,
3399 4376 3506 4438 sed
3551 4378 3770 4457 potius

2190 4468 2533 4549 completur
2557 4470 2784 4532 modus
2827 4471 3124 4551 operandi
3160 4471 3300 4549 lege
3333 4471 3765 4550 praescriptus,

2189 4566 2252 4624 et
2283 4563 2424 4624 ideo
2451 4563 2590 4624 talis
2611 4563 2860 4625 licentia
2883 4581 3010 4624 non
3035 4563 3296 4644 requirit
3321 4579 3571 4624 causam
3594 4564 3770 4641 ejus-

2189 4653 2335 4715 dem
2369 4655 2650 4732 rationis,
2680 4674 2795 4718 nec
2827 4656 3140 4735 propriam
3182 4660 3544 4734 potestatem
3568 4655 3771 4734 J‘uris-

2189 4747 2500 4824 dictionis,
2539 4747 2648 4810 sed
2693 4748 2957 4826 alicujus
2995 4747 3573 4824 administrationis,
3614 4765 3769 4827 quae

2189 4839 2268 4900 ad
2297 4839 2509 4918 legum
2538 4840 2947 4902 mutationem
2971 4857 3100 4901 non
3133 4840 3419 4919 pertinet.

2274 4934 2372 4994 10.
2419 4931 2512 4994 Do
2545 4933 2780 4996 nomine
2809 4933 3260 5012 interpretatio,
3290 4938 3348 4995 et
3387 4933 3675 5013 quomodo
3723 4951 3774 4996 a

2193 5023 2632 5103 dispensatim
2663 5025 2939 5104 differet.
2969 5057 3049 5070 --
3075 5025 3190 5086 His
3223 5024 3509 5086 addenda
3543 5029 3639 5086 est
3662 5027 3775 5088 in—

2192 5115 2540 5195 terpretatio
2567 5115 2743 5194 legis,
2779 5133 2968 5194 quam
3011 5116 3207 5196 aliqui
3239 5133 3396 5178 cum
3441 5116 3777 5196 dispensa-

2189 5207 2359 5270 tione
2397 5207 2813 5284 confundunt,
2845 5209 2951 5270 sed
2986 5215 3132 5270 sunt
3167 5209 3352 5289 longe
3379 5208 3660 5286 diversae,
3693 5218 3780 5272 ut

2189 5299 2320 5360 dixi
2335 5301 2468 5362 ‘late
2502 5299 2614 5362 lib.
2647 5302 2688 5361 6
2713 5300 2790 5362 de
2817 5302 2998 5377 Voto,
3025 5319 3161 5381 cap.
3193 5303 3267 5376 93
3293 5319 3442 5362 nam
3469 5300 3560 5361 ibi
3591 5301 3780 5364 dicta

2190 5392 2267 5454 de
2297 5392 2754 5472 dispensatione
2775 5399 2844 5454 et
2875 5393 3380 5474 interpretatione
3415 5394 3548 5454 voti
3587 5411 3782 5455 eam-

2191 5484 2332 5546 dem
2357 5485 2664 5548 rationem
2695 5485 2928 5548 liabent
2963 5485 3035 5548 in
3075 5485 3532 5567 dispensatione
3557 5492 3622 5546 et
3665 5487 3781 5546 in-
