3976 6219
528 464 702 537 cepta
729 477 765 518 a
785 457 1068 532 Domino,
1100 453 1312 516 616116
1337 470 1475 533 quoe
1507 454 1634 533 ipse
1667 454 2084 535 praecipiebat,

525 572 652 615 non
674 551 990 612 Dominus,

604 663 664 720 ’1.
715 658 1042 737 Opinantes
1072 653 1456 736 offensionem
1493 653 1644 733 teqis
1680 655 2088 719 ecclesiastica·

522 772 640 818 non
679 771 799 815 esse
838 767 948 830 per
986 767 1047 811 se
1090 753 1392 827 peccatum
1430 747 1704 822 mortale,
1757 748 1860 809 sed
1895 750 2085 811 solnm

521 846 754 928 qnando
776 843 853 921 fit
875 859 947 906 ea:
973 844 1306 918 contemptu
1331 840 1504 919 leyis,
1531 839 1647 902 alii
1687 856 1822 902 vero
1859 842 2086 905 addunt

523 956 596 1001 ea·
617 933 1366 1001 consuetudine—Praeter
1388 932 1721 993 Gersonem
1753 931 1951 993 solent
1976 933 2085 993 alii

520 1030 761 1105 referri,
795 1027 903 1107 qui
935 1027 1223 1087 dixerunt
1278 1029 1594 1104 peccatum
1621 1033 1834 1085 contra
1878 1025 2081 1104 legem

521 1122 988 1184 ecclesiasticam
1021 1137 1150 1180 non
1179 1136 1330 1193 esse,
1361 1136 1471 1197 per
1498 1135 1560 1178 se
1586 1118 1915 1197 loquend0,
1942 1136 2081 1197 pec-

518 1222 726 1277 catum
749 1212 1033 1287 mortale,
1069 1209 1174 1271 sed
1216 1210 1415 1270 solum
1444 1211 1690 1289 quando
1719 1209 1790 1271 fit
1834 1229 1912 1271 ex
1938 1228 2082 1270 con-

516 1315 761 1389 temptu
793 1306 967 1384 legis.
1000 1306 1092 1364 Ita
1119 1291 1321 1363 tenuit
1348 1302 1760 1379 Collectarius,
1791 1310 1861 1363 ut
1891 1303 2082 1364 refert

517 1402 738 1483 Angel.
768 1398 942 1462 verb.
964 1396 1400 1470 Inobedientia,
1438 1401 1500 1456 et
1531 1395 1696 1456 idem
1741 1397 1928 1457 sentit
1966 1398 2077 1459 Fe-

514 1497 656 1572 lin.,
697 1514 750 1556 6.
788 1496 811 1554 1
856 1493 932 1554 (16
963 1488 1269 1570 sponsal„
1308 1507 1373 1549 n.
1424 1491 1522 1563 19,
1573 1494 1637 1549 et
1662 1488 1853 1549 refert
1878 1490 2071 1551 Gloss.

512 1593 582 1651 in
627 1608 682 1649 c.
730 1587 882 1660 Quis
910 1590 1131 1659 autem,
1156 1582 1298 1643 dist.
1343 1583 1443 1657 10,
1478 1600 1617 1661 quse
1647 1582 1847 1643 solum
1882 1582 2070 1659 dicit,

513 1683 620 1764 qai
644 1680 957 1743 contemnit
981 1677 1186 1756 leym,
1199 1692 1460 1754 peccare,
1482 1694 1599 1737 non
1621 1681 1818 1738 tamen
1836 1694 2077 1755 peccare

513 1794 644 1840 eum
673 1773 779 1854 qni
822 1789 938 1832 non
969 1774 1148 1850 paret
1187 1767 1439 1847 legibus,
1469 1768 1574 1830 abi
1612 1769 1680 1830 de
1706 1769 1952 1831 oonsilio
1980 1769 2074 1830 to-

511 1871 800 1949 quantur,
850 1881 928 1924 ex
975 1861 1200 1941 quibus
1233 1859 1438 1921 verbis
1487 1860 1690 1939 potius
1735 1860 2070 1938 colligitur,

510 1962 699 2024 etiam
721 1974 972 2039 peccare
998 1955 1176 2016 illum
1201 1955 1307 2034 qui
1335 1972 1463 2015 non
1485 1960 1662 2033 paret
1690 1954 1932 2033 legibus
1961 1955 2071 2016 ubi

507 2056 584 2116 de
610 2056 913 2133 praecepto
932 2051 1293 2129 loquuntur,
1312 2047 1458 2109 licet
1476 2066 1604 2108 non
1623 2053 1753 2108 ta'm
1773 2050 2067 2126 graviter,

506 2148 664 2208 sicut
692 2145 801 2224 qui
830 2162 932 2204 eas
964 2141 1326 2203 contemnit.
1352 2143 1422 2201 In
1450 2139 1733 2201 eamdem
1759 2159 1905 2202 vero
1933 2159 2072 2203 sen-

503 2240 764 2301 tentiam
811 2234 1072 2296 inclinat
1129 2234 1318 2311 Cajet.
1371 2233 1542 2296 verb.
1601 2232 1847 2309 Clario„
1899 2239 2016 2295 etc.
2045 2279 2067 2312 ,

502 2332 704 2412 §ult.‚
741 2336 803 2392 et
846 2328 1021 2390 verb.
1052 2327 1106 2389 J
1107 2327 1398 2406 affinium,
1444 2344 1499 2386 6.
1536 2327 1598 2400 4,
1624 2327 1886 2406 quinon
1928 2329 2068 2389 uni-

501 2425 822 2488 versaliter
843 2421 1137 2501 loquitur,
1170 2418 1277 2479 sed
1305 2419 1382 2480 de
1408 2425 1713 2499 praecepto
1734 2421 1981 2498 jejunii,
2007 2429 2069 2483 et

501 2520 577 2580 de
607 2517 976 2598 quibusdam
999 2512 1320 2594 praeceptis
1353 2512 1713 2572 clericorum
1728 2529 1748 2589 3
1786 2518 1997 2574 tamen
2030 2533 2069 2576 a

499 2613 763 2692 paritate
789 2608 1048 2670 rationis
1079 2606 1325 2667 videtur
1346 2605 1532 2666 idem'
1549 2606 1778 2666 sentire
1817 2606 1894 2667 de
1922 2606 2065 2666 1611-

497 2705 637 2784 quis
666 2700 982 2782 praeceptis
1002 2697 1444 2772 66616516511615,
1468 2703 1538 2757 ut
1560 2698 1650 2757 illi
1674 2698 1888 2758 tribuit
1908 2700 2059 2760 Nav.

496 2798 566 2857 in
595 2798 796 2871 Sum.,
820 2815 875 2855 6.
895 2794 998 2866 23,
1021 2809 1086 2850 6.
1121 2792 1219 2851 55.
1247 2791 1399 2849 Item
1427 2789 1634 2850 favere
1655 2790 1900 2850 videtur
1918 2791 2065 2852 huic

498 2890 817 2953 sententiae
831 2888 903 2947 D.
925 2888 1107 2946 Bern.
1140 2883 1216 2944 de
1241 2885 1532 2962 Praecept.
1552 2889 1614 2944 et
1635 2883 1773 2960 dis„
1803 2904 1937 2964 cap.
1959 2890 2059 2963 11,

495 2984 627 3059 ubi,
679 2983 934 3059 loquens
981 2977 1057 3039 de
1098 2976 1419 3055 praeceptis
1462 2976 1739 3055 positivis
1771 2977 2060 3039 Praelato-

494 3096 661 3153 rum,
689 3092 825 3155 quae
854 3072 1106 3152 factitia
1141 3073 1341 3145 vocat,
1373 3069 1461 3129 ait
1486 3069 1714 3131 inferre
1732 3072 2060 3134 necessita-

492 3179 622 3234 tem
648 3170 831 3247 longe
864 3167 1175 3244 disparem
1206 3180 1244 3222 a
1285 3162 1599 3241 praeceptis
1625 3163 2010 3224 naturalibus
2038 3180 2054 3224 ε

497 3266 649 3329 Cam
678 3268 874 3326 tamon
912 3259 1043 3336 (ait)
1094 3274 1198 3318 neo
1216 3256 1345 3318 sine
1382 3257 1615 3335 offensa
1651 3255 1909 3335 neqliyi,
1956 3275 2059 3319 noc

493 3357 782 3422 contemni
809 3355 941 3416 sine
982 3351 1232 3413 crimine
1258 3352 1495 3427 queant.
1531 3348 1607 3406 Et
1635 3346 1839 3407 infra:
1874 3350 2057 3411 Man-

494 3454 700 3513 datum
737 3451 970 3527 peccato
1004 3441 1319 3504 obnoxium
1361 3441 1541 3517 facit,
1575 3457 1693 3500 non
1719 3457 1934 3519 maqno
1963 3447 2055 3504 ta-

491 3560 622 3603 mon
640 3541 697 3603 si
716 3542 1078 3615 contemptus
1105 3532 1389 3610 defuerit.
1412 3531 1711 3609 Loquitur
1736 3538 1944 3593 autem
1976 3535 2055 3597 de

491 3634 708 3695 eodem
739 3648 963 3709 genere
986 3626 1263 3689 mandati
1291 3641 1307 3685 :
1338 3622 1504 3683 unde
1531 3623 1597 3682 in
1621 3641 1672 3684 6.
1700 3626 1778 3684 12
1796 3643 2054 3703 genera-

489 3727 615 3787 lem
640 3723 921 3802 regulam
951 3718 1268 3780 constituit
1304 3716 1379 3776 de
1407 3716 1504 3776 his
1532 3735 1670 3795 quae
1705 3736 1818 3797 per
1852 3738 1915 3781 56
1942 3727 2051 3781 aut

487 3823 741 3899 propter
769 3834 830 3875 56
855 3832 967 3875 666
1003 3813 1168 3872 11066
1202 3828 1316 3871 666
1348 3810 1514 3870 111616
1542 3814 1708 3885 5661,
1745 3829 1858 3873 666
1893 3812 2051 3874 divi-

488 3931 571 3972 na
611 3908 993 3970 institutione
1041 3909 1149 3966 aut
1184 3903 1434 3983 propria
1483 3902 1777 3981 cujusque
1813 3905 2048 3982 profes-

486 4005 657 4065 sione
672 4006 816 4061 sunt
836 4000 960 4060 fixa
977 4014 994 4058 t
1021 3998 1100 4062 Ut
1113 4008 1229 4058 non
1234 3997 1274 4077 j
1274 4013 1418 4058 ussa
1437 3996 1600 4057 licite
1616 3996 2042 4075 admittantur,

485 4097 577 4159 vot
611 4097 971 4157 omittantur
992 4115 1019 4162 ;
1031 4090 1216 4169 jassa
1242 4105 1378 4150 vero
1425 4087 1554 4150 sine
1585 4088 1759 4167 calpa
1803 4107 1920 4151 non
1946 4109 2047 4154 ne-

485 4190 839 4270 yliqantar,
901 4185 1028 4247 sine
1078 4182 1327 4244 crimine
1379 4198 1496 4242 non
1542 4185 1990 4244 contemnantur
2021 4209 2044 4243 .-

483 4281 700 4361 ubiqao
727 4279 882 4341 enim
931 4280 986 4338 et
1018 4273 1339 4353 culpabilis
1363 4272 1681 4351 neylectas,
1718 4278 1774 4334 et
1796 4279 2047 4336 contom-

479 4378 626 4453 ptus
676 4368 1041 4433 damnabilis
1082 4372 1190 4429 ost.
1245 4363 1478 4437 Quibus
1527 4364 1595 4423 in
1635 4364 1840 4424 verbis
1892 4366 2043 4427 dum

483 4466 729 4543 culpam
759 4481 796 4523 a
823 4460 1081 4522 crimine
1103 4458 1455 4535 distinguit,
1486 4473 1597 4535 per
1622 4457 1854 4517 crimen
1876 4476 2043 4520 mor-

480 4556 605 4617 tale
637 4559 981 4635 peccatum,
1011 4568 1122 4629 per
1149 4547 1395 4627 culpam
1420 4564 1565 4607 vero
1590 4548 1833 4609 veniale
1859 4550 2042 4611 intel-

480 4648 660 4727 ligit3
698 4646 883 4706 sentit
906 4661 1078 4720 erg0,
1112 4658 1240 4701 606
1266 4640 1871 4732 peccari-mortaliter
1897 4661 2039 4703 con-

478 4747 577 4801 tra
617 4735 1019 4799 ecclesiastica
1050 4737 1355 4813 praecepta
1390 4732 1508 4792 nisi
1549 4727 2034 4813 ex‘Eontemptu,

475 4852 546 4894 66
573 4829 833 4891 subinde
853 4827 1005 4887 tales
1020 4824 1188 4903 leges
1215 4842 1325 4904 per
1352 4842 1415 4885 56
1435 4824 1708 4903 011113616
1729 4826 1843 4887 5611
1870 4845 2036 4889 mor-

473 4926 608 5001 tali,
636 4922 742 4985 sed
770 4925 1017 4983 tantum
1038 4919 1275 4980 ratione
1303 4923 1709 4997 contemptus.

555 5019 615 5078 8.
661 5016 785 5078 Alii
817 5032 964 5076 vero
1009 5011 1311 5088 doctores,
1356 5011 1516 5071 116116
1547 5013 1918 5074 sententiam
1953 5032 2031 5078 ex

471 5116 645 5192 parte
677 5113 1002 5188 sequentes
1022 5152 1043 5183 ,
1082 5111 1307 5186 praeter
1338 5109 1763 5183 contemptum
1795 5107 2033 5169 addunt

470 5202 999 5275 consuetudinem,
1028 5199 1175 5279 quia
1203 5199 1254 5259 si
1278 5202 1649 5278 praeceptum
1672 5199 2034 5260 ecclesiasti·

1521 359 1636 411 Lm.
1673 360 1754 413 1v.
1790 360 1870 412 DE
1901 360 2060 413 LFGE
2087 360 2374 415 POSlTlVA
2406 364 2729 418 CANONICA.

2168 475 2281 518 666
2310 460 2683 521 consuetudo
2710 459 3071 537 intercedat,
3111 480 3235 523 non
3261 470 3485 542 putant
3512 484 3707 546 pecca-

2167 555 2304 611 tum
2336 570 2465 614 esse
2493 553 2756 615 mortale
2792 572 2974 632 agere
3002 562 3215 617 contra
3255 558 3708 621 ecclesiasticam
3744 587 3751 596 ·

2164 643 2387 723 legem.
2423 648 2511 707 lta
2528 647 2745 726 Angel.
2773 665 2959 727 supra
2978 649 3175 709 c’rtans
3193 649 3395 726 Rich„
3421 654 3626 731 quodi.
3650 658 3706 728 1,

2164 756 2224 817 q.
2266 742 2343 801 19
2366 785 2386 811 ,
2431 739 2540 801 6111
2583 741 2660 801 (16
2697 737 3024 802 omissione
3060 743 3258 804 Missae
3298 752 3613 826 praeceptae
3645 748 3709 808 in

2165 833 2521 912 particulari
2570 834 2863 913 loquitur.
2941 835 3112 895 ldem
3161 853 3238 896 ex
3302 845 3475 916 parte
3535 842 3711 900 sentit

2165 927 2411 988 Henric.
2434 973 2455 1002 ‚
2498 927 2771 1006 quodlib.
2806 929 2867 1003 3,
2910 944 2973 1005 q.
3004 930 3108 1002 22,
3149 928 3217 989 111
3251 928 3411 1008 fin.;
3457 933 3710 994 refertur

2164 1019 2351 1079 etiam
2379 1020 2630 1081 Archid.
2674 1021 2743 1080 16
2778 1039 2830 1081 6.
2876 1021 3149 1097 Utinam,
3187 1024 3265 1083 76
3290 1023 3382 1099 d.,
3427 1025 3536 1085 ubi
3561 1026 3709 1086 nihil

2165 1112 2324 1173 61616
2367 1113 2535 1174 (11611.
2603 1113 2812 1174 Refert
2867 1113 3017 1175 item
3064 1114 3340 1194 Angelus
3386 1119 3706 1197 quamdam

2160 1204 2458 1280 Glossam,
2489 1205 3021 1281 panormitanum,
3052 1212 3113 1267 et
3136 1208 3423 1286 quaedam
3438 1210 3601 1287 jura,
3640 1212 3705 1271 in

2161 1297 2385 1377 quibus
2421 1297 2581 1358 nihil
2615 1299 2782 1377 quod
2814 1299 2894 1360 ad
2930 1306 3295 1378 praesentem
3338 1320 3583 1363 causam
3621 1304 3705 1365 fa-

2160 1391 2317 1465 ciat,
2372 1392 2634 1470 reperio.
2682 1391 3023 1453 Adducitur
3061 1393 3328 1473 denique
3369 1396 3605 1456 Gemin.
3641 1398 3705 1457 16

2157 1502 2292 1562 cap.
2326 1483 2627 1559 Generati,
2649 1483 2726 1544 de
2752 1484 2944 1545 Elect.
2980 1483 3048 1544 in
3077 1487 3136 1547 6.
3170 1487 3246 1546 Et
3269 1487 3523 1549 tandem
3546 1490 3705 1550 addi-

2155 1582 2259 1637 tur
2286 1578 2469 1652 rati0,
2502 1577 2650 1656 quia
2672 1595 2800 1637 non
2829 1582 2921 1638 est
2945 1577 3278 1639 verisimile
3300 1580 3705 1644 intentionem

2156 1670 2558 1731 Proelatorum
2580 1689 2710 1733 esse
2729 1671 3003 1751 obligare
3030 1672 3146 1732 sub
3166 1675 3434 1749 mortali,
3467 1678 3704 1755 quando

2155 1782 2232 1826 ex
2248 1766 2688 1827 consuetudine
2710 1784 2837 1827 non
2851 1771 3140 1845 peccatur
3158 1773 3375 1828 contra
3393 1786 3606 1830 60111111
3623 1771 3704 1832 le·

2151 1876 2282 1937 365,
2298 1877 2440 1919 6616
2455 1877 2567 1938 1161
2592 1877 2808 1935 unam,
2828 1859 2929 1920 vel
2946 1859 3132 1921 aliam
3156 1864 3703 1940 transgressionem

2150 1970 2279 2011 non
2307 1968 2383 2011 ex
2420 1956 2549 2012 toto
2579 1950 2907 2013 frustretur
2934 1950 3078 2013 finis
3107 1971 3359 2014 suarum
3390 1955 3614 2034 legum.
3648 1959 3699 2018 E

2150 2061 2443 2104 converso
2483 2061 2630 2105 vero
2669 2044 2818 2123 quia
2856 2046 3234 2107 consuetudo
3273 2049 3560 2127 peccandi
3594 2069 3703 2129 po·

2153 2143 2271 2197 test
2298 2136 2536 2198 efficere
2555 2181 2576 2212 ,
2609 2144 2681 2198 ut
2707 2136 2848 2198 finis
2874 2136 3244 2216 legislatoris
3278 2143 3547 2220 graviter
3574 2144 3703 2205 vio·

2148 2227 2334 2304 letur,
2356 2228 2455 2289 vel
2474 2229 2540 2289 16
2564 2235 2766 2290 totum
2786 2231 3140 2306 frustretur,
3162 2233 3302 2294 ideo
3325 2234 3461 2295 fieri
3484 2242 3698 2314 potest,

2149 2327 2223 2381 ut
2259 2328 2513 2400 propter
2544 2324 3055 2386 consuetudinem
3081 2332 3398 2405 peccatum
3431 2327 3511 2388 sit
3543 2347 3703 2390 mor-

2147 2414 2293 2490 tale,
2325 2416 2489 2493 quod
2519 2416 2670 2477 alias
2693 2435 2820 2478 non
2847 2423 3021 2479 esset.

2225 2509 2286 2569 9.
2332 2508 2772 2571 Verumtamen
2792 2511 2965 2591 prior
2982 2512 3288 2573 sententia
3305 2512 3613 2574 intellecta
3628 2514 3703 2576 de

2146 2607 2504 2680 contemptu
2531 2602 2777 2664 formali
2805 2604 3228 2684 improbabilis
3269 2611 3385 2680 est,
3428 2607 3576 2684 quia
3609 2607 3702 2668 in-

2144 2693 2434 2756 ductione
2478 2702 2715 2757 constat
2750 2698 2936 2776 juxta
2973 2716 3369 2759 communem
3421 2700 3703 2761 Ecclesiae

2143 2803 2393 2847 sensum
2415 2836 2433 2862 ‚
2477 2790 2717 2868 peccari
2759 2791 3102 2852 mortaliter
3119 2836 3140 2866 ,
3189 2793 3702 2870 transgrediendo

2144 2881 2371 2941 multas
2399 2881 2567 2960 leges
2599 2884 3058 2960 ecclesiasticas,
3090 2890 3162 2946 ut
3198 2886 3447 2965 jejunii,
3478 2887 3698 2964 Missis,

2142 2975 2619 3051 communionis,
2641 2976 3055 3053 confessioniS,
3083 2984 3145 3040 et
3162 2979 3483 3054 similium,
3510 2981 3702 3042 etiam

2138 3066 2189 3126 si
2212 3066 2419 3128 nullus
2446 3068 2604 3129 alius
2626 3075 3034 3149 contemptus,
3067 3071 3172 3133 sed
3195 3070 3327 3132 sola
3350 3071 3701 3140 voluntaria

2138 3160 2386 3220 omissio
2453 3161 2817 3224 intercedat.
2894 3163 3125 3225 Deinde
3190 3169 3441 3244 propter
3505 3183 3701 3227 unam

2139 3253 2683 3330 transgressionem
2706 3254 2970 3316 similem
2993 3256 3334 3316 incurritur
3363 3255 3699 3336 aliquando

2136 3346 2692 3406 excommunicatio
2718 3348 2917 3426 major
2938 3392 2959 3423 ,
3006 3349 3246 3409 etiamsi
3274 3367 3402 3409 non
3434 3367 3509 3410 ex
3542 3369 3699 3411 con—

2135 3442 2399 3515 temptu,
2432 3437 2539 3497 sed
2564 3456 2641 3499 ex
2667 3439 2983 3501 voluntate
3008 3439 3139 3514 fiat,
3167 3446 3238 3500 ut
3259 3447 3431 3512 ,recte
3457 3445 3700 3504 notavit

2135 3528 2395 3606 Sylvest.
2418 3530 2587 3591 verb.
2616 3531 3048 3607 Inobodientia,
3070 3538 3133 3595 et
3148 3540 3389 3594 constat
3411 3553 3488 3596 ex
3513 3542 3693 3599 tract.

2133 3621 2210 3681 de
2258 3621 2509 3683 Censur.
2564 3624 2728 3701 Ergo
2771 3624 3168 3685 manifestum
3201 3633 3295 3687 est
3325 3672 3346 3703 ,
3395 3645 3524 3688 6011
3563 3646 3700 3690 6556

2130 3717 2544 3778 necessarium
2563 3723 2988 3797 contemptum
3012 3720 3091 3780 ad
3118 3720 3499 3799 peccandum
3530 3742 3700 3785 mor-

2128 3807 2333 3870 taliter
2351 3814 2563 3871 contra
2584 3809 2773 3871 talem
2799 3811 3023 3890 legem.
3048 3814 3349 3875 Praeterea
3364 3815 3481 3876 hoc
3505 3833 3699 3895 supra

2127 3902 2459 3980 probatum·
2483 3909 2575 3963 est
2598 3902 2935 3989 (1616311165
2958 3905 3242 3967 civilibus
3262 3923 3282 3984 3
3315 3925 3464 3986 ergo
3490 3909 3696 3969 multo

2128 3997 2325 4074 magis
2351 3997 2642 4075 procedet
2668 3997 2738 4058 in
2765 3997 3204 4060 ecclesiasticis.
3233 4001 3507 4080 Denique
3527 4003 3696 4063 ratio

2127 4092 2218 4148 651
2245 4087 2431 4163 61616,
2467 4090 2616 4168 quia
2641 4096 3017 4170 praeceptum
3045 4093 3331 4153 Ecclesiae
3361 4112 3475 4173 per
3500 4112 3565 4155 se
3593 4095 3698 4156 in-

2125 4180 2292 4241 ducit
2313 4181 2753 4260 obligationem
2772 4202 3048 4262 gravem,
3079 4187 3392 4265 supposita
3411 4189 3697 4248 materias

2124 4274 2459 4352 capacitate
2483 4297 2502 4350 ;
2545 4293 2694 4353 ergo
2729 4278 3139 4355 transgressio
3175 4280 3309 4356 ejus
3348 4279 3695 4341 deliberata

2125 4366 2353 4426 sufficit
2376 4367 2455 4426 ad
2479 4366 2725 4446 culpam
2752 4370 3104 4442 mortalem,
3135 4371 3366 4450 absque
3389 4372 3512 4433 alio
3539 4391 3694 4433 con-

2120 4462 2380 4537 temptu.
2422 4460 2544 4520 Nec
2570 4461 2877 4523 contraria
2906 4464 3211 4524 sententia
3247 4463 3435 4526 habet
3458 4466 3692 4527 funda-

2120 4558 2427 4626 mentum,
2460 4553 2561 4612 cui
2591 4554 2971 4615 satisfactum
2998 4573 3127 4616 non
3154 4556 3235 4616 sit
3259 4575 3337 4619 ex
3362 4557 3548 4619 dictis
3581 4559 3692 4620 1116

2120 4650 2182 4705 61
2208 4662 2393 4724 supra
2421 4645 2499 4707 de
2525 4646 2764 4725 legibus
2792 4648 3093 4711 civilibus.

2198 4740 2296 4799 10.
2347 4739 2558 4800 Solum
2609 4741 3035 4802 testimonium
3081 4743 3381 4804 Bernardi
3425 4744 3693 4807 difficile

2116 4840 2393 4910 apparet,
2441 4833 2589 4911 quia
2635 4852 2763 4894 non
2802 4833 3050 4896 videtur
3091 4835 3262 4915 loqui
3303 4844 3549 4899 tantum
3605 4840 3690 4900 de

2113 4924 2433 5003 praeceptis
2467 4943 2678 4987 1611116
2705 4926 3036 5003 leviorum,
3072 4929 3179 4990 sed
3209 4930 3576 5009 simpliciter
3605 4932 3693 4994 de

2112 5018 2428 5097 praeceptis
2449 5019 2726 5098 positivis
2753 5035 2768 5079 :
2800 5038 2948 5080 nam
2974 5020 3250 5102 loquitur
3280 5024 3359 5085 de
3384 5025 3695 5087 omnibus

2112 5129 2245 5189 qaoe
2281 5128 2319 5174 a
2364 5115 2722 5193 proepositis
2771 5115 3273 5194 dispensationem
3314 5118 3689 5196 amittunt,

2110 5221 2249 5281 quae
2277 5205 2489 5267 omnia
2517 5206 2746 5268 leviora
2779 5225 2910 5269 esse
2938 5214 3163 5273 censet.
3198 5213 3350 5273 Item
3390 5212 3540 5290 quia
3573 5230 3696 5291 36-

469 5312 612 5355 6616
632 5313 709 5355 ex
732 5292 1172 5354 consuetudine
1195 5291 1538 5370 frangatur,
1564 5297 1886 5371 peccatum
1909 5294 2029 5353 erit
2106 5297 2383 5358 neralem
2411 5300 2696 5377 regulam
2732 5302 3052 5362 constituit
3078 5303 3156 5364 de
3186 5306 3512 5384 praeceptis
3536 5305 3693 5366 fac-

468 5387 753 5463 mortale,
784 5405 856 5448 eo
879 5387 1044 5466 quod
1067 5386 1441 5447 consuetudo
1469 5385 1575 5445 illa
1598 5386 1854 5446 tacitum
1881 5405 2026 5447 con-
2105 5389 2276 5466 titiis,
2310 5409 2385 5451 ea
2416 5391 2855 5472 distinguendo
2885 5414 2924 5456 6
2947 5396 3335 5458 naturalibus
3367 5398 3447 5460 de
3480 5416 3549 5459 se
3578 5399 3692 5459 16-

467 5486 774 5563 temptum
819 5479 1118 5540 includat.
1175 5479 1241 5539 Si
1276 5496 1423 5542 vero
1458 5497 1572 5541 nec
1610 5485 2019 5560 contemptuS,
2102 5484 2460 5561 gerentibus
2483 5488 2931 5567 necessitatem,
2959 5495 3023 5553 et
3038 5489 3261 5554 deinde
3281 5490 3458 5554 addit
3478 5509 3693 5572 36116-
