3976 6219
450 336 570 396 120

453 440 767 520 gationem
808 441 875 502 in
904 443 1272 504 conscientia
1299 463 1314 506 ε
1347 464 1494 506 nam
1520 445 1657 506 ideo
1685 446 2015 509 honestatis

454 533 745 613 appellat,
780 536 926 613 quia
946 536 1025 595 ad
1048 537 1435 598 honestatem
1464 556 1713 599 morum
1741 557 2017 599 necessa-

453 627 621 686 rium
663 632 774 700 est,
823 629 1105 704 quamvis
1132 647 1258 689 non
1287 631 1366 690 sit
1391 637 1521 691 tam
1549 632 1894 708 rigorosum
1944 636 2017 690 ut

455 718 534 779 ad
582 717 738 777 illud
779 720 1151 780 servandum
1184 722 1350 799 leges
1381 724 1671 783 humanae
1712 722 2012 800 obligent,

452 810 615 890 quod
643 810 913 890 appeHat
940 811 1220 872 debitum
1247 814 1467 892 legale.
1500 814 1815 888 Quocirca,
1867 815 1918 874 si
1949 815 2018 874 in

457 903 662 979 rigore
705 902 1035 981 loquamur
1066 905 1141 965 de
1171 905 1547 983 obligatione
1587 907 1879 982 naturali,
1920 925 2019 968 se-

458 995 664 1074 parari
687 1001 848 1055 certe
878 1014 1007 1056 non
1035 1004 1235 1076 potest
1265 998 1344 1058 ab
1371 999 1745 1077 obligatione
1778 999 1845 1058 in
1874 1017 2018 1059 con—

456 1087 735 1163 scientia,
762 1088 910 1166 quia
944 1088 995 1148 si
1023 1089 1102 1148 sit
1140 1089 1220 1149 ad
1247 1090 1481 1169 aliquid
1505 1092 1852 1166 vitandum,
1878 1109 2020 1151 nas-

457 1174 619 1239 citur
684 1197 761 1240 ex
814 1180 1148 1242 intrinseca
1200 1184 1585 1262 turpitudine
1648 1190 1821 1244 actus
1836 1229 1856 1259 ,
1910 1184 2019 1263 qui

456 1277 781 1351 propterea
808 1273 874 1333 in
902 1275 1275 1336 conscientia
1301 1276 1592 1336 vitandus
1632 1282 1745 1336 est.
1780 1277 1844 1337 Si
1872 1295 2020 1336 vero

457 1364 538 1424 sit
562 1365 641 1425 ad
669 1365 905 1445 aliquid
928 1367 1263 1446 agendum,
1295 1369 1567 1428 nascitur
1586 1387 1662 1429 ex
1688 1369 2021 1429 intrinseca

456 1458 840 1518 connexione
857 1458 998 1518 talis
1020 1464 1190 1520 actus
1226 1478 1369 1519 cum
1396 1460 1715 1522 honestate
1746 1461 2015 1535 virtutiS,

459 1569 649 1628 quam
677 1552 746 1611 in
773 1552 997 1612 nostris
1024 1552 1262 1612 actibus
1291 1571 1535 1613 servare
1565 1554 1753 1614 etiam
1779 1554 1848 1614 in
1875 1572 2022 1614 con·
2062 1568 2066 1573 ·

458 1644 718 1704 scientia
764 1649 1054 1704 tenemur
1087 1661 1103 1704 ε
1162 1645 1328 1706 unde
1365 1651 1517 1705 tunc
1553 1646 1802 1706 omissio
1847 1653 2021 1706 actus

457 1734 652 1796 debiti
697 1754 807 1816 per
839 1754 904 1797 se
937 1736 1103 1796 mala
1148 1743 1259 1798 est.
1308 1739 1386 1797 Et
1421 1736 1842 1812 confirmatur,
1874 1738 2022 1817 quia

458 1835 764 1906 repugnat
793 1829 1078 1907 frangere
1105 1830 1306 1908 legem
1333 1836 1593 1905 naturae,
1632 1837 1694 1890 et
1720 1849 1847 1890 non
1883 1849 2021 1910 pec-

457 1937 622 1996 care,
658 1927 728 1981 ut
754 1927 922 1999 patet
949 1940 1026 1982 ex
1049 1922 1409 1983 definitione
1436 1924 1672 2002 peccati
1700 1942 1885 2003 supra
1914 1942 2021 2002 po-

455 2012 574 2072 sita
605 2034 620 2072 ε
654 2031 801 2091 ergo
828 2022 1134 2094 repugnat
1156 2016 1598 2094 obligationem
1631 2033 1759 2079 esse
1779 2035 1853 2077 ex
1882 2017 2021 2095 lege

458 2111 722 2181 naturae,
756 2113 818 2167 et
844 2126 971 2168 non
994 2126 1122 2169 esse
1150 2110 1217 2168 in
1245 2110 1639 2172 conscientia.

539 2201 597 2260 7.
648 2200 773 2273 Quo
799 2219 977 2264 sensu
1004 2202 1291 2281 obliqatio
1328 2203 1581 2265 moralis
1619 2221 1737 2265 non
1777 2203 2022 2266 inducat

459 2291 877 2370 obliqationem
916 2295 982 2356 in
1028 2296 1406 2358 conscientia.
1427 2297 1616 2357 —Ne
1647 2301 1857 2356 autem
1899 2297 2025 2357 for-

458 2388 616 2445 tasse
658 2385 737 2444 sit
758 2387 1158 2466 aequivocatio
1187 2389 1254 2449 in
1287 2389 1514 2465 verbis,
1543 2389 1819 2466 advert0,
1840 2390 2023 2467 juxta

458 2494 855 2539 communem
899 2480 1155 2540 modum
1201 2481 1515 2560 loquendi,
1548 2481 1882 2560 aliquando
1914 2499 2021 2542 vo-

458 2570 586 2630 cari
604 2570 1044 2649 obligationem
1068 2574 1367 2634 moralem
1386 2574 1663 2635 debitum
1685 2575 2019 2653 quoddam,

460 2682 589 2724 non
642 2666 1020 2726 necessitatis
1072 2667 1461 2746 simpliciter,
1515 2667 1620 2727 sed
1670 2668 1749 2727 ad
1803 2668 2024 2729 melius

461 2774 616 2833 esse,
647 2757 814 2836 quod
852 2759 1120 2836 pertinet
1148 2759 1343 2819 veluti
1376 2760 1454 2819 ad
1483 2760 1807 2821 consilium
1844 2761 1911 2820 in
1934 2761 2023 2821 la-

461 2849 727 2910 titudine
764 2850 1027 2929 alicujus
1055 2852 1341 2912 virtutis:
1374 2857 1436 2912 et
1463 2852 1532 2911 in
1565 2852 1682 2912 hoc
1709 2870 1894 2912 sensu
1919 2871 2023 2913 ve-

463 2959 608 3001 rum
635 2948 745 3019 est,
782 2962 908 3003 non
956 2961 1205 3004 omnem
1234 2944 1674 3022 obligationem
1724 2946 2023 3006 moralem

420 3109 436 3125 ·
465 3053 592 3095 esse
621 3035 1062 3115 obligationem
1090 3037 1157 3097 in
1212 3038 1606 3113 conscientia,
1649 3056 1756 3099 seu
1795 3039 1872 3098 ad
1900 3041 2025 3100 cul-

464 3147 632 3207 pam.
660 3131 894 3189 Tamen
916 3130 1022 3190 illa
1049 3149 1176 3189 non
1203 3136 1296 3192 est
1334 3131 1580 3210 proprie
1607 3131 1901 3209 obligatio
1940 3131 2027 3191 le-

464 3222 559 3298 gis
607 3222 907 3282 naturalis
949 3239 964 3282 :
1008 3224 1267 3284 fortasse
1315 3229 1526 3283 tamen
1566 3223 1635 3283 in
1679 3224 1795 3283 hoc
1838 3242 2021 3284 sensu

463 3312 705 3373 locutus
744 3319 837 3375 est
863 3315 1105 3391 Covar„
1141 3322 1204 3376 et
1247 3316 1334 3375 ita
1373 3321 1543 3394 patet
1588 3317 1902 3394 responsio
1948 3317 2027 3376 ad

465 3405 771 3466 rationem
807 3406 1154 3468 dubitandi.
1200 3408 1455 3486 Propter
1491 3408 2028 3469 confirmationem

468 3505 700 3574 autem,
736 3499 961 3559 Bartol.
994 3500 1061 3560 in
1103 3501 1354 3559 Extrav.
1396 3499 1504 3562 Ad
1539 3502 2024 3578 Repo-mendum,

468 3590 657 3650 verbo
702 3591 1250 3665 Denuntiationem,
1283 3591 1319 3670 ἓ
1350 3590 1480 3654 Sed
1512 3592 1662 3666 dico,
1695 3610 1760 3651 n.
1795 3594 1896 3666 10,
1926 3610 2029 3652 ex-

470 3682 620 3761 cipit
646 3700 683 3742 a
725 3684 1035 3761 proposita
1074 3682 1291 3760 regula
1317 3682 1760 3760 obligationem
1793 3683 1871 3743 ad
1900 3702 2029 3763 poe-

469 3792 641 3834 nam.
687 3774 801 3834 Sed
852 3792 979 3834 non
1008 3780 1098 3835 est
1146 3775 1425 3853 exceptio
1470 3775 1833 3850 necessaria,
1883 3777 2031 3854 quia

471 3866 764 3944 obligatio
791 3866 871 3926 ad
898 3884 1149 3945 poenam
1175 3885 1303 3928 non
1343 3872 1436 3928 est
1479 3867 1770 3945 obligatio
1804 3867 1883 3928 ad
1919 3869 2030 3928 ali-

471 3959 619 4038 quid
647 3959 997 4038 agendum:
1028 3959 1134 4020 sed
1162 3961 1363 4039 potius
1386 3959 1664 4021 debitum
1685 3960 2031 4020 sustinendi

473 4069 723 4131 poenam
778 4069 916 4130 quae
967 4051 1045 4111 ab
1095 4051 1217 4111 alio
1264 4051 1605 4130 infligenda
1639 4056 1750 4111 est.
1788 4052 1875 4111 Eo
1930 4051 2030 4111 vel

475 4144 742 4204 maxime
775 4143 939 4223 quod
965 4144 1133 4204 intra
1167 4145 1462 4204 terminos
1522 4144 1676 4222 legis
1729 4143 2031 4205 naturalis

473 4254 600 4295 non
648 4236 985 4296 incurritur
1021 4242 1230 4298 reatus
1260 4256 1480 4315 poenae,
1516 4238 1635 4297 nisi
1675 4237 2031 4315 infligendae

471 4347 508 4387 a
526 4329 673 4402 Dec,
694 4327 773 4387 ad
794 4347 980 4408 quam
1003 4347 1131 4389 non
1151 4330 1418 4407 pertinet
1438 4328 1731 4406 obligatio
1757 4329 2026 4408 propria,

471 4418 547 4481 de
574 4438 697 4498 qua
726 4420 989 4498 agimus,

553 4514 612 4572 8.
657 4511 761 4575 An
788 4514 980 4575 omnis
1009 4513 1297 4592 obliqatio
1331 4513 1397 4575 in
1433 4513 1792 4575 conscientia
1818 4514 1903 4576 sit
1932 4516 2032 4591 ef-

472 4608 668 4681 fectus
718 4605 869 4684 Zeqis
904 4605 1229 4668 naturalis.
1264 4637 1348 4650 —
1393 4606 1621 4666 Ultimo
1664 4605 2033 4683 interrogari

473 4703 695 4777 potest,
726 4715 809 4757 an
841 4715 876 4757 e
903 4715 1194 4759 converso
1228 4698 1431 4758 omnis
1463 4698 1756 4775 obligatio
1797 4700 1863 4758 in
1889 4717 2034 4759 con-

470 4789 728 4850 scientia
749 4789 829 4848 sit
851 4789 1102 4850 effectus
1128 4790 1283 4867 legis
1308 4791 1628 4865 naturalis,
1645 4796 1706 4850 et
1734 4790 1872 4851 ideo
1901 4809 2033 4868 pos-

471 4883 551 4943 sit
579 4882 780 4943 omnis
807 4880 918 4941 illa
947 4881 1065 4942 dici
1094 4881 1389 4960 obligatio
1418 4883 1716 4942 naturalis
1742 4903 1755 4941 :
1787 4888 1848 4943 et
1874 4882 2034 4942 ratio

472 4974 799 5036 dubitandi
824 4980 936 5049 est,
965 4975 1135 5053 quia,
1161 4980 1232 5034 ut
1258 4974 1622 5050 videbimuS,
1650 4975 1838 5035 etiam
1862 4974 2030 5051 leges

471 5068 761 5128 humanae
812 5067 1090 5146 obligant
1142 5069 1210 5127 in
1265 5067 1638 5128 conscientia
1681 5083 1697 5127 ε
1742 5083 1891 5144 ergo
1923 5065 2031 5125 illa

473 5160 768 5238 obligatio
808 5178 937 5220 non
974 5166 1064 5222 est
1090 5160 1342 5222 effectus
1373 5160 1527 5237 legis
1571 5159 1890 5233 naturalia,
1926 5158 2033 5219 sed

472 5252 767 5332 positivae.
813 5254 988 5327 Item,
1021 5254 1167 5333 quia
1213 5253 1506 5330 obligatio
1547 5252 1615 5310 in
1659 5250 2032 5311 conscientia

461 5350 566 5406 *est
584 5343 944 5404 immediate
964 5363 1002 5404 a
1022 5345 1159 5423 lege
1183 5345 1441 5424 positiva
1460 5344 1936 5423 supernaturali,
1960 5349 2033 5403 ut

472 5436 646 5500 verbi
677 5436 880 5516 gratia
906 5436 1199 5515 obligatio
1228 5436 1583 5511 confitendi,
1615 5442 1722 5498 aut
1745 5436 2032 5498 servandi

1083 343 1197 395 LIB.
1236 346 1295 394 11.
1332 347 1411 396 DE
1443 345 1603 397 LEGE
1636 346 1919 406 AETERNA,
1960 345 2038 395 ΕΤ
2072 345 2408 408 NATURALI,
2444 345 2524 397 Ac
2554 343 2705 395 JURE
2738 341 3029 394 GENTIUM.

2093 447 2364 524 sigillum
2392 444 2822 507 confessionis:
2851 441 3015 502 unde
3038 440 3179 500 talis
3207 438 3502 517 obligatio
3530 437 3656 500 dici

2092 545 2289 618 potest
2344 535 2823 616 supernaturalis
2875 555 2888 594 ε
2936 532 3108 593 nullo
3142 550 3289 609 ergo
3332 531 3517 590 modo
3565 540 3656 591 est

2094 632 2344 692 effectus
2385 632 2539 708 legis
2591 628 2914 688 naturalia
2964 625 3236 703 Denique
3288 623 3441 683 alias
3490 623 3656 683 idem

2093 730 2247 784 esset
2304 724 2658 801 adaequatus
2708 719 2960 780 effectus
3005 717 3306 778 naturalis
3357 715 3536 793 legis,
3595 722 3658 776 et

2092 816 2248 894 legis
2270 816 2338 875 in
2368 814 2703 888 communi,
2731 811 2897 871 unde
2928 809 3257 890 superssuae
3284 816 3484 869 essent
3517 808 3657 870 aliae

2093 910 2279 987 leges„

2176 1004 2235 1063 9.
2261 1003 2331 1061 In
2349 999 2728 1061 contrarium
2748 1002 2959 1058 autem
2980 1002 3087 1070 est,
3109 995 3255 1074 quia
3274 993 3568 1071 obligatio
3591 993 3655 1053 in

2096 1093 2491 1169 conscicntia,
2515 1109 2651 1171 quae
2679 1090 2954 1150 nascitur
2972 1107 3050 1149 ex
3076 1089 3212 1166 lege
3240 1088 3539 1162 humana,
3570 1088 3658 1146 vi-

2097 1188 2279 1248 detur
2322 1185 2571 1247 effectus
2627 1184 2781 1262 legis
2827 1182 3157 1255 naturalis3
3209 1199 3358 1242 nam
3408 1182 3461 1240 si
3511 1180 3659 1259 quid

2097 1279 2367 1340 obstaret
2395 1323 2415 1352 ,
2463 1277 2733 1337 maxime
2788 1276 2935 1354 quia
2978 1275 3315 1335 intervenit
3377 1274 3659 1334 voluntas

2101 1372 2395 1451 principis
2445 1392 2458 1429 ε
2520 1376 2584 1430 at
2631 1369 2749 1429 hoc
2796 1386 2921 1427 non
2949 1366 3172 1441 obstat,
3204 1365 3351 1444 quia
3377 1367 3566 1426 etiam
3593 1367 3659 1426 in

2100 1463 2474 1541 obligatione
2523 1461 2650 1523 voti
2694 1460 3029 1521 intervenit
3082 1458 3329 1538 propria
3371 1459 3656 1519 voluntas

2097 1553 2530 1634 promittentia,
2564 1560 2625 1613 et
2651 1552 3055 1613 nihilominus
3085 1551 3379 1629 obligatio
3412 1552 3543 1612 voti
3571 1552 3660 1612 ef-

2100 1647 2294 1708 fectus
2327 1651 2416 1706 est
2442 1646 2597 1722 legis
2623 1644 2942 1705 naturalis».
2970 1646 3138 1705 Sicut
3165 1648 3376 1704 autem
3410 1643 3512 1703 lex
3548 1662 3658 1704 na-

2101 1745 2257 1800 turae
2287 1738 2563 1818 praecipit
2591 1737 2845 1797 reddere
2873 1736 3036 1815 quod
3064 1736 3312 1815 propria
3338 1735 3656 1796 voluntate

2100 1832 2469 1910 promissum
2495 1836 2607 1905 est,
2635 1831 2721 1889 ita
2748 1829 2936 1889 etiam
2965 1829 3165 1889 facere
3195 1828 3362 1906 quod
3390 1831 3662 1908 superio-

2099 1923 2184 1983 ris
2210 1923 2525 1983 voluntate
2549 1922 2900 2000 injunctum
2931 1926 3045 1981 est.
3091 1923 3245 1981 Item
3277 1922 3345 1980 in
3387 1925 3660 1999 praescri-

2100 2017 2310 2096 ptione
2352 2016 2454 2076 lex
2480 2015 2757 2075 humana
2792 2014 3149 2089 intervenit,
3201 2031 3338 2092 quae
3366 2015 3659 2075 transfert

2102 2108 2446 2169 dominium
2475 2108 2567 2167 rei
2596 2107 2673 2167 ab
2693 2126 2818 2167 uno
2833 2108 2899 2166 in
2924 2107 3153 2183 alium3
3184 2112 3246 2167 et
3268 2112 3478 2168 tamen
3502 2107 3657 2168 obli-

2101 2201 2266 2280 gatio
2295 2219 2430 2280 quae
2456 2200 2603 2261 inde
2633 2201 2906 2260 nascitur
2945 2199 3024 2259 ad
3069 2218 3193 2259 non
3238 2201 3661 2279 usurpandam

2100 2294 2181 2355 ab
2208 2294 2328 2355 alio
2354 2312 2488 2354 rem
2520 2292 2598 2352 ab
2627 2293 2758 2371 ipso
2787 2293 3203 2372 praescriptam
3222 2293 3520 2353 naturalis
3543 2299 3657 2369 est,

2102 2405 2289 2466 quam
2320 2387 2552 2447 violare
2583 2387 2819 2445 furtum
2872 2391 3051 2446 esset.
3089 2387 3167 2445 Et
3210 2386 3375 2446 idem
3418 2385 3662 2446 videtur

2101 2480 2178 2541 de
2210 2479 2586 2558 obligatione
2609 2496 2746 2558 quae
2775 2472 2995 2553 oritur,
3021 2480 3218 2557 posita
3244 2478 3383 2556 lege
3409 2484 3661 2539 taxante

2102 2573 2370 2652 pretium
2398 2572 2526 2633 rei:
2560 2589 2708 2632 nam
2741 2572 2950 2632 statim
2980 2573 3179 2632 oritur
3221 2571 3514 2648 obligatio
3531 2572 3663 2649 jus·

2103 2665 2278 2739 titiae,
2314 2666 2488 2742 cujus
2527 2664 2780 2725 violatio
2817 2663 3055 2726 furtum
3092 2664 3230 2738 erit,
3280 2668 3463 2742 atque
3508 2664 3662 2725 adeo

2108 2763 2323 2817 contra
2350 2757 2555 2834 legem
2583 2763 2842 2817 naturae.

2188 2854 2284 2912 10.
2333 2851 2635 2925 Secundo,
2667 2868 2796 2910 non
2827 2848 3026 2909 solum
3054 2849 3350 2928 obligatio
3372 2851 3664 2912 humanae

2103 2945 2278 3022 legiS,
2305 2945 2411 3005 sed
2440 2945 2632 3005 etiam
2660 2944 2886 3004 divinae
2930 2950 2992 3004 et
3018 2945 3524 3023 supernaturaliS,
3572 2946 3664 3006 vi-

2105 3040 2288 3099 detur
2316 3037 2565 3098 effectus
2588 3037 2742 3117 legis
2778 3043 3014 3098 naturoe
3042 3054 3059 3097 ε
3091 3039 3179 3098 sic
3206 3039 3374 3098 euim
3414 3047 3666 3100 censent

2102 3131 2396 3209 theologi,
2426 3149 2551 3190 non
2583 3131 2866 3191 assentiri
2911 3131 3094 3191 rebus
3125 3131 3271 3193 fidei
3292 3132 3665 3193 sufficienter

2104 3225 2450 3303 propositiS,
2487 3240 2616 3283 csse
2643 3228 2859 3283 contra
2900 3225 3103 3301 ipsum
3141 3224 3355 3284 lumen
3399 3231 3661 3301 naturae,

2106 3317 2273 3395 quod
2311 3322 2460 3375 tunc
2505 3316 2822 3376 evidenter
2871 3316 3158 3391 ostendit,
3202 3334 3300 3376 res
3348 3316 3486 3376 illas
3536 3336 3666 3378 esse

2106 3408 2446 3483 credibileS,
2503 3413 2690 3487 atque
2738 3406 2891 3468 adeo
2944 3407 3278 3469 credendas
3327 3410 3665 3469 secundum

2105 3506 2338 3561 rectam
2371 3501 2698 3561 rationem.
2740 3501 2833 3559 Ex
2860 3519 2982 3579 quo
3011 3501 3199 3561 etiam
3240 3500 3453 3561 dicunt
3494 3502 3667 3563 theo-

2107 3593 2232 3671 logi
2259 3593 2645 3671 frequentius
2687 3593 3004 3653 neminem
3046 3593 3241 3653 averti
3291 3595 3599 3671 peccando
3628 3613 3666 3655 a

2108 3684 2233 3745 fine
2261 3683 2738 3763 supernaturali,
2760 3685 2914 3763 quin
2941 3690 3256 3746 avertatur
3276 3686 3464 3744 etiam
3492 3703 3529 3745 a
3555 3703 3668 3745 na·

2108 3777 2317 3837 turali.
2351 3777 2521 3849 Quod
2549 3795 2677 3837 non
2721 3777 2844 3838 alia
2871 3778 3111 3839 ratione
3138 3795 3357 3837 verum
3399 3795 3529 3837 esse
3557 3796 3669 3856 po-

2109 3875 2248 3944 test,
2278 3870 2396 3929 nisi
2414 3870 2559 3948 quia
2586 3869 2778 3930 violat
2805 3888 3046 3949 semper
3068 3870 3267 3947 legem
3282 3869 3631 3930 naturalem
3642 3886 3665 3947 3

2109 3980 2258 4040 ergo
2294 3979 2329 4023 e
2365 3962 2671 4022 contrario
2705 3962 2998 4040 obligatio
3045 3961 3330 4023 servandi
3373 3979 3671 4040 superna-

2109 4055 2333 4115 turalia
2359 4059 2659 4133 praecepta
2686 4073 2928 4135 semper
2961 4060 3053 4115 est
3079 4055 3326 4116 effectus
3369 4056 3670 4117 naturalis

2108 4146 2302 4223 legis:
2327 4147 2484 4206 ratio
2509 4146 2697 4206 etiam
2718 4147 2979 4224 adjungi
3027 4153 3245 4226 potest,
3276 4147 3421 4226 quia
3443 4152 3670 4208 natura

2109 4245 2199 4299 est
2219 4239 2695 4299 fundamentum
2722 4245 2850 4299 tam
2879 4240 3092 4317 gratiae
3106 4258 3295 4318 quam
3319 4240 3671 4316 cujuscum-

2109 4348 2229 4409 que
2256 4331 2409 4408 legis
2437 4331 2750 4391 humanae.
2788 4331 3097 4410 Principia
3124 4332 3312 4392 etiam
3356 4332 3671 4392 naturalia

2109 4441 2220 4502 per
2254 4441 2390 4502 quae
2424 4423 2612 4484 homo
2638 4422 2707 4482 in
2733 4422 3069 4483 moralibus
3099 4424 3431 4502 gubernari
3459 4423 3665 4498 debet,

2109 4522 2240 4576 tam
2267 4523 2411 4576 sunt
2434 4515 2766 4594 generalia,
2791 4519 2862 4575 ut
2884 4516 3112 4576 virtute
3146 4516 3670 4595 comprehendant

2110 4627 2361 4673 omnem
2389 4608 2855 4685 obligationem,
2878 4610 2967 4668 ita
3008 4615 3079 4668 ut
3115 4609 3288 4669 nulla
3337 4609 3528 4687 possit
3558 4609 3665 4669 ho-

2109 4701 2264 4760 mini
2291 4700 2610 4779 applicari,
2663 4700 2784 4759 nisi
2833 4700 3248 4760 mediantibus
3278 4700 3400 4759 illis
3436 4701 3667 4779 princi·

2109 4792 2263 4870 piis;
2308 4810 2456 4869 ergo
2503 4792 2661 4851 sicut
2707 4792 2910 4851 omnis
2943 4793 3209 4869 cognitio
3254 4791 3531 4851 humana
3578 4799 3671 4853 est

2111 4883 2362 4943 effectus
2409 4883 2752 4961 primorum
2805 4883 3248 4961 principiorum
3266 4928 3286 4958 ,
3333 4883 3422 4943 ita
3466 4885 3670 4944 omnis

2111 4974 2405 5053 obligatio
2432 4975 2499 5034 in
2535 4975 2907 5035 conscientia
2936 4976 3053 5035 erit
3088 4975 3339 5035 effectus
3365 4975 3518 5053 legis
3558 4995 3670 5036 na-

2111 5067 2349 5142 turaIiS,
2388 5066 2605 5128 saltem
2652 5073 2956 5145 quatenus
2981 5067 3089 5127 illa
3116 5068 3318 5148 prima
3364 5067 3669 5146 principia

2108 5157 2393 5219 includit.

2192 5254 2288 5311 11.
2333 5252 2451 5314 Fit
2497 5252 2654 5314 satis
2703 5251 2879 5313 dubio
2919 5252 3227 5330 proposito
3280 5256 3335 5313 et
3373 5252 3674 5313 asseritur

2108 5361 2226 5405 non
2253 5362 2474 5405 omnem
2502 5343 2919 5423 obligationem
2948 5344 3015 5404 in
3043 5344 3401 5406 conscientia
3419 5361 3539 5405 esse
3556 5345 3672 5404 im-

2111 5436 2435 5500 mediatum
2462 5438 2735 5515 effectum
2765 5441 2821 5498 ec
2844 5452 2953 5515 per
2978 5454 3039 5498 se
3065 5435 3218 5514 zeqis
3256 5435 3673 5499 naturalis.—
