3976 6219
1134 409 1269 461 CAP.
1305 409 1386 461 IV.
1423 410 1811 464 cenoman
1841 411 1927 463 Ex
1960 409 2282 464 supssnlom
2315 410 2641 465 nochNA.

284 532 321 575 a
355 508 684 573 sufficienti
706 508 982 588 partium
1011 509 1509 573 enumeratione:
1541 530 1687 573 nam
1714 512 1848 572 haec

282 610 547 686 potestas
560 608 759 681 potest
777 601 1041 679 intelligi
1057 602 1200 662 data
1218 603 1466 680 regibus
1487 605 1846 665 immediate

283 700 360 760 ab
404 699 537 776 ipso
584 698 730 769 De0‚
775 695 879 756 sed
909 693 1027 756 hoc
1057 694 1203 755 licet
1240 696 1570 775 aliquando
1605 700 1685 759 sit
1720 699 1846 758 fac-

283 797 439 865 tum,
479 793 551 849 ut
582 789 649 848 in
683 789 831 849 Saul
872 794 933 848 et
971 788 1225 863 Davide,
1271 795 1480 851 tamen
1529 791 1682 852 illud
1729 791 1847 851 fuit

283 880 865 955 extraordinarium,
901 885 964 940 et
991 879 1458 959 supernaturale
1482 883 1684 962 quoad
1717 901 1849 944 mo-

284 974 471 1034 dum:
515 974 694 1051 juxta
720 989 1114 1033 communem
1144 979 1352 1035 autem
1375 981 1437 1036 et
1465 976 1846 1037 ordinariam

283 1066 739 1146 providentiam
767 1084 898 1126 non
925 1065 1013 1126 ita
1045 1065 1138 1141 fit,
1165 1066 1311 1145 quia
1339 1066 1647 1144 homines,
1666 1069 1847 1147 juxta

283 1164 519 1219 naturae
546 1158 850 1232 ordinem,
877 1176 1004 1219 non
1032 1158 1512 1221 revelationibus
1539 1160 1645 1222 sed
1666 1166 1847 1221 natu-

282 1250 399 1311 rali
435 1252 674 1312 ratione
697 1256 1002 1330 reguntur
1033 1252 1101 1312 in
1121 1252 1219 1312 his
1246 1271 1382 1332 quae
1414 1254 1621 1314 civilia
1657 1261 1839 1315 sunt:

283 1361 486 1423 neque
512 1345 715 1405 obstat
755 1344 922 1423 quod
962 1345 1277 1423 Scriptura
1312 1346 1626 1408 interdum
1671 1347 1842 1422 dicit,

283 1436 479 1498 Deum
494 1437 642 1499 dare
660 1455 854 1515 regna
868 1443 929 1498 et
942 1443 1184 1498 mutare
1207 1456 1318 1500 suo
1342 1446 1522 1515 nutu,
1540 1440 1756 1501 Daniel
1776 1443 1841 1518 43

285 1535 346 1589 et
360 1529 499 1589 Isai.
525 1531 603 1591 45
623 1529 852 1591 dicitur
889 1530 1082 1609 Cyrus
1102 1548 1140 1590 a
1159 1531 1284 1591 Deo
1306 1532 1673 1593 constitutus
1686 1533 1836 1593 Rex:

284 1621 451 1682 unde
482 1623 662 1682 Joan.
702 1624 779 1683 19
807 1622 966 1682 dixit
993 1622 1301 1683 Christus:
1333 1625 1482 1689 Non
1508 1625 1750 1688 habere-5
1776 1625 1845 1687 in.

285 1732 378 1777 me
396 1719 745 1793 potestatem
766 1715 979 1791 ullam,
993 1716 1119 1779 nisi
1143 1717 1256 1779 tibi
1283 1720 1489 1780 datm
1515 1723 1662 1781 esset
1674 1720 1844 1782 desu-

281 1825 394 1887 per
420 1835 439 1871 .·
475 1808 543 1868 iu
563 1808 659 1868 his
683 1808 852 1869 enim
878 1807 1079 1868 solum
1116 1809 1497 1887 significatur
1541 1812 1674 1872 haec
1711 1830 1844 1872 om-

285 1902 396 1961 nia
421 1920 548 1962 non
575 1901 710 1963 fieri
736 1902 867 1962 sine
894 1901 1144 1981 speciali
1170 1903 1557 1981 providentia
1583 1904 1716 1979 Dei,
1744 1905 1846 1966 vel

285 1992 654 2068 ordinantiS,
678 1993 776 2054 vel
801 1994 1239 2071 permittentis,
1269 2001 1341 2055 ut
1367 1994 1524 2055 dixit
1557 1996 1840 2075 Augusti·

206 2165 210 2169 .
285 2101 405 2143 nus
444 2090 623 2144 tract.
655 2086 694 2144 6
737 2085 804 2144 in
830 2086 1037 2161 Joan.,
1071 2092 1132 2147 et
1177 2089 1255 2147 22
1284 2094 1498 2149 contra
1524 2088 1842 2163 Faustum,

284 2193 418 2254 cap.
453 2178 553 2236 74.
586 2177 715 2236 Hoc
740 2182 953 2238 tamen
981 2197 1108 2239 non
1137 2179 1408 2240 excludit
1431 2181 1582 2259 quin
1606 2199 1716 2259 per
1737 2181 1847 2241 ho-

284 2270 483 2329 mines
500 2268 676 2345 fiant,
708 2270 869 2330 sicut
891 2269 999 2331 alii
1022 2272 1273 2333 effectus
1292 2290 1525 2347 omnes,
1551 2274 1659 2352 qui
1686 2273 1847 2334 fiunt

280 2380 393 2441 per
420 2380 630 2423 causas
671 2363 992 2439 secundas,
1040 2364 1462 2445 principaliter
1485 2366 1849 2427 tribuuntur

285 2456 686 2536 providentioe
715 2457 843 2517 Dei.

365 2551 423 2611 3.
472 2549 782 2613 Secundus
808 2549 1030 2612 titulus
1052 2550 1240 2628 reyioe
1256 2552 1598 2630 potestatis,
1626 2568 1846 2615 succes-

281 2643 374 2706 sio
401 2643 911 2705 lcoereditaria.—
930 2643 1230 2718 Secundo,
1261 2649 1461 2723 potest
1486 2643 1618 2705 haec
1647 2649 1846 2723 potes-

282 2739 380 2794 tas
410 2752 539 2795 esse
581 2734 650 2793 in
699 2751 846 2812 rege
886 2752 997 2813 per
1028 2735 1472 2796 successionem
1519 2736 1843 2797 haeredita-

283 2828 467 2903 riam,
521 2833 582 2887 et
621 2828 710 2887 ita
764 2828 1123 2889 existimant
1174 2829 1461 2890 nonnulli
1510 2830 1746 2910 juristae
1804 2848 1844 2891 a

234 2991 247 3003 ,
283 2920 584 3000 principio
609 2920 795 2981 fuisse
818 2943 837 2996 3
875 2921 982 2982 sed
1023 2927 1184 2984 recte
1217 2922 1324 2983 alii
1351 2923 1682 2985 advertunt
1707 2942 1842 2984 suc·

285 3013 620 3074 cessionem
646 3014 990 3075 necessario
1012 3033 1354 3094 supponere
1374 3016 1721 3077 dominium
1742 3016 1843 3077 vel

283 3113 648 3187 potestatem
673 3107 742 3168 in
763 3126 836 3170 eo
862 3108 963 3169 cui
987 3109 1357 3187 succeditur,
1381 3117 1441 3171 et
1466 3111 1604 3172 ideo
1632 3130 1841 3173 neces·

282 3201 445 3261 sario
472 3201 922 3262 deveniendum
950 3220 1082 3264 esse
1111 3204 1188 3264 ad
1222 3203 1490 3283 aliquem
1524 3204 1629 3282 qui
1662 3203 1841 3264 alteri

280 3312 406 3354 non
434 3294 812 3370 successerit,
839 3295 985 3373 quia
1008 3314 1135 3357 non
1161 3298 1512 3376 proceditur
1538 3297 1605 3357 in
1631 3296 1839 3358 influi-

278 3393 437 3449 tum.
470 3389 553 3449 De
580 3387 687 3449 illo
727 3405 876 3466 ergo
907 3390 1109 3468 primo
1134 3390 1506 3469 inquirimus
1534 3390 1701 3450 unde
1726 3390 1837 3452 ha·

280 3480 486 3541 buerit
523 3499 788 3559 regnum
841 3488 904 3542 et
931 3488 1318 3561 potestatem,
1360 3484 1507 3562 quia
1553 3501 1679 3543 non
1728 3482 1838 3544 ha-

279 3574 386 3636 bet
412 3593 450 3635 a
471 3594 536 3636 se
570 3576 708 3654 jure
736 3582 972 3637 natura}
999 3594 1015 3637 z
1046 3594 1191 3655 ergo
1222 3577 1518 3638 successio
1565 3596 1693 3637 non
1729 3595 1839 3656 po-

280 3674 399 3729 test
431 3685 561 3729 esse
588 3670 790 3747 prima
815 3668 989 3729 radix
1019 3669 1205 3749 hujus
1233 3670 1547 3748 potestatis
1570 3670 1636 3730 18
1666 3688 1834 3748 rege.

281 3761 664 3840 Quapropter
688 3780 936 3823 necesse
959 3768 1140 3823 estut
1164 3763 1404 3842 primus
1424 3763 1712 3824 habuerit
1732 3782 1841 3843 po-

279 3859 563 3916 testatem
592 3873 947 3934 supremam
997 3855 1352 3916 immediate
1398 3874 1437 3916 a
1483 3855 1833 3935 republica:

280 3947 653 4010 successores
693 3955 904 4009 autem
935 3949 1104 4008 illius
1136 3948 1216 4009 ab
1247 3948 1355 4009 illa
1402 3948 1674 4010 habeant
1714 3967 1841 4010 me-

280 4043 444 4103 diate
467 4048 530 4103 et
558 4042 906 4103 radicaliter
933 4058 949 4102 τ
975 4047 1040 4103 et
1070 4043 1215 4121 quia
1231 4059 1330 4102 res
1357 4043 1579 4103 transit
1598 4043 1672 4102 ad
1705 4061 1842 4103 suc·

280 4152 579 4196 cessorem
608 4152 751 4195 cum
772 4153 884 4195 suo
906 4152 1119 4208 onere,
1145 4134 1527 4195 conditiones
1549 4133 1672 4194 illae
1696 4153 1840 4195 cum

279 4227 504 4307 quibus
528 4227 767 4306 primus
789 4243 899 4288 rex
919 4245 958 4287 a
979 4226 1296 4306 republica
1317 4243 1583 4305 regnum
1609 4227 1843 4305 accepit

279 4321 358 4380 ad
385 4337 758 4382 successores
803 4325 1149 4395 transeunt,
1185 4320 1274 4381 ita
1315 4325 1385 4380 ut
1430 4335 1575 4380 cum
1606 4318 1840 4381 eisdem

280 4413 569 4474 oneribus
594 4430 865 4491 regnum
900 4411 1191 4475 habeant.

358 4509 420 4568 4.
471 4507 717 4570 Per-tius
762 4507 981 4570 titulus
1010 4507 1195 4587 reqioe
1243 4507 1584 4586 potestatis,
1630 4507 1841 4569 bellum

261 4599 616 4678 juscmn.—
632 4600 873 4660 Tertius
901 4599 1117 4660 titulus
1144 4599 1330 4677 regiae
1366 4600 1682 4680 potestatis
1710 4615 1841 4660 esse

279 4692 435 4752 solet
465 4691 720 4768 bellum,
757 4692 922 4770 quod
941 4696 1183 4771 oportet
1205 4709 1334 4753 esse
1355 4693 1616 4771 justum,
1644 4697 1715 4752 ut
1741 4710 1841 4753 ve-

276 4801 420 4844 rum
442 4784 696 4845 titulum
741 4790 804 4845 et
840 4785 1188 4845 dominium
1216 4784 1509 4845 conferat.
1565 4786 1643 4844 Et
1694 4784 1841 4844 binc

280 4878 460 4937 multi
497 4878 857 4939 existimant
890 4878 957 4938 in
989 4877 1291 4957 principio
1329 4878 1679 4939 introducta
1710 4897 1840 4939 esse

276 4988 471 5050 regna
489 4990 600 5050 per
625 4971 1019 5050 tyrannidem
1049 4972 1253 5051 potius
1280 4990 1469 5051 quam
1491 4990 1603 5050 per
1630 4989 1839 5032 veram

277 5070 667 5143 potestatem,
698 5071 768 5125 ut
802 5064 1008 5126 videre
1038 5065 1183 5126 licet
1216 5065 1285 5125 in
1323 5066 1547 5126 Alvaro
1593 5066 1840 5143 Pelagio

277 5156 388 5218 lib.
424 5160 453 5217 1
493 5157 569 5217 de
617 5157 872 5217 Planctu
923 5157 1227 5233 Ecclesioe,
1280 5175 1413 5237 cap.
1462 5161 1529 5218 41
1557 5173 1577 5234 3
1620 5159 1839 5219 Driedo

277 5249 388 5311 lib.
425 5251 457 5309 1
492 5251 570 5310 (18
597 5249 798 5311 Liber.
839 5250 1087 5326 Christ„
1132 5269 1267 5330 cap.
1310 5254 1387 5312 15
1401 5266 1422 5327 3
1457 5252 1634 5311 Petro
1669 5253 1834 5312 Bert.

277 5343 347 5402 in
372 5347 555 5403 tract.
588 5342 662 5403 de
693 5342 860 5421 Orig.
887 5343 1072 5422 juris,
1102 5362 1163 5422 q.
1198 5347 1266 5420 13
1298 5343 1546 5422 quando
1572 5361 1719 5422 ergo
1744 5362 1841 5406 re-

277 5454 477 5514 gnum
538 5454 648 5515 per
710 5436 906 5496 solam
953 5437 1080 5497 vim
1124 5437 1421 5514 injustam
1469 5436 1835 5515 possidetur,

277 5547 404 5589 808
436 5533 527 5590 est
546 5546 693 5590 vera
725 5534 990 5607 potestas
1018 5528 1363 5608 legislativa
1389 5530 1457 5589 in
1482 5546 1667 5609 rege:
1701 5529 1838 5592 fieri

3373 405 3490 465 185

1925 517 2136 572 autem
2178 517 2378 592 potest
2421 518 2493 572 ut
2556 528 2834 572 successu
2879 507 3175 587 temporis
3222 508 3490 586 populus

1925 605 2269 665 consentiat
2310 611 2372 665 et
2399 604 2685 665 admittat
2723 602 2913 663 talem
2947 601 3386 681 principatum,
3427 606 3489 661 et

1924 703 2074 758 tunc
2101 698 2425 759 reducetur
2455 702 2722 777 potestas
2745 695 2823 755 ad
2848 694 3060 774 populi
3087 693 3488 753 traditionem

1927 795 1988 850 et
2037 791 2457 852 donationem.
2510 790 2826 851 Interdum
2875 793 3084 848 autem
3129 785 3488 863 contingere
3595 854 3598 859 ⁴

1927 887 2127 962 potest
2164 888 2236 944 ut
2270 882 2616 962 respublica
2661 887 2846 942 antea
2886 898 3013 940 non
3042 878 3316 956 subjecta
3352 876 3489 954 regi

1926 995 2038 1056 per
2077 977 2317 1055 justum
2352 976 2582 1036 bellum
2625 974 3025 1052 subjiciatur3
3069 971 3226 1032 illud
3275 976 3487 1033 autem

1926 1087 2168 1149 semper
2200 1075 2291 1131 est
2313 1070 2491 1149 quasi
2512 1087 2623 1148 per
2658 1067 2943 1128 accidens
2986 1067 3055 1125 in
3093 1082 3342 1144 poenam
3376 1064 3488 1124 ali-

1925 1163 2102 1241 cujus
2152 1162 2382 1237 delicti,
2431 1166 2493 1221 et
2526 1166 2675 1220 tunc
2711 1160 2843 1239 ipsa
2880 1163 3125 1218 tenetur
3174 1174 3390 1236 parere
3425 1162 3488 1218 et

1925 1256 2268 1316 consentire
2312 1254 2676 1332 subJectioni
2692 1298 2712 1328 ,
2764 1256 2950 1330 atque
2999 1251 3087 1310 ita
3141 1250 3331 1311 etiam
3381 1248 3486 1310 ille

1926 1348 2147 1408 modus
2169 1347 2625 1426 quodammodo
2661 1344 2923 1406 includit
2951 1361 3317 1405 consensum
3367 1341 3487 1402 rei-

1923 1441 2208 1521 publicae.
2239 1441 2342 1502 vel
2377 1440 2746 1514 exhibitum,
2793 1437 2892 1499 vel
2919 1437 3197 1498 debitum
3232 1452 3247 1496 ε
3289 1454 3486 1514 quan-

1922 1552 2112 1613 quam
2139 1533 2242 1594 hic
2273 1533 2579 1612 praecipue
2607 1530 2923 1610 loquimur
2943 1530 3020 1590 de
3046 1528 3163 1590 hac
3187 1533 3487 1609 potestate

1925 1632 2230 1706 quatenus
2266 1644 2376 1705 per
2415 1644 2478 1686 se
2511 1623 2822 1686 introduci
2850 1628 3049 1703 potest
3088 1628 3149 1682 et
3195 1622 3330 1682 dari
3373 1620 3488 1681 uni

1921 1720 2188 1781 homini.
2221 1719 2308 1780 Ac
2331 1719 2599 1799 denique
2645 1719 2697 1779 si
2724 1717 2864 1797 quis
2892 1708 3071 1777 'recte
3120 1714 3482 1788 consideret,

1923 1813 2174 1892 quando
2213 1812 2344 1874 haec
2371 1811 2669 1891 subjectio
2695 1809 2767 1871 fit
2805 1828 2917 1890 per
2959 1809 3201 1888 justum
3249 1806 3487 1868 bellum

1923 1905 2003 1965 ad
2029 1923 2227 1965 unum
2255 1921 2490 1983 regem,
2519 1904 2655 1983 jam
2685 1901 3055 1982 supponitur
3081 1900 3147 1960 in
3184 1918 3257 1960 eo
3285 1904 3488 1979 potes-

1923 2003 2018 2059 tas
2043 1999 2216 2076 regia
2242 2016 2352 2077 per
2377 2015 2564 2077 quam
2587 1998 2777 2077 possit
2795 1996 2916 2057 tale
2937 1996 3166 2056 bellum
3188 1993 3483 2069 indicere,

1926 2096 1990 2152 et
2019 2089 2128 2151 illa
2152 2091 2354 2151 solum
2381 2097 2471 2151 881
2493 2089 2684 2151 veluti
2729 2091 2895 2170 justa
2936 2087 3211 2150 extensio
3260 2086 3480 2163 regni3

1925 2201 2075 2261 ergo
2102 2201 2344 2261 semper
2369 2182 2719 2243 reducenda
2745 2187 2837 2243 est
2863 2181 2996 2242 haec
3018 2185 3281 2259 potestas
3312 2178 3486 2256 regia

1926 2276 2007 2336 ad
2029 2275 2299 2355 aliquem
2339 2276 2449 2355 qui
2489 2292 2617 2336 non
2645 2293 2753 2353 per
2785 2273 3046 2347 bellum,
3082 2271 3189 2331 sed
3216 2288 3324 2349 per
3354 2271 3487 2349 jus·

1924 2375 2057 2428 tam
2122 2368 2481 2430 electionem
2499 2414 2519 2443 ,
2589 2366 2687 2428 vel
2744 2365 2958 2446 populi
3021 2363 3484 2424 consensionem

1925 2460 2100 2520 illam
2126 2460 2608 2540 comparaverit:
2635 2477 2784 2538 ergo
2813 2477 2851 2519 a
2886 2455 3217 2518 sufficienti
3238 2454 3485 2515 divisio-

1922 2573 2004 2615 ne
2030 2560 2194 2616 recte
2223 2554 2610 2615 concluditur
2633 2558 2997 2632 potestatem
3032 2548 3196 2611 hanc
3232 2566 3271 2609 a
3306 2565 3487 2629 repu-

1923 2647 2087 2709 blica
2115 2648 2194 2708 ad
2221 2648 2565 2727 principem
2596 2664 2901 2708 manasse.

2004 2744 2064 2802 5.
2110 2742 2390 2803 Potestas
2415 2741 2590 2819 reyia
2612 2740 2980 2816 formaliter,
3011 2743 3080 2801 ut
3109 2738 3278 2813 talis,
3309 2741 3398 2799 eet
3418 2738 3486 2798 de

1907 2835 2058 2913 jure
2089 2835 2366 2896 humano.
2390 2866 2472 2879 -—
2507 2831 2704 2911 Objici
2733 2850 2881 2892 vero
2908 2835 3129 2910 potest,
3161 2828 3308 2908 quia
3335 2828 3483 2889 hinc

1921 2928 2199 3007 sequitur
2234 2930 2600 3007 potestatem
2641 2926 2878 3004 regiam
2907 2943 3036 2985 esse
3066 2942 3143 2985 ex
3188 2921 3316 2983 solo
3345 2923 3484 3001 jure

1921 3021 2222 3097 human0,
2246 3022 2412 3100 quod
2440 3020 2687 3083 videtur
2709 3025 2921 3081 contra
2948 3018 3203 3078 modum
3227 3016 3485 3096 loquen-

1922 3115 1987 3174 di
2016 3115 2342 3193 Scripturae
2370 3132 2386 3177 :
2413 3133 2522 3193 per
2558 3131 2648 3175 me
2679 3130 2846 3191 reyes
2867 3116 3143 3192 requam,
3188 3108 3478 3170 Proverb.

1922 3210 1983 3282 8,
2016 3214 2078 3268 et
2105 3206 2185 3267 ad
2208 3209 2385 3269 Rom.
2428 3209 2504 3268 13
2530 3224 2547 3267 :
2577 3206 2866 3268 Minister
2900 3205 3056 3267 enim
3079 3204 3196 3264 Dei
3223 3207 3331 3277 est,
3364 3208 3480 3262 etc.

1920 3303 2075 3362 Item
2117 3301 2394 3380 sequitur
2416 3316 2680 3378 regnum
2708 3316 2836 3359 esse
2864 3313 3050 3375 supra
3072 3313 3307 3373 regem,
3339 3295 3486 3372 quia

1918 3394 2011 3454 illi
2038 3394 2207 3456 dedit
2250 3397 2653 3473 potestatem:
2692 3390 2856 3451 unde
2885 3388 3146 3449 ulterius
3182 3388 3255 3449 fit
3280 3405 3479 3467 posse,

1920 3488 1972 3548 si
1998 3487 2170 3564 velit,
2202 3487 2380 3547 illum
2408 3486 2714 3565 deponere
2737 3483 2838 3545 vel
2877 3487 3141 3557 mutare,
3163 3482 3329 3561 quod
3351 3498 3486 3542 om-

1918 3582 2073 3643 nino
2116 3581 2342 3642 falsum
2386 3586 2499 3642 est.
2552 3581 2808 3659 Propter
2843 3577 2974 3637 haec
3022 3576 3252 3636 Victor.
3298 3593 3487 3653 supra

1921 3675 2108 3737 sentit
2135 3673 2413 3736 absolute
2450 3672 2779 3735 dicendam
2803 3689 2935 3732 esse
2979 3675 3344 3749 potestatem
3386 3686 3484 3729 re-

1920 3769 2091 3847 giam
2113 3768 2350 3847 dejure
2380 3766 2593 3827 divino
2620 3771 2682 3826 et
2701 3783 2740 3826 a
2766 3766 2889 3826 Deo
2913 3764 3145 3839 datam,
3172 3762 3485 3842 supposita

1920 3859 2218 3920 electione
2254 3857 2613 3919 hominum.
2655 3857 3047 3919 Contrarium
3078 3873 3225 3917 vero
3266 3855 3488 3915 docent

1920 3955 2245 4016 Bertrand.
2294 3959 2358 4014 et
2403 3953 2629 4014 Driedo
2656 3970 2864 4031 supra,
2896 3957 2958 4011 et
3009 3952 3218 4011 Castro
3265 3950 3375 4010 lib.
3408 3949 3485 4010 de

1920 4048 2080 4125 Lege
2108 4046 2334 4126 poenal.
2368 4064 2503 4127 cap.
2542 4048 2566 4104 1
2590 4061 2610 4120 ;
2647 4050 2710 4104 et
2746 4045 2880 4105 sine
2917 4042 3107 4103 dubio
3133 4042 3251 4102 hoc
3270 4059 3486 4101 verum

1920 4145 2011 4201 est
2038 4141 2088 4199 si
2117 4138 2446 4217 loquamur
2472 4135 2818 4197 formaliter
2846 4136 2923 4196 de
2960 4139 3259 4215 potestate
3287 4134 3483 4211 regia,

1921 4239 2228 4311 quatenus
2255 4229 2395 4290 talis
2429 4235 2523 4289 est
2558 4234 2621 4290 et
2661 4229 2729 4288 in
2764 4245 2894 4288 uno
2932 4227 3188 4287 homine
3227 4226 3438 4287 existit
3465 4245 3478 4287 ε

1921 4342 2067 4385 nam
2094 4328 2358 4403 potestas
2394 4322 2528 4382 hoec
2555 4321 2963 4401 gubernativa
2989 4318 3236 4399 politice
3266 4338 3485 4381 secun-

1920 4418 2073 4479 dum
2102 4434 2166 4477 se
2193 4415 2596 4490 considerata,
2626 4415 2758 4476 sine
2784 4413 2973 4474 dubio
2996 4417 3088 4473 est
3115 4430 3193 4473 ex
3233 4412 3380 4487 Deo,
3413 4417 3486 4472 ut

1919 4511 2052 4572 dixi
2074 4533 2091 4586 3
2131 4514 2343 4570 tamen
2366 4526 2497 4570 esse
2528 4508 2595 4569 in
2620 4508 2738 4568 hoc
2780 4506 3034 4567 homine
3061 4510 3156 4567 est
3179 4524 3258 4567 ex
3286 4505 3484 4566 dona-

1920 4606 2090 4666 tione
2109 4604 2303 4683 ipsius
2331 4601 2706 4681 reipublicae,
2732 4606 2804 4661 ut
2827 4606 3141 4661 ostensum
3166 4605 3255 4661 est
3287 4620 3302 4659 ε
3336 4618 3483 4679 ergo

1921 4696 2036 4756 sub
2059 4715 2133 4757 ea
2155 4696 2393 4756 ratione
2420 4699 2512 4755 est
2538 4695 2613 4755 de
2630 4695 2775 4773 jure
2798 4693 3075 4754 humano
3099 4709 3115 4752 ε
3141 4694 3293 4753 item
3316 4693 3483 4771 quod

1919 4790 2203 4867 regimen
2226 4789 2366 4849 talis
2389 4786 2740 4866 reipublicae
2767 4786 2865 4847 vel
2893 4787 3224 4866 provinciae
3243 4787 3324 4846 sit
3351 4804 3483 4847 mo-

1920 4882 2307 4957 narchicum,
2352 4893 2443 4942 est
2476 4897 2550 4940 ex
2595 4878 2923 4940 bominum
2969 4880 3378 4954 institutione,
3412 4885 3483 4940 ut

1918 4997 2106 5058 supra
2137 4983 2453 5038 ostensum
2482 4981 2612 5036 est:
2644 4993 2792 5054 ergo
2837 4980 2899 5035 et
2930 4975 3307 5054 principatus
3350 4976 3482 5054 ipse

1920 5077 2012 5133 est
2056 5072 2137 5131 ab
2179 5068 2558 5130 hominibus.
2598 5068 2784 5147 Cujus
2828 5067 3018 5127 etiam
3063 5068 3311 5145 signum
3360 5075 3476 5144 est,

1918 5164 2066 5242 quia
2097 5165 2280 5243 juxta
2315 5166 2564 5240 pactum
2607 5158 2706 5219 vel
2746 5158 3222 5220 conventionem
3246 5158 3480 5220 factam

1918 5255 2082 5317 inter
2122 5272 2389 5333 regnum
2433 5258 2496 5313 et
2526 5268 2761 5330 regem,
2802 5251 2934 5331 ejus
2981 5256 3249 5329 potestas
3280 5253 3481 5332 major

1917 5348 2019 5408 vel
2044 5347 2250 5407 minor
2269 5345 2476 5406 existit
2502 5360 2518 5403 :
2544 5361 2691 5422 ergo
2710 5350 2799 5404 est
2825 5343 2904 5404 ab
2929 5343 3310 5420 bominibuS,
3333 5345 3480 5405 sim-

1916 5440 2162 5520 pliciter
2187 5436 2518 5519 loquendo.

1997 5534 2059 5596 6.
2104 5533 2325 5595 Divina
2345 5537 2551 5594 autem
2583 5531 2898 5614 Scriptura
2920 5530 3045 5593 duo
3076 5529 3383 5611 significat
3410 5529 3477 5590 in
