3976 6219
432 513 554 573 tius
598 510 674 570 de
715 508 823 569 illo
870 509 1178 569 affirmare
1232 528 1558 588 possumus
1604 533 1618 571 :
1668 518 1728 572 et
1774 512 1988 573 eadem

429 604 667 664 ratione
696 600 851 661 nihil
879 601 1083 661 dicere
1109 620 1432 680 possumus
1461 603 1536 662 de
1574 603 1798 663 actuali
1827 605 1991 665 dele-

433 696 681 773 gatione
710 694 896 771 hujus
935 695 1272 772 potestatis,
1303 696 1368 755 id
1402 702 1515 768 est,
1546 696 1612 755 in
1649 697 1873 773 quibus
1909 698 1990 757 sit

431 787 563 848 haec
593 792 858 865 potestas
886 786 1202 864 delegata,
1239 791 1385 867 quia
1414 788 1531 848 hoc
1557 789 1784 868 pendet
1811 807 1887 849 ex
1915 789 1990 849 li-

432 879 581 940 bera
620 879 958 954 voluntate,
1004 886 1066 941 et
1095 880 1252 941 nihil
1290 882 1367 942 de
1403 881 1521 942 1188
1559 900 1627 943 18
1669 883 1987 942 communi

424 972 569 1052 jure
596 976 895 1033 statutum
918 978 1031 1034 est.

1026 1159 1274 1221 CAPUT
1314 1162 1385 1221 V.

431 1362 515 1406 AN
556 1361 844 1407 POTESTAS
884 1362 1141 1407 FERENDI
1190 1363 1371 1409 LEGBS
1423 1364 1649 1409 crvlLEs
1692 1364 1991 1409 PERSEVE-

514 1454 630 1499 RBT
671 1455 733 1500 IN
773 1455 1002 1501 CHRISTI
1043 1456 1319 1501 ECCLESIA
1345 1486 1365 1516 ,
1413 1457 1490 1501 ΕΤ
1532 1458 1645 1501 PER
1685 1457 1798 1501 EAS
1838 1456 1992 1501 OBLI-

514 1548 671 1594 GARE
712 1548 902 1595 Possrr
941 1549 1319 1595 GHRISTIANOS
1362 1551 1470 1596 SEU
1510 1550 1752 1595 FIDELES
1793 1548 1993 1593 Bml-

514 1640 714 1686 zATOS.

516 1817 575 1874 1.
619 1814 807 1876 Judoe
850 1812 1097 1879 Galilaea·
1143 1831 1332 1875 error.
1385 1846 1467 1859 —
1507 1812 1653 1885 Quoe
1695 1809 1995 1871 hactenus

436 1907 705 1969 diximus
724 1908 800 1968 de
820 1908 1090 1968 naturali
1114 1912 1413 1987 potestate
1437 1906 1711 1966 humana
1729 1905 1806 1964 ad
1826 1903 1994 1981 leges

435 2002 644 2063 civiles
674 2001 957 2062 ferendas
980 2000 1295 2079 generalia
1322 2005 1469 2059 sunt
1495 1999 1573 2059 ad
1602 2015 1817 2058 omnes
1845 1997 1994 2057 Eth-

433 2095 606 2156 nicos
632 2100 693 2155 et
720 2094 1029 2170 infidelcs3
1055 2099 1126 2153 ut
1153 2111 1299 2172 ergo
1324 2092 1501 2153 nobis
1529 2091 1667 2151 usui
1690 2108 1819 2151 esse
1846 2108 1992 2170 pos-

433 2188 558 2248 sint
600 2188 767 2266 (quia
813 2186 888 2247 de
924 2186 1021 2246 his
1056 2185 1318 2263 legibus,
1363 2189 1547 2264 prout
1586 2188 1729 2243 sunt
1769 2184 1836 2243 in
1875 2200 1994 2243 usu

431 2281 710 2341 Ecclesiae
743 2285 805 2340 et
843 2280 922 2339 ad
960 2297 1159 2339 mores
1196 2278 1473 2339 fidelium
1510 2277 1819 2356 pertinere
1853 2294 1994 2355 pos-

431 2379 599 2449 sunt,
629 2373 695 2432 in
723 2372 1012 2451 praesenti
1041 2373 1428 2448 tractamus),
1460 2370 1876 2431 necessarium
1904 2376 1996 2430 est

429 2466 774 2526 doctrinam
816 2465 1025 2525 datam
1058 2466 1136 2526 ad
1171 2466 1505 2526 Ecclesiam
1544 2465 1769 2525 Christi
1796 2463 1995 2542 appli-

432 2577 571 2620 care
592 2604 610 2633 ,
646 2564 708 2619 et
752 2559 1058 2637 quomodo
1093 2559 1159 2619 in
1200 2576 1274 2618 ea
1300 2559 1501 2619 locum
1529 2557 1756 2618 habeat
1782 2562 1844 2617 et
1870 2575 1995 2616 ser-

432 2651 635 2712 vanda
682 2651 762 2711 sit
812 2669 1142 2730 exponere.
1199 2652 1374 2712 Circa
1420 2650 1798 2729 propositam
1846 2667 1996 2727 ergo

434 2743 837 2823 quaestionem
865 2743 984 2804 fuit
1005 2761 1176 2804 error
1202 2744 1361 2804 circa
1386 2749 1666 2821 tempora
1689 2741 1909 2802 Christi
1933 2749 1996 2803 et

434 2835 867 2915 Apostolorum
902 2841 1148 2896 exortus
1181 2836 1591 2914 quorumdam
1629 2835 1991 2909 dicentium,

434 2946 563 2988 non
587 2946 717 2989 esse
744 2928 981 2988 licitum
1006 2928 1289 2989 fidelibus
1312 2928 1507 2989 alium
1525 2928 1874 2988 dominium
1898 2946 1996 2988 re·

435 3039 797 3100 cognoscere
826 3028 1048 3100 praeter
1074 3024 1292 3097 Deum,
1316 3022 1575 3101 ideoque
1602 3021 1995 3082 saecularibus

435 3116 815 3196 principibus
872 3123 979 3176 aut
1028 3133 1241 3176 eorum
1291 3115 1529 3194 legibus
1583 3115 1993 3176 obediendum

435 3228 563 3270 non
596 3227 746 3270 esse.
797 3211 885 3270 Ita
910 3208 1098 3270 refert
1132 3209 1548 3287 Hieronymus
1575 3207 1654 3268 ad
1680 3208 1800 3268 Tit.
1851 3210 1888 3268 3
1927 3208 1992 3267 111

436 3303 762 3383 principi0‚
806 3309 1133 3381 censetque
1175 3308 1489 3362 auctorem
1531 3300 1718 3378 hujus
1771 3300 1995 3360 erroris

433 3397 620 3457 fuisse
648 3396 873 3457 Judam
901 3395 1078 3455 illum
1108 3395 1427 3456 Galiloeum
1461 3393 1537 3454 de
1566 3412 1688 3472 quo
1727 3393 1997 3454 refertur

434 3489 641 3550 Actor.
678 3491 750 3565 5,
783 3490 1091 3550 Eatitisse
1126 3491 1193 3548 iu
1230 3489 1436 3549 diebus
1467 3485 1892 3566 professioniS,
1930 3485 1996 3543 id

436 3588 550 3657 est,
584 3588 756 3642 ortus
798 3587 859 3642 et
894 3580 1245 3642 Nativitatis
1277 3581 1525 3656 Christi,
1559 3578 1804 3660 quando
1844 3579 1997 3640 exiit

436 3676 689 3737 edictum
734 3691 774 3735 a
826 3673 1062 3736 Coesare
1107 3672 1408 3752 Augusto,
1453 3681 1523 3736 ut
1573 3673 1998 3736 describeretur

433 3768 749 3829 uuit-ersus
768 3766 955 3840 orbis,
977 3771 1029 3827 et
1050 3767 1216 3827 ibant
1237 3785 1431 3828 omues·
1453 3772 1521 3828 ut
1540 3767 1995 3845 profiterentur,

435 3865 505 3920 ut
532 3859 758 3919 dicitur
777 3860 954 3919 Lucae
978 3860 1041 3935 23
1072 3864 1133 3919 et
1158 3859 1407 3919 additur
1435 3860 1510 3921 de
1535 3860 1639 3920 illo
1666 3859 1829 3920 Juda
1845 3859 2004 3939 quod

438 3953 657 4015 avertit
672 3954 959 4031 populum
972 3958 1113 4031 post
1135 3971 1227 4014 se:
1247 3953 1393 4032 quid
1417 3960 1625 4014 autem
1649 3952 1752 4014 ille
1776 3953 1995 4032 praedi-

438 4047 592 4107 carit
620 4047 811 4106 Lucas
843 4064 970 4106 non
1000 4045 1286 4125 explicat.
1339 4046 1755 4124 Hieronymus
1785 4051 1995 4106 autem

434 4139 646 4216 refert,
668 4140 878 4201 dicens
899 4155 915 4199 ε
946 4141 1121 4201 Iuter
1142 4145 1355 4202 coetera
1375 4140 1481 4202 boc
1496 4142 1674 4220 quasi
1691 4140 1999 4220 probabile

429 4233 781 4313 proferebat
825 4252 897 4295 ece
929 4233 1073 4310 leye,
1116 4231 1349 4295 nullum
1394 4233 1592 4295 debere
1641 4235 1943 4296 domiuum
1969 4278 1991 4309 ,

434 4326 563 4388 uisi
589 4327 778 4388 solum
807 4327 999 4389 Deum
1021 4327 1247 4401 vocari,
1279 4331 1334 4388 et
1365 4344 1458 4389 eos
1480 4327 1585 4407 qui
1609 4328 1690 4388 ad
1715 4328 1996 4404 templum

438 4420 695 4481 decimas
719 4420 1039 4497 deferrent,
1075 4417 1309 4481 Coesari
1337 4420 1568 4481 tributa
1593 4438 1710 4481 non
1731 4421 1990 4483 reddere.

438 4513 514 4572 Et
557 4510 720 4572 hanc
758 4511 1043 4572 haeresim
1083 4512 1215 4588 (ait)
1264 4510 1532 4571 multum
1583 4511 1995 4590 percrebuisse

440 4621 635 4681 usque
681 4603 761 4664 ad
810 4610 1088 4682 tempora
1134 4603 1584 4682 praedicationis
1639 4603 1886 4680 Christi,
1934 4610 1997 4665 et

439 4696 605 4757 illius
649 4698 964 4758 occasione
1009 4697 1344 4758 Pharisaeos
1393 4697 1631 4758 misisse
1667 4696 1997 4776 discipulos

438 4809 579 4851 suos
615 4791 695 4851 ad
740 4791 1051 4851 Christum
1091 4791 1625 4869 interrogandum,
1666 4809 1748 4851 an
1785 4792 1998 4852 liceret

438 4902 691 4945 censum
729 4884 877 4946 dare
911 4884 1131 4945 Caesari
1151 4930 1171 4959 ‚
1218 4890 1364 4960 etc„
1404 4885 1622 4946 Matth.
1667 4886 1767 4944 22.
1813 4884 2000 4945 Addit

441 4978 719 5039 AnastaS.
754 4978 968 5039 Nicen.
1000 4995 1061 5055 q.
1094 4978 1172 5039 67
1202 4978 1269 5037 in
1298 4977 1713 5056 Scripturam,
1745 4982 2003 5038 sectato-

441 5089 538 5132 res
557 5071 744 5150 hujus
762 5072 796 5131 J
801 5071 936 5132 udae
956 5070 1190 5132 Galilaei
1208 5075 1453 5131 vocatos
1469 5070 1655 5131 fuisse
1677 5069 1957 5131 Galilaeos
1976 5115 1997 5145 ,

444 5171 506 5226 et
532 5165 917 5244 prohibuisse
946 5165 1167 5225 offerre
1187 5164 1481 5225 sacrificia
1500 5182 1614 5243 pro
1635 5165 2004 5244 imperatore

445 5262 508 5317 et
539 5257 768 5336 populo
794 5275 1073 5331 roman0,
1114 5263 1176 5319 et
1201 5257 1340 5318 ideo
1368 5257 1721 5318 interfectos
1755 5257 1936 5318 fuisse
1966 5275 2005 5317 a

445 5350 661 5411 Pilato,
722 5350 845 5410 Hos
898 5351 1067 5411 enim
1118 5352 1312 5412 credit
1357 5370 1486 5413 esse
1532 5352 1669 5412 illos
1724 5351 2004 5412 Galilaeos

443 5461 708 5521 quorum
737 5443 1102 5520 sanguinem
1128 5445 1376 5506 miscuit
1405 5444 1633 5505 Pilatus
1657 5463 1799 5505 cum
1818 5444 2002 5504 sacri-

444 5535 601 5597 ficiis
646 5553 886 5611 eorum,
940 5538 1012 5594 ut
1056 5537 1263 5615 attigit
1300 5538 1496 5598 Lucas
1533 5555 1667 5617 cap.
1722 5540 1841 5615 135
1886 5556 2002 5598 1180

1434 409 1549 462 LIB.
1586 411 1668 462 111.
1706 410 1785 462 DE
1818 410 1977 463 LEGE
2013 410 2276 462 HUMANA
2308 409 2388 461 m·
2422 410 2624 463 ClVlLI.

2073 531 2218 574 vero
2248 513 2384 573 ideo
2412 512 2659 573 haeresis
2689 512 2823 591 ipsa
2852 510 3126 571 extincta
3153 516 3268 585 est,
3300 513 3405 573 sed
3441 532 3634 591 usque

2068 606 2149 686 ad
2196 611 2476 684 tempora
2526 604 2961 683 Apostolorum
3009 604 3262 664 durasse
3319 606 3631 684 creditur3

2070 699 2215 777 quia
2242 697 2517 777 Apostoli
2558 697 2791 758 Galilaei
2838 702 3018 757 erant
3059 702 3122 756 et
3148 716 3375 758 novam
3409 699 3636 759 doctri-

2069 809 2215 851 nam
2245 790 2660 869 praedicabant
2679 836 2699 864 ,
2744 791 2983 849 venisse
3015 789 3309 849 dicuntur
3337 791 3404 850 in
3442 791 3636 871 suspi-

2069 884 2334 957 cionem,
2378 883 2544 962 quod
2582 882 2899 942 credentes
2929 882 3118 942 etiam
3163 888 3514 944 averterent
3549 885 3632 945 ab

2069 976 2419 1037 obedientia
2442 975 2791 1054 principum
2816 974 3202 1035 saecularium
3226 993 3297 1035 88
3320 975 3528 1055 legum
3551 978 3635 1036 ci-

2068 1070 2311 1131 vilium.
2364 1071 2456 1130 Ita
2496 1070 2682 1129 sentit
2720 1069 3136 1147 Hieronymus
3172 1088 3380 1149 supra,
3424 1069 3634 1132 dicens

2069 1163 2207 1222 ideo
2230 1162 2491 1222 Paulum
2515 1167 2652 1221 tum
2673 1161 2786 1235 ibi,
2810 1167 2945 1220 tum
2968 1160 3047 1221 ad
3072 1162 3251 1222 Rom.
3283 1163 3359 1222 13
3381 1180 3633 1224 monere

2070 1255 2444 1316 Christianos
2458 1259 2529 1314 ut
2548 1254 2840 1315 obediant
2858 1254 3260 1333 principibuS,
3284 1256 3429 1334 quia
3451 1257 3504 1318 J
3504 1259 3632 1319 udce

2074 1349 2320 1413 Galiloei
2344 1349 2557 1426 doqma
2587 1348 2779 1409 adbuc
2800 1364 2909 1425 per
2931 1348 3090 1408 illud
3114 1354 3344 1425 tempus
3370 1350 3626 1427 viyebat.

2074 1440 2541 1519 Chrysostomus
2559 1440 2746 1499 etiam
2768 1438 2986 1499 homil.
3009 1441 3088 1500 23
3116 1440 3197 1499 811
3224 1442 3402 1501 Rom.
3436 1458 3451 1501 :
3483 1442 3633 1503 Plu-

2071 1535 2235 1596 rima
2278 1533 2520 1612 (inquit)
2571 1538 2709 1595 tunc
2768 1533 3053 1611 temporis
3101 1535 3636 1610 circumferebatur

2073 1629 2247 1702 sama
2276 1627 2589 1688 traducens
2616 1623 2935 1704 Apostolos
2960 1626 3148 1688 veluti
3173 1628 3505 1701 seditiosos,
3535 1645 3614 1689 re-

2072 1737 2322 1798 rumque
2364 1723 2698 1792 novatores,
2749 1719 2856 1798 qui
2902 1719 3103 1780 omuia
3147 1720 3228 1780 ad
3269 1721 3636 1782 evertendum

2074 1812 2229 1891 leges
2257 1828 2584 1875 communes
2611 1816 2666 1873 et
2693 1812 2984 1888 facerent,
3015 1816 3068 1873 et
3102 1812 3381 1874 dicerent.

2153 1906 2215 1965 2.
2259 1906 2393 1965 Non
2421 1903 2672 1964 invenio
2695 1909 2906 1965 autem
2930 1902 3028 1964 vel
3053 1902 3146 1985 ab·
3162 1903 3298 1963 aliis
3323 1905 3629 1981 Patribus,

2074 1996 2172 2058 vel
2202 1997 2280 2057 ab
2308 1996 2518 2076 aliquo
2541 2013 2617 2056 ex
2647 1995 2915 2074 antiquis
2936 1996 3337 2074 scriptoribus
3366 1998 3635 2059 declara-

2075 2096 2211 2150 tum
2243 2108 2325 2150 an
2353 2107 2422 2150 re
2449 2106 2597 2149 vera
2629 2088 2751 2148 illis
2783 2088 3162 2167 temporibus
3197 2089 3384 2150 fuerit
3413 2090 3633 2169 aliquis

2073 2184 2395 2245 haereticus
2424 2189 2484 2243 et
2503 2189 2780 2262 apostata
2801 2201 2837 2242 a
2861 2181 2982 2242 fide
3006 2183 3253 2253 Christi,
3276 2185 3385 2262 qui
3407 2185 3634 2263 specia-

2074 2278 2215 2338 liter
2240 2282 2496 2337 conatus
2515 2276 2702 2337 fuerit
2721 2294 2993 2337 errorem
3016 2275 3185 2335 hunc
3207 2277 3275 2336 in
3299 2277 3633 2338 Ecclesiam

2076 2370 2486 2445 introducere,
2519 2374 2581 2429 et
2600 2369 2960 2428 Christianis
2980 2368 3237 2429 suadere
3260 2368 3500 2447 legibus
3523 2370 3638 2430 im-

2074 2472 2433 2545 peratorum
2461 2482 2587 2524 non
2618 2482 2747 2524 esse
2775 2463 3117 2542 subiectos:
3147 2482 3294 2523 nam
3321 2463 3512 2525 Judas
3531 2465 3637 2525 1118

2075 2550 2361 2619 Galilaeus
2401 2563 2463 2617 et
2497 2561 2643 2616 ante
2691 2555 2914 2616 Christi
2955 2555 3451 2634 praedicationem
3493 2557 3634 2631 fuit,

2077 2658 2137 2713 et
2177 2650 2252 2711 de
2288 2650 2432 2710 solis
2472 2648 2701 2710 Judaeis
2738 2648 2981 2708 videtur
3008 2648 3193 2708 fuisse
3233 2647 3492 2707 locutuS.
3540 2648 3636 2707 An

2073 2762 2220 2805 vero
2247 2749 2384 2823 post
2410 2743 2586 2803 illum
2612 2741 2801 2802 fuerit
2824 2740 3047 2819 aliquis
3069 2741 3235 2802 idem
3261 2759 3537 2804 asserens
3559 2740 3635 2802 de

2076 2836 2432 2898 Christianis
2452 2881 2472 2911 ,
2507 2835 2607 2896 vel
2645 2834 2845 2895 solum
2879 2851 2990 2913 per
3024 2833 3208 2893 falsos
3247 2852 3527 2894 rumores
3563 2852 3636 2894 ea

2075 2930 2340 3009 suspicio
2369 2945 2581 3008 sparsa
2607 2928 2794 2988 fuerit
2825 2932 3035 2988 contra
3066 2927 3440 2987 Christianos
3473 2932 3635 2987 tem-

2076 3043 2225 3104 pore
2242 3023 2697 3102 Apostolorum,
2725 3022 2882 3082 mihi
2901 3040 3027 3081 non
3048 3027 3285 3082 constat
3309 3043 3323 3081 ε
3350 3022 3635 3101 Chrysos-

2075 3124 2278 3178 tomus
2305 3123 2515 3177 autem
2546 3122 2606 3178 et
2634 3116 2740 3176 alii
2780 3115 2977 3193 magis
3005 3116 3121 3176 hoc
3150 3116 3448 3195 posterius
3476 3115 3637 3175 indi-

2073 3217 2216 3272 cant
2242 3258 2254 3282 ,
2308 3229 2422 3271 nec
2463 3211 2626 3271 inter
2669 3210 2932 3269 haereses
2976 3209 3263 3287 antiquas
3315 3227 3453 3287 quas
3501 3213 3638 3287 post

2074 3305 2382 3366 Christum
2437 3304 2690 3364 fuerunt
2738 3302 2989 3363 invenio
3053 3302 3216 3361 hanc
3281 3301 3500 3362 referri
3560 3301 3639 3360 ab

2075 3397 2447 3476 EpiphaniO,
2478 3397 2768 3473 August„
2788 3395 3066 3455 Damaso.
3090 3399 3200 3455 aut
3222 3393 3380 3454 aliis.
3409 3394 3638 3454 Nostris

2076 3508 2221 3550 vero
2251 3490 2629 3569 temporibus
2661 3488 2966 3549 Lutherus
2999 3488 3160 3548 hanc
3186 3487 3476 3548 haeresim
3506 3505 3636 3546 ma·

2077 3602 2201 3663 gna
2229 3583 2703 3661 exaggeratione
2719 3581 2929 3642 docuit
2946 3598 2961 3641 ε
2978 3581 3134 3640 dixit
3157 3581 3324 3640 enim
3347 3580 3638 3642 Christia-

2076 3677 2174 3736 nis
2189 3675 2424 3736 nullam
2448 3676 2648 3753 legem
2665 3675 2792 3735 sive
2807 3673 2886 3736 ab
2901 3673 3259 3735 hominibus
3277 3674 3401 3734 sive
3422 3673 3500 3734 ab
3513 3673 3637 3733 An-

2077 3771 2230 3849 gelis
2258 3770 2384 3830 ullo
2409 3771 2549 3850 jure
2577 3770 2814 3848 imponi
2839 3786 3034 3848 posse,
3061 3769 3183 3828 nisi
3202 3773 3502 3847 quantum
3523 3768 3639 3846 ipsi

2078 3862 2271 3923 velint
2289 3880 2307 3939 ;
2334 3881 2536 3941 neque
2556 3862 2861 3942 principes
2877 3860 3107 3922 habere
3121 3861 3224 3938 jus
3244 3879 3427 3938 super
3450 3859 3638 3920 chris-

2076 3956 2317 4016 tianum
2346 3956 2688 4029 hominem,
2717 3960 2779 4015 et
2797 3953 3100 4033 quidquid
3131 3953 3309 4013 aliter
3335 3952 3407 4013 fit
3426 3958 3639 4031 tyran-

2077 4050 2216 4109 nico
2262 4049 2483 4128 spiritu
2519 4048 2676 4109 fieri.
2727 4049 2819 4108 Ita
2859 4047 3047 4108 refert
3093 4046 3355 4107 Prateol.
3402 4047 3471 4106 in
3513 4048 3633 4107 Lu-

2076 4144 2274 4217 ther0,
2300 4161 2466 4204 anno
2491 4145 2670 4204 1520.
2699 4144 3034 4219 Posteaque
3055 4142 3346 4202 eumdem
3365 4158 3637 4202 errorem

2075 4236 2269 4296 secuti
2295 4241 2438 4296 sunt
2466 4235 2882 4314 Anabaptistae
2910 4240 2971 4294 et
2997 4234 3315 4294 Trinitarii
3331 4279 3351 4308 ,
3397 4232 3472 4294 de
3499 4232 3635 4312 qui-

2076 4328 2191 4388 bus
2225 4328 2412 4389 refert
2440 4328 2794 4389 Bellarmin.
2825 4326 2934 4387 lib.
2978 4329 3016 4388 2
3050 4326 3124 4388 de
3161 4326 3378 4401 LaiciS,
3412 4344 3543 4404 cap.
3573 4328 3634 4400 2,

2077 4421 2244 4503 quod
2290 4422 2561 4482 dixerint
2609 4440 2737 4482 non
2784 4421 2968 4481 licere
3015 4419 3376 4481 Christianis
3427 4435 3638 4495 gerere

2077 4516 2498 4592 magistratus,
2531 4532 2644 4575 nec
2671 4515 2834 4576 inter
2860 4513 3237 4574 Christianos
3263 4511 3484 4573 debere
3509 4528 3638 4572 esse

2075 4608 2437 4683 tribunalia,
2461 4607 2720 4685 judicia,
2753 4612 2866 4669 etc.

2159 4704 2216 4762 3.
2262 4702 2762 4763 Fundamentum
2807 4701 3066 4760 istorum
3115 4697 3386 4766 sumitur
3425 4715 3503 4758 ex
3542 4716 3638 4759 re·

2077 4795 2432 4873 demptione
2473 4794 2696 4855 Christi
2739 4798 2801 4853 et
2845 4792 3130 4853 libertate
3179 4809 3368 4870 quam
3414 4809 3526 4870 per
3567 4809 3639 4851 ea

2078 4888 2349 4949 obtinuit
2375 4886 2765 4947 credentibus
2794 4886 2860 4945 in
2885 4887 3113 4964 ipsum.
3156 4884 3256 4944 Sic
3287 4883 3639 4962 intelligen-

2066 4985 2173 5042 ·tes
2216 4979 2370 5040 illud
2408 4979 2623 5041 Matth.
2675 4980 2750 5038 17
2797 4995 2814 5038 2
2853 4979 3027 5055 Eryo
3070 4976 3245 5037 liberi
3289 4981 3430 5038 suut
3468 4975 3595 5053 filii
3617 5002 3639 5035 .-

2081 5073 2191 5132 ubi
2230 5091 2341 5151 per
2383 5072 2543 5133 filios
2580 5089 2795 5131 omnes
2840 5069 3216 5130 Christianos
3255 5067 3636 5146 inteUigunt,

2084 5184 2237 5244 quos
2263 5166 2479 5225 dicunt
2505 5182 2632 5225 esse
2655 5164 2880 5224 liberos
2908 5180 2946 5222 8
2977 5160 3228 5223 tributis
3255 5159 3504 5237 regibus
3523 5157 3640 5218 sol-

2084 5258 2301 5330 vendis
2323 5249 2419 5336 (d'e
2439 5259 2536 5318 his
2557 5258 2723 5318 enim
2748 5256 3024 5331 Christus
3047 5251 3457 5333 loquebatur);
3474 5250 3639 5311 unde

2084 5351 2154 5411 fit
2181 5351 2369 5412 etiam
2410 5356 2482 5411 ut
2510 5351 2634 5410 sint
2673 5349 2853 5410 liberi
2882 5348 2960 5408 ab
2993 5364 3210 5408 eorum
3239 5345 3546 5424 regimine
3579 5347 3640 5404 et

2082 5451 2379 5526 potestate
2412 5461 2428 5503 t
2467 5461 2614 5504 nam
2651 5443 2781 5503 haec
2810 5446 3027 5502 mutuo
3059 5459 3122 5501 se
3156 5443 3634 5518 consequuntur.

2081 5538 2269 5617 quue
2298 5535 2667 5600 confirmant
2699 5554 2776 5597 ex
2803 5535 2909 5596 illo
2935 5536 3108 5597 Lucae
3137 5536 3215 5595 22
3244 5551 3260 5595 :
3289 5534 3480 5614 Reyes
3499 5547 3639 5611 yen-
