3976 6219
696 403 830 454 CAP.
868 404 929 455 11.
974 403 1055 454 DE
1087 402 1365 454 MATERIA
1397 401 1574 455 LEGIS
1604 402 1904 467 AETERNAE,
1939 403 2020 454 ET
2052 402 2132 456 DE
2164 403 2425 456 ACTIBUS
2458 405 2538 456 AB
2570 404 2712 455 ILLA
2742 402 3086 456 IMPERATIS.

311 519 419 562 vus
447 499 711 561 Thomas
737 500 881 560 dict.
908 518 969 579 q.
1003 502 1105 576 93,
1146 506 1263 561 art.
1294 503 1356 576 4,
1392 507 1454 561 et
1483 500 1721 561 Alensis
1755 519 1855 560 su-

305 613 434 673 pra,
453 601 511 655 et
535 612 750 655 omnes
772 595 1070 669 doctoreS,
1105 595 1214 673 qui
1241 593 1401 660 hanc
1427 594 1629 671 legem
1655 594 1859 672 requi-

306 700 446 746 runt
469 694 716 766 propter
734 688 1013 747 divinam
1039 687 1514 766 providentiam,
1538 688 1624 747 ita
1638 693 1709 746 ut
1726 686 1856 747 fere

304 798 439 839 cum
468 780 574 840 illa
621 781 965 841 coincidere
994 786 1282 842 censeant
1326 796 1342 838 :
1391 781 1603 841 divina
1643 784 1852 840 autem

303 872 684 949 providentia
707 873 867 932 circa
897 890 1086 951 opera
1118 873 1227 933 Dei
1255 878 1556 948 versatur,
1583 890 1710 932 non
1738 872 1855 931 cir-

303 981 370 1023 ca
398 965 590 1024 Deum
615 965 820 1043 ipsum
844 966 1181 1025 secundum
1209 983 1294 1027 se.
1334 965 1507 1026 Unde
1536 964 1854 1044 generatio

302 1061 527 1116 {eterna
553 1055 665 1115 filii
697 1057 825 1132 Dei,
855 1056 953 1117 vel
990 1057 1306 1135 productio
1335 1058 1597 1136 Spiritus
1631 1056 1850 1130 sancti,

300 1167 421 1209 non
445 1150 674 1210 cadunt
699 1150 812 1210 sub
843 1151 1069 1228 legem,
1107 1151 1252 1229 quia
1280 1156 1425 1211 sunt
1457 1150 1714 1210 omnino
1742 1167 1853 1209 na·

299 1240 546 1316 1016165,
573 1247 635 1302 et
664 1259 791 1302 non
825 1260 899 1304 ex
927 1242 1260 1303 directione
1292 1248 1401 1302 aut
1430 1241 1701 1303 motione
1720 1257 1854 1319 quae

300 1331 600 1410 proecedat
643 1352 754 1412 per
792 1334 1103 1395 dictamen
1137 1335 1415 1409 rationiS,
1450 1334 1549 1395 vel
1577 1333 1852 1413 applica-

301 1425 528 1485 tionem
556 1425 918 1502 voluntatis,
944 1445 1081 1507 quae
1121 1428 1314 1488 motio
1341 1427 1609 1507 pertinet
1655 1428 1730 1487 ad
1755 1445 1853 1486 ra-

302 1517 532 1577 tionem
566 1518 743 1595 16315,
773 1524 835 1579 et
862 1521 1076 1581 eadem
1114 1520 1352 1580 ratione
1387 1539 1499 1581 nec
1526 1537 1702 1579 amor
1726 1536 1852 1598 quo

303 1609 459 1668 Deus
486 1627 550 1670 se
578 1617 747 1671 amat
773 1617 863 1672 est
893 1612 1127 1690 exlege
1148 1618 1402 1688 aeterna,
1434 1613 1540 1674 sed
1564 1630 1638 1673 ex
1672 1618 1850 1672 natu·

303 1719 370 1760 ra
404 1719 419 1762 :
460 1703 616 1763 ratio
660 1722 805 1765 vero
833 1711 948 1780 est,
991 1706 1138 1784 quia
1162 1706 1264 1766 lex
1291 1724 1418 1765 non
1447 1711 1539 1766 est
1566 1705 1642 1765 de
1669 1705 1852 1765 rebus

300 1811 408 1872 per
442 1812 529 1868 se,
558 1802 621 1856 et
659 1796 739 1857 ab
783 1798 1116 1858 intrinseco
1145 1798 1518 1873 necessariiS,
1549 1816 1687 1877 quae
1723 1815 1852 1857 11011

300 1886 580 1964 indigent
606 1889 843 1967 regula,
874 1891 979 1951 sed
1001 1891 1081 1950 ab
1108 1891 1438 1951 intrinseco
1466 1890 1696 1950 habent
1723 1907 1852 1950 cer-

299 1983 429 2037 tum
464 1981 704 2040 essendi
749 1983 1029 2057 modum,
1068 1990 1129 2043 et
1156 2001 1266 2061 per
1307 2000 1437 2043 sese
1477 1988 1657 2042 rectoe
1685 1987 1849 2041 sunt.

297 2071 624 2132 Difficultas
648 2091 796 2152 ergo
811 2074 1012 2134 solum
1035 2076 1111 2136 de
1139 2076 1377 2136 actibus
1395 2076 1626 2150 liberie,
1658 2075 1855 2154 quiin

297 2164 415 2224 Deo
440 2170 608 2239 sunt,
629 2171 690 2225 et
713 2172 1017 2244 quatenus
1037 2167 1219 2226 liberi
1246 2173 1413 2242 sunt,
1442 2167 1704 2227 morales
1731 2166 1855 2226 dici

297 2262 545 2333 possunt
565 2274 581 2316 ε
604 2264 908 2335 quatenus
926 2277 1072 2318 vero
1091 2264 1235 2318 sunt
1249 2259 1548 2338 operativi
1562 2258 1641 2318 ad
1656 2264 1850 2333 extra,

298 2347 411 2407 dici
435 2355 690 2426 possunt
715 2349 1050 2410 artificiosi.
1153 2365 1157 2372 ·

374 2442 432 2500 3.
476 2442 580 2503 An
607 2443 701 2503 lex
727 2448 949 2504 (eterna
975 2444 1061 2505 sit
1103 2443 1317 2521 reyula
1366 2449 1607 2504 actuum
1631 2443 1851 2504 libero-

298 2551 428 2595 rum
460 2535 575 2596 Dei
607 2537 978 2612 operantium
1017 2537 1099 2597 ad
1133 2535 1543 2597 atra—Dici
1572 2553 1718 2614 ergo
1751 2536 1852 2597 vel

298 2628 548 2704 cogitari
594 2633 792 2706 potest
835 2628 1038 2706 1636111
1075 2634 1371 2689 aeternam
1421 2629 1536 2688 sub
1586 2633 1848 2708 utraque

297 2719 529 2779 ratione
565 2738 693 2781 esse
726 2738 1101 2796 mensuram,
1150 2739 1222 2781 ac
1266 2720 1548 2798 regulam
1594 2727 1844 2782 actuum

294 2810 626 2872 liberorum
653 2813 782 2873 Dei.
823 2813 1054 2888 Primo,
1075 2819 1379 2892 quatenus
1404 2812 1667 2874 morales
1704 2819 1848 2874 sunt

296 2909 356 2964 et
381 2903 617 2964 honesti
644 2926 657 2964 :
692 2906 775 2965 sic
799 2906 967 2966 enim
988 2905 1350 2983 regulantur
1389 2924 1501 2984 per
1541 2905 1847 2966 rationem

295 2996 589 3071 divinam,
613 3003 913 3079 tanquam
932 3016 1043 3077 per
1061 2998 1409 3059 naturalem
1436 3000 1638 3078 legem
1656 2998 1850 3077 ipsius

297 3090 422 3150 Dei.
440 3090 736 3152 Probatur
753 3113 767 3151 ε
793 3092 939 3171 quia
951 3093 1105 3153 Deus
1118 3109 1358 3171 semper
1373 3091 1707 3153 secundum
1721 3109 1852 3152 rec-

293 3188 419 3242 tam
447 3184 753 3245 rationem
776 3191 1089 3263 operatur,
1112 3202 1239 3245 non
1265 3185 1555 3258 alienam,
1581 3184 1687 3245 sed
1713 3201 1853 3263 pro-

291 3276 490 3354 priam
523 3292 539 3335 :
582 3295 730 3354 ergo
767 3294 1059 3337 mensura
1101 3277 1484 3337 rectitudinis
1514 3276 1852 3336 liberorum

291 3373 543 3428 actuum
565 3369 897 3429 voluntatis
923 3369 1031 3428 Dei
1060 3374 1152 3429 est
1183 3369 1494 3446 judicium
1526 3369 1620 3428 5111
1666 3368 1848 3429 intel-

289 3460 501 3527 lectus,
524 3462 687 3540 quod
722 3462 937 3522 ordine
964 3462 1220 3521 rationis
1239 3462 1568 3537 antecedit,
1601 3480 1720 3541 quo
1747 3462 1848 3539 ju-

288 3553 474 3629 dicat,
501 3555 587 3613 ita
619 3573 745 3615 esse
772 3555 1147 3614 faciendum.
1190 3554 1348 3614 Illud
1376 3573 1525 3633 ergo
1542 3555 1845 3634 judicium

285 3645 472 3705 habet
502 3648 805 3707 rationem
845 3646 1000 3724 legis
1029 3652 1272 3707 aeternae
1309 3653 1588 3726 respectu
1618 3648 1842 3708 divinae

284 3739 641 3799 voluntatiS.
687 3738 1097 3800 confirmatur
1136 3759 1207 3800 ac
1247 3740 1591 3801 declaratur
1640 3759 1846 3801 exem-

282 3831 404 3910 plis
431 3852 444 3890 :
479 3850 625 3892 nam
663 3833 908 3894 51Ἥ6115
934 3832 1229 3911 loquitur,
1258 3851 1477 3893 verum
1502 3833 1673 3907 dicit,
1696 3834 1845 3912 quia

274 3924 514 4001 judicat
542 3925 794 3985 mentiri
821 3943 951 3985 esse
992 3925 1266 3998 malum,
1311 3930 1373 3984 et
1415 3925 1466 3983 si
1511 3927 1837 4002 promittit,

279 4016 522 4095 implet,
548 4019 696 4096 quia
716 4018 946 4095 judicat
973 4017 1330 4078 fidelitatem
1364 4036 1494 4078 esse
1520 4018 1842 4078 honestam

278 4115 346 4169 et
378 4116 852 4172 consentaneam
903 4116 1142 4171 naturae
1189 4128 1340 4184 suae,
1388 4114 1450 4168 et
1483 4109 1698 4169 eadem
1746 4128 1845 4169 ra-

277 4202 450 4262 tione
478 4203 594 4262 sibi
627 4203 963 4281 complacet
992 4203 1059 4261 in
1082 4201 1267 4261 rebus
1294 4200 1593 4274 honestiS,
1628 4206 1690 4259 et
1724 4200 1844 4259 dis-

273 4295 511 4374 plicent
546 4296 637 4355 1111
665 4302 936 4375 peccata,
965 4294 1111 4374 quia
1146 4293 1307 4354 ratio
1343 4299 1511 4353 recta
1538 4293 1730 4353 dictat
1756 4294 1843 4353 ita

273 4405 412 4447 esse
447 4388 802 4448 faciendum
834 4403 850 4447 ε
882 4406 1029 4465 ergo
1071 4388 1139 4446 in
1168 4386 1406 4448 actibus
1437 4386 1563 4446 suis
1594 4386 1842 4447 morali-

269 4480 395 4540 bus
415 4480 661 4540 ducitur
677 4498 788 4539 sua
813 4480 1050 4540 ratione
1077 4486 1309 4541 aeterna
1336 4485 1634 4559 tanquam
1661 4479 1834 4561 lege:

268 4590 429 4650 ergo
456 4590 534 4632 ex
561 4571 677 4632 hac
702 4577 879 4650 parte
906 4572 1006 4633 lex
1026 4577 1257 4632 aeterna
1277 4573 1398 4632 Deo
1418 4571 1534 4650 ipsi
1554 4572 1842 4649 imposita

266 4670 371 4725 est
397 4664 600 4742 quoad
628 4669 798 4725 actus
822 4665 1083 4725 morales
1110 4663 1440 4725 voluntatis
1458 4663 1610 4741 ejuS,
1641 4667 1704 4723 et
1734 4681 1842 4723 eo-

264 4774 423 4817 rum
450 4757 855 4818 honestatem.

358 4852 420 4909 4.
469 4850 748 4911 Secundo
768 4896 788 4926 ,
841 4850 1038 4911 videri
1077 4853 1277 4927 potest
1320 4847 1421 4908 lex
1464 4847 1570 4908 illa
1609 4852 1839 4909 aeterna

259 4959 454 5021 posse
481 4943 721 5021 concipi
751 4949 818 5000 ut
845 4942 946 5001 lex
970 4959 1158 5019 quam
1185 4942 1345 5001 Deus
1371 4946 1441 5000 ut
1472 4939 1694 5000 artifex
1721 4940 1836 5000 sibi

259 5035 396 5114 ipsi
448 5035 763 5114 imposuit,
798 5039 868 5093 ut
896 5033 1236 5093 secundum
1278 5032 1451 5093 illam
1495 5050 1606 5092 sua
1650 5050 1838 5111 opera

256 5129 528 5188 faceret.
580 5129 734 5187 Nam
781 5146 922 5186 cum
961 5128 1118 5187 Deus
1168 5132 1369 5205 posset
1405 5126 1593 5185 variis
1639 5126 1837 5185 modis

255 5220 584 5281 mundum
617 5218 916 5280 fabricare
945 5225 1007 5280 et
1031 5236 1267 5296 regere,
1298 5220 1512 5277 statuit
1538 5217 1716 5277 illum
1743 5235 1835 5278 56-

254 5312 548 5374 cundum
590 5312 925 5390 quamdam
967 5317 1194 5371 certam
1233 5310 1434 5388 legem
1462 5310 1833 5371 constituere

251 5413 328 5467 et
349 5405 726 5483 gubernare,
749 5409 842 5479 ut,
866 5404 1035 5465 verbi
1055 5403 1276 5482 gratia,
1298 5402 1509 5461 statuit
1528 5401 1835 5462 elementa

247 5504 324 5561 et
382 5496 560 5558 orbes
606 5496 880 5558 coelestes
929 5496 1040 5558 tali
1079 5496 1294 5557 ordine
1335 5494 1729 5570 constituere,
1771 5500 1834 5556 et

3413 395 3491 455 89

1935 519 2126 580 aquas
2166 500 2276 560 tali
2319 501 2452 562 loco
2494 502 2831 562 continere.
2876 503 3030 561 Item
3075 497 3290 559 statuit
3338 498 3489 558 tales

1935 611 2148 672 poenas
2175 612 2285 672 pro
2310 594 2595 672 peccatis,
2626 600 2688 655 et
2723 595 2844 655 alia
2874 591 3129 672 praemia
3164 608 3277 668 pro
3308 591 3491 650 meri-

1935 687 2016 745 tis
2054 685 2331 761 reddere,
2364 692 2425 747 et
2468 685 2806 746 secundum
2834 685 2984 745 tales
3010 682 3110 744 vel
3136 682 3287 742 tales
3322 681 3490 760 leges

1938 778 2243 838 mundum
2291 778 2637 856 gubernare
2678 797 2693 840 t
2753 797 2900 857 ergo
2945 775 3286 838 secundum
3325 775 3490 835 hanc

1932 873 2238 933 rationem
2283 873 2503 933 merito
2542 873 2663 933 dici
2708 879 2907 952 potest
2948 873 3150 949 legem
3194 874 3488 929 aeternam

1933 966 2150 1026 cadere
2190 966 2256 1025 in
2293 965 2425 1044 ipsa
2456 984 2641 1046 opera
2668 967 2799 1042 Dei,
2825 971 2898 1024 ut
2935 964 3015 1024 ab
3038 965 3170 1043 ipso
3192 968 3490 1041 tanquam

1933 1077 1971 1118 a
2002 1075 2291 1136 supremo
2323 1057 2577 1134 artifice,
2621 1058 2721 1118 vel
2755 1057 3169 1137 gubernatore
3211 1060 3379 1128 sunt,
3430 1060 3491 1115 et

1935 1155 2377 1228 consequenter
2421 1150 2637 1211 cadere
2685 1151 2964 1229 proxime
3012 1150 3079 1208 in
3125 1152 3299 1208 actus
3342 1147 3489 1208 libe-

1933 1258 2034 1301 ros
2059 1241 2393 1302 voluntatis
2418 1243 2550 1317 Dei,
2591 1261 2628 1302 a
2659 1241 2883 1321 quibus
2904 1240 3055 1301 talia
3077 1257 3264 1319 opera
3284 1239 3489 1318 proxi·

1934 1351 2036 1394 me
2068 1335 2427 1412 procedunt.
2460 1335 2536 1394 Et
2562 1333 2996 1395 confirmatur:
3041 1333 3187 1411 quia
3232 1331 3349 1391 hac
3392 1350 3488 1392 ra·

1932 1427 2101 1488 tione
2139 1427 2365 1488 dicitur
2403 1429 2586 1502 DeuS,
2615 1428 2899 1508 quoedam
2932 1444 3058 1486 non
3089 1443 3265 1504 posse
3292 1425 3488 1486 facere

1930 1519 2268 1580 secundum
2296 1520 2496 1598 1636111
2525 1520 2928 1594 ordinariam,
2962 1518 3270 1594 videlicet,
3304 1536 3490 1596 quam

1929 1613 2060 1691 ipse
2088 1612 2203 1672 sibi
2228 1613 2546 1692 imposuit,
2557 1612 2657 1674 vel
2675 1631 2803 1673 non
2830 1630 3002 1692 posse
3026 1610 3360 1670 secundum
3384 1627 3491 1687 po-

1929 1705 2192 1765 tentiam
2218 1705 2593 1780 ordinatam,
2630 1706 2694 1764 id
2723 1711 2834 1781 est,
2879 1704 2958 1763 ad
2991 1702 3178 1763 talem
3207 1702 3490 1762 ordinem

1930 1797 2247 1858 reductam
2276 1816 2386 1877 per
2412 1798 2695 1859 eamdem
2730 1799 2955 1876 legem,
3006 1802 3076 1855 ut
3120 1795 3491 1873 significavit

1933 1891 2148 1950 Scotus
2188 1892 2255 1950 in
2303 1894 2361 1965 1,
2392 1891 2532 1951 dist.
2574 1894 2677 1966 44,
2723 1896 2936 1970 quaest.
2967 1890 3169 1949 unica.
3219 1888 3394 1948 Unde
3437 1886 3490 1946 si

1933 1982 2206 2060 aliquem
2230 1983 2296 2042 in
2320 1983 2564 2042 mortali
2589 1989 2838 2061 peccato
2864 1982 3296 2042 defunctorum
3330 1980 3490 2039 Deus

1934 2073 2014 2133 ab
2053 2074 2297 2135 inferno
2338 2074 2650 2148 liberaret,
2691 2074 2995 2135 diceretur
3033 2072 3489 2151 dispensatione

1934 2167 2052 2242 uti,
2076 2184 2201 2226 11011
2219 2173 2427 2227 autem
2451 2167 2787 2227 secundum
2806 2171 3096 2226 statutam
3114 2164 3318 2242 legem
3346 2181 3490 2242 ope-

1934 2258 2060 2317 rari
2085 2274 2100 2317 :
2137 2277 2285 2336 ergo
2313 2278 2498 2338 opera
2521 2260 2716 2321 libera
2750 2259 2860 2319 Dei
2900 2277 3009 2338 per
3027 2259 3231 2336 legem
3251 2257 3330 2316 ab
3359 2257 3490 2335 ipso

1933 2355 2228 2411 statutam
2248 2352 2630 2429 regulantur.
2650 2354 2772 2413 Nec
2790 2351 3034 2412 videtur
3051 2349 3493 2410 inconveniens

1931 2444 2099 2521 quod
2146 2445 2362 2504 eadem
2388 2445 2673 2507 voluntas
2713 2445 2830 2506 sibi
2873 2444 2992 2524 ipsi
3026 2443 3107 2503 sit
3132 2442 3230 2503 lex
3278 2460 3492 2502 secun-

1929 2535 2082 2595 dum
2111 2541 2281 2596 actus
2308 2541 2545 2599 ratione
2575 2538 2929 2598 distinctos:
2971 2555 3120 2596 nam
3142 2535 3359 2596 eadem
3388 2552 3493 2594 vo-

1928 2627 2134 2688 luntas
2154 2635 2353 2708 potest
2372 2630 2488 2690 sibi
2509 2631 2837 2710 imperare,
2868 2636 2930 2691 et
2955 2628 3271 2707 legislator
3291 2633 3492 2706 potest

1923 2738 2036 2781 sua
2073 2722 2209 2800 lege
2249 2722 2531 2800 obligari.

2007 2817 2065 2875 5.
2113 2815 2334 2877 Prima
2367 2815 2850 2879 asserum—Lem
2877 2818 3100 2877 oetorna
3129 2831 3248 2875 non
3282 2820 3369 2876 est
3396 2831 3488 2877 re-

1927 2911 2076 2990 qula
2086 2910 2387 2973 actionum
2400 2911 2744 2973 divinarum
2758 2914 3049 2989 quatenus
3059 2907 3312 2970 morales
3322 2913 3483 2969 sunt.

1928 3004 2323 3082 —Suppono,
2340 3021 2417 3062 ex
2431 3003 2607 3062 dictis
2617 3003 2686 3062 in
2700 3001 3069 3080 praecedenti
3083 2998 3264 3071 libro,
3282 2999 3485 3077 legem

1930 3094 2176 3175 proprie
2222 3099 2529 3175 sumptam
2577 3113 2705 3156 6556
2755 3092 3036 3171 regulam
3069 3109 3326 3170 operum
3358 3108 3487 3151 mo-

1930 3187 2189 3262 ralium,
2238 3188 2578 3248 secundum
2624 3187 3011 3247 honestatem
3062 3202 3278 3244 eorum
3311 3202 3327 3244 :
3376 3184 3488 3244 ali·

1932 3280 2181 3358 quando
2198 3297 2344 3339 vero
2372 3281 2560 3339 etiam
2584 3279 2704 3338 dici
2727 3278 2805 3339 de
2829 3277 3061 3354 regulis
3083 3276 3233 3335 artis
3253 3276 3352 3336 vel
3379 3275 3488 3336 ali·

1928 3389 2001 3430 cu
2002 3372 2103 3449 jus
2123 3371 2610 3449 gubernationis
2630 3372 2903 3449 Utroque
2918 3386 3066 3447 ergo
3085 3368 3268 3428 modo
3288 3373 3489 3446 potest

1925 3463 2026 3524 lex
2054 3470 2285 3524 aeterna
2311 3464 2517 3525 vocari
2544 3464 2666 3539 lex,
2698 3469 2759 3524 et
2789 3464 2879 3523 ita
2910 3462 2978 3521 in
3006 3467 3267 3541 utroque
3304 3479 3486 3521 5611511

1923 3574 2250 3635 possumus
2267 3557 2346 3617 ad
2357 3557 2517 3617 hanc
2526 3555 3077 3634 interrogationem
3090 3553 3480 3632 respondere.

1925 3648 2070 3708 Dico
2096 3665 2245 3726 ergo
2273 3649 2498 3727 primo,
2534 3648 2634 3709 lex
2661 3654 2912 3723 aeterna,
2940 3652 3013 3707 ut
3034 3651 3124 3707 est
3144 3644 3362 3722 regula
3388 3662 3486 3705 ac·

1923 3741 2110 3801 tionis
2137 3741 2469 3803 honestatis
2494 3742 2726 3812 liberae,
2749 3759 2878 3801 non
2907 3740 3090 3801 debet
3116 3738 3381 3817 intelligi
3413 3745 3485 3799 ut

1923 3834 2214 3914 imposita
2241 3836 2359 3914 ipsi
2386 3837 2534 3910 Deo,
2584 3853 2699 3895 nec
2740 3835 3025 3895 voluntas
3052 3833 3263 3894 divina
3303 3833 3486 3893 debet

1923 3927 2162 4006 concipi
2186 3932 2256 3986 ut
2283 3926 2541 3988 honesta
2565 3933 2624 3987 et
2656 3931 2846 4001 recta,
2875 3930 3129 4004 propter
3155 3924 3483 3985 conformi-

1921 4024 2114 4079 tatem
2157 4019 2236 4078 ad
2273 4018 2474 4097 legem
2511 4024 2804 4078 aeternam
2834 4018 2934 4078 cui
2974 4016 3354 4094 subjiciatur.
3393 4018 3484 4076 Ita

1923 4111 1995 4170 D.
2024 4109 2315 4183 ThomaS,
2354 4116 2412 4169 1.
2446 4111 2509 4183 2,
2540 4127 2599 4185 q.
2626 4110 2731 4181 93,
2760 4114 2879 4167 art.
2910 4110 2971 4182 4,
3007 4108 3085 4166 ad
3113 4111 3140 4167 1
3172 4130 3189 4181 3
3217 4112 3279 4167 et
3301 4106 3480 4167 Alen-

1922 4201 2031 4273 515,
2075 4201 2225 4277 3p.,
2265 4219 2326 4277 q.
2368 4202 2470 4274 26,
2516 4198 2778 4259 membr.
2815 4200 2878 4272 8,
2916 4204 3033 4258 art.
3069 4201 3124 4258 1.
3169 4199 3483 4259 Consentit

1924 4290 2253 4351 Anselmus
2275 4336 2296 4366 ,
2338 4291 2449 4351 lib.
2496 4294 2523 4350 1
2581 4289 2708 4354 Cur
2763 4291 2928 4351 Deus
2967 4290 3156 4364 homo,
3205 4307 3339 4368 cap.
3378 4293 3476 4366 12,

1922 4383 2132 4444 dicens
2159 4386 2354 4445 Deum
2381 4402 2507 4445 esse
2536 4381 2792 4444 omnino
2831 4381 3099 4443 liberum
3142 4399 3181 4441 a
3214 4382 3372 4459 1636,
3418 4390 3481 4445 et

1920 4477 2059 4538 ideo
2083 4478 2248 4557 quod
2280 4477 2435 4553 vult,
2460 4479 2699 4556 justum
2729 4481 2791 4537 et
2817 4475 3187 4537 conveniens
3216 4492 3383 4537 oese:
3414 4478 3480 4537 id

1921 4576 2130 4631 autem
2176 4572 2340 4649 quod
2393 4575 2483 4631 est
2538 4571 2838 4649 injustum
2884 4574 2945 4631 et
2993 4568 3307 4643 indecenS,
3350 4587 3478 4629 non

1921 4664 2138 4725 cadere
2153 4664 2221 4724 in
2240 4666 2373 4743 ejus
2394 4664 2801 4739 voluntatem,
2826 4682 2955 4723 non
2976 4669 3228 4743 propter
3246 4662 3471 4742 legem,

1919 4757 2026 4817 sed
2048 4756 2195 4834 quia
2223 4775 2351 4816 11011
2383 4757 2650 4835 pertinet
2676 4756 2755 4817 ad
2783 4757 2915 4835 ejus
2940 4755 3311 4817 libertatem.

2000 4850 2059 4908 6.
2105 4849 2363 4910 Ratione
2390 4849 2758 4925 declaratur,
2789 4850 2937 4928 quia
2966 4849 3068 4909 lex
3102 4848 3211 4908 ina
3244 4847 3475 4908 intelli-

1918 4948 2168 5019 geretur
2208 4948 2279 5001 ut
2315 4942 2599 5021 positiva,
2625 4941 2725 5001 vel
2764 4946 2835 5000 ut
2869 4940 3207 5000 naturalis:
3250 4945 3472 5000 neutro

1916 5040 2125 5094 autem
2169 5034 2353 5094 modo
2391 5033 2658 5111 intelligi
2696 5037 2931 5111 potest:
2963 5049 3133 5109 ergo,
3175 5030 3472 5093 Probatur

1915 5127 2123 5186 minor
2150 5127 2352 5205 quoad
2379 5126 2648 5205 priorem
2686 5130 2966 5202 partem:
2997 5123 3144 5200 quia
3172 5122 3274 5184 lex
3308 5124 3470 5203 posi-

1915 5219 2043 5279 tiva
2067 5224 2157 5279 est
2185 5220 2291 5279 illa
2313 5237 2451 5297 quae
2489 5218 2740 5295 ponitur
2766 5234 2876 5295 per
2902 5215 3161 5278 liberam
3185 5218 3469 5279 voluuta-

1915 5316 2042 5371 tem
2081 5311 2340 5388 alicujus
2373 5309 2639 5387 potentis
2676 5310 3028 5388 praecipere,
3068 5315 3130 5370 et
3164 5330 3276 5371 suo
3313 5330 3468 5389 prae-

1916 5408 2115 5480 cepto,
2154 5419 2262 5461 seu
2288 5400 2606 5461 voluntate
2628 5400 2900 5479 obligare
2933 5420 3078 5462 eum
3100 5402 3198 5463 cui
3222 5402 3323 5462 lex
3350 5403 3467 5462 im-

1914 5494 2194 5574 ponitur:
2234 5492 2340 5555 sed
2367 5494 2526 5554 Deus
2547 5511 2675 5554 non
2700 5493 2888 5557 habet
2922 5494 3322 5575 superiorem,
3352 5511 3460 5555 ne-
