3976 6219
523 503 649 566 nisi
682 499 1009 585 specialem
1039 495 1422 577 injustitiam¹
1446 495 1807 558 contineant
1838 501 1948 558 aut
1982 494 2091 557 de-

524 596 742 658 lictum
770 592 1022 673 aliquod
1056 590 1321 668 dignum
1348 588 1573 668 majori
1598 605 1806 669 poena,
1840 586 1940 649 vel
1967 587 2089 649 nisi

521 687 625 749 lex
649 685 835 749 addat
852 682 1220 765 particulam
1238 681 1369 761 ipso
1388 683 1555 758 facto
1563 704 1592 752 ;
1607 680 1775 761 quia,
1792 679 1927 742 sine
1951 678 2084 756 illa,

523 780 624 842 lex
649 798 779 841 non
801 777 1035 857 obligat
1056 775 1135 837 ad
1159 771 1695 836 retrotrahendam
1712 771 2086 834 sententiam

523 891 635 955 per
666 889 856 953 quam
882 875 1057 932 actus
1092 867 1391 930 irritatur.
1435 866 1603 928 Alias
1628 866 1732 928 lex
1757 866 2087 946 imponens

519 967 656 1048 ipso
682 966 847 1028 facto
875 962 1288 1025 irritationem
1312 960 1622 1041 poenalem
1646 958 1810 1020 nihil
1833 958 2087 1021 adderet

519 1059 689 1122 ultra
712 1058 888 1120 illam
906 1075 1043 1137 quoe
1068 1054 1269 1117 solum
1288 1053 1565 1134 praecipit
1585 1052 1830 1115 irritare
1846 1058 2080 1131 actum,

522 1153 689 1234 quod
710 1148 1043 1213 verisimile
1065 1166 1193 1210 non
1212 1153 1325 1209 est.
1356 1146 1552 1226 Igitur
1568 1145 1709 1207 talis
1723 1145 1827 1208 lex
1844 1144 2086 1206 nullam

521 1245 966 1325 obligationem
992 1241 1060 1302 in
1089 1239 1465 1303 couscientia
1502 1238 1739 1300 inducit
1777 1255 1973 1318 usque
2002 1235 2085 1298 ad

524 1338 896 1402 sententiam
922 1336 1112 1397 latam
1129 1382 1148 1411 ,
1203 1339 1267 1396 et
1290 1339 1441 1395 tunc
1462 1332 1679 1395 eadem
1700 1337 1796 1394 est
1819 1332 1978 1393 ratio
2005 1331 2084 1393 de

505 1420 631 1494 'illa
660 1449 798 1512 quae
836 1430 914 1491 de
941 1428 1078 1489 aliis
1117 1425 1468 1508 poenalibus
1507 1425 1772 1505 legibus·
1823 1424 2082 1500 Quando
2135 1490 2138 1492 ,

518 1544 666 1588 vero
701 1524 835 1585 haec
870 1539 1057 1604 poena
1092 1520 1436 1601 imponitur
1462 1519 1597 1600 ipso
1624 1518 1809 1595 facto,
1849 1517 2082 1598 duplici

519 1618 705 1682 modo
738 1634 926 1697 supra
955 1614 1272 1677 insinuato
1297 1612 1537 1692 imponi
1563 1617 1785 1693 potest,
1824 1610 2076 1684 scilicet,

518 1713 620 1776 vel
645 1713 734 1773 ita
754 1719 827 1772 ut
854 1710 1205 1789 requiratur
1237 1706 1544 1769 sententia
1570 1704 1801 1785 judicis
1816 1751 1837 1781 ,
1878 1705 2082 1785 prius-

521 1823 710 1885 quam
730 1804 800 1864 in
828 1803 1052 1865 effectu
1078 1807 1250 1863 actus
1277 1799 1359 1861 sit
1391 1798 1624 1875 nullus,
1660 1797 1848 1859 etiam
1875 1796 2082 1877 quoad

518 1897 870 1960 naturalem
887 1895 1350 1975 obligationem,
1382 1892 1484 1954 vel
1505 1892 1594 1953 ita
1610 1896 1684 1952 ut
1700 1891 1909 1953 statim
1932 1897 2080 1953 ante

512 1991 888 2053 sententiam
914 1990 995 2051 sit
1014 1989 1084 2050 in
1111 2005 1176 2050 se
1197 1985 1453 2048 omnino
1472 1984 1702 2047 irritus.
1729 1984 1806 2045 Et
1824 1985 2080 2066 quidem

513 2084 619 2146 hic
647 2082 959 2163 ‘posterior
1002 2081 1223 2144 modus
1260 2078 1644 2159 frequentius
1687 2079 1955 2140 traditur
1998 2078 2079 2140 ab

515 2175 868 2238 auctoribus
879 2191 900 2253 3
929 2180 1140 2236 tamen
1168 2172 1334 2253 quod
1360 2172 1530 2253 prior
1546 2172 1642 2263 ,sit
1676 2164 1865 2234 etiam
1892 2190 2078 2235 verus

514 2274 577 2330 et
604 2268 875 2329 maxime
899 2265 1340 2341 observanduS,
1366 2265 1515 2326 satis
1536 2264 1784 2328 videtur
1807 2266 1877 2326 in
1899 2283 2078 2346 supe-

516 2360 784 2423 rioribus
821 2360 1172 2440 probatum,
1214 2356 1403 2438 idque
1432 2358 1726 2438 supponit
1757 2358 1973 2420 Moliu.
2007 2358 2075 2419 in

510 2454 669 2533 disp.
696 2453 798 2528 88,
827 2457 1005 2513 tract.
1037 2454 1076 2513 Ξ
1097 2451 1175 2512 de
1196 2452 1350 2512 Just.
1358 2494 1380 2526 ,
1410 2455 1474 2511 et
1496 2450 1766 2511 sumitur
1787 2468 1861 2512 ex
1890 2467 2076 2528 regu-

493 2546 570 2607 la
593 2544 867 2624 generali
889 2545 1036 2606 satis
1052 2549 1320 2624 recepta,
1346 2543 1495 2622 quia
1515 2543 1718 2604 omnis
1736 2561 1921 2623 poena
1937 2543 2074 2623 ipso

493 2688 496 2691 ,
501 2638 646 2717 jure
693 2636 981 2717 imposita
1035 2635 1406 2714 intelligitur
1448 2636 1817 2714 regulariter
1864 2636 2073 2697 media

509 2731 817 2792 sententia
857 2728 1263 2790 declaratoria
1317 2727 1592 2788 criminis
1615 2743 1637 2805 3
1692 2745 1832 2807 quoe
1882 2746 2072 2808 supra

504 2826 766 2883 tractata
793 2827 885 2883 est
910 2826 973 2883 et
1011 2819 1317 2882 declarata
1339 2865 1361 2895 ,
1410 2837 1695 2898 eamque,
1742 2819 2068 2898 allegando

502 2914 726 2991 multa,
757 2912 1085 2975 confirmat
1117 2911 1244 2973 Fel.
1281 2911 1350 2971 in
1378 2929 1515 2991 cap.
1547 2911 1663 2972 ult.
1703 2911 1782 2973 de
1828 2913 2066 2990 Rescr.,

501 3025 570 3069 n.
602 3008 704 3069 35.

578 3102 639 3163 Ξ.
673 3098 964 3176 Quomodo
980 3096 1405 3179 coquosoendus
1415 3096 1625 3161 modus
1634 3095 1896 3177 pennalis
1911 3096 2066 3162 irri-

498 3191 1178 3266 tationis.-Quocirea,
1194 3189 1276 3250 ad
1289 3188 1784 3268 cognoscendum
1801 3191 2063 3253 modum

497 3284 759 3367 poenalis
776 3282 1163 3358 irritationis,
1192 3300 1321 3343 non
1345 3287 1586 3360 oportet
1602 3299 1794 3344 novas
1811 3283 2060 3362 regulas

496 3379 596 3441 vel
615 3377 856 3458 judicia
884 3376 1126 3438 tradere
1140 3421 1162 3451 ,
1197 3374 1303 3436 sed
1343 3375 1640 3455 applicari
1669 3375 1895 3437 debent
1920 3395 2062 3457 quae

494 3473 573 3534 de
599 3471 739 3549 lege
767 3469 998 3549 poenali
1029 3467 1336 3546 diximus3
1361 3486 1510 3528 nam
1537 3465 1754 3530 eadem
1781 3478 1874 3529 est
1899 3468 2059 3529 ratio

492 3564 570 3626 de
599 3564 718 3625 hac
745 3579 931 3642 poena
956 3578 1095 3641 quae
1127 3560 1206 3622 de
1233 3559 1392 3621 aliis.
1424 3561 1660 3639 Itaque,
1702 3559 1754 3621 si
1790 3577 1918 3620 non
1944 3577 2057 3622 e'x-

490 3656 756 3737 plicatur
781 3653 1159 3715 sufficienter
1186 3652 1319 3731 ipso
1346 3653 1510 3728 facto
1535 3696 1556 3727 ,
1587 3650 1685 3711 vel
1709 3652 1841 3730 ipso
1855 3652 2006 3730 jure
2032 3695 2054 3728 ,

391 3809 402 3818 ,
489 3748 859 3821 formaliter,
889 3753 997 3806 aut
1020 3742 1480 3823 aequivalenter,
1502 3749 1678 3805 actus
1695 3742 2059 3821 simpliciter

489 3840 658 3902 valet
696 3843 759 3900 et
782 3836 1048 3898 irritatio
1076 3841 1168 3897 est
1193 3834 1470 3897 ferenda.
1522 3834 1588 3895 Si
1623 3853 1771 3897 vero
1807 3834 2057 3897 additur

487 3934 620 4012 ipso
652 3934 818 4009 facto
836 3975 857 4006 ,
902 3934 1012 3990 aut
1036 3929 1206 4008 jam-o,
1252 3932 1364 3989 aut
1391 3926 1626 4007 aliquid
1652 3928 2050 4006 aequivalens,

487 4030 594 4086 ut:
624 4025 774 4090 Non
796 4022 995 4085 valcat
1007 4065 1028 4096 ,
1060 4025 1262 4085 careat
1286 4020 1492 4082 roboro
1516 4019 1844 4097 firmitatis
1857 4064 1878 4095 ,
1910 4038 2046 4100 cap.

488 4118 667 4181 Decet
683 4161 704 4192 ,
741 4114 779 4195 ξ
815 4112 1159 4188 Ordinarii,
1205 4111 1283 4174 de
1328 4110 1648 4173 Immunit.
1684 4111 2048 4189 Ecclesiar.·‚

485 4209 555 4269 in
585 4210 648 4284 6,
681 4213 745 4270 et
770 4205 931 4274 nihil
949 4205 1319 4285 adjungitur
1332 4249 1353 4280 ‚
1392 4204 1657 4266 irritatio
1682 4199 1935 4284 quidem
1956 4211 2052 4267 est

482 4302 619 4382 ipso
639 4301 825 4376 facto,
847 4316 980 4366 non
1001 4306 1213 4376 tamen
1233 4296 1469 4376 obligat
1489 4315 1686 4377 usque
1703 4297 1783 4358 ad
1804 4304 2051 4361 senten-

480 4398 638 4461 tiam
657 4392 910 4473 judicis,
940 4396 1004 4456 et
1017 4391 1268 4453 ‹itaxnon
1295 4389 1507 4450 statim
1529 4389 1812 4450 annullat
1838 4395 2047 4451 actum

482 4487 687 4571 quoad
713 4485 1004 4547 effectum
1025 4500 1213 4552 ‚suum
1234 4500 1350 4544 nec
1371 4481 1576 4562 quoad
1600 4482 2046 4562 obligationem

481 4578 870 4654 naturalem,
909 4577 1106 4638 donec
1143 4574 1449 4636 sententia
1490 4574 1726 4636 feratur
1757 4579 1821 4637 et
1850 4581 2046 4637 retro·

479 4674 793 4749 trahatur,
831 4682 904 4732 ut
932 4668 1310 4749 explicatum
1344 4672 1457 4729 est.
1501 4668 1583 4728 Ut
1608 4685 1757 4748 ergo
1784 4668 2043 4730 omnino

479 4766 836 4831 annulletur
861 4768 1055 4837 actus,
1089 4760 1324 4840 aliquid
1357 4760 1524 4822 ultra
1549 4761 1773 4823 addere
1794 4779 2041 4824 necesse

478 4867 587 4937 est.
621 4856 778 4933 Quid
800 4860 1010 4917 autem
1031 4852 1185 4914 illud
1208 4853 1287 4913 sit
1313 4852 1421 4914 vix
1441 4858 1609 4915 certa
1632 4854 1851 4933 regula
1872 4872 2040 4917 com·

471 4950 774 5034 prehendi
799 4952 1017 5028 potest,
1044 4945 1313 5008 maxime
1334 4951 1543 5009 autem
1563 4946 1682 5007 hoc
1704 4946 2040 5025 significari

474 5045 630 5108 solet
659 5061 772 5124 per
797 5040 987 5102 verba
1013 5057 1152 5119 quae
1182 5039 1534 5119 impediunt
1566 5039 2039 5119 acquisitionem

474 5137 740 5200 dominii
792 5134 894 5197 vel
953 5131 1393 5211 obligationem
1445 5131 1527 5193 ad
1581 5131 2036 5193 restituendum

472 5231 704 5307 statim,
734 5234 840 5290 ut:
873 5229 1022 5294 Non
1052 5225 1252 5303 saciat
1275 5243 1451 5289 suum
1465 5270 1487 5302 ‚
1526 5230 1796 5290 teneatur
1820 5227 2035 5289 statim

470 5325 804 5398 restituero,
834 5337 983 5381 nam
1011 5319 1091 5379 ad
1117 5318 1479 5396 hujusmodi
1504 5317 1755 5381 effectus
1783 5335 2033 5381 necesse

470 5422 562 5479 est
587 5414 885 5496 impedire
903 5412 1114 5473 statim
1131 5411 1408 5473 valorem
1430 5419 1797 5475 contractus
1833 5413 2031 5474 Idem-

469 5528 591 5589 que
621 5525 839 5573 censeo
865 5506 919 5568 si
948 5524 1026 5568 ex
1065 5510 1241 5586 parte
1272 5507 1407 5585 ejus
1445 5507 1554 5587 qui
1588 5506 1900 5586 obligatur
1925 5504 2030 5568 lex

1428 397 1550 451 Lm.
1581 396 1644 451 V.
1679 395 1761 450 DE
1790 393 2149 449 numum
2178 394 2390 451 mmm
2418 394 2828 451 mmmm.

2168 493 2332 557 dicat
2353 511 2371 557 τ
2392 493 2499 559 Aa
2516 494 2680 558 nihil
2699 498 2994 572 meacm,
3021 492 3127 557 vel
3146 496 3297 576 quid
3314 496 3557 578 simile3
3583 517 3733 563 nam

2167 593 2449 669 respectu
2474 586 2643 649 illius
2666 604 2798 648 non
2822 592 2917 648 est
2942 605 3130 668 poena
3142 633 3164 665 ,
3192 591 3299 653 sed
3325 591 3525 669 favor,
3556 599 3622 655 et
3649 595 3736 656 ita

2169 683 2379 746 statim
2404 686 2606 763 potest
2620 679 2729 742 illo
2750 679 2877 742 frui
2897 680 3023 742 nisi
3039 681 3193 745 velit
3216 682 3312 745 illi
3336 687 3730 764 renuntiare,

2170 782 2234 840 et
2257 776 2347 840 ita
2372 782 2525 838 tunc
2548 773 2619 837 in
2647 773 2853 853 rigore
2878 772 3217 855 impeditur
3245 778 3544 840 naturalis
3573 779 3732 841 obli-

2165 870 2333 950 gatio
2347 914 2369 947 ,
2400 874 2464 931 et
2490 872 2933 949 consequenter
2952 874 3127 932 actus
3145 874 3240 933 est
3261 870 3472 933 statim
3491 871 3725 936 nullus.

2163 964 2351 1026 Secus
2374 979 2522 1026 vero
2548 966 2642 1025 est
2666 960 2847 1023 silex
2877 959 3044 1024 dicat
3089 979 3109 1025 ε
3150 962 3303 1031 Non
3326 970 3577 1044 cogatur
3602 966 3729 1030 sol-

2162 1074 2318 1133 vere,
2345 1055 2448 1118 vel
2476 1076 2492 1116 ε
2523 1053 2714 1119 Actor
2728 1072 2848 1118 non
2868 1053 3184 1132 audiatur,
3207 1054 3310 1118 vel
3326 1056 3476 1136 quid
3497 1057 3724 1134 simile,

2163 1149 2313 1229 quia
2347 1154 2499 1211 tunc
2523 1146 2624 1210 lex
2653 1165 2782 1209 non
2806 1147 3020 1210 statim
3046 1147 3275 1212 resistit
3302 1149 3501 1212 valori
3525 1157 3720 1217 actus.

2245 1243 2303 1303 3.
2352 1242 2655 1303 Praeterea
2671 1245 2764 1302 est
2785 1240 3231 1303 consideranda
3249 1243 3510 1305 materia
3528 1259 3549 1321 3
3575 1261 3725 1306 nam

2163 1334 2218 1397 si
2248 1334 2351 1398 lex
2372 1334 2538 1397 dicat
2561 1333 2793 1396 irritari
2819 1340 3029 1397 actum
3054 1334 3189 1416 ipso
3214 1335 3378 1399 facto
3403 1382 3426 1413 ,
3463 1344 3527 1399 et
3553 1344 3724 1400 actus

2163 1428 2244 1490 sit
2266 1426 2584 1490 irritabilis
2603 1427 3039 1490 antecedenter
3050 1446 3162 1490 seu
3181 1428 3497 1510 priusqam
3510 1429 3646 1507 fiat,
3661 1436 3726 1493 et

2159 1539 2289 1583 non
2315 1526 2764 1601 consequenter
2804 1538 2913 1584 seu
2951 1527 3293 1602 postquam·
3318 1522 3563 1585 validus
3602 1528 3721 1601 est,

2159 1619 2310 1677 tunc
2343 1613 2447 1676 lex
2474 1614 2685 1675 statim
2711 1613 2918 1675 irritat
2941 1619 3151 1676 actum
3170 1661 3192 1691 ,
3236 1621 3309 1676 ut
3336 1614 3549 1677 videre
3575 1614 3724 1679 licet

2158 1706 2228 1768 in
2253 1705 2493 1787 legibus
2518 1705 2908 1768 irritantibus
2934 1706 3335 1769 matrimonia
3364 1707 3464 1769 vel
3490 1708 3721 1788 profes-

2159 1800 2379 1862 siones.
2417 1799 2484 1861 Si
2510 1817 2658 1861 vero
2677 1804 2853 1861 actus
2879 1816 3009 1862 non
3034 1800 3116 1861 sit
3145 1798 3488 1877 irritabilis,
3514 1819 3632 1862 nec
3652 1801 3718 1863 in

2160 1892 2298 1954 fieri
2325 1909 2443 1955 nec
2472 1898 2801 1973 postquam
2832 1893 3031 1955 factus
3060 1898 3176 1969 est,
3220 1897 3284 1955 et
3307 1892 3718 1956 nihilominus

2159 1984 2262 2047 lex
2310 1986 2474 2047 dicat
2521 1985 2754 2047 irritari
2801 1986 2993 2048 talem
3037 1991 3248 2047 actum
3273 2031 3296 2063 ,
3348 1986 3720 2066 intelligitur

2161 2079 2366 2158 quoad
2388 2098 2596 2156 usum,
2624 2079 2725 2142 vel
2746 2079 2986 2160 aliquos
3004 2079 3254 2141 effectus
3280 2080 3439 2160 ejus,
3461 2097 3719 2160 quomo-

2156 2169 2237 2232 do
2261 2171 2549 2234 dicuntur
2575 2171 2908 2252 aliquando
2937 2172 3006 2233 in
3020 2172 3168 2252 jure
3190 2173 3485 2234 canonico
3508 2173 3718 2234 irrita-

2156 2264 2213 2326 ri
2240 2265 2658 2328 ordinationes
2687 2272 2906 2328 contra
2923 2265 3405 2346 prohibitionem
3432 2266 3717 2328 Ecclaeiae

2154 2357 2370 2434 factas,
2389 2364 2464 2421 ut
2483 2358 2632 2420 alibi
2657 2358 2842 2421 latius
2866 2359 3241 2440 explicatum
3262 2364 3380 2422 est.
3414 2361 3716 2422 Praeterea

2152 2450 2308 2512 solet
2333 2452 2467 2513 haze
2497 2452 2761 2514 irritatio
2793 2456 2966 2513 actus
2994 2452 3061 2512 in
3090 2470 3158 2514 se
3184 2459 3249 2514 et
3279 2459 3426 2515 ante
3462 2471 3715 2514 omnem

2152 2545 2524 2606 sententiam
2566 2544 2860 2624 explicari
2894 2563 3006 2625 per
3035 2544 3312 2621 effectuS,
3350 2552 3423 2606 ut
3456 2563 3601 2607 cum
3636 2546 3714 2607 de

2151 2636 2550 2698 matrimonio
2573 2637 2801 2697 dicitur
2817 2655 2994 2717 posse
3014 2638 3299 2717 conjuges
3315 2638 3397 2698 ad
3419 2637 3549 2699 alia
3568 2643 3715 2700 vota

2148 2730 2438 2805 transire,
2478 2728 2580 2790 vel
2606 2746 2737 2791 non
2776 2729 3054 2791 obstante
3076 2729 3189 2790 tali
3218 2734 3547 2791 contractu
3568 2749 3715 2809 pro-

2147 2819 2271 2882 lem
2300 2839 2429 2883 esse
2455 2820 2876 2900 illegitimam,
2908 2821 3011 2884 vel
3037 2821 3259 2884 debere
3284 2826 3585 2902 perpetuo
3617 2839 3711 2883 sc-

2146 2914 2355 2993 parari
2369 2929 2391 2992 3
2434 2912 2534 2974 his
2573 2913 2744 2974 enim
2785 2913 2988 2977 modis
3030 2913 3231 2976 solent
3268 2914 3338 2975 in
3370 2915 3531 2994 jure,
3577 2932 3710 2975 non

2143 3005 2344 3068 solum
2372 3005 2695 3082 canonico,
2723 3006 2829 3067 sed
2856 3006 3046 3068 etiam
3072 3005 3244 3067 civili
3274 3006 3557 3086 explicari
3583 3006 3710 3066 im-

2142 3097 2499 3178 pedimenta
2524 3098 2834 3160 irritantia
2850 3099 3420 3176 matrimonium,ut
3436 3104 3605 3178 patet
3625 3117 3709 3161 ex

2141 3207 2197 3251 c.
2234 3190 2440 3270 Super
2469 3191 2599 3267 hoo,
2628 3192 2712 3253 De
2738 3209 2812 3254 eo
2840 3192 2950 3271 qui
2975 3191 3177 3268 duxit,
3216 3198 3362 3269 etc„
3398 3209 3544 3253 cum
3568 3190 3704 3253 aliis

2141 3281 2420 3361 ejusdem
2452 3282 2645 3360 tituli,
2677 3289 2741 3345 et
2765 3283 3094 3346 similibus.

2220 3378 2282 3436 4.
2325 3376 2620 3439 Iro-itacio
2642 3395 2763 3439 non
2779 3378 3041 3457 poenaliae
3066 3377 3349 3459 quomodo
3367 3376 3700 3442 inducitur.

2138 3468 2319 3529 -De
2342 3467 2691 3532 irritatione
2717 3475 2928 3532 autem
2957 3487 3086 3532 non
3109 3467 3341 3551 poenali
3371 3469 3705 3533 dicendum

2138 3566 2250 3636 est,
2296 3560 2512 3623 induci
2539 3562 2870 3625 efficaciter
2899 3567 2964 3624 et
2995 3562 3232 3638 statim,
3265 3561 3563 3642 nullaque
3599 3581 3704 3625 ex·-

2137 3657 2380 3731 pectata
2395 3654 2704 3716 sententia
2722 3653 2822 3715 vel
2847 3654 3523 3733 declarationejudicis‚
3551 3672 3704 3735 quo-

2135 3743 2251 3805 ties
2281 3744 2385 3807 lex
2424 3745 2559 3826 ipsa
2599 3744 2871 3808 declarat
2898 3746 3313 3808 irritationem
3347 3746 3480 3826 ipso
3510 3746 3696 3825 facto,

2132 3835 2233 3897 vel
2273 3837 2442 3918 quod
2485 3856 2614 3899 non
2654 3839 2860 3901 valeat
2892 3844 3065 3901 actus
3097 3857 3177 3901 ex
3208 3845 3384 3915 tunc,
3419 3838 3520 3900 vel
3548 3839 3700 3919 quid

2133 3929 2354 3993 simile.
2406 3932 2535 3992 Hoc
2563 3937 2763 4011 patet,
2793 3931 2942 4012 quia
2974 3931 3107 3993 haec
3138 3932 3412 4006 irritatio
3445 3950 3573 3993 non
3599 3937 3699 3994 est

2130 4038 2338 4100 poena,
2368 4027 2440 4082 ut
2467 4041 2654 4103 supra
2682 4029 2994 4086 ostensum
3023 4029 3116 4086 est
3145 4041 3164 4085 z
3195 4042 3344 4103 ergo
3370 4022 3555 4086 silex
3584 4024 3697 4085 de-

2129 4112 2323 4175 clarat
2363 4114 2778 4178 irritationem
2815 4116 2948 4196 ipso
2995 4117 3182 4193 facto,
3230 4134 3361 4178 non
3405 4122 3498 4178 est
3539 4116 3694 4196 quid

2128 4205 2397 4286 amplius
2425 4213 2759 4288 spectetur.
2806 4209 2962 4270 Item
3001 4207 3104 4270 lex
3145 4208 3444 4271 directiva
3482 4210 3694 4271 statim

2128 4297 2363 4378 obligat
2391 4299 2459 4359 in
2497 4301 2871 4362 conscientia
2898 4301 3130 4381 absque
3155 4301 3515 4362 interventu
3544 4301 3694 4362 alte-

2126 4389 2255 4451 rius
2279 4392 2570 4472 proecepti
2588 4393 2818 4472 judicis
2834 4438 2856 4469 ,
2886 4393 2987 4455 vel
3011 4393 3253 4472 simile3
3289 4394 3397 4455 sed
3423 4394 3564 4455 talis
3590 4393 3695 4456 lex

2127 4482 2316 4544 etiam
2344 4489 2417 4544 ut
2448 4484 2698 4545 irritans
2724 4490 2817 4547 est
2838 4485 3156 4564 directiva,
3186 4490 3252 4547 et
3266 4504 3382 4565 per
3397 4504 3463 4548 se
3480 4504 3695 4548 neces-

2124 4575 2289 4636 saria
2332 4575 2412 4636 ad
2453 4594 2783 4639 commune
2830 4578 3065 4640 bonum
3117 4595 3136 4638 ε
3187 4596 3359 4658 ergo.
3408 4580 3693 4642 Tandem

2121 4673 2324 4747 posset
2348 4668 2412 4729 id
2432 4669 2789 4732 confirmari
2814 4671 3176 4749 inductione
3197 4671 3410 4751 legum
3437 4673 3692 4734 irritan-

2120 4760 2278 4822 tium
2306 4762 2727 4841 matrimonia,
2757 4764 3199 4843 professiones,
3240 4771 3356 4827 etc.
3391 4765 3512 4827 Sed
3539 4765 3692 4845 quia

2117 4870 2218 4914 res
2249 4853 2500 4916 videtur
2518 4872 2649 4917 esse
2670 4863 2858 4933 certa,
2887 4863 2952 4918 et
2973 4862 3150 4919 extra
3174 4858 3685 4935 controversiam,

2117 4961 2247 5005 non
2274 4944 2594 5008 immoror.
2627 4948 2773 5021 Quoe
2803 4955 3013 5011 autem
3041 4951 3231 5012 verba
3255 4951 3338 5011 ad
3364 4951 3482 5012 hoc
3513 4950 3691 5030 suffi-

2117 5037 2309 5114 ciant,
2328 5040 2476 5100 satis
2502 5039 2768 5120 intelligi
2790 5048 2991 5122 potest
3017 5060 3094 5104 ex
3115 5043 3398 5123 proxime
3419 5044 3601 5105 dictis
3622 5048 3689 5106 et

2115 5148 2304 5211 supra
2330 5132 2409 5193 de
2433 5132 2573 5212 lege
2593 5134 2847 5214 poenali.
2872 5136 2948 5196 Et
2964 5136 3163 5198 videri
3176 5140 3379 5216 potest
3398 5135 3523 5198 late
3550 5136 3682 5198 Fel.

2115 5225 2225 5305 qui
2241 5224 2366 5287 alia
2387 5225 2587 5289 multa
2604 5225 2794 5290 refert
2821 5228 2889 5288 in
2917 5247 2972 5290 c.
2998 5228 3114 5289 ult.
3137 5229 3214 5290 de
3232 5231 3470 5302 Rescr.‚
3501 5248 3569 5289 n.
3600 5230 3688 5290 23

2114 5323 2178 5379 et
2206 5318 2551 5398 sequentib.
2577 5335 2599 5399 3
2633 5320 2944 5400 Tiraquel.
2971 5322 3039 5381 in
3066 5321 3175 5382 lib.
3203 5322 3318 5384 ult.
3351 5322 3681 5399 Connub.3

2110 5410 2304 5473 Gloss.
2341 5414 2412 5488 4,
2447 5429 2486 5471 a
2514 5412 2760 5492 princ.3
2808 5414 3062 5491 Covar.,
3109 5415 3179 5475 in
3214 5432 3350 5495 cap.
3388 5415 3685 5490 Quamvis

2103 5509 2388 5585 pactum,
2433 5505 2472 5564 2
2498 5523 2590 5586 p.,
2621 5505 2741 5587 §4.
2773 5508 3025 5570 Certum
3052 5513 3263 5570 autem
3299 5508 3369 5569 in
3396 5508 3682 5588 generali
