3976 6219
794 457 928 509 cAP.
952 455 1125 509 xvm.
1152 453 1368 508 mmm
1394 453 1591 508 LEGES
1617 450 2018 507 ’maurosum
2044 450 2348 505 onustum·
2368 451 2432 506 m
2457 451 2876 516 conscmN'm,
2898 452 3034 505 ETC.

301 555 730 638 interpretatio
755 555 829 617 fit
856 555 1142 634 exigente
1168 553 1429 632 justitia,
1450 558 1522 613 ut
1539 552 1626 615 sic
1643 554 1867 615 dicam.

304 653 379 712 Et
395 652 483 712 ita
509 650 800 711 videntur
828 649 1057 710 sentire
1087 646 1163 708 de
1192 645 1437 724 gabella
1464 664 1574 707 seu
1598 645 1873 708 alcavala

305 743 473 817 Soto,
503 742 771 818 Medina,
803 746 866 802 et
883 740 1014 802 alii.
1042 741 1253 818 Neque
1280 738 1472 799 etiam
1489 738 1639 799 huic
1662 739 1872 800 mode-

302 836 531 897 rationi
577 834 845 895 obstabit
891 833 1057 913 quod
1099 831 1319 894 tributi
1360 832 1734 893 contributio
1791 832 1872 893 sit

304 928 628 1008 cujusdam
650 927 841 989 debiti
863 926 1109 1002 solutio,
1140 942 1290 985 nam
1306 924 1423 985 hoc
1442 924 1720 986 debitum
1741 941 1870 986 non

301 1020 491 1082 habet
522 1039 600 1081 ex
635 1026 861 1082 natura
904 1020 995 1081 rei
1037 1025 1268 1081 certam
1299 1018 1733 1097 quantitatem,
1763 1017 1869 1079 sed

301 1114 463 1176 hanc
479 1119 652 1174 taxat
677 1113 777 1174 lex
806 1111 1103 1187 humana,
1126 1117 1189 1173 et
1214 1110 1350 1173 fieri
1374 1117 1574 1190 potest
1599 1116 1672 1171 ut
1697 1117 1870 1173 taxa-

301 1212 367 1267 ta
396 1224 540 1267 cum
566 1205 847 1266 absoluta
873 1204 1247 1283 obligatione
1281 1204 1361 1264 sit
1390 1204 1609 1281 nimia,
1636 1209 1870 1266 etcum

301 1300 410 1361 illa
435 1298 855 1360 moderatione
889 1299 969 1359 sit
989 1296 1474 1359 accommodata.

383 1394 485 1453 23.
529 1392 667 1452 Alio
695 1391 880 1453 modo
907 1396 1107 1471 potest
1138 1390 1406 1469 intelligi
1427 1389 1570 1451 talis
1587 1389 1871 1451 modera-

301 1484 392 1545 tio
424 1485 588 1546 facta
614 1484 677 1545 vi
705 1484 1186 1559 consuetudinis,
1215 1484 1285 1544 in
1311 1501 1433 1562 qua
1453 1482 1543 1564 (ιιι
1573 1482 1723 1560 dixi)
1753 1484 1872 1544 Na-

301 1595 520 1639 varrus
547 1577 887 1638 maximam
924 1577 1055 1638 vim
1100 1576 1270 1651 facit,
1301 1582 1363 1637 et
1401 1580 1601 1655 potest
1641 1575 1872 1636 habere

303 1687 626 1749 magnam,
657 1669 904 1749 quando
931 1674 1172 1731 constat
1210 1669 1311 1730 vel
1345 1667 1726 1749 probabilius
1752 1674 1868 1745 est,

297 1765 479 1844 juxta
501 1763 810 1844 publicam
827 1762 1120 1839 formam,
1141 1763 1410 1824 nimium
1436 1778 1564 1822 esse
1586 1770 1872 1840 gravatos

302 1856 600 1918 subditos.
631 1858 805 1917 Tunc
831 1856 1001 1916 enim
1048 1854 1425 1917 consuetudo
1458 1853 1566 1915 illa
1605 1871 1732 1915 non
1764 1872 1874 1933 po-

301 1954 422 2011 test
446 1950 570 2011 dici
598 1948 1058 2025 irrationabilis,
1080 1966 1197 2010 nec
1219 1953 1434 2009 contra
1458 1948 1663 2026 legem
1690 1954 1874 2008 natu-

303 2041 522 2117 ralem,
555 2044 699 2122 quia
726 2061 852 2103 non
880 2059 955 2103 eo
983 2042 1183 2103 tendit
1209 2047 1281 2101 ιιι
1319 2059 1430 2103 rex
1456 2041 1738 2121 privetur
1769 2041 1873 2103 de-

303 2133 448 2194 bitis
477 2140 541 2196 et
567 2134 1025 2196 abundantibus
1072 2133 1417 2213 stipendiis,
1467 2134 1573 2195 sed
1620 2145 1693 2194 ut
1744 2151 1872 2194 non

304 2226 430 2288 sint
451 2227 671 2303 nimia,
703 2233 765 2288 et
801 2234 872 2288 ut
900 2227 1162 2307 populus
1185 2226 1506 2288 commode
1531 2225 1723 2306 possit
1765 2225 1874 2287 illa

304 2320 561 2381 solvere.
602 2322 723 2383 Cur
750 2337 898 2399 ergo
920 2320 1059 2381 talis
1103 2318 1480 2381 consuetudo
1507 2336 1637 2380 non
1683 2317 1872 2378 habe-

304 2411 396 2473 bit
420 2412 551 2472 vim
601 2410 964 2473 moderandi
1000 2411 1202 2491 legem
1252 2411 1456 2491 quoad
1505 2410 1873 2472 moderatio-

304 2523 448 2567 nem
479 2504 699 2566 tributi
734 2504 1013 2566 solvendi
1043 2522 1181 2583 quae
1215 2521 1327 2584 per
1353 2521 1492 2565 eam
1526 2503 1635 2565 fit?
1663 2504 1872 2582 Neque

306 2599 494 2659 etiam
523 2600 592 2659 in
642 2616 715 2659 eo
745 2616 892 2659 casu
932 2596 1198 2659 obstabit
1233 2596 1508 2657 defectus
1538 2614 1872 2657 consensus

303 2691 474 2751 taciti
493 2691 560 2750 in
581 2691 883 2771 principe,
911 2691 1020 2771 qui
1051 2707 1295 2769 semper
1322 2688 1569 2763 resistit,
1603 2694 1665 2750 et
1687 2690 1871 2768 punit

306 2802 371 2845 se
402 2783 774 2844 occultantes
796 2800 878 2843 ne
922 2782 1202 2857 solvant3
1248 2782 1365 2843 boc
1394 2782 1697 2860 (inquam)
1741 2799 1869 2842 non

307 2878 527 2951 obstat,
560 2877 730 2956 quia,
760 2875 904 2937 licet
931 2876 1213 2955 princeps
1236 2893 1347 2953 per
1372 2876 1721 2935 moderatas
1743 2892 1872 2954 poe-

308 2988 418 3031 nas
444 2986 688 3049 semper
729 2968 973 3030 resistat
1003 2985 1082 3028 ne
1109 2966 1338 3027 subditi
1388 2965 1652 3026 nimiam
1682 2965 1872 3027 licen-

307 3064 461 3126 tiam
516 3067 787 3138 sumant,
843 3059 1134 3142 praesumi
1187 3057 1409 3120 merito
1457 3062 1658 3140 potest
1699 3057 1872 3119 illam

308 3156 686 3218 coactionem
714 3173 844 3216 esse
865 3171 1022 3235 pure
1053 3152 1386 3233 poenalem,
1417 3157 1479 3212 et
1518 3150 1597 3212 ad
1638 3166 1873 3211 recom-

307 3248 688 3330 pensandam
713 3247 819 3308 illo
861 3246 1047 3307 modo
1095 3244 1470 3305 tributorum
1515 3243 1875 3304 diminutio-

308 3359 455 3402 nem
487 3356 504 3400 :
552 3339 961 3401 nihilominus
1006 3355 1156 3399 vero
1206 3334 1579 3397 consuetudo
1623 3333 1876 3396 habebit

308 3434 439 3495 vim
461 3432 819 3495 remittendi
841 3430 1286 3510 obligationem
1302 3428 1456 3507 legis
1473 3428 1542 3488 in
1564 3427 1877 3489 conscien-

308 3526 421 3602 tia,
451 3531 514 3587 et
539 3527 826 3605 princeps
851 3522 952 3586 vel
989 3541 1118 3584 non
1140 3526 1361 3602 potest,
1389 3519 1491 3581 vel
1529 3537 1658 3581 non
1694 3518 1877 3580 debet

310 3621 379 3680 in
399 3619 518 3681 boc
546 3619 604 3680 ei
628 3618 932 3693 resistere,
964 3616 1112 3697 quia
1137 3615 1307 3693 leges
1332 3613 1624 3674 humanae
1647 3612 1876 3674 debent

313 3730 444 3773 esse
473 3710 751 3772 moribus
788 3710 1099 3771 utentium
1131 3704 1632 3770 accommodatae.

392 3806 493 3866 24.
540 3803 718 3865 Addo
763 3807 1059 3883 praeterea
1098 3799 1458 3878 contingere
1479 3815 1654 3879 posse
1698 3801 1770 3858 ut
1796 3796 1874 3859 de

315 3897 486 3958 nullo
511 3897 744 3958 tributo
771 3896 838 3955 in
864 3892 1223 3976 particulari
1241 3891 1509 3971 judicari
1530 3889 1721 3969 possit
1747 3906 1877 3950 esse

314 3990 502 4050 nimis
529 4007 740 4070 grave,
768 3988 868 4051 vel
895 3988 1220 4067 injustum,
1252 3983 1494 4046 etiamsi
1520 3981 1623 4043 lex
1646 3980 1877 4058 obliget

315 4083 396 4143 ad
423 4082 784 4144 solvendum
814 4080 970 4141 illud
997 4077 1298 4151 absolute,
1353 4078 1417 4135 et
1451 4072 1684 4152 absque
1718 4073 1876 4152 peti-

315 4176 518 4252 tione;
553 4181 615 4237 et
647 4172 1054 4234 nihilominus
1101 4167 1269 4251 quod
1306 4172 1400 4227 tot
1425 4166 1550 4226 sint
1575 4164 1878 4243 multipli-

316 4274 454 4329 cata
479 4266 714 4328 tributa
739 4271 811 4325 ut
837 4282 913 4325 ex
933 4279 1147 4325 eorum
1167 4258 1419 4321 cumulo
1445 4257 1697 4319 resultet
1723 4273 1879 4317 onus

317 4361 504 4422 nimis
524 4378 710 4438 grave
737 4376 849 4440 pro
878 4354 1192 4419 communi
1217 4352 1445 4434 populo
1463 4351 1875 4426 subditorum,

319 4458 381 4516 et
407 4452 574 4533 quod
596 4451 713 4512 boc
752 4449 1068 4512 moraliter
1098 4453 1335 4509 constet
1360 4463 1437 4508 ex
1471 4444 1789 4506 effectibus
1817 4449 1879 4505 et

320 4564 397 4609 ex
428 4544 674 4626 publico
714 4542 982 4606 clamore
1025 4540 1238 4622 populi
1268 4545 1330 4601 et
1354 4538 1669 4601 communi
1691 4537 1879 4597 etiam

318 4638 697 4724 prudentum
735 4636 991 4717 judicio.
1025 4637 1199 4696 Tune
1228 4650 1375 4713 ergo
1405 4631 1634 4692 habere
1658 4628 1882 4709 poterit

321 4732 509 4793 etiam
530 4730 735 4791 locum
763 4729 927 4790 dicta
949 4726 1313 4800 moderatio,
1332 4723 1499 4805 quia,
1527 4723 1579 4784 si
1605 4739 1763 4784 onus
1789 4726 1883 4782 est

320 4825 613 4900 nimium,
652 4840 878 4931 parum
903 4821 1093 4884 refert
1115 4818 1277 4899 quod
1311 4835 1442 4878 una
1472 4815 1572 4878 vel
1597 4814 1883 4896 pluribus

321 4918 564 4998 legibus
589 4936 663 4979 ae
699 4918 820 4978 viis
866 4917 1151 4995 exigatur
1181 4934 1196 4973 z
1229 4930 1379 4992 ergo
1417 4916 1568 4972 tunc
1592 4913 1886 4990 poterunt

322 5011 552 5073 subditi
585 5011 696 5073 illa
739 5009 1159 5073 moderatione
1197 5006 1295 5068 uti
1316 5006 1385 5066 in
1413 5022 1542 5066 una
1563 5003 1661 5066 vel
1689 5003 1886 5064 altera

324 5104 669 5180 occasione,
715 5119 861 5165 cum
898 5100 1220 5164 commode
1263 5098 1600 5179 potuerint,
1640 5113 1769 5157 non
1814 5101 1886 5156 ut

324 5196 690 5259 sufficientia
752 5194 987 5257 tributa
1038 5211 1168 5255 non
1218 5190 1461 5253 solvant
1515 5190 1651 5268 (boc
1713 5188 1885 5250 enim

325 5306 650 5369 nunquam
661 5287 849 5349 licere
870 5292 1092 5368 potest,
1117 5285 1265 5366 quia
1292 5289 1385 5345 est
1403 5287 1617 5343 contra
1635 5287 1887 5344 natura-

323 5382 449 5445 lem
473 5382 824 5462 justitiam),
854 5381 960 5443 sed
986 5386 1060 5442 ut
1097 5396 1238 5441 cum
1275 5376 1696 5438 moderatione
1724 5376 1891 5455 justa

327 5476 592 5553 solvant,
616 5494 803 5556 seque
829 5474 1151 5538 indemnes
1184 5472 1534 5547 observent,
1566 5475 1637 5531 ut
1663 5469 1891 5531 babere

326 5569 561 5652 possint
583 5568 751 5632 unde
779 5586 1021 5680 semper
1052 5568 1219 5650 Justa
1249 5563 1486 5628 tributa
1511 5562 1886 5646 persolvant.

3396 451 3502 512 50⁴

2070 646 2308 709 Praoeis
2337 647 2405 708 in
2427 646 2722 711 solvendis
2751 645 3003 709 tributis
3028 644 3390 709 dedas-atur.

2030 837 2131 897 25.
2175 835 2405 898 Ultimo
2431 835 2599 916 (quia
2628 835 2961 915 potissimae
3004 833 3191 914 hujus
3237 834 3513 898 materias

1950 926 2275 989 difficultas
2303 934 2366 990 et
2392 928 2627 989 utilitas
2658 934 2750 990 est
2784 928 2853 988 ιιι
2880 927 3291 1008 applicatione
3324 927 3514 1008 hujus

1948 1022 2254 1102 generalis
2279 1022 2575 1083 doctrines
2608 1020 2687 1083 ad
2714 1022 2980 1102 praxim)
3017 1020 3370 1084 addendum
3398 1028 3513 1099 est,

1948 1114 2347 1195 adjudicium
2368 1113 2693 1177 ferendum
2720 1115 2789 1175 in
2822 1114 3236 1194 singularibus
3257 1113 3430 1175 factis
3454 1120 3518 1176 et

1947 1207 2251 1288 personis,
2291 1207 2708 1268 necessarium
2738 1225 2867 1269 esse
2890 1208 2958 1268 in
2980 1206 3336 1288 particulari
3364 1225 3518 1286 pon-

1949 1300 2167 1361 derare
2194 1300 2578 1362 conditiones
2604 1318 2907 1380 personae,
2932 1319 3039 1375 an,
3069 1299 3319 1373 scilicet,
3345 1298 3517 1361 dives

1949 1393 2031 1455 sit
2055 1393 2155 1455 vel
2183 1411 2441 1473 pauper,
2471 1398 2533 1454 et
2562 1412 2643 1454 an
2681 1412 2880 1454 unum
2907 1393 3006 1456 vel
3033 1392 3297 1454 alterum
3327 1391 3521 1453 tribu-

1949 1492 2087 1547 tum
2112 1485 2212 1548 vel
2230 1485 2430 1548 multa
2466 1504 2541 1548 ex
2568 1486 2824 1547 diversis
2847 1485 3149 1566 capitibus
3182 1503 3292 1546 seu
3320 1484 3518 1545 titulis

1950 1578 2187 1640 solvere
2217 1584 2525 1640 teneatur.
2558 1578 2788 1640 Deinde
2816 1579 3094 1641 conferre
3140 1583 3382 1658 oportet
3426 1577 3519 1638 ia·-

1952 1670 2243 1732 cultatem
2278 1676 2340 1731 et
2381 1668 2797 1732 conditionem
2837 1689 3114 1752 personae
3141 1689 3285 1732 cum
3330 1687 3520 1732 onere

1950 1763 2172 1824 tributi
2215 1761 2317 1825 vel
2347 1762 2747 1839 tributorum,
2784 1768 2847 1825 et
2887 1763 3232 1843 expendere
3269 1780 3352 1823 an
3393 1780 3522 1823 res-

1951 1861 2134 1936 pectu
2165 1855 2307 1916 talis
2334 1873 2611 1935 personae
2637 1873 2795 1916 onus
2819 1856 2899 1916 sit
2920 1856 3107 1916 nimis
3130 1872 3340 1934 grave,
3371 1853 3521 1934 quia

1953 1948 2194 2011 excedit
2218 1948 2579 2011 facultatem
2625 1949 2678 2028 ej
2686 1966 2780 2023 us,
2814 1954 2876 2010 et
2905 1948 3081 2010 lucra
3105 1948 3208 2010 vel
3242 1947 3520 2009 redditus

1954 2040 2182 2121 quibus
2226 2041 2464 2120 indiget
2500 2041 2580 2101 ad
2608 2040 3142 2118 sustentationem,
3185 2040 3286 2100 vel
3312 2056 3523 2119 perso-

1954 2152 2075 2210 nae,
2120 2134 2222 2196 vel
2264 2133 2541 2211 familiae,
2592 2133 2694 2195 vel
2733 2139 2930 2195 status
2977 2132 3401 2195 convenientis
3447 2147 3522 2192 ac

1953 2228 2280 2304 moderati,
2303 2233 2540 2290 attenta
2571 2228 2703 2308 ejus
2729 2227 3083 2289 conditione
3110 2232 3172 2288 et
3194 2224 3513 2306 qualitate.

1951 2321 2185 2396 Quibus
2198 2322 2505 2402 spectatis,
2518 2321 2700 2401 juxta
2717 2320 3139 2382 conditionem
3155 2319 3301 2380 inde
3324 2317 3518 2379 resul-

1949 2420 2189 2476 tantem
2212 2413 2440 2494 poterit
2460 2413 2716 2474 formari
2734 2412 3046 2492 judicium
3079 2412 3241 2473 circa
3266 2428 3522 2472 excusa-

1949 2506 2211 2583 tionem,
2241 2506 2344 2567 vel
2370 2505 2815 2583 obligationem
2841 2504 3121 2566 solvendi
3160 2504 3398 2565 tributa
3423 2503 3520 2563 in-

1949 2607 2125 2681 tegre
2174 2600 2277 2662 vel
2319 2617 2398 2660 ex
2424 2604 2619 2678 parte,
2662 2604 2725 2660 et
2752 2598 2867 2660 sub
2896 2598 3272 2673 conditione,
3319 2597 3372 2658 si
3412 2616 3519 2678 pe-

1948 2701 2187 2770 tantur,
2217 2694 2318 2756 vel
2355 2693 2585 2773 absque
2628 2692 2757 2754 illa.
2802 2695 2959 2755 Nam
3006 2691 3313 2772 imprimis
3353 2710 3522 2752 nun-

1951 2806 2140 2872 quam
2172 2787 2356 2849 debet
2381 2788 2518 2866 quis
2550 2786 2828 2847 excusari
2855 2785 2933 2846 ab
2961 2785 3249 2846 omnibus
3270 2784 3520 2845 tributis

1949 2881 2281 2956 solvendis,
2307 2879 2431 2939 nisi
2454 2883 2631 2939 tanta
2655 2879 2735 2939 sit
2761 2882 3088 2957 paupertas
3115 2881 3186 2937 ut
3212 2877 3521 2956 impoten-

1951 2977 2042 3037 tia
2077 2978 2381 3035 excuset:
2423 2970 2795 3048 regulariter
2840 2987 2989 3031 vero
3035 2968 3330 3047 obligatio
3373 2987 3523 3048 pen-

1955 3066 2143 3130 dendi
2169 3063 2470 3127 tributum
2506 3062 2775 3142 principi
2816 3061 2970 3123 adeo
3007 3060 3309 3122 naturalis
3336 3066 3431 3123 est
3459 3066 3524 3124 et

1954 3178 2066 3241 per
2092 3176 2156 3219 se
2200 3163 2337 3217 orta
2361 3172 2439 3217 ex
2461 3155 2700 3216 ratione
2738 3155 3018 3232 justitias,
3054 3160 3125 3214 ut
3165 3173 3293 3215 non
3334 3155 3526 3234 possit

1955 3250 2095 3332 quis
2117 3247 2373 3311 omnino
2396 3247 2673 3309 excusari
2703 3252 2955 3326 propter
2983 3252 3384 3326 apparentem
3420 3247 3526 3307 in-

1950 3341 2260 3425 justitiam
2282 3345 2391 3401 aut
2429 3339 2700 3400 nimium
2739 3356 3077 3418 gravamen
3118 3338 3516 3402 tributorum.

1955 3438 2137 3511 Nam,
2159 3440 2289 3496 esto
2316 3432 2525 3513 aliqua
2543 3439 2744 3493 essent
2764 3431 3020 3511 injusta,
3042 3430 3167 3493 alia
3188 3435 3372 3492 erunt
3395 3432 3525 3511 J’us-

1954 3534 2043 3604 ta‚
2088 3533 2151 3589 et
2201 3525 2423 3588 saltem
2470 3525 2727 3603 antiqua
2776 3541 3018 3604 semper
3061 3529 3525 3604 praesumuntur

1950 3623 2141 3705 justa,
2167 3625 2230 3680 et
2248 3619 2318 3680 in
2353 3616 2605 3679 cumulo
2634 3617 3013 3678 tributorum
3042 3634 3286 3696 semper
3326 3616 3524 3677 inclu-

1955 3715 2125 3775 ditur
2145 3712 2254 3773 illa
2279 3709 2584 3791 generalis
2611 3710 2771 3772 ratio
2799 3709 3235 3771 contribuendi
3261 3708 3341 3770 ad
3369 3709 3524 3770 dan·

1955 3807 2109 3868 dum
2144 3804 2408 3886 principi
2431 3804 2671 3883 justum
2705 3802 3085 3908 stipendium
3113 3807 3176 3865 et
3217 3801 3520 3863 auxilium

1955 3900 2036 3960 ad
2067 3895 2342 3977 publicas
2369 3913 2667 3976 expensas
2688 3895 2785 3956 sui
2814 3895 3112 3957 muneris.

2036 3991 2139 4051 26.
2185 3988 2343 4062 Quia
2382 4004 2531 4048 vero
2572 3986 2706 4047 haec
2752 3985 3127 4046 contributio
3169 3984 3351 4047 debet
3393 4004 3526 4048 esse

1955 4080 2420 4164 proportionata
2442 4078 2740 4158 personis,
2755 4082 2818 4138 et
2830 4095 2956 4139 non
2976 4083 3069 4138 est
3086 4076 3303 4138 eadem
3326 4096 3525 4158 quan-

1957 4176 2102 4236 titas
2128 4171 2408 4234 absoluta
2425 4172 2593 4251 justa
2630 4174 2907 4248 respectu
2943 4169 3249 4245 omnium,
3278 4168 3438 4245 ideo,
3473 4172 3527 4231 si

1957 4267 2027 4328 in
2047 4263 2402 4347 particulari
2424 4267 2661 4324 constet
2678 4267 2958 4341 respectu
2975 4260 3163 4338 huius
3181 4279 3313 4322 esse
3339 4262 3529 4322 nimis

1959 4376 2215 4439 gravem
2235 4361 2300 4419 et
2312 4354 2954 4436 improportionatam,
2976 4352 3368 4415 excusabitur
3388 4354 3527 4433 quis

1959 4470 1999 4512 a
2024 4456 2223 4525 tanto,
2248 4448 2393 4510 licet
2408 4466 2536 4509 non
2562 4465 2601 4508 a
2622 4452 2775 4523 toto,
2801 4451 2864 4507 et
2893 4445 2983 4506 ita
3003 4445 3233 4526 poterit
3257 4445 3357 4506 vel
3386 4451 3526 4506 tan-

1957 4550 2096 4605 tum
2156 4541 2394 4603 solvere
2446 4558 2521 4602 ea
2574 4557 2714 4620 quae
2769 4538 2902 4599 sine
2949 4536 3335 4599 dubitatione
3381 4543 3530 4599 sunt

1955 4638 2145 4720 justa,
2176 4639 2238 4696 et
2259 4633 2382 4695 alia
2402 4633 2602 4694 vitare
2627 4649 2756 4693 non
2782 4638 3033 4710 propter
3053 4628 3249 4690 solam
3285 4628 3530 4691 dubita·

1960 4729 2197 4790 tionem
2216 4726 2294 4788 de
2318 4725 2569 4787 illorum
2588 4723 2855 4804 justitia,
2882 4721 2990 4784 sed
3031 4720 3179 4800 quia
3211 4722 3423 4782 omnia
3450 4721 3531 4782 si-

1963 4820 2097 4881 mul
2122 4818 2511 4880 continerent
2555 4815 3106 4896 improportionem
3138 4830 3277 4892 quae
3307 4813 3531 4874 merito

1962 4913 2198 4974 vitatur
2214 4928 2342 4973 non
2363 4907 2657 4971 solvendo
2680 4925 2755 4970 ea
2772 4925 2912 4987 quoe
2932 4906 3142 4967 minus
3167 4910 3337 4966 certa
3358 4910 3525 4969 sunt.

1964 5004 2258 5081 Quamvis
2280 5003 2333 5064 si
2354 5002 2507 5065 ordo
2525 5003 2640 5063 iste
2665 5000 2988 5062 commode
3015 4997 3248 5060 servari
3274 5014 3402 5058 non
3423 5015 3533 5077 po-

1962 5098 2153 5160 tuerit
2188 5103 2249 5159 et
2283 5095 2524 5157 facilius
2561 5095 2642 5155 sit
2675 5092 2979 5154 occultare
3013 5089 3138 5151 alia
3180 5089 3439 5166 tributa,
3468 5095 3533 5151 et

1966 5209 2041 5253 ea
2074 5191 2311 5253 solvere
2351 5205 2489 5269 quoe
2531 5186 2740 5248 minus
2787 5189 2957 5246 certa
2998 5189 3165 5257 sunt,
3208 5180 3535 5258 satisfaciet

1968 5284 2108 5365 quis
2134 5300 2262 5343 suae
2287 5278 2650 5359 obligationi
2694 5277 2803 5338 illa
2829 5274 3145 5349 solvendo,
3194 5273 3531 5335 dummodo

1961 5376 2131 5454 justa
2158 5373 2471 5454 quantitas
2508 5371 2881 5432 tributorum
2934 5366 3347 5448 persolvatur,
3381 5384 3531 5427 nam

1967 5468 2058 5529 ibi
2099 5466 2385 5548 quoedam
2427 5464 2619 5526 tacita
2648 5459 3132 5542 recompensatIo
3170 5457 3533 5525 intervenit.

1967 5560 2090 5625 Ubi
2114 5565 2327 5622 autem
2347 5576 2426 5623 ex
2444 5554 2932 5641 improportione
2949 5553 3031 5616 ad
3046 5566 3376 5635 personam
3401 5567 3531 5613 non
