<?xml version="1.0" encoding="UTF-8"?>
<!DOCTYPE html PUBLIC "-//W3C//DTD XHTML 1.0 Transitional//EN"
    "http://www.w3.org/TR/xhtml1/DTD/xhtml1-transitional.dtd">
<html xmlns="http://www.w3.org/1999/xhtml" xml:lang="en" lang="en">
 <head>
  <title>
</title>
<meta http-equiv="Content-Type" content="text/html;charset=utf-8" />
  <meta name='ocr-system' content='tesseract 3.04.00' />
  <meta name='ocr-capabilities' content='ocr_page ocr_carea ocr_par ocr_line ocrx_word'/>
</head>
<body>
  <div class='ocr_page' id='page_1' title='image "./rpfranciscisuar02duvagoog_0551.png"; bbox 0 0 3976 6219; ppageno 0'>
   <div class='ocr_carea' id='block_1_1' title="bbox 961 418 2817 489">
    <p class='ocr_par' dir='ltr' id='par_1_1' title="bbox 961 418 2817 489">
     <span class='ocr_line' id='line_1_1' title="bbox 961 418 2817 489; baseline -0.001 -13"><span class='ocrx_word' id='word_1_1' title='bbox 961 422 1096 476; x_wconf 69' lang='lat' dir='ltr'><strong>(m).</strong></span> <span class='ocrx_word' id='word_1_2' title='bbox 1128 423 1326 479; x_wconf 80' lang='lat' dir='ltr'>XXVII.</span> <span class='ocrx_word' id='word_1_3' title='bbox 1361 424 1576 480; x_wconf 73' lang='lat' dir='ltr'><strong>mmm</strong></span> <span class='ocrx_word' id='word_1_4' title='bbox 1606 423 1961 489; x_wconf 63' lang='lat' dir='ltr'><strong>mausum</strong></span> <span class='ocrx_word' id='word_1_5' title='bbox 1994 418 2153 476; x_wconf 67' lang='lat' dir='ltr'><strong>som</strong></span> <span class='ocrx_word' id='word_1_6' title='bbox 2182 420 2531 477; x_wconf 73' lang='lat' dir='ltr'><strong>Pnomsrno</strong></span> <span class='ocrx_word' id='word_1_7' title='bbox 2563 421 2648 485; x_wconf 82' lang='lat' dir='ltr'><strong>Vl,</strong></span> <span class='ocrx_word' id='word_1_8' title='bbox 2682 420 2817 474; x_wconf 72' lang='lat' dir='ltr'><strong>mc,</strong></span> 
     </span>
    </p>
   </div>
   <div class='ocr_carea' id='block_1_2' title="bbox 277 523 1845 1918">
    <p class='ocr_par' dir='ltr' id='par_1_2' title="bbox 277 523 1845 1918">
     <span class='ocr_line' id='line_1_2' title="bbox 283 523 1844 608; baseline -0.001 -17"><span class='ocrx_word' id='word_1_9' title='bbox 283 533 376 591; x_wconf 91' lang='lat' dir='ltr'><strong>est</strong></span> <span class='ocrx_word' id='word_1_10' title='bbox 402 524 594 590; x_wconf 83' lang='lat' dir='ltr'><strong>verba</strong></span> <span class='ocrx_word' id='word_1_11' title='bbox 631 523 1024 607; x_wconf 89' lang='lat' dir='ltr'><strong>prohibentia</strong></span> <span class='ocrx_word' id='word_1_12' title='bbox 1050 544 1179 588; x_wconf 94' lang='lat' dir='ltr'><strong>non</strong></span> <span class='ocrx_word' id='word_1_13' title='bbox 1217 526 1498 591; x_wconf 84' lang='lat' dir='ltr'><strong>sufficere</strong></span> <span class='ocrx_word' id='word_1_14' title='bbox 1516 574 1540 607; x_wconf 90' lang='lat'><strong>,</strong></span> <span class='ocrx_word' id='word_1_15' title='bbox 1585 534 1658 591; x_wconf 91' lang='lat' dir='ltr'><strong>ut</strong></span> <span class='ocrx_word' id='word_1_16' title='bbox 1683 545 1844 608; x_wconf 80' lang='lat' dir='ltr'><strong>soepe</strong></span> 
     </span>
     <span class='ocr_line' id='line_1_3' title="bbox 283 619 1845 702; baseline 0.002 -20"><span class='ocrx_word' id='word_1_17' title='bbox 283 621 521 683; x_wconf 87' lang='lat' dir='ltr'><strong>dictum</strong></span> <span class='ocrx_word' id='word_1_18' title='bbox 563 625 677 697; x_wconf 88' lang='lat' dir='ltr'><strong>est,</strong></span> <span class='ocrx_word' id='word_1_19' title='bbox 720 619 827 682; x_wconf 87' lang='lat' dir='ltr'><strong>sed</strong></span> <span class='ocrx_word' id='word_1_20' title='bbox 861 619 1274 682; x_wconf 86' lang='lat' dir='ltr'><strong>necessarium</strong></span> <span class='ocrx_word' id='word_1_21' title='bbox 1314 639 1442 684; x_wconf 86' lang='lat' dir='ltr'><strong>esse</strong></span> <span class='ocrx_word' id='word_1_22' title='bbox 1482 628 1554 683; x_wconf 90' lang='lat' dir='ltr'><strong>ut</strong></span> <span class='ocrx_word' id='word_1_23' title='bbox 1595 622 1695 685; x_wconf 79' lang='lat' dir='ltr'><strong>vel</strong></span> <span class='ocrx_word' id='word_1_24' title='bbox 1733 639 1845 702; x_wconf 89' lang='lat' dir='ltr'><strong>per</strong></span> 
     </span>
     <span class='ocr_line' id='line_1_4' title="bbox 281 712 1844 796; baseline 0.001 -19"><span class='ocrx_word' id='word_1_25' title='bbox 281 731 568 795; x_wconf 85' lang='lat' dir='ltr'><strong>expressa</strong></span> <span class='ocrx_word' id='word_1_26' title='bbox 584 712 795 790; x_wconf 77' lang='lat' dir='ltr'><strong>verba,</strong></span> <span class='ocrx_word' id='word_1_27' title='bbox 826 712 926 775; x_wconf 83' lang='lat' dir='ltr'><strong>vel</strong></span> <span class='ocrx_word' id='word_1_28' title='bbox 945 730 1058 793; x_wconf 91' lang='lat' dir='ltr'><strong>per</strong></span> <span class='ocrx_word' id='word_1_29' title='bbox 1084 712 1357 792; x_wconf 85' lang='lat' dir='ltr'><strong>effectus,</strong></span> <span class='ocrx_word' id='word_1_30' title='bbox 1387 715 1489 778; x_wconf 79' lang='lat' dir='ltr'><strong>vel</strong></span> <span class='ocrx_word' id='word_1_31' title='bbox 1509 734 1622 796; x_wconf 89' lang='lat' dir='ltr'><strong>per</strong></span> <span class='ocrx_word' id='word_1_32' title='bbox 1642 715 1844 796; x_wconf 80' lang='lat' dir='ltr'><strong>ipsam</strong></span> 
     </span>
     <span class='ocr_line' id='line_1_5' title="bbox 283 804 1842 884; baseline 0.003 -16"><span class='ocrx_word' id='word_1_33' title='bbox 283 806 591 869; x_wconf 89' lang='lat' dir='ltr'><strong>rationem</strong></span> <span class='ocrx_word' id='word_1_34' title='bbox 616 804 797 884; x_wconf 89' lang='lat' dir='ltr'><strong>legis,</strong></span> <span class='ocrx_word' id='word_1_35' title='bbox 835 805 1213 868; x_wconf 84' lang='lat' dir='ltr'><strong>sufficienter</strong></span> <span class='ocrx_word' id='word_1_36' title='bbox 1245 807 1609 871; x_wconf 87' lang='lat' dir='ltr'><strong>declaretur.</strong></span> <span class='ocrx_word' id='word_1_37' title='bbox 1642 810 1718 870; x_wconf 86' lang='lat' dir='ltr'><strong>Et</strong></span> <span class='ocrx_word' id='word_1_38' title='bbox 1751 809 1842 873; x_wconf 89' lang='lat' dir='ltr'><strong>ita</strong></span> 
     </span>
     <span class='ocr_line' id='line_1_6' title="bbox 281 898 1845 980; baseline 0.003 -19"><span class='ocrx_word' id='word_1_39' title='bbox 281 904 521 962; x_wconf 87' lang='lat' dir='ltr'><strong>cessant</strong></span> <span class='ocrx_word' id='word_1_40' title='bbox 543 898 855 961; x_wconf 70' lang='lat' dir='ltr'><strong>instantiae</strong></span> <span class='ocrx_word' id='word_1_41' title='bbox 878 916 1017 978; x_wconf 77' lang='grc'>8881</span> <span class='ocrx_word' id='word_1_42' title='bbox 1056 899 1124 960; x_wconf 89' lang='grc'><strong>18</strong></span> <span class='ocrx_word' id='word_1_43' title='bbox 1152 900 1457 980; x_wconf 84' lang='grc'>811881810</span> <span class='ocrx_word' id='word_1_44' title='bbox 1485 920 1541 962; x_wconf 92' lang='grc'><strong>8.</strong></span> <span class='ocrx_word' id='word_1_45' title='bbox 1573 904 1652 966; x_wconf 77' lang='lat'><strong>25</strong></span> <span class='ocrx_word' id='word_1_46' title='bbox 1677 919 1845 965; x_wconf 86' lang='grc'>8888·</span> 
     </span>
     <span class='ocr_line' id='line_1_7' title="bbox 277 991 1844 1073; baseline 0.002 -18"><span class='ocrx_word' id='word_1_47' title='bbox 277 992 580 1056; x_wconf 79' lang='lat' dir='ltr'><strong>rebantur</strong></span> <span class='ocrx_word' id='word_1_48' title='bbox 610 991 688 1054; x_wconf 92' lang='lat' dir='ltr'><strong>de</strong></span> <span class='ocrx_word' id='word_1_49' title='bbox 722 991 1121 1053; x_wconf 89' lang='lat' dir='ltr'><strong>matrimonio</strong></span> <span class='ocrx_word' id='word_1_50' title='bbox 1149 997 1214 1054; x_wconf 93' lang='lat' dir='ltr'><strong>et</strong></span> <span class='ocrx_word' id='word_1_51' title='bbox 1238 994 1636 1073; x_wconf 81' lang='lat' dir='ltr'><strong>professione.</strong></span> <span class='ocrx_word' id='word_1_52' title='bbox 1685 997 1844 1058; x_wconf 91' lang='lat' dir='ltr'><strong>Nam</strong></span> 
     </span>
     <span class='ocr_line' id='line_1_8' title="bbox 281 1083 1844 1168; baseline 0.004 -22"><span class='ocrx_word' id='word_1_53' title='bbox 281 1087 488 1168; x_wconf 90' lang='lat' dir='ltr'><strong>potius</strong></span> <span class='ocrx_word' id='word_1_54' title='bbox 508 1086 578 1146; x_wconf 90' lang='lat' dir='ltr'><strong>in</strong></span> <span class='ocrx_word' id='word_1_55' title='bbox 602 1085 702 1146; x_wconf 89' lang='lat' dir='ltr'><strong>his</strong></span> <span class='ocrx_word' id='word_1_56' title='bbox 727 1083 999 1147; x_wconf 87' lang='lat' dir='ltr'><strong>maxime</strong></span> <span class='ocrx_word' id='word_1_57' title='bbox 1024 1087 1370 1148; x_wconf 87' lang='lat' dir='ltr'><strong>necessaria</strong></span> <span class='ocrx_word' id='word_1_58' title='bbox 1392 1093 1486 1149; x_wconf 90' lang='lat' dir='ltr'><strong>est</strong></span> <span class='ocrx_word' id='word_1_59' title='bbox 1511 1088 1844 1154; x_wconf 79' lang='lat' dir='ltr'><strong>declaratio</strong></span> 
     </span>
     <span class='ocr_line' id='line_1_9' title="bbox 280 1179 1845 1263; baseline 0.002 -22"><span class='ocrx_word' id='word_1_60' title='bbox 280 1179 644 1241; x_wconf 79' lang='lat' dir='ltr'><strong>irritationis</strong></span> <span class='ocrx_word' id='word_1_61' title='bbox 668 1184 920 1259; x_wconf 89' lang='lat' dir='ltr'><strong>propter</strong></span> <span class='ocrx_word' id='word_1_62' title='bbox 958 1179 1233 1241; x_wconf 80' lang='lat' dir='ltr'><strong>materiae</strong></span> <span class='ocrx_word' id='word_1_63' title='bbox 1266 1181 1634 1259; x_wconf 81' lang='lat' dir='ltr'><strong>gravitatem</strong></span> <span class='ocrx_word' id='word_1_64' title='bbox 1659 1188 1722 1244; x_wconf 91' lang='lat' dir='ltr'><strong>et</strong></span> <span class='ocrx_word' id='word_1_65' title='bbox 1738 1202 1845 1263; x_wconf 88' lang='lat' dir='ltr'><strong>pe·</strong></span> 
     </span>
     <span class='ocr_line' id='line_1_10' title="bbox 278 1270 1841 1352; baseline 0.003 -18"><span class='ocrx_word' id='word_1_66' title='bbox 278 1270 645 1348; x_wconf 86' lang='lat' dir='ltr'><strong>riculum‚ut</strong></span> <span class='ocrx_word' id='word_1_67' title='bbox 663 1271 823 1333; x_wconf 89' lang='lat' dir='ltr'><strong>bene</strong></span> <span class='ocrx_word' id='word_1_68' title='bbox 847 1276 1067 1334; x_wconf 82' lang='grc'>1188181</span> <span class='ocrx_word' id='word_1_69' title='bbox 1082 1272 1285 1335; x_wconf 84' lang='lat' dir='ltr'><strong>Sanci.</strong></span> <span class='ocrx_word' id='word_1_70' title='bbox 1291 1273 1360 1350; x_wconf 87' lang='lat'><strong>,1.</strong></span> <span class='ocrx_word' id='word_1_71' title='bbox 1389 1276 1425 1336; x_wconf 84' lang='lat'><strong>7</strong></span> <span class='ocrx_word' id='word_1_72' title='bbox 1448 1273 1525 1336; x_wconf 94' lang='lat' dir='ltr'><strong>de</strong></span> <span class='ocrx_word' id='word_1_73' title='bbox 1542 1276 1841 1352; x_wconf 85' lang='lat' dir='ltr'><strong>Matrim.,</strong></span> 
     </span>
     <span class='ocr_line' id='line_1_11' title="bbox 280 1364 1842 1449; baseline 0.003 -22"><span class='ocrx_word' id='word_1_74' title='bbox 280 1364 438 1444; x_wconf 85' lang='lat' dir='ltr'><strong>disp.</strong></span> <span class='ocrx_word' id='word_1_75' title='bbox 464 1367 526 1427; x_wconf 74' lang='grc' dir='ltr'><strong>Ξ.</strong></span> <span class='ocrx_word' id='word_1_76' title='bbox 547 1366 782 1427; x_wconf 85' lang='lat' dir='ltr'><strong>Verum</strong></span> <span class='ocrx_word' id='word_1_77' title='bbox 803 1371 1015 1427; x_wconf 88' lang='lat' dir='ltr'><strong>tamen</strong></span> <span class='ocrx_word' id='word_1_78' title='bbox 1037 1371 1131 1427; x_wconf 91' lang='lat' dir='ltr'><strong>est</strong></span> <span class='ocrx_word' id='word_1_79' title='bbox 1147 1366 1407 1447; x_wconf 90' lang='lat' dir='ltr'><strong>antiqua</strong></span> <span class='ocrx_word' id='word_1_80' title='bbox 1422 1367 1665 1431; x_wconf 90' lang='lat' dir='ltr'><strong>decreta</strong></span> <span class='ocrx_word' id='word_1_81' title='bbox 1682 1388 1842 1449; x_wconf 78' lang='lat' dir='ltr'><strong>soepe</strong></span> 
     </span>
     <span class='ocr_line' id='line_1_12' title="bbox 278 1455 1844 1539; baseline 0.003 -20"><span class='ocrx_word' id='word_1_82' title='bbox 278 1455 401 1519; x_wconf 91' lang='grc'>1108</span> <span class='ocrx_word' id='word_1_83' title='bbox 426 1458 732 1538; x_wconf 87' lang='grc'>888118818</span> <span class='ocrx_word' id='word_1_84' title='bbox 756 1476 869 1539; x_wconf 89' lang='lat' dir='ltr'><strong>per</strong></span> <span class='ocrx_word' id='word_1_85' title='bbox 894 1457 1147 1521; x_wconf 81' lang='lat' dir='ltr'><strong>effectus</strong></span> <span class='ocrx_word' id='word_1_86' title='bbox 1171 1458 1570 1538; x_wconf 88' lang='lat' dir='ltr'><strong>irritationis,</strong></span> <span class='ocrx_word' id='word_1_87' title='bbox 1599 1467 1673 1524; x_wconf 91' lang='lat' dir='ltr'><strong>ut</strong></span> <span class='ocrx_word' id='word_1_88' title='bbox 1696 1466 1844 1523; x_wconf 91' lang='lat' dir='ltr'><strong>sunt</strong></span> 
     </span>
     <span class='ocr_line' id='line_1_13' title="bbox 278 1550 1842 1632; baseline 0.003 -20"><span class='ocrx_word' id='word_1_89' title='bbox 278 1556 580 1632; x_wconf 87' lang='lat' dir='ltr'><strong>perpetua</strong></span> <span class='ocrx_word' id='word_1_90' title='bbox 609 1551 937 1632; x_wconf 86' lang='lat' dir='ltr'><strong>separatio,</strong></span> <span class='ocrx_word' id='word_1_91' title='bbox 971 1550 1222 1614; x_wconf 89' lang='lat' dir='ltr'><strong>illicitus</strong></span> <span class='ocrx_word' id='word_1_92' title='bbox 1248 1553 1642 1632; x_wconf 87' lang='lat' dir='ltr'><strong>concubitus,</strong></span> <span class='ocrx_word' id='word_1_93' title='bbox 1674 1560 1737 1617; x_wconf 92' lang='lat' dir='ltr'><strong>et</strong></span> <span class='ocrx_word' id='word_1_94' title='bbox 1761 1555 1842 1616; x_wconf 90' lang='grc'><strong>81·</strong></span> 
     </span>
     <span class='ocr_line' id='line_1_14' title="bbox 279 1641 1840 1726; baseline 0.004 -22"><span class='ocrx_word' id='word_1_95' title='bbox 279 1641 460 1706; x_wconf 87' lang='grc'>181188</span> <span class='ocrx_word' id='word_1_96' title='bbox 477 1688 501 1721; x_wconf 91' lang='grc'>,</span> <span class='ocrx_word' id='word_1_97' title='bbox 542 1643 620 1707; x_wconf 87' lang='lat' dir='ltr'><strong>de</strong></span> <span class='ocrx_word' id='word_1_98' title='bbox 647 1643 873 1726; x_wconf 89' lang='lat' dir='ltr'><strong>quibus</strong></span> <span class='ocrx_word' id='word_1_99' title='bbox 913 1644 984 1707; x_wconf 90' lang='lat' dir='ltr'><strong>in</strong></span> <span class='ocrx_word' id='word_1_100' title='bbox 1022 1643 1151 1707; x_wconf 90' lang='lat' dir='ltr'><strong>suis</strong></span> <span class='ocrx_word' id='word_1_101' title='bbox 1186 1646 1464 1710; x_wconf 90' lang='lat' dir='ltr'><strong>materiis</strong></span> <span class='ocrx_word' id='word_1_102' title='bbox 1506 1646 1840 1711; x_wconf 89' lang='lat' dir='ltr'><strong>dicendum</strong></span> 
     </span>
     <span class='ocr_line' id='line_1_15' title="bbox 784 1853 1314 1918; baseline 0 0"><span class='ocrx_word' id='word_1_103' title='bbox 784 1853 1037 1918; x_wconf 83' lang='lat' dir='ltr'>CAPUT</span> <span class='ocrx_word' id='word_1_104' title='bbox 1076 1853 1314 1918; x_wconf 83' lang='lat' dir='ltr'>XXVII.</span> 
     </span>
    </p>
   </div>
   <div class='ocr_carea' id='block_1_3' title="bbox 276 2031 1842 2086">
    <p class='ocr_par' dir='ltr' id='par_1_3' title="bbox 276 2031 1842 2086">
     <span class='ocr_line' id='line_1_16' title="bbox 276 2031 1842 2086; baseline 0.003 -6"><span class='ocrx_word' id='word_1_105' title='bbox 276 2032 480 2080; x_wconf 70' lang='lat' dir='ltr'><strong>mun</strong></span> <span class='ocrx_word' id='word_1_106' title='bbox 506 2031 833 2086; x_wconf 67' lang='lat' dir='ltr'><strong>mommio</strong></span> <span class='ocrx_word' id='word_1_107' title='bbox 860 2033 1005 2081; x_wconf 69' lang='lat' dir='ltr'><strong>som</strong></span> <span class='ocrx_word' id='word_1_108' title='bbox 1029 2034 1358 2082; x_wconf 70' lang='lat' dir='ltr'><strong>mommo</strong></span> <span class='ocrx_word' id='word_1_109' title='bbox 1389 2036 1456 2082; x_wconf 71' lang='lat' dir='ltr'><strong>VI</strong></span> <span class='ocrx_word' id='word_1_110' title='bbox 1490 2036 1568 2083; x_wconf 78' lang='lat' dir='ltr'><strong>m·</strong></span> <span class='ocrx_word' id='word_1_111' title='bbox 1599 2035 1842 2085; x_wconf 68' lang='lat' dir='ltr'>NATURA</span> 
     </span>
    </p>
   </div>
   <div class='ocr_carea' id='block_1_4' title="bbox 357 2126 1841 2267">
    <p class='ocr_par' dir='ltr' id='par_1_4' title="bbox 357 2126 1841 2267">
     <span class='ocr_line' id='line_1_17' title="bbox 358 2126 1841 2189; baseline 0.005 -18"><span class='ocrx_word' id='word_1_112' title='bbox 358 2126 471 2172; x_wconf 71' lang='grc'>8111</span> <span class='ocrx_word' id='word_1_113' title='bbox 497 2126 735 2173; x_wconf 76' lang='lat' dir='ltr'><strong>mmm</strong></span> <span class='ocrx_word' id='word_1_114' title='bbox 765 2126 987 2189; x_wconf 73' lang='grc'>181811,</span> <span class='ocrx_word' id='word_1_115' title='bbox 1018 2127 1152 2176; x_wconf 75' lang='grc'>81118</span> <span class='ocrx_word' id='word_1_116' title='bbox 1177 2127 1533 2177; x_wconf 63' lang='lat' dir='ltr'><strong>spumeum</strong></span> <span class='ocrx_word' id='word_1_117' title='bbox 1556 2129 1841 2178; x_wconf 72' lang='grc'>1118111118</span> 
     </span>
     <span class='ocr_line' id='line_1_18' title="bbox 357 2218 844 2267; baseline 0.004 -2"><span class='ocrx_word' id='word_1_118' title='bbox 357 2218 522 2266; x_wconf 72' lang='lat' dir='ltr'><strong>mam</strong></span> <span class='ocrx_word' id='word_1_119' title='bbox 553 2219 844 2267; x_wconf 73' lang='grc'>8111811118.</span> 
     </span>
    </p>
   </div>
   <div class='ocr_carea' id='block_1_5' title="bbox 269 2385 1842 5563">
    <p class='ocr_par' dir='ltr' id='par_1_5' title="bbox 274 2385 1842 3677">
     <span class='ocr_line' id='line_1_19' title="bbox 360 2385 1840 2472; baseline 0.006 -25"><span class='ocrx_word' id='word_1_120' title='bbox 360 2390 420 2447; x_wconf 98' lang='grc'><strong>1.</strong></span> <span class='ocrx_word' id='word_1_121' title='bbox 465 2387 774 2449; x_wconf 81' lang='lat' dir='ltr'><strong>Hactenus</strong></span> <span class='ocrx_word' id='word_1_122' title='bbox 822 2385 1026 2449; x_wconf 88' lang='lat' dir='ltr'><strong>solum</strong></span> <span class='ocrx_word' id='word_1_123' title='bbox 1071 2386 1342 2451; x_wconf 85' lang='lat' dir='ltr'><strong>diximus</strong></span> <span class='ocrx_word' id='word_1_124' title='bbox 1382 2389 1588 2470; x_wconf 89' lang='lat' dir='ltr'><strong>legem</strong></span> <span class='ocrx_word' id='word_1_125' title='bbox 1628 2391 1840 2472; x_wconf 90' lang='lat' dir='ltr'><strong>prohi-</strong></span> 
     </span>
     <span class='ocr_line' id='line_1_20' title="bbox 277 2470 1842 2565; baseline 0.004 -22"><span class='ocrx_word' id='word_1_126' title='bbox 277 2480 530 2543; x_wconf 90' lang='lat' dir='ltr'><strong>bentem</strong></span> <span class='ocrx_word' id='word_1_127' title='bbox 551 2497 680 2541; x_wconf 92' lang='lat' dir='ltr'><strong>non</strong></span> <span class='ocrx_word' id='word_1_128' title='bbox 705 2478 950 2542; x_wconf 87' lang='lat' dir='ltr'><strong>irritare</strong></span> <span class='ocrx_word' id='word_1_129' title='bbox 968 2470 1181 2544; x_wconf 88' lang='grc'>8818111</span> <span class='ocrx_word' id='word_1_130' title='bbox 1204 2482 1268 2543; x_wconf 84' lang='lat' dir='ltr'><strong>vi</strong></span> <span class='ocrx_word' id='word_1_131' title='bbox 1290 2501 1402 2545; x_wconf 89' lang='grc'><strong>888</strong></span> <span class='ocrx_word' id='word_1_132' title='bbox 1421 2493 1486 2546; x_wconf 90' lang='lat' dir='ltr'><strong>et</strong></span> <span class='ocrx_word' id='word_1_133' title='bbox 1513 2485 1692 2565; x_wconf 84' lang='lat' dir='ltr'><strong>quasi</strong></span> <span class='ocrx_word' id='word_1_134' title='bbox 1709 2486 1842 2549; x_wconf 90' lang='lat' dir='ltr'><strong>sola</strong></span> 
     </span>
     <span class='ocr_line' id='line_1_21' title="bbox 276 2573 1840 2659; baseline 0.004 -25"><span class='ocrx_word' id='word_1_135' title='bbox 276 2574 368 2635; x_wconf 90' lang='lat' dir='ltr'><strong>rei</strong></span> <span class='ocrx_word' id='word_1_136' title='bbox 393 2578 621 2635; x_wconf 88' lang='lat' dir='ltr'><strong>natura</strong></span> <span class='ocrx_word' id='word_1_137' title='bbox 648 2573 1052 2635; x_wconf 80' lang='lat' dir='ltr'><strong>considerata.</strong></span> <span class='ocrx_word' id='word_1_138' title='bbox 1080 2574 1333 2653; x_wconf 87' lang='lat' dir='ltr'><strong>Oportet</strong></span> <span class='ocrx_word' id='word_1_139' title='bbox 1358 2595 1506 2656; x_wconf 86' lang='lat' dir='ltr'><strong>ergo</strong></span> <span class='ocrx_word' id='word_1_140' title='bbox 1532 2595 1840 2659; x_wconf 85' lang='lat' dir='ltr'><strong>exponere</strong></span> 
     </span>
     <span class='ocr_line' id='line_1_22' title="bbox 277 2664 1835 2749; baseline 0.004 -22"><span class='ocrx_word' id='word_1_141' title='bbox 277 2684 360 2727; x_wconf 92' lang='lat' dir='ltr'><strong>an</strong></span> <span class='ocrx_word' id='word_1_142' title='bbox 389 2665 522 2727; x_wconf 80' lang='grc'>11818</span> <span class='ocrx_word' id='word_1_143' title='bbox 558 2666 778 2745; x_wconf 87' lang='grc'>183818</span> <span class='ocrx_word' id='word_1_144' title='bbox 806 2664 885 2727; x_wconf 87' lang='grc'><strong>811</strong></span> <span class='ocrx_word' id='word_1_145' title='bbox 914 2665 1239 2728; x_wconf 85' lang='lat' dir='ltr'><strong>indefinite</strong></span> <span class='ocrx_word' id='word_1_146' title='bbox 1265 2670 1589 2745; x_wconf 88' lang='lat' dir='ltr'><strong>sumenda,</strong></span> <span class='ocrx_word' id='word_1_147' title='bbox 1622 2670 1687 2731; x_wconf 90' lang='lat' dir='ltr'><strong>id</strong></span> <span class='ocrx_word' id='word_1_148' title='bbox 1720 2677 1835 2749; x_wconf 92' lang='lat' dir='ltr'><strong>est,</strong></span> 
     </span>
     <span class='ocr_line' id='line_1_23' title="bbox 277 2757 1838 2840; baseline 0.004 -22"><span class='ocrx_word' id='word_1_149' title='bbox 277 2763 350 2819; x_wconf 89' lang='lat' dir='ltr'><strong>ut</strong></span> <span class='ocrx_word' id='word_1_150' title='bbox 381 2757 481 2819; x_wconf 87' lang='lat' dir='ltr'><strong>lex</strong></span> <span class='ocrx_word' id='word_1_151' title='bbox 514 2775 666 2837; x_wconf 89' lang='lat' dir='ltr'><strong>pure</strong></span> <span class='ocrx_word' id='word_1_152' title='bbox 696 2758 1030 2838; x_wconf 84' lang='lat' dir='ltr'><strong>prohibens</strong></span> <span class='ocrx_word' id='word_1_153' title='bbox 1054 2776 1184 2820; x_wconf 91' lang='lat' dir='ltr'><strong>non</strong></span> <span class='ocrx_word' id='word_1_154' title='bbox 1209 2777 1453 2840; x_wconf 89' lang='lat' dir='ltr'><strong>semper</strong></span> <span class='ocrx_word' id='word_1_155' title='bbox 1481 2761 1704 2840; x_wconf 89' lang='lat' dir='ltr'><strong>irritet,</strong></span> <span class='ocrx_word' id='word_1_156' title='bbox 1737 2763 1838 2825; x_wconf 75' lang='lat' dir='ltr'><strong>vel</strong></span> 
     </span>
     <span class='ocr_line' id='line_1_24' title="bbox 276 2849 1839 2931; baseline 0.004 -20"><span class='ocrx_word' id='word_1_157' title='bbox 276 2849 668 2930; x_wconf 80' lang='lat' dir='ltr'><strong>generaliter,</strong></span> <span class='ocrx_word' id='word_1_158' title='bbox 700 2856 774 2911; x_wconf 91' lang='lat' dir='ltr'><strong>ut</strong></span> <span class='ocrx_word' id='word_1_159' title='bbox 798 2868 1121 2931; x_wconf 88' lang='lat' dir='ltr'><strong>nunquam</strong></span> <span class='ocrx_word' id='word_1_160' title='bbox 1142 2868 1208 2913; x_wconf 91' lang='lat' dir='ltr'><strong>se</strong></span> <span class='ocrx_word' id='word_1_161' title='bbox 1236 2851 1367 2912; x_wconf 89' lang='lat' dir='ltr'><strong>sola</strong></span> <span class='ocrx_word' id='word_1_162' title='bbox 1392 2853 1615 2929; x_wconf 91' lang='lat' dir='ltr'><strong>irritet,</strong></span> <span class='ocrx_word' id='word_1_163' title='bbox 1641 2860 1703 2916; x_wconf 93' lang='lat' dir='ltr'><strong>et</strong></span> <span class='ocrx_word' id='word_1_164' title='bbox 1721 2855 1839 2918; x_wconf 91' lang='lat' dir='ltr'><strong>hoc</strong></span> 
     </span>
     <span class='ocr_line' id='line_1_25' title="bbox 275 2941 1838 3052; baseline 0.002 -47"><span class='ocrx_word' id='word_1_165' title='bbox 275 2943 600 3025; x_wconf 85' lang='lat' dir='ltr'><strong>posteriori</strong></span> <span class='ocrx_word' id='word_1_166' title='bbox 637 2942 821 3004; x_wconf 91' lang='lat' dir='ltr'><strong>modo</strong></span> <span class='ocrx_word' id='word_1_167' title='bbox 865 2941 1196 3021; x_wconf 86' lang='lat' dir='ltr'><strong>intellecta,</strong></span> <span class='ocrx_word' id='word_1_168' title='bbox 1241 2962 1325 3005; x_wconf 91' lang='lat' dir='ltr'><strong>an</strong></span> <span class='ocrx_word' id='word_1_169' title='bbox 1351 2944 1624 3052; x_wconf 83' lang='lat' dir='ltr'><strong>aliquam</strong></span> <span class='ocrx_word' id='word_1_170' title='bbox 1666 2964 1838 3009; x_wconf 85' lang='lat' dir='ltr'><strong>exce-</strong></span> 
     </span>
     <span class='ocr_line' id='line_1_26' title="bbox 274 3035 1837 3119; baseline 0.002 -21"><span class='ocrx_word' id='word_1_171' title='bbox 274 3038 554 3119; x_wconf 89' lang='lat' dir='ltr'><strong>ptionem</strong></span> <span class='ocrx_word' id='word_1_172' title='bbox 579 3035 875 3117; x_wconf 84' lang='lat' dir='ltr'><strong>patiatur.</strong></span> <span class='ocrx_word' id='word_1_173' title='bbox 921 3037 1078 3097; x_wconf 88' lang='lat' dir='ltr'><strong>Nam</strong></span> <span class='ocrx_word' id='word_1_174' title='bbox 1113 3036 1168 3097; x_wconf 91' lang='lat' dir='ltr'><strong>si</strong></span> <span class='ocrx_word' id='word_1_175' title='bbox 1193 3036 1353 3098; x_wconf 90' lang='lat' dir='ltr'><strong>ratio</strong></span> <span class='ocrx_word' id='word_1_176' title='bbox 1379 3036 1588 3099; x_wconf 86' lang='lat' dir='ltr'><strong>facta&#39;</strong></span> <span class='ocrx_word' id='word_1_177' title='bbox 1569 3057 1639 3099; x_wconf 92' lang='grc'><strong>18</strong></span> <span class='ocrx_word' id='word_1_178' title='bbox 1664 3056 1720 3100; x_wconf 91' lang='grc'><strong>8.</strong></span> <span class='ocrx_word' id='word_1_179' title='bbox 1757 3041 1837 3101; x_wconf 77' lang='lat'><strong>25</strong></span> 
     </span>
     <span class='ocr_line' id='line_1_27' title="bbox 274 3129 1838 3238; baseline 0.002 -48"><span class='ocrx_word' id='word_1_180' title='bbox 274 3130 480 3192; x_wconf 81' lang='lat' dir='ltr'><strong>valida</strong></span> <span class='ocrx_word' id='word_1_181' title='bbox 505 3136 622 3206; x_wconf 90' lang='lat' dir='ltr'><strong>est,</strong></span> <span class='ocrx_word' id='word_1_182' title='bbox 645 3129 893 3191; x_wconf 81' lang='lat' dir='ltr'><strong>videtur</strong></span> <span class='ocrx_word' id='word_1_183' title='bbox 915 3129 1176 3210; x_wconf 90' lang='lat' dir='ltr'><strong>probare</strong></span> <span class='ocrx_word' id='word_1_184' title='bbox 1200 3148 1427 3212; x_wconf 90' lang='lat' dir='ltr'><strong>puram</strong></span> <span class='ocrx_word' id='word_1_185' title='bbox 1446 3130 1604 3210; x_wconf 87' lang='grc'>18318</span> <span class='ocrx_word' id='word_1_186' title='bbox 1612 3131 1838 3238; x_wconf 33' lang='lat' dir='ltr'><strong>‘prohi-</strong></span> 
     </span>
     <span class='ocr_line' id='line_1_28' title="bbox 275 3223 1840 3305; baseline 0.001 -20"><span class='ocrx_word' id='word_1_187' title='bbox 275 3223 576 3286; x_wconf 84' lang='lat' dir='ltr'><strong>bitionem</strong></span> <span class='ocrx_word' id='word_1_188' title='bbox 616 3241 938 3303; x_wconf 89' lang='lat' dir='ltr'><strong>nunquam</strong></span> <span class='ocrx_word' id='word_1_189' title='bbox 968 3223 1211 3286; x_wconf 86' lang='lat' dir='ltr'><strong>irritare</strong></span> <span class='ocrx_word' id='word_1_190' title='bbox 1249 3229 1484 3300; x_wconf 89' lang='lat' dir='ltr'><strong>actum,</strong></span> <span class='ocrx_word' id='word_1_191' title='bbox 1522 3224 1672 3305; x_wconf 88' lang='lat' dir='ltr'><strong>quia</strong></span> <span class='ocrx_word' id='word_1_192' title='bbox 1703 3242 1840 3287; x_wconf 79' lang='lat' dir='ltr'><strong>ver-</strong></span> 
     </span>
     <span class='ocr_line' id='line_1_29' title="bbox 276 3315 1837 3398; baseline 0.001 -20"><span class='ocrx_word' id='word_1_193' title='bbox 276 3316 429 3379; x_wconf 90' lang='lat' dir='ltr'><strong>bum</strong></span> <span class='ocrx_word' id='word_1_194' title='bbox 464 3316 835 3397; x_wconf 88' lang='lat' dir='ltr'><strong>prohibendi</strong></span> <span class='ocrx_word' id='word_1_195' title='bbox 881 3334 1207 3397; x_wconf 89' lang='lat' dir='ltr'><strong>nunquam</strong></span> <span class='ocrx_word' id='word_1_196' title='bbox 1237 3315 1548 3398; x_wconf 84' lang='lat' dir='ltr'><strong>significat</strong></span> <span class='ocrx_word' id='word_1_197' title='bbox 1588 3317 1837 3381; x_wconf 89' lang='lat' dir='ltr'><strong>nullita-</strong></span> 
     </span>
     <span class='ocr_line' id='line_1_30' title="bbox 276 3409 1834 3491; baseline 0.001 -20"><span class='ocrx_word' id='word_1_198' title='bbox 276 3414 427 3487; x_wconf 90' lang='lat' dir='ltr'><strong>tem,</strong></span> <span class='ocrx_word' id='word_1_199' title='bbox 471 3409 578 3471; x_wconf 90' lang='lat' dir='ltr'><strong>sed</strong></span> <span class='ocrx_word' id='word_1_200' title='bbox 612 3415 858 3472; x_wconf 89' lang='lat' dir='ltr'><strong>tantum</strong></span> <span class='ocrx_word' id='word_1_201' title='bbox 892 3409 1334 3489; x_wconf 80' lang='lat' dir='ltr'><strong>obligationem</strong></span> <span class='ocrx_word' id='word_1_202' title='bbox 1367 3428 1496 3472; x_wconf 91' lang='grc'><strong>808</strong></span> <span class='ocrx_word' id='word_1_203' title='bbox 1523 3410 1832 3473; x_wconf 86' lang='lat' dir='ltr'><strong>faciendi·</strong></span> <span class='ocrx_word' id='word_1_204' title='bbox 1811 3458 1834 3491; x_wconf 91' lang='lat'><strong>,</strong></span> 
     </span>
     <span class='ocr_line' id='line_1_31' title="bbox 274 3502 1836 3585; baseline 0.003 -21"><span class='ocrx_word' id='word_1_205' title='bbox 274 3503 380 3564; x_wconf 88' lang='lat' dir='ltr'><strong>sed</strong></span> <span class='ocrx_word' id='word_1_206' title='bbox 410 3502 601 3566; x_wconf 79' lang='lat' dir='ltr'><strong>verba</strong></span> <span class='ocrx_word' id='word_1_207' title='bbox 626 3502 782 3581; x_wconf 88' lang='lat' dir='ltr'><strong>legis</strong></span> <span class='ocrx_word' id='word_1_208' title='bbox 806 3520 1131 3584; x_wconf 86' lang='lat' dir='ltr'><strong>nunquam</strong></span> <span class='ocrx_word' id='word_1_209' title='bbox 1153 3510 1409 3584; x_wconf 84' lang='lat' dir='ltr'><strong>possunt</strong></span> <span class='ocrx_word' id='word_1_210' title='bbox 1427 3503 1566 3585; x_wconf 90' lang='lat' dir='ltr'><strong>plus</strong></span> <span class='ocrx_word' id='word_1_211' title='bbox 1594 3503 1836 3568; x_wconf 86' lang='lat' dir='ltr'><strong>efficere</strong></span> 
     </span>
     <span class='ocr_line' id='line_1_32' title="bbox 276 3594 1097 3677; baseline 0.001 -21"><span class='ocrx_word' id='word_1_212' title='bbox 276 3614 465 3677; x_wconf 90' lang='lat' dir='ltr'><strong>quam</strong></span> <span class='ocrx_word' id='word_1_213' title='bbox 491 3594 846 3675; x_wconf 85' lang='lat' dir='ltr'><strong>significant</strong></span> <span class='ocrx_word' id='word_1_214' title='bbox 875 3611 893 3657; x_wconf 71' lang='grc' dir='ltr'><em>ε</em></span> <span class='ocrx_word' id='word_1_215' title='bbox 926 3612 1097 3676; x_wconf 88' lang='lat' dir='ltr'><strong>ergo.</strong></span> 
     </span>
    </p>

    <p class='ocr_par' dir='ltr' id='par_1_6' title="bbox 269 3688 1836 5536">
     <span class='ocr_line' id='line_1_33' title="bbox 353 3688 1836 3772; baseline 0.002 -22"><span class='ocrx_word' id='word_1_216' title='bbox 353 3690 415 3750; x_wconf 77' lang='lat'><strong>2.</strong></span> <span class='ocrx_word' id='word_1_217' title='bbox 460 3689 531 3748; x_wconf 91' lang='lat' dir='ltr'><strong>In</strong></span> <span class='ocrx_word' id='word_1_218' title='bbox 563 3689 946 3750; x_wconf 89' lang='lat' dir='ltr'><strong>eontrarium</strong></span> <span class='ocrx_word' id='word_1_219' title='bbox 979 3705 1127 3751; x_wconf 79' lang='lat' dir='ltr'><strong>vero</strong></span> <span class='ocrx_word' id='word_1_220' title='bbox 1170 3694 1263 3752; x_wconf 85' lang='lat' dir='ltr'><strong>est</strong></span> <span class='ocrx_word' id='word_1_221' title='bbox 1299 3688 1449 3770; x_wconf 88' lang='lat' dir='ltr'><strong>quia</strong></span> <span class='ocrx_word' id='word_1_222' title='bbox 1482 3708 1641 3771; x_wconf 78' lang='lat' dir='ltr'><strong>saepe</strong></span> <span class='ocrx_word' id='word_1_223' title='bbox 1668 3690 1836 3772; x_wconf 84' lang='lat' dir='ltr'><strong>leges</strong></span> 
     </span>
     <span class='ocr_line' id='line_1_34' title="bbox 272 3780 1836 3862; baseline 0.003 -18"><span class='ocrx_word' id='word_1_224' title='bbox 272 3799 430 3862; x_wconf 89' lang='lat' dir='ltr'><strong>pure</strong></span> <span class='ocrx_word' id='word_1_225' title='bbox 458 3780 854 3862; x_wconf 85' lang='lat' dir='ltr'><strong>prohibentes</strong></span> <span class='ocrx_word' id='word_1_226' title='bbox 879 3781 1170 3844; x_wconf 83' lang='lat' dir='ltr'><strong>videntur</strong></span> <span class='ocrx_word' id='word_1_227' title='bbox 1196 3781 1426 3846; x_wconf 86' lang='lat' dir='ltr'><strong>habere</strong></span> <span class='ocrx_word' id='word_1_228' title='bbox 1456 3782 1627 3846; x_wconf 92' lang='lat' dir='ltr'><strong>hunc</strong></span> <span class='ocrx_word' id='word_1_229' title='bbox 1655 3784 1836 3849; x_wconf 80' lang='lat' dir='ltr'><strong>effec-</strong></span> 
     </span>
     <span class='ocr_line' id='line_1_35' title="bbox 274 3874 1836 3957; baseline 0.003 -21"><span class='ocrx_word' id='word_1_230' title='bbox 274 3880 412 3936; x_wconf 91' lang='lat' dir='ltr'><strong>tum</strong></span> <span class='ocrx_word' id='word_1_231' title='bbox 439 3893 550 3957; x_wconf 91' lang='lat' dir='ltr'><strong>per</strong></span> <span class='ocrx_word' id='word_1_232' title='bbox 579 3892 692 3952; x_wconf 87' lang='lat' dir='ltr'><strong>se,</strong></span> <span class='ocrx_word' id='word_1_233' title='bbox 741 3880 806 3937; x_wconf 88' lang='lat' dir='ltr'><strong>et</strong></span> <span class='ocrx_word' id='word_1_234' title='bbox 829 3892 959 3937; x_wconf 93' lang='lat' dir='ltr'><strong>non</strong></span> <span class='ocrx_word' id='word_1_235' title='bbox 988 3874 1314 3937; x_wconf 78' lang='lat' dir='ltr'><strong>in’virtute</strong></span> <span class='ocrx_word' id='word_1_236' title='bbox 1344 3874 1500 3954; x_wconf 87' lang='grc'>18318</span> <span class='ocrx_word' id='word_1_237' title='bbox 1535 3876 1685 3940; x_wconf 73' lang='lat' dir='ltr'><strong>Non</strong></span> <span class='ocrx_word' id='word_1_238' title='bbox 1719 3878 1836 3940; x_wconf 75' lang='lat' dir='ltr'><strong>du-</strong></span> 
     </span>
     <span class='ocr_line' id='line_1_36' title="bbox 274 3966 1833 4049; baseline -0.001 -17"><span class='ocrx_word' id='word_1_239' title='bbox 274 3969 459 4032; x_wconf 72' lang='lat' dir='ltr'><strong>bium.</strong></span> <span class='ocrx_word' id='word_1_240' title='bbox 493 3969 622 4031; x_wconf 87' lang='lat' dir='ltr'><strong>Hoc</strong></span> <span class='ocrx_word' id='word_1_241' title='bbox 638 3967 945 4049; x_wconf 87' lang='lat' dir='ltr'><strong>imprimis</strong></span> <span class='ocrx_word' id='word_1_242' title='bbox 961 3967 1260 4048; x_wconf 87' lang='lat' dir='ltr'><strong>probatur</strong></span> <span class='ocrx_word' id='word_1_243' title='bbox 1281 3966 1360 4028; x_wconf 89' lang='lat' dir='ltr'><strong>de</strong></span> <span class='ocrx_word' id='word_1_244' title='bbox 1380 3967 1519 4045; x_wconf 90' lang='lat' dir='ltr'><strong>lege</strong></span> <span class='ocrx_word' id='word_1_245' title='bbox 1536 3968 1833 4047; x_wconf 88' lang='lat' dir='ltr'><strong>naturali,</strong></span> 
     </span>
     <span class='ocr_line' id='line_1_37' title="bbox 272 4058 1832 4142; baseline -0.001 -18"><span class='ocrx_word' id='word_1_246' title='bbox 272 4080 421 4124; x_wconf 90' lang='lat' dir='ltr'><strong>nam</strong></span> <span class='ocrx_word' id='word_1_247' title='bbox 438 4080 629 4142; x_wconf 89' lang='lat' dir='ltr'><strong>supra</strong></span> <span class='ocrx_word' id='word_1_248' title='bbox 646 4061 881 4123; x_wconf 87' lang='lat' dir='ltr'><strong>dictum</strong></span> <span class='ocrx_word' id='word_1_249' title='bbox 899 4066 992 4122; x_wconf 87' lang='lat' dir='ltr'><strong>est</strong></span> <span class='ocrx_word' id='word_1_250' title='bbox 1006 4058 1326 4121; x_wconf 86' lang='lat' dir='ltr'><strong>interdum</strong></span> <span class='ocrx_word' id='word_1_251' title='bbox 1342 4058 1586 4123; x_wconf 83' lang='lat' dir='ltr'><strong>irritare</strong></span> <span class='ocrx_word' id='word_1_252' title='bbox 1601 4066 1832 4140; x_wconf 88' lang='lat' dir='ltr'><strong>actum,</strong></span> 
     </span>
     <span class='ocr_line' id='line_1_38' title="bbox 273 4150 1836 4233; baseline 0.001 -16"><span class='ocrx_word' id='word_1_253' title='bbox 273 4160 336 4217; x_wconf 91' lang='lat' dir='ltr'><strong>et</strong></span> <span class='ocrx_word' id='word_1_254' title='bbox 378 4160 592 4217; x_wconf 90' lang='lat' dir='ltr'><strong>tamen</strong></span> <span class='ocrx_word' id='word_1_255' title='bbox 638 4153 708 4213; x_wconf 92' lang='lat' dir='ltr'><strong>in</strong></span> <span class='ocrx_word' id='word_1_256' title='bbox 747 4152 857 4214; x_wconf 89' lang='lat' dir='ltr'><strong>illa</strong></span> <span class='ocrx_word' id='word_1_257' title='bbox 898 4169 1028 4213; x_wconf 91' lang='lat' dir='ltr'><strong>non</strong></span> <span class='ocrx_word' id='word_1_258' title='bbox 1076 4167 1403 4232; x_wconf 90' lang='lat' dir='ltr'><strong>possumus</strong></span> <span class='ocrx_word' id='word_1_259' title='bbox 1451 4150 1836 4233; x_wconf 82' lang='lat' dir='ltr'><strong>distinguere</strong></span> 
     </span>
     <span class='ocr_line' id='line_1_39' title="bbox 269 4243 1836 4327; baseline 0.001 -18"><span class='ocrx_word' id='word_1_260' title='bbox 269 4246 460 4309; x_wconf 77' lang='lat' dir='ltr'><strong>verba</strong></span> <span class='ocrx_word' id='word_1_261' title='bbox 481 4244 793 4307; x_wconf 86' lang='lat' dir='ltr'><strong>irritantia</strong></span> <span class='ocrx_word' id='word_1_262' title='bbox 817 4262 856 4305; x_wconf 93' lang='lat' dir='ltr'><strong>a</strong></span> <span class='ocrx_word' id='word_1_263' title='bbox 880 4243 1087 4307; x_wconf 80' lang='lat' dir='ltr'><strong>verbis</strong></span> <span class='ocrx_word' id='word_1_264' title='bbox 1110 4243 1604 4326; x_wconf 84' lang='lat' dir='ltr'><strong>prohibentibus,</strong></span> <span class='ocrx_word' id='word_1_265' title='bbox 1634 4264 1836 4327; x_wconf 89' lang='lat' dir='ltr'><strong>neque</strong></span> 
     </span>
     <span class='ocr_line' id='line_1_40' title="bbox 273 4335 1835 4416; baseline 0.001 -15"><span class='ocrx_word' id='word_1_266' title='bbox 273 4339 462 4402; x_wconf 90' lang='lat' dir='ltr'><strong>etiam</strong></span> <span class='ocrx_word' id='word_1_267' title='bbox 487 4337 556 4399; x_wconf 90' lang='lat' dir='ltr'><strong>in</strong></span> <span class='ocrx_word' id='word_1_268' title='bbox 581 4355 657 4399; x_wconf 87' lang='lat' dir='ltr'><strong>ea</strong></span> <span class='ocrx_word' id='word_1_269' title='bbox 680 4337 888 4399; x_wconf 88' lang='lat' dir='ltr'><strong>locum</strong></span> <span class='ocrx_word' id='word_1_270' title='bbox 908 4335 1097 4399; x_wconf 85' lang='lat' dir='ltr'><strong>habet</strong></span> <span class='ocrx_word' id='word_1_271' title='bbox 1122 4337 1351 4399; x_wconf 88' lang='lat' dir='ltr'><strong>decisio</strong></span> <span class='ocrx_word' id='word_1_272' title='bbox 1371 4336 1529 4416; x_wconf 85' lang='grc'>18318</span> <span class='ocrx_word' id='word_1_273' title='bbox 1555 4338 1702 4405; x_wconf 73' lang='lat' dir='ltr'><strong>Non</strong></span> <span class='ocrx_word' id='word_1_274' title='bbox 1727 4341 1835 4402; x_wconf 71' lang='lat' dir='ltr'><strong>du-</strong></span> 
     </span>
     <span class='ocr_line' id='line_1_41' title="bbox 272 4429 1836 4512; baseline -0.001 -17"><span class='ocrx_word' id='word_1_275' title='bbox 272 4432 458 4508; x_wconf 71' lang='lat' dir='ltr'><strong>bium,</strong></span> <span class='ocrx_word' id='word_1_276' title='bbox 493 4449 638 4493; x_wconf 91' lang='lat' dir='ltr'><strong>cum</strong></span> <span class='ocrx_word' id='word_1_277' title='bbox 657 4429 767 4492; x_wconf 93' lang='lat' dir='ltr'><strong>illa</strong></span> <span class='ocrx_word' id='word_1_278' title='bbox 790 4430 873 4493; x_wconf 92' lang='lat' dir='ltr'><strong>sit</strong></span> <span class='ocrx_word' id='word_1_279' title='bbox 892 4448 1065 4493; x_wconf 90' lang='lat' dir='ltr'><strong>mere</strong></span> <span class='ocrx_word' id='word_1_280' title='bbox 1085 4430 1367 4512; x_wconf 77' lang='lat' dir='ltr'><strong>positiva,</strong></span> <span class='ocrx_word' id='word_1_281' title='bbox 1396 4435 1462 4493; x_wconf 91' lang='lat' dir='ltr'><strong>et</strong></span> <span class='ocrx_word' id='word_1_282' title='bbox 1486 4448 1613 4492; x_wconf 88' lang='lat' dir='ltr'><strong>non</strong></span> <span class='ocrx_word' id='word_1_283' title='bbox 1636 4429 1836 4493; x_wconf 88' lang='lat' dir='ltr'><strong>deela-</strong></span> 
     </span>
     <span class='ocr_line' id='line_1_42' title="bbox 273 4522 1836 4605; baseline -0.001 -18"><span class='ocrx_word' id='word_1_284' title='bbox 273 4530 371 4587; x_wconf 88' lang='lat' dir='ltr'><strong>ret</strong></span> <span class='ocrx_word' id='word_1_285' title='bbox 401 4529 650 4586; x_wconf 88' lang='lat' dir='ltr'><strong>tantum</strong></span> <span class='ocrx_word' id='word_1_286' title='bbox 686 4524 788 4605; x_wconf 82' lang='lat' dir='ltr'><strong>jus</strong></span> <span class='ocrx_word' id='word_1_287' title='bbox 821 4523 1103 4602; x_wconf 85' lang='lat' dir='ltr'><strong>naturale</strong></span> <span class='ocrx_word' id='word_1_288' title='bbox 1145 4544 1163 4587; x_wconf 77' lang='grc' dir='ltr'><strong><em>ε</em></strong></span> <span class='ocrx_word' id='word_1_289' title='bbox 1212 4539 1362 4603; x_wconf 87' lang='lat' dir='ltr'><strong>ergo</strong></span> <span class='ocrx_word' id='word_1_290' title='bbox 1392 4523 1685 4586; x_wconf 78' lang='lat' dir='ltr'><strong>convenit</strong></span> <span class='ocrx_word' id='word_1_291' title='bbox 1718 4522 1836 4586; x_wconf 89' lang='grc'>1108</span> 
     </span>
     <span class='ocr_line' id='line_1_43' title="bbox 272 4616 1835 4698; baseline 0 -18"><span class='ocrx_word' id='word_1_292' title='bbox 272 4617 456 4680; x_wconf 86' lang='grc'>811881</span> <span class='ocrx_word' id='word_1_293' title='bbox 477 4617 604 4697; x_wconf 88' lang='grc'>1831</span> <span class='ocrx_word' id='word_1_294' title='bbox 628 4616 899 4680; x_wconf 86' lang='grc'>88181811</span> <span class='ocrx_word' id='word_1_295' title='bbox 928 4634 1007 4679; x_wconf 88' lang='grc'><strong>88</strong></span> <span class='ocrx_word' id='word_1_296' title='bbox 1032 4627 1208 4698; x_wconf 87' lang='lat' dir='ltr'><strong>parte</strong></span> <span class='ocrx_word' id='word_1_297' title='bbox 1243 4617 1519 4679; x_wconf 67' lang='lat' dir='ltr'><strong>materias</strong></span> <span class='ocrx_word' id='word_1_298' title='bbox 1545 4616 1835 4680; x_wconf 89' lang='lat' dir='ltr'><strong>habentis</strong></span> 
     </span>
     <span class='ocr_line' id='line_1_44' title="bbox 272 4709 1834 4775; baseline -0.002 0"><span class='ocrx_word' id='word_1_299' title='bbox 272 4711 555 4775; x_wconf 86' lang='lat' dir='ltr'><strong>eamdem</strong></span> <span class='ocrx_word' id='word_1_300' title='bbox 607 4710 1025 4773; x_wconf 76' lang='lat' dir='ltr'><strong>indecentiam</strong></span> <span class='ocrx_word' id='word_1_301' title='bbox 1077 4712 1147 4772; x_wconf 92' lang='lat' dir='ltr'><strong>in</strong></span> <span class='ocrx_word' id='word_1_302' title='bbox 1199 4709 1667 4772; x_wconf 90' lang='lat' dir='ltr'><strong>continuatione</strong></span> <span class='ocrx_word' id='word_1_303' title='bbox 1722 4728 1834 4772; x_wconf 90' lang='lat' dir='ltr'><strong>seu</strong></span> 
     </span>
     <span class='ocr_line' id='line_1_45' title="bbox 272 4800 1835 4884; baseline -0.001 -17"><span class='ocrx_word' id='word_1_304' title='bbox 272 4803 736 4867; x_wconf 83' lang='lat' dir='ltr'><strong>conservatione</strong></span> <span class='ocrx_word' id='word_1_305' title='bbox 762 4808 940 4866; x_wconf 88' lang='lat' dir='ltr'><strong>actus</strong></span> <span class='ocrx_word' id='word_1_306' title='bbox 970 4820 1161 4884; x_wconf 89' lang='lat' dir='ltr'><strong>quam</strong></span> <span class='ocrx_word' id='word_1_307' title='bbox 1185 4800 1407 4864; x_wconf 87' lang='lat' dir='ltr'><strong>habuit</strong></span> <span class='ocrx_word' id='word_1_308' title='bbox 1429 4801 1499 4863; x_wconf 93' lang='lat' dir='ltr'><strong>in</strong></span> <span class='ocrx_word' id='word_1_309' title='bbox 1519 4802 1725 4883; x_wconf 89' lang='lat' dir='ltr'><strong>prima</strong></span> <span class='ocrx_word' id='word_1_310' title='bbox 1745 4803 1835 4866; x_wconf 80' lang='lat' dir='ltr'><strong>ef-</strong></span> 
     </span>
     <span class='ocr_line' id='line_1_46' title="bbox 270 4895 1835 4978; baseline -0.001 -18"><span class='ocrx_word' id='word_1_311' title='bbox 270 4898 537 4960; x_wconf 88' lang='lat' dir='ltr'><strong>fectione</strong></span> <span class='ocrx_word' id='word_1_312' title='bbox 554 4913 577 4976; x_wconf 83' lang='lat'>3</span> <span class='ocrx_word' id='word_1_313' title='bbox 612 4915 761 4977; x_wconf 86' lang='lat' dir='ltr'><strong>ergo</strong></span> <span class='ocrx_word' id='word_1_314' title='bbox 783 4897 949 4959; x_wconf 88' lang='lat' dir='ltr'><strong>idem</strong></span> <span class='ocrx_word' id='word_1_315' title='bbox 969 4895 1199 4978; x_wconf 90' lang='lat' dir='ltr'><strong>poterit</strong></span> <span class='ocrx_word' id='word_1_316' title='bbox 1226 4895 1586 4977; x_wconf 89' lang='lat' dir='ltr'><strong>contingere</strong></span> <span class='ocrx_word' id='word_1_317' title='bbox 1607 4896 1676 4958; x_wconf 91' lang='lat' dir='ltr'><strong>in</strong></span> <span class='ocrx_word' id='word_1_318' title='bbox 1693 4895 1835 4977; x_wconf 90' lang='lat' dir='ltr'><strong>lege</strong></span> 
     </span>
     <span class='ocr_line' id='line_1_47' title="bbox 270 4988 1832 5073; baseline 0 -21"><span class='ocrx_word' id='word_1_319' title='bbox 270 4990 535 5073; x_wconf 75' lang='lat' dir='ltr'><strong>positiva</strong></span> <span class='ocrx_word' id='word_1_320' title='bbox 560 4988 929 5071; x_wconf 88' lang='lat' dir='ltr'><strong>prohibente</strong></span> <span class='ocrx_word' id='word_1_321' title='bbox 954 4995 1186 5051; x_wconf 88' lang='lat' dir='ltr'><strong>aetum.</strong></span> <span class='ocrx_word' id='word_1_322' title='bbox 1225 4990 1383 5051; x_wconf 88' lang='lat' dir='ltr'><strong>Nam</strong></span> <span class='ocrx_word' id='word_1_323' title='bbox 1408 4990 1463 5051; x_wconf 90' lang='lat' dir='ltr'><strong>si</strong></span> <span class='ocrx_word' id='word_1_324' title='bbox 1487 4989 1705 5052; x_wconf 88' lang='lat' dir='ltr'><strong>eadem</strong></span> <span class='ocrx_word' id='word_1_325' title='bbox 1731 5007 1832 5052; x_wconf 88' lang='lat' dir='ltr'><strong>ra-</strong></span> 
     </span>
     <span class='ocr_line' id='line_1_48' title="bbox 271 5081 1832 5163; baseline -0.001 -18"><span class='ocrx_word' id='word_1_326' title='bbox 271 5084 360 5145; x_wconf 91' lang='lat' dir='ltr'><strong>tio</strong></span> <span class='ocrx_word' id='word_1_327' title='bbox 402 5083 504 5145; x_wconf 83' lang='lat' dir='ltr'><strong>vel</strong></span> <span class='ocrx_word' id='word_1_328' title='bbox 544 5082 895 5146; x_wconf 86' lang='lat' dir='ltr'><strong>indecentia</strong></span> <span class='ocrx_word' id='word_1_329' title='bbox 925 5082 1283 5145; x_wconf 79' lang='lat' dir='ltr'><strong>inveniatur</strong></span> <span class='ocrx_word' id='word_1_330' title='bbox 1315 5081 1384 5144; x_wconf 92' lang='lat' dir='ltr'><strong>in</strong></span> <span class='ocrx_word' id='word_1_331' title='bbox 1419 5081 1553 5163; x_wconf 87' lang='lat' dir='ltr'><strong>ipso</strong></span> <span class='ocrx_word' id='word_1_332' title='bbox 1588 5087 1733 5144; x_wconf 84' lang='lat' dir='ltr'><strong>actu</strong></span> <span class='ocrx_word' id='word_1_333' title='bbox 1760 5081 1832 5144; x_wconf 93' lang='lat' dir='ltr'><strong>in</strong></span> 
     </span>
     <span class='ocr_line' id='line_1_49' title="bbox 269 5173 1831 5257; baseline -0.001 -19"><span class='ocrx_word' id='word_1_334' title='bbox 269 5176 433 5239; x_wconf 86' lang='lat' dir='ltr'><strong>facto</strong></span> <span class='ocrx_word' id='word_1_335' title='bbox 459 5193 588 5239; x_wconf 64' lang='lat' dir='ltr'><strong>eme</strong></span> <span class='ocrx_word' id='word_1_336' title='bbox 613 5173 1168 5257; x_wconf 75' lang='lat' dir='ltr'><strong>quaefuitinfieri,</strong></span> <span class='ocrx_word' id='word_1_337' title='bbox 1197 5173 1711 5256; x_wconf 85' lang='lat' dir='ltr'><strong>intelligeturper</strong></span> <span class='ocrx_word' id='word_1_338' title='bbox 1735 5180 1831 5237; x_wconf 90' lang='lat' dir='ltr'><strong>ta-</strong></span> 
     </span>
     <span class='ocr_line' id='line_1_50' title="bbox 270 5266 1829 5349; baseline -0.002 -18"><span class='ocrx_word' id='word_1_339' title='bbox 270 5268 395 5332; x_wconf 92' lang='lat' dir='ltr'><strong>lem</strong></span> <span class='ocrx_word' id='word_1_340' title='bbox 434 5268 638 5349; x_wconf 91' lang='lat' dir='ltr'><strong>legem</strong></span> <span class='ocrx_word' id='word_1_341' title='bbox 684 5286 814 5331; x_wconf 93' lang='lat' dir='ltr'><strong>non</strong></span> <span class='ocrx_word' id='word_1_342' title='bbox 852 5268 1055 5330; x_wconf 91' lang='lat' dir='ltr'><strong>solum</strong></span> <span class='ocrx_word' id='word_1_343' title='bbox 1095 5266 1448 5348; x_wconf 87' lang='lat' dir='ltr'><strong>prohiberi,</strong></span> <span class='ocrx_word' id='word_1_344' title='bbox 1491 5266 1598 5328; x_wconf 86' lang='lat' dir='ltr'><strong>sed</strong></span> <span class='ocrx_word' id='word_1_345' title='bbox 1639 5266 1829 5329; x_wconf 86' lang='lat' dir='ltr'><strong>etiam</strong></span> 
     </span>
     <span class='ocr_line' id='line_1_51' title="bbox 271 5360 1830 5442; baseline -0.001 -19"><span class='ocrx_word' id='word_1_346' title='bbox 271 5361 540 5439; x_wconf 89' lang='lat' dir='ltr'><strong>irritari,</strong></span> <span class='ocrx_word' id='word_1_347' title='bbox 579 5361 729 5441; x_wconf 89' lang='lat' dir='ltr'><strong>quia</strong></span> <span class='ocrx_word' id='word_1_348' title='bbox 753 5362 822 5423; x_wconf 91' lang='lat' dir='ltr'><strong>in</strong></span> <span class='ocrx_word' id='word_1_349' title='bbox 847 5361 1304 5442; x_wconf 79' lang='lat' dir='ltr'><strong>perseverantia</strong></span> <span class='ocrx_word' id='word_1_350' title='bbox 1328 5360 1492 5422; x_wconf 87' lang='lat' dir='ltr'><strong>circa</strong></span> <span class='ocrx_word' id='word_1_351' title='bbox 1516 5360 1706 5422; x_wconf 88' lang='lat' dir='ltr'><strong>talem</strong></span> <span class='ocrx_word' id='word_1_352' title='bbox 1731 5378 1830 5422; x_wconf 93' lang='grc'><strong>88-</strong></span> 
     </span>
     <span class='ocr_line' id='line_1_52' title="bbox 272 5453 1832 5563; baseline -0.001 -47"><span class='ocrx_word' id='word_1_353' title='bbox 272 5460 407 5516; x_wconf 88' lang='grc'>11181</span> <span class='ocrx_word' id='word_1_354' title='bbox 439 5474 681 5563; x_wconf 90' lang='lat' dir='ltr'><strong>semper</strong></span> <span class='ocrx_word' id='word_1_355' title='bbox 708 5453 887 5518; x_wconf 87' lang='lat' dir='ltr'><strong>fieret</strong></span> <span class='ocrx_word' id='word_1_356' title='bbox 918 5460 1133 5518; x_wconf 90' lang='lat' dir='ltr'><strong>contra</strong></span> <span class='ocrx_word' id='word_1_357' title='bbox 1154 5455 1379 5535; x_wconf 88' lang='lat' dir='ltr'><strong>legem.</strong></span> <span class='ocrx_word' id='word_1_358' title='bbox 1409 5455 1486 5516; x_wconf 91' lang='lat' dir='ltr'><strong>Et</strong></span> <span class='ocrx_word' id='word_1_359' title='bbox 1503 5453 1832 5516; x_wconf 88' lang='lat' dir='ltr'><strong>conflrma-</strong></span> 
     </span>
    </p>
   </div>
   <div class='ocr_carea' id='block_1_6' title="bbox 271 5547 1832 5632">
    <p class='ocr_par' dir='ltr' id='par_1_7' title="bbox 271 5547 1832 5632">
     <span class='ocr_line' id='line_1_53' title="bbox 271 5547 1832 5632; baseline 0.001 -20"><span class='ocrx_word' id='word_1_360' title='bbox 271 5553 376 5612; x_wconf 90' lang='lat' dir='ltr'><strong>tur</strong></span> <span class='ocrx_word' id='word_1_361' title='bbox 400 5549 639 5632; x_wconf 88' lang='lat' dir='ltr'><strong>primo,</strong></span> <span class='ocrx_word' id='word_1_362' title='bbox 674 5548 824 5632; x_wconf 87' lang='grc'>8818</span> <span class='ocrx_word' id='word_1_363' title='bbox 853 5548 923 5612; x_wconf 90' lang='grc'><strong>18</strong></span> <span class='ocrx_word' id='word_1_364' title='bbox 947 5548 1066 5613; x_wconf 89' lang='grc'>1108</span> <span class='ocrx_word' id='word_1_365' title='bbox 1103 5566 1287 5614; x_wconf 85' lang='grc'>88888</span> <span class='ocrx_word' id='word_1_366' title='bbox 1313 5547 1562 5613; x_wconf 76' lang='lat' dir='ltr'><strong>videtur</strong></span> <span class='ocrx_word' id='word_1_367' title='bbox 1599 5547 1832 5630; x_wconf 84' lang='lat' dir='ltr'><strong>optime</strong></span> 
     </span>
    </p>
   </div>
   <div class='ocr_carea' id='block_1_7' title="bbox 3369 416 3489 479">
    <p class='ocr_par' dir='ltr' id='par_1_8' title="bbox 3369 416 3489 479">
     <span class='ocr_line' id='line_1_54' title="bbox 3369 416 3489 479; baseline -0.008 0"><span class='ocrx_word' id='word_1_368' title='bbox 3369 416 3489 479; x_wconf 76' lang='lat'><strong>533</strong></span> 
     </span>
    </p>
   </div>
   <div class='ocr_carea' id='block_1_8' title="bbox 1857 520 3488 5531">
    <p class='ocr_par' dir='ltr' id='par_1_9' title="bbox 1915 520 3488 2565">
     <span class='ocr_line' id='line_1_55' title="bbox 1920 520 3485 605; baseline -0.004 -17"><span class='ocrx_word' id='word_1_369' title='bbox 1920 524 2188 605; x_wconf 86' lang='lat' dir='ltr'><strong>intelligi</strong></span> <span class='ocrx_word' id='word_1_370' title='bbox 2213 531 2276 587; x_wconf 92' lang='lat' dir='ltr'><strong>et</strong></span> <span class='ocrx_word' id='word_1_371' title='bbox 2300 522 2553 588; x_wconf 79' lang='lat' dir='ltr'><strong>defendi</strong></span> <span class='ocrx_word' id='word_1_372' title='bbox 2578 521 2925 587; x_wconf 90' lang='lat' dir='ltr'><strong>communis</strong></span> <span class='ocrx_word' id='word_1_373' title='bbox 2956 520 3263 584; x_wconf 88' lang='lat' dir='ltr'><strong>sententia</strong></span> <span class='ocrx_word' id='word_1_374' title='bbox 3297 540 3485 602; x_wconf 90' lang='lat' dir='ltr'><strong>supra</strong></span> 
     </span>
     <span class='ocr_line' id='line_1_56' title="bbox 1922 614 3485 701; baseline -0.003 -19"><span class='ocrx_word' id='word_1_375' title='bbox 1922 619 2139 696; x_wconf 91' lang='lat' dir='ltr'><strong>relata,</strong></span> <span class='ocrx_word' id='word_1_376' title='bbox 2184 637 2322 699; x_wconf 81' lang='lat' dir='ltr'><strong>quse</strong></span> <span class='ocrx_word' id='word_1_377' title='bbox 2365 617 2605 694; x_wconf 88' lang='lat' dir='ltr'><strong>asserit,</strong></span> <span class='ocrx_word' id='word_1_378' title='bbox 2642 617 2894 701; x_wconf 90' lang='lat' dir='ltr'><strong>quando</strong></span> <span class='ocrx_word' id='word_1_379' title='bbox 2927 614 3263 696; x_wconf 87' lang='lat' dir='ltr'><strong>prohibitio</strong></span> <span class='ocrx_word' id='word_1_380' title='bbox 3295 614 3485 677; x_wconf 91' lang='lat' dir='ltr'><strong>habet</strong></span> 
     </span>
     <span class='ocr_line' id='line_1_57' title="bbox 1922 706 3481 794; baseline -0.003 -18"><span class='ocrx_word' id='word_1_381' title='bbox 1922 730 2175 776; x_wconf 89' lang='grc'>88118881</span> <span class='ocrx_word' id='word_1_382' title='bbox 2222 717 2586 794; x_wconf 86' lang='grc'>8818818818</span> <span class='ocrx_word' id='word_1_383' title='bbox 2615 758 2634 786; x_wconf 88' lang='lat'><em>‚</em></span> <span class='ocrx_word' id='word_1_384' title='bbox 2681 709 2912 773; x_wconf 81' lang='lat' dir='ltr'><strong>babere</strong></span> <span class='ocrx_word' id='word_1_385' title='bbox 2958 709 3090 771; x_wconf 82' lang='lat' dir='ltr'><strong>vim</strong></span> <span class='ocrx_word' id='word_1_386' title='bbox 3139 706 3427 768; x_wconf 89' lang='lat' dir='ltr'><strong>irritandi</strong></span> <span class='ocrx_word' id='word_1_387' title='bbox 3463 725 3481 771; x_wconf 75' lang='lat' dir='ltr'><strong>t</strong></span> 
     </span>
     <span class='ocr_line' id='line_1_58' title="bbox 1923 800 3484 886; baseline -0.004 -16"><span class='ocrx_word' id='word_1_388' title='bbox 1923 808 2157 871; x_wconf 88' lang='lat' dir='ltr'><strong>scilicet</strong></span> <span class='ocrx_word' id='word_1_389' title='bbox 2177 852 2199 884; x_wconf 95' lang='lat'><strong>,</strong></span> <span class='ocrx_word' id='word_1_390' title='bbox 2238 806 2290 868; x_wconf 91' lang='lat' dir='ltr'><strong>si</strong></span> <span class='ocrx_word' id='word_1_391' title='bbox 2320 804 2697 886; x_wconf 80' lang='lat' dir='ltr'><strong>perpetuitas</strong></span> <span class='ocrx_word' id='word_1_392' title='bbox 2735 803 2844 865; x_wconf 93' lang='lat' dir='ltr'><strong>illa</strong></span> <span class='ocrx_word' id='word_1_393' title='bbox 2886 821 3016 865; x_wconf 87' lang='lat' dir='ltr'><strong>non</strong></span> <span class='ocrx_word' id='word_1_394' title='bbox 3058 800 3363 863; x_wconf 85' lang='lat' dir='ltr'><strong>referatur</strong></span> <span class='ocrx_word' id='word_1_395' title='bbox 3404 800 3484 863; x_wconf 91' lang='lat' dir='ltr'><strong>ad</strong></span> 
     </span>
     <span class='ocr_line' id='line_1_59' title="bbox 1924 894 3486 983; baseline -0.006 -19"><span class='ocrx_word' id='word_1_396' title='bbox 1924 917 2380 983; x_wconf 85' lang='lat' dir='ltr'><strong>quamcumque</strong></span> <span class='ocrx_word' id='word_1_397' title='bbox 2403 915 2653 961; x_wconf 88' lang='lat' dir='ltr'><strong>causam</strong></span> <span class='ocrx_word' id='word_1_398' title='bbox 2673 896 2996 972; x_wconf 84' lang='lat' dir='ltr'><strong>motivam,</strong></span> <span class='ocrx_word' id='word_1_399' title='bbox 3027 894 3135 957; x_wconf 89' lang='lat' dir='ltr'><strong>sed</strong></span> <span class='ocrx_word' id='word_1_400' title='bbox 3161 894 3241 956; x_wconf 86' lang='lat' dir='ltr'><strong>ad</strong></span> <span class='ocrx_word' id='word_1_401' title='bbox 3263 894 3486 956; x_wconf 89' lang='lat' dir='ltr'><strong>intrin-</strong></span> 
     </span>
     <span class='ocr_line' id='line_1_60' title="bbox 1922 987 3483 1072; baseline -0.006 -16"><span class='ocrx_word' id='word_1_402' title='bbox 1922 1012 2128 1057; x_wconf 89' lang='lat' dir='ltr'><strong>secam</strong></span> <span class='ocrx_word' id='word_1_403' title='bbox 2154 993 2461 1055; x_wconf 91' lang='lat' dir='ltr'><strong>rationem</strong></span> <span class='ocrx_word' id='word_1_404' title='bbox 2492 991 2906 1072; x_wconf 84' lang='lat' dir='ltr'><strong>pertinentem</strong></span> <span class='ocrx_word' id='word_1_405' title='bbox 2936 987 3015 1051; x_wconf 92' lang='lat' dir='ltr'><strong>ad</strong></span> <span class='ocrx_word' id='word_1_406' title='bbox 3042 987 3483 1066; x_wconf 89' lang='lat' dir='ltr'><strong>indecentiam,</strong></span> 
     </span>
     <span class='ocr_line' id='line_1_61' title="bbox 1924 1079 3488 1168; baseline -0.004 -19"><span class='ocrx_word' id='word_1_407' title='bbox 1924 1087 2237 1168; x_wconf 86' lang='grc'>88818188</span> <span class='ocrx_word' id='word_1_408' title='bbox 2263 1085 2331 1146; x_wconf 92' lang='lat' dir='ltr'><strong>in</strong></span> <span class='ocrx_word' id='word_1_409' title='bbox 2357 1091 2499 1147; x_wconf 89' lang='lat' dir='ltr'><strong>actu</strong></span> <span class='ocrx_word' id='word_1_410' title='bbox 2534 1082 2946 1145; x_wconf 83' lang='lat' dir='ltr'><strong>consideravit</strong></span> <span class='ocrx_word' id='word_1_411' title='bbox 2977 1126 2999 1159; x_wconf 91' lang='lat'><strong>,</strong></span> <span class='ocrx_word' id='word_1_412' title='bbox 3052 1080 3132 1142; x_wconf 89' lang='lat' dir='ltr'><strong>ad</strong></span> <span class='ocrx_word' id='word_1_413' title='bbox 3156 1079 3488 1161; x_wconf 91' lang='lat' dir='ltr'><strong>prohiben-</strong></span> 
     </span>
     <span class='ocr_line' id='line_1_62' title="bbox 1924 1174 3486 1253; baseline -0.006 -10"><span class='ocrx_word' id='word_1_414' title='bbox 1924 1181 2080 1243; x_wconf 88' lang='lat' dir='ltr'><strong>dum</strong></span> <span class='ocrx_word' id='word_1_415' title='bbox 2099 1178 2299 1241; x_wconf 89' lang='lat' dir='ltr'><strong>illum.</strong></span> <span class='ocrx_word' id='word_1_416' title='bbox 2331 1176 2744 1239; x_wconf 85' lang='lat' dir='ltr'><strong>Confirmatur</strong></span> <span class='ocrx_word' id='word_1_417' title='bbox 2761 1175 3055 1250; x_wconf 91' lang='lat' dir='ltr'><strong>secundo,</strong></span> <span class='ocrx_word' id='word_1_418' title='bbox 3075 1192 3223 1235; x_wconf 92' lang='lat' dir='ltr'><strong>nam</strong></span> <span class='ocrx_word' id='word_1_419' title='bbox 3235 1174 3486 1253; x_wconf 69' lang='lat' dir='ltr'><strong>-quotiae</strong></span> 
     </span>
     <span class='ocr_line' id='line_1_63' title="bbox 1920 1267 3488 1353; baseline -0.005 -19"><span class='ocrx_word' id='word_1_420' title='bbox 1920 1272 2023 1334; x_wconf 89' lang='lat' dir='ltr'><strong>lex</strong></span> <span class='ocrx_word' id='word_1_421' title='bbox 2050 1271 2337 1353; x_wconf 89' lang='lat' dir='ltr'><strong>prohibet</strong></span> <span class='ocrx_word' id='word_1_422' title='bbox 2365 1277 2573 1332; x_wconf 89' lang='lat' dir='ltr'><strong>actum</strong></span> <span class='ocrx_word' id='word_1_423' title='bbox 2600 1268 2836 1330; x_wconf 81' lang='lat' dir='ltr'><strong>intuitu</strong></span> <span class='ocrx_word' id='word_1_424' title='bbox 2856 1267 3135 1347; x_wconf 83' lang='lat' dir='ltr'><strong>justitiae,</strong></span> <span class='ocrx_word' id='word_1_425' title='bbox 3166 1272 3318 1327; x_wconf 91' lang='lat' dir='ltr'><strong>tunc</strong></span> <span class='ocrx_word' id='word_1_426' title='bbox 3343 1284 3488 1346; x_wconf 87' lang='lat' dir='ltr'><strong>pro·</strong></span> 
     </span>
     <span class='ocr_line' id='line_1_64' title="bbox 1919 1358 3482 1442; baseline -0.005 -15"><span class='ocrx_word' id='word_1_427' title='bbox 1919 1363 2142 1427; x_wconf 85' lang='lat' dir='ltr'><strong>bibitio</strong></span> <span class='ocrx_word' id='word_1_428' title='bbox 2167 1363 2317 1425; x_wconf 90' lang='lat' dir='ltr'><strong>facit</strong></span> <span class='ocrx_word' id='word_1_429' title='bbox 2339 1381 2469 1425; x_wconf 85' lang='lat' dir='ltr'><strong>esse</strong></span> <span class='ocrx_word' id='word_1_430' title='bbox 2496 1362 2802 1442; x_wconf 85' lang='lat' dir='ltr'><strong>injustum</strong></span> <span class='ocrx_word' id='word_1_431' title='bbox 2830 1366 3037 1422; x_wconf 89' lang='lat' dir='ltr'><strong>actum</strong></span> <span class='ocrx_word' id='word_1_432' title='bbox 3065 1358 3482 1440; x_wconf 83' lang='lat' dir='ltr'><strong>prohibitum:</strong></span> 
     </span>
     <span class='ocr_line' id='line_1_65' title="bbox 1921 1453 3486 1538; baseline -0.003 -18"><span class='ocrx_word' id='word_1_433' title='bbox 1921 1476 2072 1538; x_wconf 90' lang='lat' dir='ltr'><strong>ergo</strong></span> <span class='ocrx_word' id='word_1_434' title='bbox 2098 1475 2344 1537; x_wconf 88' lang='lat' dir='ltr'><strong>semper</strong></span> <span class='ocrx_word' id='word_1_435' title='bbox 2368 1456 2513 1519; x_wconf 80' lang='lat' dir='ltr'><strong>talis</strong></span> <span class='ocrx_word' id='word_1_436' title='bbox 2531 1456 2636 1518; x_wconf 90' lang='lat' dir='ltr'><strong>lex</strong></span> <span class='ocrx_word' id='word_1_437' title='bbox 2660 1454 2866 1516; x_wconf 90' lang='lat' dir='ltr'><strong>irritat</strong></span> <span class='ocrx_word' id='word_1_438' title='bbox 2891 1458 3122 1529; x_wconf 85' lang='lat' dir='ltr'><strong>actum,</strong></span> <span class='ocrx_word' id='word_1_439' title='bbox 3151 1453 3300 1533; x_wconf 88' lang='lat' dir='ltr'><strong>quia</strong></span> <span class='ocrx_word' id='word_1_440' title='bbox 3326 1471 3486 1515; x_wconf 90' lang='lat' dir='ltr'><strong>sem-</strong></span> 
     </span>
     <span class='ocr_line' id='line_1_66' title="bbox 1918 1546 3480 1634; baseline -0.001 -19"><span class='ocrx_word' id='word_1_441' title='bbox 1918 1570 2030 1634; x_wconf 90' lang='lat' dir='ltr'><strong>per</strong></span> <span class='ocrx_word' id='word_1_442' title='bbox 2060 1551 2297 1631; x_wconf 91' lang='lat' dir='ltr'><strong>obligat</strong></span> <span class='ocrx_word' id='word_1_443' title='bbox 2322 1550 2403 1613; x_wconf 90' lang='lat' dir='ltr'><strong>ad</strong></span> <span class='ocrx_word' id='word_1_444' title='bbox 2438 1549 2780 1613; x_wconf 89' lang='lat' dir='ltr'><strong>tollendam</strong></span> <span class='ocrx_word' id='word_1_445' title='bbox 2818 1547 3191 1629; x_wconf 89' lang='lat' dir='ltr'><strong>injustitiam</strong></span> <span class='ocrx_word' id='word_1_446' title='bbox 3229 1546 3480 1625; x_wconf 76' lang='lat' dir='ltr'><strong>factam,</strong></span> 
     </span>
     <span class='ocr_line' id='line_1_67' title="bbox 1918 1639 3485 1725; baseline -0.004 -17"><span class='ocrx_word' id='word_1_447' title='bbox 1918 1650 1983 1708; x_wconf 91' lang='lat' dir='ltr'><strong>et</strong></span> <span class='ocrx_word' id='word_1_448' title='bbox 2008 1650 2453 1725; x_wconf 89' lang='lat' dir='ltr'><strong>consequenter</strong></span> <span class='ocrx_word' id='word_1_449' title='bbox 2482 1643 2716 1723; x_wconf 90' lang='lat' dir='ltr'><strong>obligat</strong></span> <span class='ocrx_word' id='word_1_450' title='bbox 2745 1643 2815 1704; x_wconf 88' lang='grc'><strong>18</strong></span> <span class='ocrx_word' id='word_1_451' title='bbox 2851 1639 3226 1703; x_wconf 84' lang='lat' dir='ltr'><strong>conscientia</strong></span> <span class='ocrx_word' id='word_1_452' title='bbox 3251 1639 3330 1701; x_wconf 89' lang='lat' dir='ltr'><strong>ad</strong></span> <span class='ocrx_word' id='word_1_453' title='bbox 3358 1658 3485 1702; x_wconf 90' lang='lat' dir='ltr'><strong>res-</strong></span> 
     </span>
     <span class='ocr_line' id='line_1_68' title="bbox 1915 1731 3484 1817; baseline -0.005 -16"><span class='ocrx_word' id='word_1_454' title='bbox 1915 1738 2269 1801; x_wconf 88' lang='lat' dir='ltr'><strong>tituendum</strong></span> <span class='ocrx_word' id='word_1_455' title='bbox 2279 1784 2301 1817; x_wconf 91' lang='lat'><strong>,</strong></span> <span class='ocrx_word' id='word_1_456' title='bbox 2331 1743 2396 1803; x_wconf 92' lang='lat' dir='ltr'><strong>et</strong></span> <span class='ocrx_word' id='word_1_457' title='bbox 2423 1738 2502 1800; x_wconf 89' lang='lat' dir='ltr'><strong>ad</strong></span> <span class='ocrx_word' id='word_1_458' title='bbox 2527 1735 2887 1799; x_wconf 89' lang='lat' dir='ltr'><strong>habendum</strong></span> <span class='ocrx_word' id='word_1_459' title='bbox 2912 1751 3026 1816; x_wconf 92' lang='lat' dir='ltr'><strong>pro</strong></span> <span class='ocrx_word' id='word_1_460' title='bbox 3058 1733 3290 1795; x_wconf 87' lang='lat' dir='ltr'><strong>infecto</strong></span> <span class='ocrx_word' id='word_1_461' title='bbox 3316 1731 3484 1814; x_wconf 90' lang='lat' dir='ltr'><strong>quod</strong></span> 
     </span>
     <span class='ocr_line' id='line_1_69' title="bbox 1916 1822 3486 1913; baseline -0.004 -18"><span class='ocrx_word' id='word_1_462' title='bbox 1916 1832 2158 1895; x_wconf 82' lang='lat' dir='ltr'><strong>factum</strong></span> <span class='ocrx_word' id='word_1_463' title='bbox 2182 1832 2408 1909; x_wconf 83' lang='lat' dir='ltr'><strong>fuerat,</strong></span> <span class='ocrx_word' id='word_1_464' title='bbox 2438 1831 2606 1913; x_wconf 90' lang='lat' dir='ltr'><strong>quod</strong></span> <span class='ocrx_word' id='word_1_465' title='bbox 2632 1835 2725 1892; x_wconf 82' lang='lat' dir='ltr'><strong>cst</strong></span> <span class='ocrx_word' id='word_1_466' title='bbox 2750 1822 3076 1890; x_wconf 82' lang='lat' dir='ltr'><strong>annullare</strong></span> <span class='ocrx_word' id='word_1_467' title='bbox 3100 1838 3332 1888; x_wconf 89' lang='lat' dir='ltr'><strong>actum.</strong></span> <span class='ocrx_word' id='word_1_468' title='bbox 3368 1827 3486 1889; x_wconf 89' lang='lat' dir='ltr'><strong>De·</strong></span> 
     </span>
     <span class='ocr_line' id='line_1_70' title="bbox 1917 1916 3485 2006; baseline -0.004 -18"><span class='ocrx_word' id='word_1_469' title='bbox 1917 1925 2109 2006; x_wconf 90' lang='lat' dir='ltr'><strong>nique</strong></span> <span class='ocrx_word' id='word_1_470' title='bbox 2128 1925 2248 1988; x_wconf 91' lang='grc'>1108</span> <span class='ocrx_word' id='word_1_471' title='bbox 2267 1926 2455 1988; x_wconf 90' lang='lat' dir='ltr'><strong>modo</strong></span> <span class='ocrx_word' id='word_1_472' title='bbox 2471 1923 2764 1988; x_wconf 81' lang='lat' dir='ltr'><strong>videntur</strong></span> <span class='ocrx_word' id='word_1_473' title='bbox 2782 1916 3028 1984; x_wconf 84' lang='lat' dir='ltr'><strong>irritare</strong></span> <span class='ocrx_word' id='word_1_474' title='bbox 3046 1926 3256 1982; x_wconf 90' lang='lat' dir='ltr'><strong>actum</strong></span> <span class='ocrx_word' id='word_1_475' title='bbox 3274 1919 3485 1982; x_wconf 78' lang='lat' dir='ltr'><strong>multae</strong></span> 
     </span>
     <span class='ocr_line' id='line_1_71' title="bbox 1917 2004 3484 2099; baseline -0.003 -19"><span class='ocrx_word' id='word_1_476' title='bbox 1917 2018 2088 2099; x_wconf 88' lang='lat' dir='ltr'><strong>leges</strong></span> <span class='ocrx_word' id='word_1_477' title='bbox 2127 2019 2335 2082; x_wconf 81' lang='lat' dir='ltr'><strong>civiles</strong></span> <span class='ocrx_word' id='word_1_478' title='bbox 2353 2063 2375 2096; x_wconf 91' lang='lat'><strong>,</strong></span> <span class='ocrx_word' id='word_1_479' title='bbox 2425 2036 2565 2098; x_wconf 68' lang='lat' dir='ltr'><strong>qua».</strong></span> <span class='ocrx_word' id='word_1_480' title='bbox 2595 2017 2684 2079; x_wconf 91' lang='lat' dir='ltr'><strong>ita</strong></span> <span class='ocrx_word' id='word_1_481' title='bbox 2709 2015 3041 2096; x_wconf 90' lang='lat' dir='ltr'><strong>prohibent</strong></span> <span class='ocrx_word' id='word_1_482' title='bbox 3069 2004 3281 2075; x_wconf 87' lang='lat' dir='ltr'><strong>actum</strong></span> <span class='ocrx_word' id='word_1_483' title='bbox 3302 2018 3396 2090; x_wconf 91' lang='lat' dir='ltr'><strong>ut,</strong></span> <span class='ocrx_word' id='word_1_484' title='bbox 3430 2012 3484 2075; x_wconf 88' lang='lat' dir='ltr'><strong>si</strong></span> 
     </span>
     <span class='ocr_line' id='line_1_72' title="bbox 1917 2106 3486 2192; baseline -0.004 -18"><span class='ocrx_word' id='word_1_485' title='bbox 1917 2111 2030 2174; x_wconf 87' lang='lat' dir='ltr'><strong>fiat</strong></span> <span class='ocrx_word' id='word_1_486' title='bbox 2055 2117 2271 2174; x_wconf 89' lang='lat' dir='ltr'><strong>contra</strong></span> <span class='ocrx_word' id='word_1_487' title='bbox 2296 2111 2524 2192; x_wconf 92' lang='lat' dir='ltr'><strong>legem,</strong></span> <span class='ocrx_word' id='word_1_488' title='bbox 2555 2109 2733 2172; x_wconf 87' lang='lat' dir='ltr'><strong>cedat</strong></span> <span class='ocrx_word' id='word_1_489' title='bbox 2764 2108 2835 2170; x_wconf 93' lang='lat' dir='ltr'><strong>in</strong></span> <span class='ocrx_word' id='word_1_490' title='bbox 2859 2108 2947 2187; x_wconf 89' lang='lat' dir='ltr'><strong>inj</strong></span> <span class='ocrx_word' id='word_1_491' title='bbox 2955 2107 3158 2169; x_wconf 87' lang='lat' dir='ltr'><strong>uriam</strong></span> <span class='ocrx_word' id='word_1_492' title='bbox 3185 2106 3377 2182; x_wconf 90' lang='lat' dir='ltr'><strong>tertii,</strong></span> <span class='ocrx_word' id='word_1_493' title='bbox 3410 2111 3486 2168; x_wconf 90' lang='lat' dir='ltr'><strong>ut</strong></span> 
     </span>
     <span class='ocr_line' id='line_1_73' title="bbox 1917 2199 3478 2287; baseline -0.006 -18"><span class='ocrx_word' id='word_1_494' title='bbox 1917 2205 2018 2269; x_wconf 84' lang='lat' dir='ltr'><strong>lex</strong></span> <span class='ocrx_word' id='word_1_495' title='bbox 2052 2204 2387 2287; x_wconf 84' lang='lat' dir='ltr'><strong>prohibens</strong></span> <span class='ocrx_word' id='word_1_496' title='bbox 2419 2204 2746 2268; x_wconf 88' lang='lat' dir='ltr'><strong>meliorare</strong></span> <span class='ocrx_word' id='word_1_497' title='bbox 2783 2200 2984 2263; x_wconf 88' lang='lat' dir='ltr'><strong>filium</strong></span> <span class='ocrx_word' id='word_1_498' title='bbox 3015 2199 3181 2260; x_wconf 86' lang='lat' dir='ltr'><strong>ultra</strong></span> <span class='ocrx_word' id='word_1_499' title='bbox 3206 2199 3478 2277; x_wconf 88' lang='lat' dir='ltr'><strong>tertiam,</strong></span> 
     </span>
     <span class='ocr_line' id='line_1_74' title="bbox 1917 2290 3479 2377; baseline -0.006 -17"><span class='ocrx_word' id='word_1_500' title='bbox 1917 2303 2029 2361; x_wconf 90' lang='lat' dir='ltr'><strong>aut</strong></span> <span class='ocrx_word' id='word_1_501' title='bbox 2055 2298 2321 2377; x_wconf 85' lang='lat' dir='ltr'><strong>similes3</strong></span> <span class='ocrx_word' id='word_1_502' title='bbox 2349 2297 2474 2360; x_wconf 84' lang='lat' dir='ltr'><strong>illse</strong></span> <span class='ocrx_word' id='word_1_503' title='bbox 2495 2296 2666 2359; x_wconf 92' lang='lat' dir='ltr'><strong>enim</strong></span> <span class='ocrx_word' id='word_1_504' title='bbox 2687 2294 2757 2356; x_wconf 90' lang='lat' dir='ltr'><strong>in</strong></span> <span class='ocrx_word' id='word_1_505' title='bbox 2781 2291 3155 2356; x_wconf 91' lang='lat' dir='ltr'><strong>conscientia</strong></span> <span class='ocrx_word' id='word_1_506' title='bbox 3176 2290 3479 2371; x_wconf 87' lang='lat' dir='ltr'><strong>obligant,</strong></span> 
     </span>
     <span class='ocr_line' id='line_1_75' title="bbox 1919 2384 3485 2472; baseline -0.003 -18"><span class='ocrx_word' id='word_1_507' title='bbox 1919 2396 1984 2455; x_wconf 91' lang='lat' dir='ltr'><strong>et</strong></span> <span class='ocrx_word' id='word_1_508' title='bbox 2010 2391 2361 2472; x_wconf 87' lang='lat' dir='ltr'><strong>impediunt</strong></span> <span class='ocrx_word' id='word_1_509' title='bbox 2387 2389 2662 2453; x_wconf 84' lang='lat' dir='ltr'><strong>valorem</strong></span> <span class='ocrx_word' id='word_1_510' title='bbox 2705 2392 2877 2450; x_wconf 86' lang='lat' dir='ltr'><strong>actus</strong></span> <span class='ocrx_word' id='word_1_511' title='bbox 2904 2431 2926 2463; x_wconf 93' lang='lat'><em>‚</em></span> <span class='ocrx_word' id='word_1_512' title='bbox 2975 2384 3219 2449; x_wconf 89' lang='lat' dir='ltr'><strong>etiamsi</strong></span> <span class='ocrx_word' id='word_1_513' title='bbox 3242 2384 3342 2447; x_wconf 89' lang='lat' dir='ltr'><strong>lex</strong></span> <span class='ocrx_word' id='word_1_514' title='bbox 3372 2402 3485 2467; x_wconf 85' lang='lat' dir='ltr'><strong>per</strong></span> 
     </span>
     <span class='ocr_line' id='line_1_76' title="bbox 1918 2480 3151 2565; baseline -0.006 -17"><span class='ocrx_word' id='word_1_515' title='bbox 1918 2485 2110 2548; x_wconf 79' lang='lat' dir='ltr'><strong>verba</strong></span> <span class='ocrx_word' id='word_1_516' title='bbox 2136 2490 2385 2547; x_wconf 86' lang='lat' dir='ltr'><strong>tantum</strong></span> <span class='ocrx_word' id='word_1_517' title='bbox 2414 2481 2810 2565; x_wconf 86' lang='lat' dir='ltr'><strong>prohibentia</strong></span> <span class='ocrx_word' id='word_1_518' title='bbox 2836 2480 3151 2560; x_wconf 86' lang='lat' dir='ltr'><strong>loquatur.</strong></span> 
     </span>
    </p>

    <p class='ocr_par' dir='ltr' id='par_1_10' title="bbox 1905 2570 3486 5531">
     <span class='ocr_line' id='line_1_77' title="bbox 2001 2570 3485 2657; baseline -0.005 -17"><span class='ocrx_word' id='word_1_519' title='bbox 2001 2580 2062 2641; x_wconf 84' lang='lat'><strong>3.</strong></span> <span class='ocrx_word' id='word_1_520' title='bbox 2106 2577 2363 2657; x_wconf 89' lang='lat' dir='ltr'><strong>Propter</strong></span> <span class='ocrx_word' id='word_1_521' title='bbox 2404 2576 2517 2638; x_wconf 89' lang='lat' dir='ltr'><strong>has</strong></span> <span class='ocrx_word' id='word_1_522' title='bbox 2569 2573 2935 2656; x_wconf 89' lang='lat' dir='ltr'><strong>posteriores</strong></span> <span class='ocrx_word' id='word_1_523' title='bbox 2975 2571 3246 2634; x_wconf 90' lang='lat' dir='ltr'><strong>rationes</strong></span> <span class='ocrx_word' id='word_1_524' title='bbox 3287 2570 3485 2633; x_wconf 81' lang='lat' dir='ltr'><strong>videri</strong></span> 
     </span>
     <span class='ocr_line' id='line_1_78' title="bbox 1917 2665 3485 2751; baseline -0.004 -19"><span class='ocrx_word' id='word_1_525' title='bbox 1917 2675 2119 2751; x_wconf 90' lang='lat' dir='ltr'><strong>potest</strong></span> <span class='ocrx_word' id='word_1_526' title='bbox 2152 2670 2571 2731; x_wconf 91' lang='lat' dir='ltr'><strong>necessarium</strong></span> <span class='ocrx_word' id='word_1_527' title='bbox 2607 2668 2883 2748; x_wconf 87' lang='lat' dir='ltr'><strong>aliquam</strong></span> <span class='ocrx_word' id='word_1_528' title='bbox 2918 2665 3341 2746; x_wconf 86' lang='lat' dir='ltr'><strong>exceptionem</strong></span> <span class='ocrx_word' id='word_1_529' title='bbox 3377 2665 3485 2726; x_wconf 87' lang='lat' dir='ltr'><strong>ad·</strong></span> 
     </span>
     <span class='ocr_line' id='line_1_79' title="bbox 1918 2757 3485 2841; baseline -0.002 -19"><span class='ocrx_word' id='word_1_530' title='bbox 1918 2761 2066 2824; x_wconf 88' lang='lat' dir='ltr'><strong>dere</strong></span> <span class='ocrx_word' id='word_1_531' title='bbox 2115 2761 2392 2841; x_wconf 89' lang='lat' dir='ltr'><strong>generali</strong></span> <span class='ocrx_word' id='word_1_532' title='bbox 2439 2761 2672 2841; x_wconf 80' lang='lat' dir='ltr'><strong>regulae</strong></span> <span class='ocrx_word' id='word_1_533' title='bbox 2719 2779 2907 2840; x_wconf 91' lang='lat' dir='ltr'><strong>supra</strong></span> <span class='ocrx_word' id='word_1_534' title='bbox 2939 2759 3153 2839; x_wconf 83' lang='lat' dir='ltr'><strong>positae</strong></span> <span class='ocrx_word' id='word_1_535' title='bbox 3186 2759 3254 2820; x_wconf 89' lang='grc'><strong>18</strong></span> <span class='ocrx_word' id='word_1_536' title='bbox 3281 2757 3485 2838; x_wconf 88' lang='grc'>811188</span> 
     </span>
     <span class='ocr_line' id='line_1_80' title="bbox 1918 2850 3481 2932; baseline -0.004 -14"><span class='ocrx_word' id='word_1_537' title='bbox 1918 2856 2275 2917; x_wconf 89' lang='lat' dir='ltr'><strong>assertione.</strong></span> <span class='ocrx_word' id='word_1_538' title='bbox 2308 2856 2385 2916; x_wconf 91' lang='lat' dir='ltr'><strong>Et</strong></span> <span class='ocrx_word' id='word_1_539' title='bbox 2408 2854 2497 2915; x_wconf 89' lang='lat' dir='ltr'><strong>ita</strong></span> <span class='ocrx_word' id='word_1_540' title='bbox 2528 2853 2716 2915; x_wconf 90' lang='lat' dir='ltr'><strong>sentit</strong></span> <span class='ocrx_word' id='word_1_541' title='bbox 2752 2853 3031 2932; x_wconf 79' lang='lat' dir='ltr'><strong>vasquez</strong></span> <span class='ocrx_word' id='word_1_542' title='bbox 3057 2850 3223 2914; x_wconf 88' lang='lat' dir='ltr'><strong>dicta</strong></span> <span class='ocrx_word' id='word_1_543' title='bbox 3252 2852 3481 2932; x_wconf 87' lang='lat' dir='ltr'><strong>disput.</strong></span> 
     </span>
     <span class='ocr_line' id='line_1_81' title="bbox 1920 2942 3484 3027; baseline -0.003 -19"><span class='ocrx_word' id='word_1_544' title='bbox 1920 2949 2064 3022; x_wconf 73' lang='lat'><strong>164,</strong></span> <span class='ocrx_word' id='word_1_545' title='bbox 2094 2966 2229 3027; x_wconf 85' lang='lat' dir='ltr'><strong>cap.</strong></span> <span class='ocrx_word' id='word_1_546' title='bbox 2262 2949 2323 3023; x_wconf 89' lang='lat'><strong>3,</strong></span> <span class='ocrx_word' id='word_1_547' title='bbox 2356 2947 2468 3007; x_wconf 88' lang='lat' dir='ltr'><strong>ubi</strong></span> <span class='ocrx_word' id='word_1_548' title='bbox 2502 2946 2741 3025; x_wconf 89' lang='lat' dir='ltr'><strong>aliquas</strong></span> <span class='ocrx_word' id='word_1_549' title='bbox 2780 2945 3027 3025; x_wconf 84' lang='lat' dir='ltr'><strong>regulas</strong></span> <span class='ocrx_word' id='word_1_550' title='bbox 3054 2944 3370 3007; x_wconf 87' lang='lat' dir='ltr'><strong>constituit</strong></span> <span class='ocrx_word' id='word_1_551' title='bbox 3403 2942 3484 3006; x_wconf 89' lang='lat' dir='ltr'><strong>ad</strong></span> 
     </span>
     <span class='ocr_line' id='line_1_82' title="bbox 1918 3036 3486 3118; baseline -0.002 -17"><span class='ocrx_word' id='word_1_552' title='bbox 1918 3038 2396 3101; x_wconf 90' lang='lat' dir='ltr'><strong>discernendum</strong></span> <span class='ocrx_word' id='word_1_553' title='bbox 2422 3037 2669 3118; x_wconf 87' lang='lat' dir='ltr'><strong>quando</strong></span> <span class='ocrx_word' id='word_1_554' title='bbox 2687 3055 2764 3098; x_wconf 90' lang='lat' dir='ltr'><strong>ex</strong></span> <span class='ocrx_word' id='word_1_555' title='bbox 2782 3043 2959 3118; x_wconf 89' lang='lat' dir='ltr'><strong>parte</strong></span> <span class='ocrx_word' id='word_1_556' title='bbox 2987 3037 3264 3098; x_wconf 66' lang='lat' dir='ltr'><strong>materiae</strong></span> <span class='ocrx_word' id='word_1_557' title='bbox 3289 3036 3388 3098; x_wconf 84' lang='lat' dir='ltr'><strong>vel</strong></span> <span class='ocrx_word' id='word_1_558' title='bbox 3408 3054 3486 3098; x_wconf 91' lang='grc'><strong>88</strong></span> 
     </span>
     <span class='ocr_line' id='line_1_83' title="bbox 1918 3130 3484 3212; baseline 0 -20"><span class='ocrx_word' id='word_1_559' title='bbox 1918 3133 2152 3195; x_wconf 83' lang='lat' dir='ltr'><strong>motivo</strong></span> <span class='ocrx_word' id='word_1_560' title='bbox 2187 3132 2343 3211; x_wconf 89' lang='lat' dir='ltr'><strong>legis</strong></span> <span class='ocrx_word' id='word_1_561' title='bbox 2372 3130 2754 3212; x_wconf 87' lang='lat' dir='ltr'><strong>prohibentis</strong></span> <span class='ocrx_word' id='word_1_562' title='bbox 2782 3130 2988 3209; x_wconf 91' lang='lat' dir='ltr'><strong>colligi</strong></span> <span class='ocrx_word' id='word_1_563' title='bbox 3014 3130 3205 3210; x_wconf 88' lang='lat' dir='ltr'><strong>possit</strong></span> <span class='ocrx_word' id='word_1_564' title='bbox 3230 3130 3484 3192; x_wconf 85' lang='lat' dir='ltr'><strong>nullitas</strong></span> 
     </span>
     <span class='ocr_line' id='line_1_84' title="bbox 1916 3223 3485 3304; baseline 0 -17"><span class='ocrx_word' id='word_1_565' title='bbox 1916 3231 2030 3287; x_wconf 88' lang='lat' dir='ltr'><strong>aut</strong></span> <span class='ocrx_word' id='word_1_566' title='bbox 2075 3223 2251 3289; x_wconf 79' lang='lat' dir='ltr'><strong>valor</strong></span> <span class='ocrx_word' id='word_1_567' title='bbox 2301 3230 2497 3301; x_wconf 89' lang='lat' dir='ltr'><strong>actus,</strong></span> <span class='ocrx_word' id='word_1_568' title='bbox 2550 3241 2626 3286; x_wconf 90' lang='lat' dir='ltr'><strong>ex</strong></span> <span class='ocrx_word' id='word_1_569' title='bbox 2678 3223 2906 3304; x_wconf 89' lang='lat' dir='ltr'><strong>quibus</strong></span> <span class='ocrx_word' id='word_1_570' title='bbox 2950 3224 3090 3286; x_wconf 81' lang='lat' dir='ltr'><strong>duae</strong></span> <span class='ocrx_word' id='word_1_571' title='bbox 3123 3229 3371 3287; x_wconf 88' lang='lat' dir='ltr'><strong>tantum</strong></span> <span class='ocrx_word' id='word_1_572' title='bbox 3405 3225 3485 3287; x_wconf 91' lang='lat' dir='ltr'><strong>ad</strong></span> 
     </span>
     <span class='ocr_line' id='line_1_85' title="bbox 1912 3316 3484 3398; baseline -0.001 -18"><span class='ocrx_word' id='word_1_573' title='bbox 1912 3336 2052 3381; x_wconf 91' lang='lat' dir='ltr'><strong>rem</strong></span> <span class='ocrx_word' id='word_1_574' title='bbox 2076 3323 2358 3380; x_wconf 88' lang='lat' dir='ltr'><strong>nostram</strong></span> <span class='ocrx_word' id='word_1_575' title='bbox 2388 3318 2590 3380; x_wconf 81' lang='lat' dir='ltr'><strong>facere</strong></span> <span class='ocrx_word' id='word_1_576' title='bbox 2615 3316 2926 3380; x_wconf 84' lang='lat' dir='ltr'><strong>videntur.</strong></span> <span class='ocrx_word' id='word_1_577' title='bbox 2956 3318 3095 3378; x_wconf 90' lang='lat' dir='ltr'><strong>Una</strong></span> <span class='ocrx_word' id='word_1_578' title='bbox 3119 3322 3214 3378; x_wconf 91' lang='lat' dir='ltr'><strong>est</strong></span> <span class='ocrx_word' id='word_1_579' title='bbox 3235 3317 3484 3398; x_wconf 88' lang='lat' dir='ltr'><strong>quando</strong></span> 
     </span>
     <span class='ocr_line' id='line_1_86' title="bbox 1915 3409 3485 3492; baseline 0 -19"><span class='ocrx_word' id='word_1_580' title='bbox 1915 3410 2019 3473; x_wconf 88' lang='lat' dir='ltr'><strong>lex</strong></span> <span class='ocrx_word' id='word_1_581' title='bbox 2056 3411 2345 3492; x_wconf 90' lang='lat' dir='ltr'><strong>prohibet</strong></span> <span class='ocrx_word' id='word_1_582' title='bbox 2384 3416 2593 3473; x_wconf 89' lang='lat' dir='ltr'><strong>actum</strong></span> <span class='ocrx_word' id='word_1_583' title='bbox 2647 3428 2777 3472; x_wconf 91' lang='grc'><strong>808</strong></span> <span class='ocrx_word' id='word_1_584' title='bbox 2814 3409 3046 3473; x_wconf 81' lang='lat' dir='ltr'><strong>intuitu</strong></span> <span class='ocrx_word' id='word_1_585' title='bbox 3067 3411 3349 3489; x_wconf 77' lang='lat' dir='ltr'><strong>justitiae,</strong></span> <span class='ocrx_word' id='word_1_586' title='bbox 3377 3410 3485 3473; x_wconf 89' lang='lat' dir='ltr'><strong>sed</strong></span> 
     </span>
     <span class='ocr_line' id='line_1_87' title="bbox 1915 3501 3482 3583; baseline 0.001 -18"><span class='ocrx_word' id='word_1_587' title='bbox 1915 3501 2171 3566; x_wconf 89' lang='lat' dir='ltr'><strong>alterius</strong></span> <span class='ocrx_word' id='word_1_588' title='bbox 2196 3503 2469 3579; x_wconf 83' lang='lat' dir='ltr'><strong>virtutis,</strong></span> <span class='ocrx_word' id='word_1_589' title='bbox 2488 3507 2562 3565; x_wconf 91' lang='lat' dir='ltr'><strong>ut</strong></span> <span class='ocrx_word' id='word_1_590' title='bbox 2587 3502 2928 3583; x_wconf 89' lang='lat' dir='ltr'><strong>religionis,</strong></span> <span class='ocrx_word' id='word_1_591' title='bbox 2952 3502 3053 3565; x_wconf 79' lang='lat' dir='ltr'><strong>vel</strong></span> <span class='ocrx_word' id='word_1_592' title='bbox 3072 3503 3482 3581; x_wconf 86' lang='lat' dir='ltr'><strong>liberalitatis,</strong></span> 
     </span>
     <span class='ocr_line' id='line_1_88' title="bbox 1915 3594 3481 3675; baseline 0 -18"><span class='ocrx_word' id='word_1_593' title='bbox 1915 3602 2026 3659; x_wconf 86' lang='lat' dir='ltr'><strong>aut</strong></span> <span class='ocrx_word' id='word_1_594' title='bbox 2041 3594 2281 3673; x_wconf 89' lang='lat' dir='ltr'><strong>similis,</strong></span> <span class='ocrx_word' id='word_1_595' title='bbox 2312 3602 2375 3657; x_wconf 91' lang='lat' dir='ltr'><strong>et</strong></span> <span class='ocrx_word' id='word_1_596' title='bbox 2398 3614 2529 3657; x_wconf 91' lang='grc'><strong>808</strong></span> <span class='ocrx_word' id='word_1_597' title='bbox 2554 3594 2729 3657; x_wconf 89' lang='lat' dir='ltr'><strong>addit</strong></span> <span class='ocrx_word' id='word_1_598' title='bbox 2752 3594 3092 3657; x_wconf 85' lang='lat' dir='ltr'><strong>clausulam</strong></span> <span class='ocrx_word' id='word_1_599' title='bbox 3109 3596 3481 3675; x_wconf 85' lang='lat' dir='ltr'><strong>irritantem,</strong></span> 
     </span>
     <span class='ocr_line' id='line_1_89' title="bbox 1914 3688 3486 3770; baseline 0.001 -20"><span class='ocrx_word' id='word_1_600' title='bbox 1914 3694 2066 3751; x_wconf 88' lang='lat' dir='ltr'><strong>tunc</strong></span> <span class='ocrx_word' id='word_1_601' title='bbox 2089 3706 2418 3769; x_wconf 89' lang='lat' dir='ltr'><strong>nunquam</strong></span> <span class='ocrx_word' id='word_1_602' title='bbox 2437 3688 2765 3750; x_wconf 88' lang='lat' dir='ltr'><strong>annullare</strong></span> <span class='ocrx_word' id='word_1_603' title='bbox 2791 3694 3023 3750; x_wconf 90' lang='lat' dir='ltr'><strong>actum.</strong></span> <span class='ocrx_word' id='word_1_604' title='bbox 3048 3689 3225 3752; x_wconf 89' lang='lat' dir='ltr'><strong>Unde</strong></span> <span class='ocrx_word' id='word_1_605' title='bbox 3249 3708 3364 3770; x_wconf 90' lang='lat' dir='ltr'><strong>per</strong></span> <span class='ocrx_word' id='word_1_606' title='bbox 3388 3709 3486 3751; x_wconf 90' lang='lat' dir='ltr'><strong>ar-</strong></span> 
     </span>
     <span class='ocr_line' id='line_1_90' title="bbox 1915 3781 3485 3862; baseline 0 -18"><span class='ocrx_word' id='word_1_607' title='bbox 1915 3787 2286 3861; x_wconf 84' lang='lat' dir='ltr'><strong>gumentum</strong></span> <span class='ocrx_word' id='word_1_608' title='bbox 2312 3801 2351 3844; x_wconf 88' lang='lat' dir='ltr'><strong>a</strong></span> <span class='ocrx_word' id='word_1_609' title='bbox 2389 3782 2699 3843; x_wconf 90' lang='lat' dir='ltr'><strong>contrario</strong></span> <span class='ocrx_word' id='word_1_610' title='bbox 2732 3781 2959 3844; x_wconf 86' lang='lat' dir='ltr'><strong>inferet</strong></span> <span class='ocrx_word' id='word_1_611' title='bbox 2999 3782 3249 3862; x_wconf 89' lang='lat' dir='ltr'><strong>aliquis,</strong></span> <span class='ocrx_word' id='word_1_612' title='bbox 3292 3784 3346 3844; x_wconf 90' lang='lat' dir='ltr'><strong>si</strong></span> <span class='ocrx_word' id='word_1_613' title='bbox 3382 3782 3485 3845; x_wconf 89' lang='lat' dir='ltr'><strong>lex</strong></span> 
     </span>
     <span class='ocr_line' id='line_1_91' title="bbox 1914 3874 3486 3956; baseline 0 -20"><span class='ocrx_word' id='word_1_614' title='bbox 1914 3874 2241 3954; x_wconf 90' lang='lat' dir='ltr'><strong>prohibeat</strong></span> <span class='ocrx_word' id='word_1_615' title='bbox 2283 3880 2496 3936; x_wconf 88' lang='lat' dir='ltr'><strong>actum</strong></span> <span class='ocrx_word' id='word_1_616' title='bbox 2525 3874 2760 3936; x_wconf 90' lang='lat' dir='ltr'><strong>intuitu</strong></span> <span class='ocrx_word' id='word_1_617' title='bbox 2789 3875 3067 3954; x_wconf 76' lang='lat' dir='ltr'><strong>justitiae,</strong></span> <span class='ocrx_word' id='word_1_618' title='bbox 3096 3875 3374 3956; x_wconf 88' lang='grc'>11081880</span> <span class='ocrx_word' id='word_1_619' title='bbox 3402 3876 3486 3936; x_wconf 90' lang='grc'><strong>11·</strong></span> 
     </span>
     <span class='ocr_line' id='line_1_92' title="bbox 1914 3965 3485 4047; baseline 0.001 -17"><span class='ocrx_word' id='word_1_620' title='bbox 1914 3967 2105 4030; x_wconf 90' lang='lat' dir='ltr'><strong>ritare</strong></span> <span class='ocrx_word' id='word_1_621' title='bbox 2136 3965 2357 4028; x_wconf 84' lang='lat' dir='ltr'><strong>illum:</strong></span> <span class='ocrx_word' id='word_1_622' title='bbox 2388 3966 2555 4047; x_wconf 90' lang='lat' dir='ltr'><strong>quod</strong></span> <span class='ocrx_word' id='word_1_623' title='bbox 2582 3972 2797 4029; x_wconf 90' lang='lat' dir='ltr'><strong>tamen</strong></span> <span class='ocrx_word' id='word_1_624' title='bbox 2837 3985 2953 4029; x_wconf 91' lang='lat' dir='ltr'><strong>nec</strong></span> <span class='ocrx_word' id='word_1_625' title='bbox 2987 3967 3066 4028; x_wconf 91' lang='lat' dir='ltr'><strong>ab</strong></span> <span class='ocrx_word' id='word_1_626' title='bbox 3097 3967 3207 4028; x_wconf 90' lang='lat' dir='ltr'><strong>illo</strong></span> <span class='ocrx_word' id='word_1_627' title='bbox 3234 3975 3485 4031; x_wconf 89' lang='lat' dir='ltr'><strong>auctore</strong></span> 
     </span>
     <span class='ocr_line' id='line_1_93' title="bbox 1914 4059 3480 4135; baseline 0 -13"><span class='ocrx_word' id='word_1_628' title='bbox 1914 4059 2294 4134; x_wconf 87' lang='lat' dir='ltr'><strong>conceditur,</strong></span> <span class='ocrx_word' id='word_1_629' title='bbox 2335 4076 2452 4120; x_wconf 91' lang='lat' dir='ltr'><strong>nec</strong></span> <span class='ocrx_word' id='word_1_630' title='bbox 2485 4075 2706 4121; x_wconf 79' lang='lat' dir='ltr'><strong>verum</strong></span> <span class='ocrx_word' id='word_1_631' title='bbox 2738 4063 2853 4135; x_wconf 86' lang='lat' dir='ltr'><strong>est,</strong></span> <span class='ocrx_word' id='word_1_632' title='bbox 2885 4065 2960 4120; x_wconf 89' lang='lat' dir='ltr'><strong>ut</strong></span> <span class='ocrx_word' id='word_1_633' title='bbox 3002 4059 3213 4120; x_wconf 87' lang='lat' dir='ltr'><strong>statim</strong></span> <span class='ocrx_word' id='word_1_634' title='bbox 3253 4060 3480 4122; x_wconf 86' lang='lat' dir='ltr'><strong>dicam.</strong></span> 
     </span>
     <span class='ocr_line' id='line_1_94' title="bbox 1913 4149 3483 4231; baseline 0.001 -16"><span class='ocrx_word' id='word_1_635' title='bbox 1913 4152 2103 4215; x_wconf 82' lang='grc' dir='ltr'>Ε1118</span> <span class='ocrx_word' id='word_1_636' title='bbox 2129 4169 2208 4214; x_wconf 93' lang='lat' dir='ltr'><strong>ex</strong></span> <span class='ocrx_word' id='word_1_637' title='bbox 2231 4151 2340 4213; x_wconf 90' lang='lat' dir='ltr'><strong>illa</strong></span> <span class='ocrx_word' id='word_1_638' title='bbox 2364 4149 2582 4230; x_wconf 87' lang='lat' dir='ltr'><strong>regula</strong></span> <span class='ocrx_word' id='word_1_639' title='bbox 2597 4168 2727 4212; x_wconf 94' lang='lat' dir='ltr'><strong>non</strong></span> <span class='ocrx_word' id='word_1_640' title='bbox 2750 4149 3019 4213; x_wconf 87' lang='lat' dir='ltr'><strong>habetur</strong></span> <span class='ocrx_word' id='word_1_641' title='bbox 3038 4150 3287 4231; x_wconf 89' lang='lat' dir='ltr'><strong>quando</strong></span> <span class='ocrx_word' id='word_1_642' title='bbox 3309 4159 3483 4216; x_wconf 88' lang='lat' dir='ltr'><strong>actus</strong></span> 
     </span>
     <span class='ocr_line' id='line_1_95' title="bbox 1914 4242 3481 4324; baseline 0.001 -17"><span class='ocrx_word' id='word_1_643' title='bbox 1914 4245 1997 4307; x_wconf 90' lang='lat' dir='ltr'><strong>sit</strong></span> <span class='ocrx_word' id='word_1_644' title='bbox 2039 4244 2250 4306; x_wconf 90' lang='lat' dir='ltr'><strong>nullus</strong></span> <span class='ocrx_word' id='word_1_645' title='bbox 2280 4249 2534 4324; x_wconf 87' lang='lat' dir='ltr'><strong>propter</strong></span> <span class='ocrx_word' id='word_1_646' title='bbox 2574 4242 2768 4305; x_wconf 90' lang='lat' dir='ltr'><strong>solam</strong></span> <span class='ocrx_word' id='word_1_647' title='bbox 2808 4242 3290 4324; x_wconf 86' lang='lat' dir='ltr'><strong>prohibitionem</strong></span> <span class='ocrx_word' id='word_1_648' title='bbox 3300 4291 3323 4323; x_wconf 92' lang='lat'><strong>,</strong></span> <span class='ocrx_word' id='word_1_649' title='bbox 3373 4247 3481 4309; x_wconf 90' lang='lat' dir='ltr'><strong>sed</strong></span> 
     </span>
     <span class='ocr_line' id='line_1_96' title="bbox 1912 4335 3481 4420; baseline 0.001 -20"><span class='ocrx_word' id='word_1_650' title='bbox 1912 4337 2164 4420; x_wconf 87' lang='lat' dir='ltr'><strong>quando</strong></span> <span class='ocrx_word' id='word_1_651' title='bbox 2212 4336 2295 4398; x_wconf 91' lang='lat' dir='ltr'><strong>sit</strong></span> <span class='ocrx_word' id='word_1_652' title='bbox 2335 4335 2601 4413; x_wconf 79' lang='lat' dir='ltr'><strong>validus,</strong></span> <span class='ocrx_word' id='word_1_653' title='bbox 2641 4354 2772 4400; x_wconf 92' lang='grc'><strong>808</strong></span> <span class='ocrx_word' id='word_1_654' title='bbox 2819 4336 3101 4399; x_wconf 85' lang='grc'>011818818</span> <span class='ocrx_word' id='word_1_655' title='bbox 3144 4337 3273 4412; x_wconf 87' lang='lat' dir='ltr'><strong>illa,</strong></span> <span class='ocrx_word' id='word_1_656' title='bbox 3315 4339 3481 4418; x_wconf 85' lang='lat' dir='ltr'><strong>quod</strong></span> 
     </span>
     <span class='ocr_line' id='line_1_97' title="bbox 1905 4428 3474 4512; baseline 0.002 -20"><span class='ocrx_word' id='word_1_657' title='bbox 1905 4429 2044 4510; x_wconf 85' lang='lat' dir='ltr'><strong>jam</strong></span> <span class='ocrx_word' id='word_1_658' title='bbox 2067 4428 2369 4496; x_wconf 77' lang='lat' dir='ltr'><strong>habemus</strong></span> <span class='ocrx_word' id='word_1_659' title='bbox 2387 4446 2466 4491; x_wconf 93' lang='lat' dir='ltr'><strong>ex</strong></span> <span class='ocrx_word' id='word_1_660' title='bbox 2495 4428 2772 4509; x_wconf 89' lang='lat' dir='ltr'><strong>generali</strong></span> <span class='ocrx_word' id='word_1_661' title='bbox 2794 4428 3012 4508; x_wconf 86' lang='lat' dir='ltr'><strong>regula</strong></span> <span class='ocrx_word' id='word_1_662' title='bbox 3029 4429 3229 4510; x_wconf 87' lang='lat' dir='ltr'><strong>posita</strong></span> <span class='ocrx_word' id='word_1_663' title='bbox 3248 4429 3316 4490; x_wconf 94' lang='lat' dir='ltr'><strong>in</strong></span> <span class='ocrx_word' id='word_1_664' title='bbox 3338 4449 3474 4512; x_wconf 86' lang='lat' dir='ltr'><strong>cap.</strong></span> 
     </span>
     <span class='ocr_line' id='line_1_98' title="bbox 1912 4520 3478 4587; baseline 0 -2"><span class='ocrx_word' id='word_1_665' title='bbox 1912 4524 2016 4585; x_wconf 76' lang='lat'><strong>25.</strong></span> <span class='ocrx_word' id='word_1_666' title='bbox 2061 4524 2177 4585; x_wconf 89' lang='lat' dir='ltr'><strong>Per</strong></span> <span class='ocrx_word' id='word_1_667' title='bbox 2199 4522 2364 4584; x_wconf 89' lang='grc'>11888</span> <span class='ocrx_word' id='word_1_668' title='bbox 2388 4540 2537 4584; x_wconf 78' lang='lat' dir='ltr'><strong>vero</strong></span> <span class='ocrx_word' id='word_1_669' title='bbox 2575 4520 2824 4583; x_wconf 89' lang='lat' dir='ltr'><strong>additur</strong></span> <span class='ocrx_word' id='word_1_670' title='bbox 2860 4520 3043 4583; x_wconf 87' lang='lat' dir='ltr'><strong>illam</strong></span> <span class='ocrx_word' id='word_1_671' title='bbox 3061 4522 3478 4587; x_wconf 84' lang='lat' dir='ltr'><strong>universalem</strong></span> 
     </span>
     <span class='ocr_line' id='line_1_99' title="bbox 1911 4614 3479 4721; baseline -0.001 -43"><span class='ocrx_word' id='word_1_672' title='bbox 1911 4616 2196 4696; x_wconf 90' lang='lat' dir='ltr'><strong>regulam</strong></span> <span class='ocrx_word' id='word_1_673' title='bbox 2238 4633 2560 4696; x_wconf 91' lang='lat' dir='ltr'><strong>nunquam</strong></span> <span class='ocrx_word' id='word_1_674' title='bbox 2595 4614 2726 4695; x_wconf 87' lang='lat' dir='ltr'><strong>pati</strong></span> <span class='ocrx_word' id='word_1_675' title='bbox 2770 4614 3195 4721; x_wconf 75' lang='lat' dir='ltr'><strong>exceptionem</strong></span> <span class='ocrx_word' id='word_1_676' title='bbox 3230 4616 3300 4677; x_wconf 91' lang='lat' dir='ltr'><strong>in</strong></span> <span class='ocrx_word' id='word_1_677' title='bbox 3325 4616 3479 4695; x_wconf 89' lang='grc'>1831·</span> 
     </span>
     <span class='ocr_line' id='line_1_100' title="bbox 1910 4707 3478 4790; baseline -0.001 -18"><span class='ocrx_word' id='word_1_678' title='bbox 1910 4710 2030 4773; x_wconf 88' lang='grc'>1188</span> <span class='ocrx_word' id='word_1_679' title='bbox 2071 4727 2211 4790; x_wconf 79' lang='grc'>8881</span> <span class='ocrx_word' id='word_1_680' title='bbox 2253 4715 2382 4770; x_wconf 89' lang='grc'><strong>808</strong></span> <span class='ocrx_word' id='word_1_681' title='bbox 2420 4707 2804 4770; x_wconf 88' lang='lat' dir='ltr'><strong>constituunt</strong></span> <span class='ocrx_word' id='word_1_682' title='bbox 2840 4712 3051 4769; x_wconf 89' lang='lat' dir='ltr'><strong>actum</strong></span> <span class='ocrx_word' id='word_1_683' title='bbox 3095 4708 3165 4768; x_wconf 89' lang='grc'><strong>18</strong></span> <span class='ocrx_word' id='word_1_684' title='bbox 3216 4709 3478 4771; x_wconf 87' lang='grc'>18818118</span> 
     </span>
     <span class='ocr_line' id='line_1_101' title="bbox 1905 4800 3478 4883; baseline 0 -19"><span class='ocrx_word' id='word_1_685' title='bbox 1905 4801 2182 4883; x_wconf 54' lang='lat' dir='ltr'><strong>justitias.</strong></span> <span class='ocrx_word' id='word_1_686' title='bbox 2218 4801 2394 4877; x_wconf 89' lang='lat' dir='ltr'><strong>Quod</strong></span> <span class='ocrx_word' id='word_1_687' title='bbox 2424 4800 2569 4862; x_wconf 90' lang='lat' dir='ltr'><strong>licet</strong></span> <span class='ocrx_word' id='word_1_688' title='bbox 2585 4800 2842 4862; x_wconf 85' lang='lat' dir='ltr'><strong>fortasse</strong></span> <span class='ocrx_word' id='word_1_689' title='bbox 2859 4817 3077 4862; x_wconf 79' lang='lat' dir='ltr'><strong>verum</strong></span> <span class='ocrx_word' id='word_1_690' title='bbox 3103 4800 3208 4877; x_wconf 90' lang='lat' dir='ltr'><strong>sit,</strong></span> <span class='ocrx_word' id='word_1_691' title='bbox 3233 4818 3362 4863; x_wconf 94' lang='lat' dir='ltr'><strong>non</strong></span> <span class='ocrx_word' id='word_1_692' title='bbox 3385 4807 3478 4864; x_wconf 89' lang='lat' dir='ltr'><strong>ta-</strong></span> 
     </span>
     <span class='ocr_line' id='line_1_102' title="bbox 1912 4881 3477 4974; baseline -0.001 -16"><span class='ocrx_word' id='word_1_693' title='bbox 1912 4913 2062 4958; x_wconf 89' lang='lat' dir='ltr'><strong>men</strong></span> <span class='ocrx_word' id='word_1_694' title='bbox 2096 4893 2279 4957; x_wconf 83' lang='lat' dir='ltr'><strong>solvit</strong></span> <span class='ocrx_word' id='word_1_695' title='bbox 2308 4893 2717 4974; x_wconf 79' lang='lat' dir='ltr'><strong>objectionem</strong></span> <span class='ocrx_word' id='word_1_696' title='bbox 2743 4892 2973 4955; x_wconf 83' lang='lat' dir='ltr'><strong>saetam</strong></span> <span class='ocrx_word' id='word_1_697' title='bbox 3013 4891 3091 4954; x_wconf 91' lang='lat' dir='ltr'><strong>de</strong></span> <span class='ocrx_word' id='word_1_698' title='bbox 3129 4881 3267 4972; x_wconf 91' lang='lat' dir='ltr'><strong>lege</strong></span> <span class='ocrx_word' id='word_1_699' title='bbox 3295 4900 3477 4956; x_wconf 90' lang='lat' dir='ltr'><strong>natu·</strong></span> 
     </span>
     <span class='ocr_line' id='line_1_103' title="bbox 1857 4984 3475 5068; baseline -0.002 -16.899"><span class='ocrx_word' id='word_1_700' title='bbox 1857 4988 2054 5065; x_wconf 90' lang='lat' dir='ltr'><strong>rali,</strong></span> <span class='ocrx_word' id='word_1_701' title='bbox 2081 5005 2222 5068; x_wconf 78' lang='lat' dir='ltr'><strong>quse</strong></span> <span class='ocrx_word' id='word_1_702' title='bbox 2243 4984 2557 5048; x_wconf 82' lang='lat' dir='ltr'><strong>interdum</strong></span> <span class='ocrx_word' id='word_1_703' title='bbox 2586 4985 2792 5049; x_wconf 89' lang='lat' dir='ltr'><strong>reddit</strong></span> <span class='ocrx_word' id='word_1_704' title='bbox 2820 4985 3067 5047; x_wconf 90' lang='lat' dir='ltr'><strong>nullum</strong></span> <span class='ocrx_word' id='word_1_705' title='bbox 3092 4990 3303 5047; x_wconf 88' lang='lat' dir='ltr'><strong>actum</strong></span> <span class='ocrx_word' id='word_1_706' title='bbox 3333 5005 3475 5068; x_wconf 91' lang='lat' dir='ltr'><strong>pro-</strong></span> 
     </span>
     <span class='ocr_line' id='line_1_104' title="bbox 1908 5070 3471 5160; baseline -0.001 -16"><span class='ocrx_word' id='word_1_707' title='bbox 1908 5080 2207 5157; x_wconf 89' lang='lat' dir='ltr'><strong>hibitum,</strong></span> <span class='ocrx_word' id='word_1_708' title='bbox 2256 5070 2501 5142; x_wconf 85' lang='lat' dir='ltr'><strong>etiamsi</strong></span> <span class='ocrx_word' id='word_1_709' title='bbox 2525 5077 2861 5160; x_wconf 88' lang='lat' dir='ltr'><strong>prohibitio</strong></span> <span class='ocrx_word' id='word_1_710' title='bbox 2900 5096 3029 5140; x_wconf 91' lang='lat' dir='ltr'><strong>non</strong></span> <span class='ocrx_word' id='word_1_711' title='bbox 3059 5079 3369 5159; x_wconf 90' lang='lat' dir='ltr'><strong>pertineat</strong></span> <span class='ocrx_word' id='word_1_712' title='bbox 3392 5079 3471 5142; x_wconf 92' lang='lat' dir='ltr'><strong>ad</strong></span> 
     </span>
     <span class='ocr_line' id='line_1_105' title="bbox 1908 5170 3470 5252; baseline -0.002 -15"><span class='ocrx_word' id='word_1_713' title='bbox 1908 5174 2235 5237; x_wconf 89' lang='lat' dir='ltr'><strong>materiam</strong></span> <span class='ocrx_word' id='word_1_714' title='bbox 2253 5171 2534 5252; x_wconf 76' lang='lat' dir='ltr'><strong>justitiae,</strong></span> <span class='ocrx_word' id='word_1_715' title='bbox 2558 5170 2666 5234; x_wconf 87' lang='lat' dir='ltr'><strong>sed</strong></span> <span class='ocrx_word' id='word_1_716' title='bbox 2695 5170 3058 5248; x_wconf 86' lang='lat' dir='ltr'><strong>honestatis,</strong></span> <span class='ocrx_word' id='word_1_717' title='bbox 3079 5170 3191 5233; x_wconf 77' lang='lat' dir='ltr'><strong>vel</strong></span> <span class='ocrx_word' id='word_1_718' title='bbox 3202 5172 3470 5252; x_wconf 87' lang='lat' dir='ltr'><strong>pietatis,</strong></span> 
     </span>
     <span class='ocr_line' id='line_1_106' title="bbox 1908 5263 3472 5345; baseline -0.001 -17"><span class='ocrx_word' id='word_1_719' title='bbox 1908 5272 2022 5329; x_wconf 89' lang='grc'><strong>881</strong></span> <span class='ocrx_word' id='word_1_720' title='bbox 2052 5264 2477 5342; x_wconf 81' lang='lat' dir='ltr'><strong>observantiae,</strong></span> <span class='ocrx_word' id='word_1_721' title='bbox 2503 5269 2577 5325; x_wconf 90' lang='lat' dir='ltr'><strong>ut</strong></span> <span class='ocrx_word' id='word_1_722' title='bbox 2609 5270 2701 5327; x_wconf 85' lang='lat' dir='ltr'><strong>est</strong></span> <span class='ocrx_word' id='word_1_723' title='bbox 2725 5263 3060 5345; x_wconf 90' lang='lat' dir='ltr'><strong>prohibitio</strong></span> <span class='ocrx_word' id='word_1_724' title='bbox 3086 5265 3472 5327; x_wconf 82' lang='lat' dir='ltr'><strong>matrimonii</strong></span> 
     </span>
     <span class='ocr_line' id='line_1_107' title="bbox 1906 5356 3464 5438; baseline 0 -16"><span class='ocrx_word' id='word_1_725' title='bbox 1906 5359 2073 5422; x_wconf 91' lang='lat' dir='ltr'><strong>inter</strong></span> <span class='ocrx_word' id='word_1_726' title='bbox 2109 5359 2354 5435; x_wconf 71' lang='lat' dir='ltr'><strong>trau-es,</strong></span> <span class='ocrx_word' id='word_1_727' title='bbox 2393 5356 2494 5419; x_wconf 75' lang='lat' dir='ltr'><strong>vel</strong></span> <span class='ocrx_word' id='word_1_728' title='bbox 2518 5356 2684 5418; x_wconf 85' lang='lat' dir='ltr'><strong>inter</strong></span> <span class='ocrx_word' id='word_1_729' title='bbox 2719 5362 2961 5438; x_wconf 89' lang='lat' dir='ltr'><strong>patrem</strong></span> <span class='ocrx_word' id='word_1_730' title='bbox 2992 5362 3055 5419; x_wconf 90' lang='lat' dir='ltr'><strong>et</strong></span> <span class='ocrx_word' id='word_1_731' title='bbox 3095 5357 3318 5436; x_wconf 85' lang='lat' dir='ltr'><strong>filiam,</strong></span> <span class='ocrx_word' id='word_1_732' title='bbox 3348 5364 3464 5423; x_wconf 87' lang='lat' dir='ltr'><strong>ete.</strong></span> 
     </span>
     <span class='ocr_line' id='line_1_108' title="bbox 1909 5449 3471 5531; baseline -0.001 -15"><span class='ocrx_word' id='word_1_733' title='bbox 1909 5452 2087 5516; x_wconf 92' lang='lat' dir='ltr'><strong>Unde</strong></span> <span class='ocrx_word' id='word_1_734' title='bbox 2112 5451 2302 5514; x_wconf 90' lang='lat' dir='ltr'><strong>etiam</strong></span> <span class='ocrx_word' id='word_1_735' title='bbox 2327 5450 2700 5531; x_wconf 90' lang='lat' dir='ltr'><strong>relinquitur</strong></span> <span class='ocrx_word' id='word_1_736' title='bbox 2731 5449 3058 5512; x_wconf 85' lang='lat' dir='ltr'><strong>difficultas</strong></span> <span class='ocrx_word' id='word_1_737' title='bbox 3092 5469 3203 5513; x_wconf 91' lang='lat' dir='ltr'><strong>cur</strong></span> <span class='ocrx_word' id='word_1_738' title='bbox 3227 5470 3356 5516; x_wconf 92' lang='lat' dir='ltr'><strong>non</strong></span> <span class='ocrx_word' id='word_1_739' title='bbox 3388 5452 3471 5515; x_wconf 88' lang='lat' dir='ltr'><strong>sit</strong></span> 
     </span>
    </p>
   </div>
   <div class='ocr_carea' id='block_1_9' title="bbox 1909 5542 3483 5628">
    <p class='ocr_par' dir='ltr' id='par_1_11' title="bbox 1909 5542 3483 5628">
     <span class='ocr_line' id='line_1_109' title="bbox 1909 5542 3483 5628; baseline -0.005 -18"><span class='ocrx_word' id='word_1_740' title='bbox 1909 5546 2077 5612; x_wconf 87' lang='lat' dir='ltr'><strong>idem</strong></span> <span class='ocrx_word' id='word_1_741' title='bbox 2101 5545 2171 5609; x_wconf 93' lang='lat' dir='ltr'><strong>in</strong></span> <span class='ocrx_word' id='word_1_742' title='bbox 2189 5545 2328 5627; x_wconf 89' lang='grc'>1838</span> <span class='ocrx_word' id='word_1_743' title='bbox 2352 5543 2618 5628; x_wconf 83' lang='lat' dir='ltr'><strong>positiva</strong></span> <span class='ocrx_word' id='word_1_744' title='bbox 2640 5542 2790 5623; x_wconf 88' lang='lat' dir='ltr'><strong>lata,</strong></span> <span class='ocrx_word' id='word_1_745' title='bbox 2821 5543 3000 5610; x_wconf 83' lang='lat' dir='ltr'><strong>verbi</strong></span> <span class='ocrx_word' id='word_1_746' title='bbox 3028 5543 3251 5627; x_wconf 86' lang='lat' dir='ltr'><strong>gratia,</strong></span> <span class='ocrx_word' id='word_1_747' title='bbox 3277 5545 3483 5610; x_wconf 86' lang='lat' dir='ltr'><strong>intui--</strong></span> 
     </span>
    </p>
   </div>
  </div>
 </body>
</html>
