3976 6219
499 357 581 418 52

1498 354 1615 407 Lm.
1652 357 1690 408 I.
1726 355 1806 407 m:
1837 350 2091 404 NATURA
2123 349 2302 402 LEGIS
2332 346 2396 399 m
2430 345 2726 399 connium.

499 461 649 539 legi.
683 460 746 520 Si
774 476 920 537 ergo
956 456 1290 536 aliquando
1331 455 1670 533 requiritur
1718 455 1928 534 populi
1957 471 2060 513 ac·
2137 449 2438 529 scriptura
2473 449 2550 509 de
2583 446 2847 508 essentia
2876 444 3054 523 18318,
3101 450 3172 504 111
3215 450 3307 504 est
3352 444 3694 505 communis
3786 453 3791 458 ’

501 554 786 632 ceptatiO,
813 551 912 612 vel
949 556 1038 610 est
1063 555 1311 629 propter
1333 548 1754 626 imperfectam
1795 551 2058 625 potesta-

502 652 630 705 tem
661 642 973 723 principis,
996 642 1142 720 quia
1169 646 1410 700 tantum
1431 639 1544 698 sub
1569 639 1683 698 hac
1710 637 2059 698 conditione

502 743 565 798 et
596 735 1005 814 dependentia
1052 739 1420 812 potestatem
1446 731 1686 809 recipit,
1717 730 1816 790 vel
1862 735 1954 789 est
1986 747 2062 788 ex

501 830 883 906 benignitate
914 826 1304 906 legislatoriS,
1332 825 1438 903 qui
1465 842 1593 884 non
1632 824 1768 883 vult
1812 822 1905 882 uti
1953 840 2065 881 sua

502 921 784 982 absoluta
827 926 1126 999 potestate
1155 936 1171 979 :
1198 918 1365 978 unde
1401 916 1647 996 quando
1690 915 1914 975 dicitur
1962 914 2064 974 lex

502 1013 778 1073 humana
796 1012 1031 1072 firmari
1075 1010 1350 1070 moribus
1390 1009 1728 1083 utentium,
1773 1024 1902 1067 non
1933 1012 2064 1066 tam

495 1107 639 1184 jure
675 1123 863 1183 quam
894 1105 1054 1163 facto
1081 1102 1554 1179 intelligendum
1596 1106 1711 1176 est,
1756 1104 1826 1158 ut
1874 1097 2064 1158 sensit

504 1198 757 1259 Archid.
809 1198 876 1256 in
917 1197 978 1256 d.
1025 1195 1061 1274 ξ
1110 1196 1256 1271 Lem,
1305 1193 1368 1255 d.
1419 1194 1482 1269 4,
1541 1197 1603 1253 et
1646 1192 1733 1252 ibi
1781 1194 2060 1265 Turrec.,

505 1297 625 1351 art.
660 1292 722 1363 Ξ,
752 1289 858 1350 sed
884 1290 960 1349 de
999 1288 1119 1348 hoc
1148 1288 1330 1366 plura
1352 1285 1673 1347 tractando
1717 1284 1794 1345 de
1821 1282 2064 1361 legibus

502 1381 816 1443 humanis.

585 1476 646 1534 8.
690 1472 792 1534 An
823 1473 1130 1549 scriptura
1161 1473 1246 1533 sit
1273 1472 1341 1533 do
1366 1471 1600 1531 ratione
1628 1468 1802 1547 kyis.
1833 1497 1915 1514 -—
1954 1466 2065 1527 De·

505 1566 693 1643 nique
730 1564 998 1625 dubitari
1036 1567 1236 1642 potest
1267 1579 1519 1633 8118888
1553 1562 1845 1640 scriptam
1872 1560 1952 1619 sit
1988 1559 2066 1619 de

504 1658 744 1718 ratione
787 1655 963 1732 18318.
1013 1655 1192 1716 Ratio
1241 1653 1415 1714 dubii
1461 1659 1575 1727 est,
1612 1654 1758 1731 quia
1800 1651 2068 1711 Isidorus

504 1770 662 1829 saepe
691 1751 809 1810 hoc
831 1750 1004 1829 ponit
1026 1750 1093 1809 in
1115 1748 1476 1809 definitione
1501 1746 1692 1824 legis:
1721 1763 1868 1807 nam
1892 1745 2003 1805 lib.
2028 1746 2065 1804 5

506 1842 803 1921 Etymol„
846 1860 978 1920 cap.
1012 1844 1089 1901 5:
1129 1841 1252 1902 Lea>
1300 1839 1550 1917 (inquit)
1593 1843 1678 1900 est
1721 1838 2066 1900 constitutio

505 1937 768 2013 scripta:
793 1934 1057 1994 habetur
1080 1934 1144 1992 in
1174 1950 1307 2011 cap.
1343 1934 1403 2006 3,
1428 1932 1491 1990 d.
1527 1934 1586 2006 1,
1621 1937 1681 1990 81
1708 1931 1773 1989 111
1802 1930 1919 1990 1108
1944 1929 2067 1989 dis-

504 2029 734 2105 tinguit
750 2027 950 2104 legem
970 2044 1007 2085 a
1026 2026 1169 2103 jure
1192 2030 1254 2085 et
1275 2043 1313 2085 a
1339 2023 1777 2084 consuetudine
1805 2019 2060 2081 ibidem.

507 2119 680 2180 Unde
704 2119 775 2177 D.
807 2118 1072 2177 Thomas
1098 2118 1157 2177 2.
1197 2119 1259 2190 Ξ,
1285 2121 1483 2195 quaest
1516 2117 1616 2189 57,
1650 2119 1767 2174 art.
1804 2118 1862 2188 1,
1892 2113 1971 2173 ad
2000 2115 2063 2187 Ξ,

505 2212 676 2286 dicit,
712 2211 813 2287 jus
846 2210 897 2269 si
934 2209 1000 2268 in
1042 2209 1337 2287 scriptum
1374 2206 1713 2284 redigatur,
1743 2204 1948 2264 vocari
1979 2204 2066 2263 le-

505 2321 681 2382 gem:
743 2308 805 2363 et
833 2300 1187 2362 Aristoteles
1230 2301 1295 2358 in
1340 2298 1594 2359 Rhetor.
1642 2297 1722 2357 ad
1763 2294 2062 2355 Alexand.

505 2400 572 2456 in
617 2394 947 2474 principie,
992 2392 1208 2453 definit
1254 2392 1480 2468 legem,
1531 2391 1775 2450 dicens:
1819 2389 1944 2450 Lea>
1984 2392 2073 2449 est

506 2488 832 2553 communis
865 2485 1135 2548 civitatis
1164 2502 1493 2555 consensus,
1519 2483 1623 2561 qui
1647 2481 1897 2559 scriptis
1910 2498 2071 2559 proe-

513 2582 755 2658 coperit,
797 2578 1077 2656 quomodo
1126 2575 1576 2653 ‘imumquodque
1614 2574 1904 2652 ayandum
1940 2574 2071 2635 sit.-

508 2679 571 2735 et
601 2671 827 2732 similia
862 2669 1085 2748 repetit
1134 2687 1266 2747 cap.
1309 2669 1348 2726 Ξ
1364 2684 1384 2743 ;
1414 2673 1477 2728 81
1516 2666 1722 2727 Cicero
1758 2670 1787 2725 1
1822 2671 1884 2726 et
1912 2669 1950 2727 2
1991 2668 2068 2728 de

510 2765 750 2843 Legib„
788 2765 993 2841 legem
1037 2760 1415 2841 populariter
1454 2759 1681 2819 dictam
1726 2776 1856 2819 esse
1896 2759 2067 2819 illam

510 2875 650 2937 quae
686 2856 915 2934 scripto
943 2854 1140 2914 sancit
1178 2852 1340 2931 quod
1370 2851 1523 2912 vult.
1564 2851 1763 2930 Atque
1794 2852 1882 2912 ita
1915 2853 2068 2912 Tur-

509 2969 631 3012 rec.
686 2951 752 3010 in
777 2968 912 3029 cap.
939 2949 1084 3021 Lea),
1110 2947 1169 3007 d.
1209 2951 1269 3023 1,
1299 2951 1415 3006 art.
1452 2947 1514 3021 2,
1545 2945 1904 3024 simpliciter
1925 2963 2068 3024 pro-

510 3042 764 3103 nunciat
799 3042 874 3101 de
903 3040 1165 3101 essentia
1189 3039 1342 3117 legis
1367 3056 1496 3098 esse
1523 3038 1917 3118 scripturam,
1957 3038 2069 3098 ubi

509 3138 660 3199 alios
682 3154 794 3215 pro
820 3136 936 3196 hac
964 3133 1270 3195 sententia
1294 3131 1503 3193 refert.

589 3232 651 3290 9.
680 3228 798 3289 Sed
824 3227 943 3287 hoc
975 3226 1236 3286 dubium
1263 3243 1389 3285 non
1417 3230 1617 3304 potest
1642 3225 1855 3285 eodem
1886 3226 2070 3286 modo

509 3324 761 3382 tractari
806 3326 915 3380 aut
961 3317 1207 3379 definiri
1243 3317 1310 3376 in
1355 3316 1644 3377 omnibus
1688 3317 1964 3394 legibus:
2003 3323 2072 3377 ut

514 3414 680 3473 enim
724 3411 1083 3470 omittamus
1121 3409 1325 3486 legem
1371 3414 1690 3483 aeternam,
1723 3427 1861 3486 quae
1906 3411 2072 3469 intra

513 3507 708 3566 Deum
738 3509 851 3577 est,
879 3509 940 3563 et
977 3519 1103 3561 non
1131 3501 1250 3560 nisi
1278 3501 1693 3580 metaphorice
1721 3501 1839 3560 dici
1873 3508 2072 3580 potest

513 3597 776 3676 scripta:
820 3596 921 3655 lex
951 3593 1139 3654 etiam
1182 3594 1483 3653 naturalis
1528 3611 1655 3653 non
1688 3600 1779 3654 est
1820 3594 2068 3672 scripta,

513 3690 634 3749 nisi
663 3686 1080 3765 metaphorice
1105 3685 1173 3745 in
1195 3691 1422 3758 mente,
1450 3703 1554 3745 seu
1577 3686 1640 3744 in
1667 3686 1849 3746 corde
1871 3686 2073 3746 homi-

516 3799 693 3841 num.
726 3781 891 3839 Inter
923 3778 1085 3855 leges
1118 3781 1327 3836 autem
1353 3776 1597 3837 divinas
1625 3778 1940 3856 positivaS,
1972 3778 2071 3839 lex

513 3878 690 3933 vetus
734 3871 1098 3948 scripturam
1132 3869 1473 3928 necessario
1518 3870 1893 3948 requirebat,
1928 3871 2074 3948 quia

514 3965 673 4024 Deus
700 3964 787 4023 ita
813 3962 1010 4022 voluit
1036 3960 1207 4020 illam
1247 3961 1511 4036 tradere,
1539 3967 1601 4021 et
1636 3962 1794 4022 nihil
1817 3962 1907 4022 illi
1928 3961 2076 4022 addi

513 4063 811 4135 tanquam
837 4056 1150 4134 pertinens
1174 4054 1249 4114 ad
1274 4054 1556 4114 divinum
1575 4055 1706 4133 jus:
1735 4062 1797 4116 et
1815 4056 1951 4117 ideo
1972 4054 2074 4116 lex

514 4149 623 4209 illa
650 4148 875 4226 scripta
896 4165 1008 4226 per
1033 4148 1524 4207 antonomasiam
1554 4147 1798 4208 dicitur.
1819 4149 1900 4208 At
1926 4167 2074 4210 vero

513 4241 615 4301 lex
643 4241 854 4319 gratiae
880 4257 1006 4299 non
1034 4238 1293 4317 requirit
1315 4256 1425 4317 per
1450 4257 1514 4299 se
1549 4238 1713 4318 quod
1745 4242 1824 4300 sit
1846 4241 2074 4320 scripta

516 4334 584 4393 in
613 4331 1010 4405 membraniS,
1059 4330 1163 4390 sed
1194 4330 1260 4389 in
1290 4330 1573 4390 cordibus
1599 4351 1613 4389 ε
1646 4331 1812 4391 unde
1841 4350 1969 4392 non
1999 4332 2073 4391 li-

516 4425 773 4485 mitatur
800 4424 878 4483 ad
906 4423 1298 4500 scripturam,
1331 4421 1438 4481 sed
1475 4422 1785 4499 antiquior
1807 4430 1900 4483 est
1938 4423 2068 4499 illa,

515 4523 577 4578 et
599 4518 730 4577 sine
760 4515 867 4575 illa
892 4513 1266 4574 sufficienter
1283 4513 1671 4591 promulgata
1691 4514 1833 4590 fuit,
1850 4522 1921 4575 ut
1934 4534 2072 4595 pos-

514 4616 616 4671 tea
630 4607 998 4668 videbimuS.
1014 4606 1170 4665 Hinc
1188 4622 1336 4682 ergo
1354 4604 1671 4666 evidenter
1688 4607 2073 4668 convincitur

517 4702 884 4780 scripturam
923 4697 1306 4758 materialem
1351 4702 1413 4757 et
1454 4704 1792 4773 externam,
1832 4700 1908 4760 de
1947 4718 2073 4779 qua

515 4797 607 4854 est
633 4790 910 4870 quaesti0‚
941 4808 1068 4849 non
1097 4806 1224 4849 esse
1250 4788 1328 4848 de
1354 4789 1591 4850 ratione
1616 4790 1772 4868 legis
1795 4808 1810 4850 ε
1835 4792 1911 4852 de
1934 4792 2072 4869 1838

516 4890 723 4944 81118111
768 4883 1046 4943 humana
1095 4880 1425 4941 dicendum
1468 4886 1560 4940 est
1607 4883 1971 4960 regulariter
2011 4888 2074 4945 et

515 4976 822 5035 ordinarie
849 4992 976 5034 non
999 4972 1134 5034 fieri
1162 4974 1293 5033 sine
1322 4973 1647 5051 scriptura,
1665 4975 1811 5053 quia
1839 4994 1905 5036 re
1926 4993 2075 5036 vera

516 5067 604 5127 ita
631 5066 878 5144 expedit
906 5072 975 5125 ut
1001 5067 1167 5143 leges
1204 5066 1328 5126 sint
1366 5067 1707 5145 conspicuae
1743 5072 1805 5127 et
1831 5087 1957 5128 non
1985 5068 2073 5128 fa-

515 5158 629 5218 cile
660 5158 1006 5218 mutabiles.
1052 5159 1129 5217 Et
1155 5158 1302 5218 hinc
1342 5157 1412 5217 fit
1439 5165 1509 5218 ut
1535 5159 1613 5218 ab
1640 5159 1738 5220 his
1778 5179 1914 5238 quae
1953 5161 2075 5221 fre-

515 5249 805 5330 quentius
844 5250 1149 5324 accidunt,
1193 5267 1353 5330 saepe
1389 5250 1539 5310 tales
1585 5251 1752 5328 leges
1791 5252 2075 5313 dicantur

514 5362 625 5422 per
667 5343 1034 5420 scripturam
1080 5342 1390 5421 publicam
1438 5344 1607 5404 ferri.
1662 5346 2073 5407 Nihilominus

516 5442 724 5496 tamen
752 5434 818 5493 in
859 5434 1087 5512 rigore,
1128 5453 1198 5494 ac
1220 5454 1331 5514 per
1364 5454 1426 5497 se
1460 5436 1789 5515 loquendo,
1822 5457 1948 5499 non
1981 5447 2074 5500 est

2143 542 2451 603 sententia
2480 540 2635 618 juris
2669 540 3076 616 interpretum
3106 537 3175 597 in
3214 536 3407 596 Rubr.
3441 536 3517 596 de
3553 538 3702 598 Con-

2146 637 2301 709 stit.,
2329 633 2436 692 ubi
2459 632 2760 711 praecipue
2787 630 3258 690 Panormitanus
3282 634 3343 687 81
3361 628 3628 702 FelinuS,
3643 634 3704 688 et

2144 727 2423 806 pluribus
2469 724 2795 785 confirmat
2849 723 3051 796 Selva,
3105 728 3280 781 tract.
3337 721 3413 781 de
3465 721 3699 795 Benef.,

2146 838 2278 897 cap.
2313 820 2416 893 22,
2452 837 2514 878 n.
2561 819 2658 876 14.
2699 817 2775 875 Ε1
2810 816 2898 874 ita
2929 815 3160 887 Castr0,
3192 814 3300 873 lib.
3346 817 3404 887 1,
3444 813 3519 872 de
3547 815 3703 891 Lege

2145 910 2402 990 poenal.,
2446 927 2578 986 cap.
2626 911 2685 981 1,
2726 907 2793 965 111
2837 905 3194 965 definitione
3240 904 3394 980 legis
3436 904 3549 963 sub
3586 905 3703 963 dis-

2143 1003 2459 1081 junctione
2486 1000 2684 1079 ponit,
2716 998 2878 1076 quod
2911 998 2990 1057 sit
3017 1015 3148 1058 voce
3175 1001 3282 1055 aut
3314 998 3540 1073 scripto
3568 1014 3703 1075 pro-

2144 1094 2445 1172 mulgata,
2489 1109 2676 1170 quam
2715 1089 3194 1166 disjunctionem
3232 1088 3361 1166 ipse
3398 1106 3524 1147 non
3567 1106 3704 1166 pro-

2143 1187 2249 1246 bat
2268 1231 2289 1260 ,
2342 1185 2447 1245 sed
2489 1189 2558 1243 ut
2603 1182 2995 1242 manifestam
3050 1180 3362 1258 supponit.
3416 1180 3702 1258 Idemque

2145 1278 2417 1339 admittit
2455 1278 2769 1349 Turrecr.,
2808 1274 2871 1334 d.
2906 1279 3023 1334 art.
3069 1275 3130 1346 2,
3164 1272 3230 1331 in
3263 1271 3412 1345 fine,
3457 1278 3518 1331 et
3558 1272 3706 1333 dicit

2146 1389 2321 1450 posse
2343 1368 2505 1429 sumi
2527 1385 2604 1428 ex
2628 1366 2879 1427 Isidoro.
2909 1365 3097 1425 Favet
3118 1365 3305 1425 etiam
3326 1363 3700 1439 Aristoteles»,

2154 1461 2261 1522 lib.
2301 1464 2374 1521 10
2405 1459 2630 1532 Ε11118.,
2661 1450 2799 1536 cap.
2832 1457 2949 1530 ult,
2976 1456 3225 1516 dicens:
3253 1455 3376 1517 Lem
3403 1460 3490 1515 est
3516 1473 3702 1516 sermo

2149 1555 2222 1614 ab
2254 1553 2462 1631 aliqua
2485 1551 2809 1629 prudentia
2840 1551 3170 1628 profectus,
3200 1553 3316 1608 etc.
3356 1548 3534 1607 Ratio
3560 1565 3703 1607 vero

2148 1651 2260 1721 cst,
2289 1645 2434 1724 quia
2457 1643 2645 1705 etiam
2679 1641 2871 1702 verbo
2898 1645 3095 1720 potest
3125 1644 3500 1719 praeceptum
3532 1658 3704 1718 supe·

2144 1739 2326 1799 rioris
2353 1735 2725 1797 sufficienter
2753 1733 3030 1793 intimari
3057 1750 3185 1793 non
3222 1733 3422 1792 solum
3450 1732 3702 1811 privatae

2145 1847 2442 1910 personae,
2468 1827 2574 1887 sed
2599 1826 2787 1888 etiam
2815 1826 3268 1899 communitati,
3297 1826 3351 1885 si
3371 1842 3520 1885 voce
3552 1843 3703 1903 prae-

2147 1924 2316 1984 conis
2343 1920 2718 1981 sufficienter
2743 1917 3113 1998 publicetur,
3138 1923 3199 1977 81
3219 1923 3431 1997 postea
3459 1923 3704 1978 maneat

2148 2014 2214 2074 in
2233 2012 2547 2074 memoriis
2567 2012 2897 2071 hominum
2922 2015 2984 2071 et
3005 2028 3118 2089 per
3143 2010 3540 2070 traditionem
3563 2028 3704 2070 con-

2145 2111 2446 2181 servetur,
2473 2110 2535 2165 et
2554 2110 2706 2164 tunc
2729 2103 2915 2163 etiam
2940 2102 3423 2180 distingueretur
3444 2102 3581 2162 talis
3605 2102 3704 2162 lex

2147 2217 2184 2259 a
2215 2196 2686 2270 consuetudine,
2730 2200 2802 2254 ut
2839 2200 3098 2254 constat.
3146 2196 3355 2272 Itaque
3383 2213 3457 2254 ex
3485 2200 3706 2254 natura

2149 2291 2240 2350 rei
2291 2288 2452 2350 nihil
2497 2287 2667 2348 aliud
2716 2287 2963 2366 probari
3012 2293 3249 2365 potest:
3306 2305 3388 2345 an
3435 2305 3580 2347 vero
3629 2304 3706 2346 ex

2145 2382 2288 2459 jure
2306 2381 2471 2442 civili
2492 2380 2592 2441 vel
2615 2379 2913 2440 canonico
2942 2380 3246 2458 scrIptura
3273 2378 3586 2439 interdum
3613 2397 3708 2439 re-

2151 2487 2436 2641 guiratur
2463 2486 2540 2547 ad
2583 2486 2739 2564 legis
2780 2485 3242 2563 obligationem,
3286 2489 3497 2563 postea
3532 2484 3707 2546 vide-

2196 2598 2380 2641 1111118.

2720 2709 2966 2771 CAPUT
3010 2711 3137 2772 XII.

2147 2901 2276 2953 QUAE
2326 2897 2622 2945 DEFINITIO
2670 2897 2837 2942 LEGIS
2897 2899 2974 2943 Ex
3035 2899 3219 2944 mc'rls
3272 2896 3707 2943 CONDITIONIBUS

2647 2990 2783 3035 Esus
2823 2989 3194 3036 COLLIGATUR.

2231 3139 2287 3197 1.
2333 3137 2507 3196 Hanc
2534 3135 2898 3196 methodum
2927 3135 3197 3195 servavit
3218 3135 3397 3194 divus
3418 3133 3704 3206 Thomas,

2151 3228 2212 3289 d.
2242 3233 2458 3307 quaest.
2502 3229 2604 3302 90,
2631 3232 2748 3287 art.
2776 3228 2840 3301 4,
2869 3226 2977 3286 ubi
3007 3245 3084 3287 ex
3109 3225 3589 3306 proprietatibus
3624 3224 3708 3284 le·

2152 3321 2247 3398 gis
2280 3338 2431 3398 quas
2460 3318 2821 3394 tradiderat,
2853 3316 3271 3379 definitionem
3303 3318 3437 3395 ejus
3465 3316 3710 3375 conclu-

2151 3412 2264 3487 dit,
2296 3413 2371 3472 de
2396 3430 2516 3490 qua
2545 3410 2752 3471 statim
2772 3412 2997 3471 dicam.
3016 3409 3166 3471 Aliae
3190 3411 3356 3472 enim
3381 3410 3711 3469 traduntur

2152 3505 2541 3566 definitiones
2566 3504 2742 3582 18318,
2774 3523 2927 3582 quas
2956 3505 3123 3579 Sot0,
3154 3504 3267 3579 ibi,
3303 3503 3411 3563 lib.
3447 3506 3506 3576 1,
3538 3521 3600 3580 q.
3647 3505 3705 3574 1,

2152 3604 2214 3659 81
2235 3599 2463 3671 Castro,
2490 3596 2600 3657 lib.
2634 3599 2662 3655 1
2713 3597 2789 3657 de
2809 3597 2970 3674 Lege
2992 3595 3241 3675 poenali,
3267 3615 3399 3674 cap.
3432 3597 3493 3669 Ξ,
3516 3600 3577 3655 81
3603 3594 3711 3654 8111

2152 3689 2436 3749 moderni
2459 3689 2736 3749 referunt
2757 3694 2819 3748 et
2844 3689 3152 3766 rejiciunt.
3180 3688 3299 3749 Sed
3324 3706 3451 3747 non
3471 3691 3712 3765 oportet

2152 3781 2220 3840 in
2249 3781 2365 3842 hoc
2395 3782 2738 3854 immorari,
2779 3781 2925 3860 qu'n
2954 3798 3020 3842 re
3047 3799 3195 3841 vera
3225 3798 3352 3840 non
3378 3785 3524 3839 sunt
3561 3779 3712 3839 defi-

2154 3874 2436 3949 nitiones,
2466 3875 2571 3934 sed
2595 3875 2876 3934 encomia
2903 3874 3080 3952 18318,
3107 3874 3207 3934 vel
3228 3892 3355 3933 non
3382 3873 3610 3933 dantur
3635 3872 3711 3933 de

2153 3967 2290 4044 lege
2318 3967 2384 4025 in
2413 3966 2751 4040 communi,
2771 3964 2876 4026 sed
2897 3966 2973 4025 de
3006 3965 3214 4044 aliqua
3236 3965 3302 4025 in
3330 3963 3706 4044 particulari.

2155 4059 2252 4120 Sic
2274 4058 2431 4119 dixit
2450 4059 2678 4133 Cicero,
2711 4062 2739 4118 1
2776 4058 2852 4118 de
2876 4058 3086 4136 Legib.
3115 4075 3131 4119 ε
3158 4059 3368 4137 Leyem
3392 4075 3514 4120 esse
3541 4058 3713 4135 quid-

2156 4153 2293 4214 dam
2317 4158 2603 4213 oeternum
2640 4152 2707 4211 in
2738 4156 2926 4213 mente
2949 4151 3064 4212 Dei
3091 4152 3372 4225 earisteus,
3416 4154 3477 4209 et
3508 4149 3616 4208 lib.
3646 4150 3710 4223 2,

2154 4261 2282 4305 esse
2316 4248 2541 4305 rectam
2576 4242 2870 4303 rationem
2902 4242 3122 4303 summi
3150 4243 3202 4304 J
3205 4243 3355 4316 ovis,
3398 4246 3515 4301 etc.
3522 4285 3543 4315 ,
3574 4258 3714 4318 quae

2153 4335 2529 4397 conveniunt
2554 4334 2678 4411 legi
2704 4340 2968 4394 aeternae.
3007 4335 3235 4394 lterum
3259 4352 3405 4394 vero
3428 4334 3587 4393 dixit
3624 4334 3714 4393 le-

2152 4446 2293 4507 gem
2331 4445 2459 4488 esse
2501 4432 2724 4488 rectam
2758 4427 3051 4489 rationem
3081 4443 3120 4487 a
3159 4437 3386 4487 natura
3413 4427 3667 4487 insitam
3689 4451 3713 4486 .-

2150 4521 2461 4600 quomodo
2510 4518 2698 4579 etiam
2740 4517 3016 4578 Clemens
3056 4516 3509 4578 Alexandrinus
3556 4519 3719 4578 dixit

2152 4630 2278 4673 esse
2335 4615 2558 4673 rectam
2598 4610 2935 4679 nunonem,-
2978 4628 3113 4688 quae
3164 4611 3543 4671 conveniunt
3586 4607 3719 4688 leg'i

2150 4702 2444 4763 naturali.
2500 4702 2853 4762 Aristoteles
2902 4707 3147 4776 autem,
3216 4702 3281 4762 in
3323 4702 3575 4762 Rhetor.
3632 4702 3717 4763 ad

2151 4796 2326 4857 Alex.
2370 4794 2526 4855 dixit
2563 4810 2581 4854 ε
2638 4794 2851 4872 Leyem
2886 4813 3008 4857 esse
3046 4812 3402 4857 communem
3438 4797 3721 4859 civitatis

2153 4905 2517 4960 consensum,
2548 4891 2690 4961 etc„
2730 4890 2794 4946 et
2818 4883 2928 4946 lib.
2966 4888 3044 4945 10
3073 4886 3298 4960 Ethic.,
3326 4905 3378 4947 c.
3415 4888 3556 4961 ult„
3581 4906 3720 4949 esse

2154 4998 2475 5043 sermonem
2502 4980 2577 5039 ab
2602 4978 2809 5057 aliqua
2820 4979 3146 5056 prudentia
3173 4983 3532 5059 profectum,
3564 4988 3718 5057 etc„

2153 5093 2289 5153 quae
2325 5073 2700 5134 conveniunt
2736 5073 2864 5150 legi
2902 5073 3214 5150 humanae,
3244 5093 3351 5135 seu
3390 5076 3577 5136 civili.
3623 5077 3724 5137 si-

2154 5168 2326 5227 milia
2354 5167 2542 5228 habet
2579 5167 2843 5226 Isidorus
2870 5185 3027 5244 saepe
3054 5167 3357 5244 allegatus
3378 5166 3487 5228 lib.
3522 5171 3559 5228 2
3583 5170 3726 5228 Ori-

2154 5260 2312 5337 gin.,
2340 5277 2474 5338 cap.
2509 5262 2582 5320 10
2592 5303 2611 5333 ,
2641 5265 2701 5318 81
2734 5257 2823 5317 lib
2880 5262 2940 5333 5,
2967 5276 3077 5336 per
3106 5260 3301 5319 multa
3329 5261 3551 5338 capita,
3575 5279 3724 5339 quae

2155 5351 2510 5411 referuntur
2537 5367 2575 5409 a
2626 5349 2941 5423 Gratian0,
2982 5349 3043 5408 d.
3084 5352 3112 5408 1
3167 5356 3229 5410 81
3268 5352 3330 5425 4,
3379 5359 3441 5411 et
3485 5353 3727 5414 similla

2155 5443 2316 5502 sumi
2342 5446 2598 5520 possunt
2617 5459 2693 5501 ex
2720 5441 2905 5501 variis
2925 5441 3191 5518 legibuS,
3221 5443 3286 5504 ff.
3330 5444 3465 5504 eod.
