<?xml version="1.0" encoding="UTF-8"?>
<!DOCTYPE html PUBLIC "-//W3C//DTD XHTML 1.0 Transitional//EN"
    "http://www.w3.org/TR/xhtml1/DTD/xhtml1-transitional.dtd">
<html xmlns="http://www.w3.org/1999/xhtml" xml:lang="en" lang="en">
 <head>
  <title>
</title>
<meta http-equiv="Content-Type" content="text/html;charset=utf-8" />
  <meta name='ocr-system' content='tesseract 3.04.00' />
  <meta name='ocr-capabilities' content='ocr_page ocr_carea ocr_par ocr_line ocrx_word'/>
</head>
<body>
  <div class='ocr_page' id='page_1' title='image "./rpfranciscisuar02duvagoog_0309.png"; bbox 0 0 3976 6219; ppageno 0'>
   <div class='ocr_carea' id='block_1_1' title="bbox 233 1086 1826 2763">
    <p class='ocr_par' dir='ltr' id='par_1_1' title="bbox 258 1086 1660 1189">
     <span class='ocr_line' id='line_1_1' title="bbox 258 1086 1660 1189; baseline 0.021 -44"><span class='ocrx_word' id='word_1_1' title='bbox 258 1092 357 1147; x_wconf 89' lang='lat' dir='ltr'><strong>est</strong></span> <span class='ocrx_word' id='word_1_2' title='bbox 393 1086 615 1168; x_wconf 80' lang='lat' dir='ltr'><strong>bonuS,</strong></span> <span class='ocrx_word' id='word_1_3' title='bbox 659 1111 786 1154; x_wconf 89' lang='lat' dir='ltr'><strong>non</strong></span> <span class='ocrx_word' id='word_1_4' title='bbox 824 1105 916 1157; x_wconf 88' lang='lat' dir='ltr'><strong>est</strong></span> <span class='ocrx_word' id='word_1_5' title='bbox 956 1105 1130 1161; x_wconf 85' lang='lat' dir='ltr'><strong>actus</strong></span> <span class='ocrx_word' id='word_1_6' title='bbox 1155 1104 1401 1167; x_wconf 84' lang='lat' dir='ltr'><strong>virtutis</strong></span> <span class='ocrx_word' id='word_1_7' title='bbox 1437 1126 1454 1169; x_wconf 71' lang='grc' dir='ltr'><strong>ε</strong></span> <span class='ocrx_word' id='word_1_8' title='bbox 1491 1128 1660 1189; x_wconf 81' lang='lat' dir='ltr'><strong>ergo.</strong></span> 
     </span>
    </p>

    <p class='ocr_par' dir='ltr' id='par_1_2' title="bbox 233 1180 1826 2763">
     <span class='ocr_line' id='line_1_2' title="bbox 339 1180 1826 1269; baseline 0.02 -29"><span class='ocrx_word' id='word_1_9' title='bbox 339 1180 402 1240; x_wconf 85' lang='grc'><strong>6.</strong></span> <span class='ocrx_word' id='word_1_10' title='bbox 451 1182 770 1249; x_wconf 73' lang='lat' dir='ltr'><em>Sententia</em></span> <span class='ocrx_word' id='word_1_11' title='bbox 797 1193 1596 1263; x_wconf 63' lang='lat' dir='ltr'><strong>amatoria—Nihilominus</strong></span> <span class='ocrx_word' id='word_1_12' title='bbox 1617 1204 1826 1269; x_wconf 89' lang='lat' dir='ltr'><strong>dicen-</strong></span> 
     </span>
     <span class='ocr_line' id='line_1_3' title="bbox 256 1269 1822 1367; baseline 0.021 -38"><span class='ocrx_word' id='word_1_13' title='bbox 256 1269 409 1333; x_wconf 88' lang='lat' dir='ltr'><strong>dum</strong></span> <span class='ocrx_word' id='word_1_14' title='bbox 437 1278 528 1334; x_wconf 83' lang='lat' dir='ltr'><strong>est</strong></span> <span class='ocrx_word' id='word_1_15' title='bbox 568 1276 944 1342; x_wconf 88' lang='lat' dir='ltr'><strong>sufficienter</strong></span> <span class='ocrx_word' id='word_1_16' title='bbox 969 1283 1214 1364; x_wconf 89' lang='lat' dir='ltr'><strong>impleri</strong></span> <span class='ocrx_word' id='word_1_17' title='bbox 1249 1288 1454 1367; x_wconf 86' lang='lat' dir='ltr'><strong>legem</strong></span> <span class='ocrx_word' id='word_1_18' title='bbox 1480 1294 1822 1362; x_wconf 78' lang='lat' dir='ltr'><strong>humanam</strong></span> 
     </span>
     <span class='ocr_line' id='line_1_4' title="bbox 250 1372 1820 1454; baseline 0.02 -32"><span class='ocrx_word' id='word_1_19' title='bbox 250 1380 370 1442; x_wconf 89' lang='lat' dir='ltr'><strong>per</strong></span> <span class='ocrx_word' id='word_1_20' title='bbox 400 1372 606 1427; x_wconf 86' lang='lat' dir='ltr'><strong>actum</strong></span> <span class='ocrx_word' id='word_1_21' title='bbox 633 1379 1011 1452; x_wconf 76' lang='lat' dir='ltr'><strong>praeceptum</strong></span> <span class='ocrx_word' id='word_1_22' title='bbox 1037 1381 1379 1444; x_wconf 84' lang='lat' dir='ltr'><strong>secundum</strong></span> <span class='ocrx_word' id='word_1_23' title='bbox 1411 1386 1820 1454; x_wconf 80' lang='lat' dir='ltr'><strong>substantiam</strong></span> 
     </span>
     <span class='ocr_line' id='line_1_5' title="bbox 251 1455 1822 1549; baseline 0.02 -34"><span class='ocrx_word' id='word_1_24' title='bbox 251 1455 448 1534; x_wconf 89' lang='lat' dir='ltr'><strong>illius,</strong></span> <span class='ocrx_word' id='word_1_25' title='bbox 477 1458 719 1522; x_wconf 82' lang='lat' dir='ltr'><strong>etiamsi</strong></span> <span class='ocrx_word' id='word_1_26' title='bbox 747 1482 874 1526; x_wconf 90' lang='lat' dir='ltr'><strong>non</strong></span> <span class='ocrx_word' id='word_1_27' title='bbox 901 1467 981 1528; x_wconf 91' lang='lat' dir='ltr'><strong>sit</strong></span> <span class='ocrx_word' id='word_1_28' title='bbox 1003 1469 1364 1549; x_wconf 86' lang='lat' dir='ltr'><strong>simpliciter</strong></span> <span class='ocrx_word' id='word_1_29' title='bbox 1384 1477 1582 1540; x_wconf 85' lang='lat' dir='ltr'><strong>bonus</strong></span> <span class='ocrx_word' id='word_1_30' title='bbox 1620 1500 1822 1545; x_wconf 85' lang='lat' dir='ltr'><strong>mora-</strong></span> 
     </span>
     <span class='ocr_line' id='line_1_6' title="bbox 248 1548 1820 1639; baseline 0.019 -30"><span class='ocrx_word' id='word_1_31' title='bbox 248 1548 422 1627; x_wconf 86' lang='lat' dir='ltr'><strong>liter,</strong></span> <span class='ocrx_word' id='word_1_32' title='bbox 454 1571 566 1614; x_wconf 83' lang='lat' dir='ltr'><strong>nec</strong></span> <span class='ocrx_word' id='word_1_33' title='bbox 605 1554 868 1619; x_wconf 86' lang='lat' dir='ltr'><strong>honesta</strong></span> <span class='ocrx_word' id='word_1_34' title='bbox 895 1560 1239 1628; x_wconf 86' lang='lat' dir='ltr'><strong>intentione</strong></span> <span class='ocrx_word' id='word_1_35' title='bbox 1269 1566 1400 1629; x_wconf 88' lang='lat' dir='ltr'><strong>fiat.</strong></span> <span class='ocrx_word' id='word_1_36' title='bbox 1433 1573 1523 1633; x_wconf 83' lang='lat' dir='ltr'><strong>Ita</strong></span> <span class='ocrx_word' id='word_1_37' title='bbox 1551 1577 1820 1639; x_wconf 84' lang='lat' dir='ltr'><strong>sumitur</strong></span> 
     </span>
     <span class='ocr_line' id='line_1_7' title="bbox 250 1644 1816 1741; baseline 0.019 -39"><span class='ocrx_word' id='word_1_38' title='bbox 250 1660 334 1703; x_wconf 84' lang='lat' dir='ltr'><strong>ex</strong></span> <span class='ocrx_word' id='word_1_39' title='bbox 371 1644 437 1705; x_wconf 90' lang='lat' dir='ltr'><strong>D.</strong></span> <span class='ocrx_word' id='word_1_40' title='bbox 473 1645 736 1724; x_wconf 84' lang='lat' dir='ltr'><strong>Thema,</strong></span> <span class='ocrx_word' id='word_1_41' title='bbox 793 1659 1010 1730; x_wconf 82' lang='lat' dir='ltr'><strong>quaest.</strong></span> <span class='ocrx_word' id='word_1_42' title='bbox 1063 1660 1201 1734; x_wconf 74' lang='grc'>100,</span> <span class='ocrx_word' id='word_1_43' title='bbox 1241 1666 1358 1722; x_wconf 88' lang='lat' dir='ltr'><strong>art.</strong></span> <span class='ocrx_word' id='word_1_44' title='bbox 1393 1665 1455 1741; x_wconf 85' lang='lat'><strong>9,</strong></span> <span class='ocrx_word' id='word_1_45' title='bbox 1501 1666 1608 1727; x_wconf 90' lang='lat' dir='ltr'><strong>ubi</strong></span> <span class='ocrx_word' id='word_1_46' title='bbox 1649 1668 1816 1731; x_wconf 92' lang='lat' dir='ltr'><strong>idem</strong></span> 
     </span>
     <span class='ocr_line' id='line_1_8' title="bbox 245 1734 1810 1839; baseline 0.019 -45"><span class='ocrx_word' id='word_1_47' title='bbox 245 1734 473 1797; x_wconf 84' lang='lat' dir='ltr'><strong>docent</strong></span> <span class='ocrx_word' id='word_1_48' title='bbox 495 1738 714 1817; x_wconf 66' lang='lat' dir='ltr'><strong>cajet„</strong></span> <span class='ocrx_word' id='word_1_49' title='bbox 745 1742 953 1820; x_wconf 55' lang='lat' dir='ltr'><strong>Coma,</strong></span> <span class='ocrx_word' id='word_1_50' title='bbox 984 1748 1212 1811; x_wconf 87' lang='lat' dir='ltr'><strong>Medin.</strong></span> <span class='ocrx_word' id='word_1_51' title='bbox 1247 1759 1308 1813; x_wconf 89' lang='lat' dir='ltr'><strong>et</strong></span> <span class='ocrx_word' id='word_1_52' title='bbox 1340 1754 1448 1816; x_wconf 89' lang='lat' dir='ltr'><strong>alii</strong></span> <span class='ocrx_word' id='word_1_53' title='bbox 1458 1774 1478 1835; x_wconf 82' lang='lat'>3</span> <span class='ocrx_word' id='word_1_54' title='bbox 1511 1758 1679 1839; x_wconf 90' lang='lat' dir='ltr'><strong>Soto,</strong></span> <span class='ocrx_word' id='word_1_55' title='bbox 1700 1762 1810 1824; x_wconf 84' lang='lat' dir='ltr'><strong>lib.</strong></span> 
     </span>
     <span class='ocr_line' id='line_1_9' title="bbox 245 1828 1810 1931; baseline 0.02 -45"><span class='ocrx_word' id='word_1_56' title='bbox 245 1828 290 1887; x_wconf 86' lang='grc'>2</span> <span class='ocrx_word' id='word_1_57' title='bbox 329 1828 410 1889; x_wconf 90' lang='lat' dir='ltr'><strong>de</strong></span> <span class='ocrx_word' id='word_1_58' title='bbox 438 1830 678 1908; x_wconf 71' lang='lat' dir='ltr'><strong>Jnstit„</strong></span> <span class='ocrx_word' id='word_1_59' title='bbox 703 1842 918 1913; x_wconf 77' lang='lat' dir='ltr'><strong>quaest.</strong></span> <span class='ocrx_word' id='word_1_60' title='bbox 955 1840 1016 1915; x_wconf 89' lang='lat'><strong>3,</strong></span> <span class='ocrx_word' id='word_1_61' title='bbox 1041 1848 1159 1903; x_wconf 89' lang='lat' dir='ltr'><strong>art.</strong></span> <span class='ocrx_word' id='word_1_62' title='bbox 1187 1846 1254 1922; x_wconf 82' lang='lat'><strong>9;</strong></span> <span class='ocrx_word' id='word_1_63' title='bbox 1304 1852 1368 1907; x_wconf 88' lang='lat' dir='ltr'><strong>et</strong></span> <span class='ocrx_word' id='word_1_64' title='bbox 1410 1852 1474 1923; x_wconf 70' lang='lat'><strong>4,</strong></span> <span class='ocrx_word' id='word_1_65' title='bbox 1513 1852 1652 1915; x_wconf 86' lang='lat' dir='ltr'><strong>dist.</strong></span> <span class='ocrx_word' id='word_1_66' title='bbox 1707 1858 1810 1931; x_wconf 77' lang='lat'><strong>43,</strong></span> 
     </span>
     <span class='ocr_line' id='line_1_10' title="bbox 246 1924 1812 2022; baseline 0.02 -43"><span class='ocrx_word' id='word_1_67' title='bbox 246 1928 461 1999; x_wconf 72' lang='lat' dir='ltr'><strong>quaest.</strong></span> <span class='ocrx_word' id='word_1_68' title='bbox 491 1924 552 1999; x_wconf 89' lang='grc'>2,</span> <span class='ocrx_word' id='word_1_69' title='bbox 582 1930 700 1988; x_wconf 88' lang='lat' dir='ltr'><strong>art.</strong></span> <span class='ocrx_word' id='word_1_70' title='bbox 736 1931 794 2003; x_wconf 93' lang='grc'><strong>1,</strong></span> <span class='ocrx_word' id='word_1_71' title='bbox 824 1929 892 1989; x_wconf 90' lang='lat' dir='ltr'><strong>in</strong></span> <span class='ocrx_word' id='word_1_72' title='bbox 912 1931 1059 2009; x_wconf 86' lang='lat' dir='ltr'><strong>fine,</strong></span> <span class='ocrx_word' id='word_1_73' title='bbox 1083 1933 1342 2015; x_wconf 87' lang='lat' dir='ltr'><strong>loquens</strong></span> <span class='ocrx_word' id='word_1_74' title='bbox 1370 1945 1714 2022; x_wconf 84' lang='lat' dir='ltr'><strong>specialiter</strong></span> <span class='ocrx_word' id='word_1_75' title='bbox 1735 1949 1812 2011; x_wconf 90' lang='lat' dir='ltr'><strong>de</strong></span> 
     </span>
     <span class='ocr_line' id='line_1_11' title="bbox 241 2018 1812 2117; baseline 0.02 -44"><span class='ocrx_word' id='word_1_76' title='bbox 241 2022 553 2095; x_wconf 69' lang='lat' dir='ltr'><strong>praecepto</strong></span> <span class='ocrx_word' id='word_1_77' title='bbox 581 2018 781 2081; x_wconf 80' lang='lat' dir='ltr'><strong>Missae</strong></span> <span class='ocrx_word' id='word_1_78' title='bbox 797 2044 816 2096; x_wconf 92' lang='lat'>;</span> <span class='ocrx_word' id='word_1_79' title='bbox 854 2024 1049 2103; x_wconf 85' lang='lat' dir='ltr'><strong>Major</strong></span> <span class='ocrx_word' id='word_1_80' title='bbox 1077 2028 1136 2101; x_wconf 89' lang='lat'><strong>3,</strong></span> <span class='ocrx_word' id='word_1_81' title='bbox 1162 2030 1222 2091; x_wconf 93' lang='lat' dir='ltr'><strong>d.</strong></span> <span class='ocrx_word' id='word_1_82' title='bbox 1260 2033 1360 2108; x_wconf 85' lang='lat'><strong>37,</strong></span> <span class='ocrx_word' id='word_1_83' title='bbox 1392 2044 1609 2113; x_wconf 77' lang='lat' dir='ltr'><strong>quaest.</strong></span> <span class='ocrx_word' id='word_1_84' title='bbox 1643 2042 1681 2101; x_wconf 83' lang='lat'><strong>5</strong></span> <span class='ocrx_word' id='word_1_85' title='bbox 1696 2058 1717 2117; x_wconf 90' lang='lat'>;</span> <span class='ocrx_word' id='word_1_86' title='bbox 1749 2048 1812 2103; x_wconf 90' lang='lat' dir='ltr'><strong>et</strong></span> 
     </span>
     <span class='ocr_line' id='line_1_12' title="bbox 241 2104 1806 2213; baseline 0.019 -48"><span class='ocrx_word' id='word_1_87' title='bbox 241 2104 331 2167; x_wconf 88' lang='lat' dir='ltr'><strong>ibi</strong></span> <span class='ocrx_word' id='word_1_88' title='bbox 361 2108 605 2185; x_wconf 88' lang='lat' dir='ltr'><strong>Palud.,</strong></span> <span class='ocrx_word' id='word_1_89' title='bbox 641 2119 853 2191; x_wconf 82' lang='lat' dir='ltr'><strong>quaest.</strong></span> <span class='ocrx_word' id='word_1_90' title='bbox 892 2115 952 2192; x_wconf 89' lang='lat'><strong>3,</strong></span> <span class='ocrx_word' id='word_1_91' title='bbox 974 2124 1036 2179; x_wconf 88' lang='lat' dir='ltr'><strong>et</strong></span> <span class='ocrx_word' id='word_1_92' title='bbox 1061 2119 1333 2184; x_wconf 87' lang='lat' dir='ltr'><strong>Almain.</strong></span> <span class='ocrx_word' id='word_1_93' title='bbox 1377 2128 1438 2202; x_wconf 69' lang='lat'><strong>4,</strong></span> <span class='ocrx_word' id='word_1_94' title='bbox 1486 2128 1548 2189; x_wconf 92' lang='lat' dir='ltr'><strong>d.</strong></span> <span class='ocrx_word' id='word_1_95' title='bbox 1601 2134 1699 2208; x_wconf 84' lang='grc'><strong>17,</strong></span> <span class='ocrx_word' id='word_1_96' title='bbox 1741 2152 1806 2213; x_wconf 85' lang='lat' dir='ltr'><strong>q.</strong></span> 
     </span>
     <span class='ocr_line' id='line_1_13' title="bbox 241 2202 1810 2289; baseline 0.018 -29"><span class='ocrx_word' id='word_1_97' title='bbox 241 2202 454 2279; x_wconf 86' lang='lat' dir='ltr'><strong>unica,</strong></span> <span class='ocrx_word' id='word_1_98' title='bbox 489 2204 647 2265; x_wconf 82' lang='lat' dir='ltr'><strong>circa</strong></span> <span class='ocrx_word' id='word_1_99' title='bbox 693 2206 915 2285; x_wconf 84' lang='lat' dir='ltr'><strong>finem3</strong></span> <span class='ocrx_word' id='word_1_100' title='bbox 973 2213 1084 2274; x_wconf 92' lang='lat' dir='ltr'><strong>ubi</strong></span> <span class='ocrx_word' id='word_1_101' title='bbox 1125 2216 1315 2278; x_wconf 83' lang='lat' dir='ltr'><strong>refert</strong></span> <span class='ocrx_word' id='word_1_102' title='bbox 1359 2220 1695 2285; x_wconf 88' lang='lat' dir='ltr'><strong>Gersonem</strong></span> <span class='ocrx_word' id='word_1_103' title='bbox 1745 2236 1810 2289; x_wconf 84' lang='lat' dir='ltr'><strong>et</strong></span> 
     </span>
     <span class='ocr_line' id='line_1_14' title="bbox 237 2294 1806 2380; baseline 0.018 -27"><span class='ocrx_word' id='word_1_104' title='bbox 237 2294 492 2356; x_wconf 75' lang='lat' dir='ltr'><strong>Mal-tin.</strong></span> <span class='ocrx_word' id='word_1_105' title='bbox 517 2342 538 2373; x_wconf 92' lang='lat'><em>‚</em></span> <span class='ocrx_word' id='word_1_106' title='bbox 580 2297 877 2379; x_wconf 80' lang='lat' dir='ltr'><strong>additque</strong></span> <span class='ocrx_word' id='word_1_107' title='bbox 922 2302 990 2363; x_wconf 89' lang='lat' dir='ltr'><strong>in</strong></span> <span class='ocrx_word' id='word_1_108' title='bbox 1046 2305 1209 2369; x_wconf 86' lang='lat' dir='ltr'><strong>hanc</strong></span> <span class='ocrx_word' id='word_1_109' title='bbox 1256 2317 1629 2376; x_wconf 86' lang='lat' dir='ltr'><strong>sententiam</strong></span> <span class='ocrx_word' id='word_1_110' title='bbox 1677 2318 1806 2380; x_wconf 85' lang='lat' dir='ltr'><strong>fere</strong></span> 
     </span>
     <span class='ocr_line' id='line_1_15' title="bbox 237 2387 1807 2480; baseline 0.018 -35"><span class='ocrx_word' id='word_1_111' title='bbox 237 2403 457 2448; x_wconf 85' lang='lat' dir='ltr'><strong>omnes</strong></span> <span class='ocrx_word' id='word_1_112' title='bbox 505 2387 784 2452; x_wconf 85' lang='lat' dir='ltr'><strong>doctores</strong></span> <span class='ocrx_word' id='word_1_113' title='bbox 830 2398 1200 2475; x_wconf 88' lang='lat' dir='ltr'><strong>conspirare.</strong></span> <span class='ocrx_word' id='word_1_114' title='bbox 1264 2404 1457 2480; x_wconf 68' lang='lat' dir='ltr'><strong>Med„</strong></span> <span class='ocrx_word' id='word_1_115' title='bbox 1517 2412 1694 2471; x_wconf 86' lang='lat' dir='ltr'><strong>tract.</strong></span> <span class='ocrx_word' id='word_1_116' title='bbox 1729 2410 1807 2473; x_wconf 91' lang='lat' dir='ltr'><strong>de</strong></span> 
     </span>
     <span class='ocr_line' id='line_1_16' title="bbox 235 2478 1801 2581; baseline 0.017 -43"><span class='ocrx_word' id='word_1_117' title='bbox 235 2478 406 2541; x_wconf 87' lang='lat' dir='ltr'><strong>Orat.</strong></span> <span class='ocrx_word' id='word_1_118' title='bbox 414 2524 436 2555; x_wconf 89' lang='lat'><strong>,</strong></span> <span class='ocrx_word' id='word_1_119' title='bbox 465 2490 680 2559; x_wconf 82' lang='lat' dir='ltr'><strong>quaest.</strong></span> <span class='ocrx_word' id='word_1_120' title='bbox 712 2484 789 2545; x_wconf 87' lang='grc'>16</span> <span class='ocrx_word' id='word_1_121' title='bbox 815 2486 891 2547; x_wconf 92' lang='lat' dir='ltr'><strong>de</strong></span> <span class='ocrx_word' id='word_1_122' title='bbox 909 2488 1090 2550; x_wconf 88' lang='lat' dir='ltr'><strong>Horis</strong></span> <span class='ocrx_word' id='word_1_123' title='bbox 1109 2510 1332 2555; x_wconf 88' lang='lat' dir='ltr'><strong>canon.</strong></span> <span class='ocrx_word' id='word_1_124' title='bbox 1340 2511 1361 2572; x_wconf 81' lang='lat'>3</span> <span class='ocrx_word' id='word_1_125' title='bbox 1390 2498 1636 2575; x_wconf 66' lang='lat' dir='ltr'><strong>Navar„</strong></span> <span class='ocrx_word' id='word_1_126' title='bbox 1666 2520 1801 2581; x_wconf 88' lang='lat' dir='ltr'><strong>cap.</strong></span> 
     </span>
     <span class='ocr_line' id='line_1_17' title="bbox 234 2573 1799 2671; baseline 0.016 -40"><span class='ocrx_word' id='word_1_127' title='bbox 234 2573 337 2648; x_wconf 94' lang='grc'><strong>21,</strong></span> <span class='ocrx_word' id='word_1_128' title='bbox 372 2591 438 2634; x_wconf 90' lang='lat' dir='ltr'><strong>n.</strong></span> <span class='ocrx_word' id='word_1_129' title='bbox 466 2576 533 2651; x_wconf 85' lang='lat'><strong>7;</strong></span> <span class='ocrx_word' id='word_1_130' title='bbox 557 2581 621 2636; x_wconf 84' lang='lat' dir='ltr'><strong>et</strong></span> <span class='ocrx_word' id='word_1_131' title='bbox 642 2576 826 2639; x_wconf 82' lang='lat' dir='ltr'><strong>latius</strong></span> <span class='ocrx_word' id='word_1_132' title='bbox 846 2580 914 2639; x_wconf 88' lang='lat' dir='ltr'><strong>in</strong></span> <span class='ocrx_word' id='word_1_133' title='bbox 943 2583 1192 2645; x_wconf 87' lang='lat' dir='ltr'><strong>Enchir.</strong></span> <span class='ocrx_word' id='word_1_134' title='bbox 1219 2585 1296 2648; x_wconf 91' lang='lat' dir='ltr'><strong>de</strong></span> <span class='ocrx_word' id='word_1_135' title='bbox 1315 2589 1513 2667; x_wconf 66' lang='lat' dir='ltr'><strong>Orat„</strong></span> <span class='ocrx_word' id='word_1_136' title='bbox 1535 2611 1668 2671; x_wconf 89' lang='lat' dir='ltr'><strong>cap.</strong></span> <span class='ocrx_word' id='word_1_137' title='bbox 1697 2596 1799 2670; x_wconf 90' lang='grc'>20,</span> 
     </span>
     <span class='ocr_line' id='line_1_18' title="bbox 233 2666 1804 2763; baseline 0.017 -41"><span class='ocrx_word' id='word_1_138' title='bbox 233 2681 301 2723; x_wconf 89' lang='lat' dir='ltr'><strong>n.</strong></span> <span class='ocrx_word' id='word_1_139' title='bbox 333 2666 436 2741; x_wconf 91' lang='grc'>29,</span> <span class='ocrx_word' id='word_1_140' title='bbox 469 2666 577 2728; x_wconf 91' lang='lat' dir='ltr'><strong>ubi</strong></span> <span class='ocrx_word' id='word_1_141' title='bbox 603 2668 792 2731; x_wconf 80' lang='lat' dir='ltr'><strong>refert</strong></span> <span class='ocrx_word' id='word_1_142' title='bbox 833 2672 1021 2735; x_wconf 89' lang='lat' dir='ltr'><strong>etiam</strong></span> <span class='ocrx_word' id='word_1_143' title='bbox 1055 2677 1328 2757; x_wconf 86' lang='lat' dir='ltr'><strong>seipsum</strong></span> <span class='ocrx_word' id='word_1_144' title='bbox 1362 2682 1429 2742; x_wconf 92' lang='lat' dir='ltr'><strong>in</strong></span> <span class='ocrx_word' id='word_1_145' title='bbox 1457 2702 1592 2763; x_wconf 83' lang='lat' dir='ltr'><strong>cap.</strong></span> <span class='ocrx_word' id='word_1_146' title='bbox 1625 2688 1804 2749; x_wconf 74' lang='lat' dir='ltr'><strong>Inter</strong></span> 
     </span>
    </p>
   </div>
   <div class='ocr_carea' id='block_1_2' title="bbox 231 2758 1898 2843">
    <p class='ocr_par' dir='ltr' id='par_1_3' title="bbox 231 2758 1898 2843">
     <span class='ocr_line' id='line_1_19' title="bbox 231 2758 1898 2843; baseline 0.016 -26"><span class='ocrx_word' id='word_1_147' title='bbox 231 2758 434 2834; x_wconf 80' lang='lat' dir='ltr'><strong>verba,</strong></span> <span class='ocrx_word' id='word_1_148' title='bbox 469 2762 568 2836; x_wconf 95' lang='grc'><strong>11,</strong></span> <span class='ocrx_word' id='word_1_149' title='bbox 591 2769 806 2841; x_wconf 78' lang='lat' dir='ltr'><strong>quaest.</strong></span> <span class='ocrx_word' id='word_1_150' title='bbox 842 2766 912 2843; x_wconf 91' lang='lat'><strong>3,</strong></span> <span class='ocrx_word' id='word_1_151' title='bbox 947 2774 1008 2828; x_wconf 88' lang='lat' dir='ltr'><strong>et</strong></span> <span class='ocrx_word' id='word_1_152' title='bbox 1034 2768 1215 2832; x_wconf 87' lang='lat' dir='ltr'><strong>Joan.</strong></span> <span class='ocrx_word' id='word_1_153' title='bbox 1264 2773 1456 2838; x_wconf 87' lang='lat' dir='ltr'><strong>Andr.</strong></span> <span class='ocrx_word' id='word_1_154' title='bbox 1489 2784 1552 2838; x_wconf 91' lang='lat' dir='ltr'><strong>et</strong></span> <span class='ocrx_word' id='word_1_155' title='bbox 1593 2778 1801 2843; x_wconf 86' lang='lat' dir='ltr'><strong>Abba·</strong></span> <span class='ocrx_word' id='word_1_156' title='bbox 1885 2779 1898 2792; x_wconf 87' lang='lat'><strong>&#39;</strong></span> 
     </span>
    </p>
   </div>
   <div class='ocr_carea' id='block_1_3' title="bbox 210 2850 1798 4896">
    <p class='ocr_par' dir='ltr' id='par_1_4' title="bbox 217 2850 1798 3970">
     <span class='ocr_line' id='line_1_20' title="bbox 231 2850 1794 2937; baseline 0.017 -29"><span class='ocrx_word' id='word_1_157' title='bbox 231 2852 364 2909; x_wconf 88' lang='lat' dir='ltr'><strong>tem</strong></span> <span class='ocrx_word' id='word_1_158' title='bbox 385 2850 454 2911; x_wconf 90' lang='lat' dir='ltr'><strong>in</strong></span> <span class='ocrx_word' id='word_1_159' title='bbox 477 2870 610 2931; x_wconf 86' lang='lat' dir='ltr'><strong>cap.</strong></span> <span class='ocrx_word' id='word_1_160' title='bbox 640 2852 809 2927; x_wconf 76' lang='lat' dir='ltr'><strong>Quod</strong></span> <span class='ocrx_word' id='word_1_161' title='bbox 831 2860 1104 2937; x_wconf 81' lang='lat' dir='ltr'><strong>quidam,</strong></span> <span class='ocrx_word' id='word_1_162' title='bbox 1132 2863 1208 2926; x_wconf 90' lang='lat' dir='ltr'><strong>de</strong></span> <span class='ocrx_word' id='word_1_163' title='bbox 1238 2865 1460 2929; x_wconf 86' lang='lat' dir='ltr'><strong>Poenit.</strong></span> <span class='ocrx_word' id='word_1_164' title='bbox 1492 2876 1554 2931; x_wconf 92' lang='lat' dir='ltr'><strong>et</strong></span> <span class='ocrx_word' id='word_1_165' title='bbox 1584 2874 1794 2935; x_wconf 77' lang='lat' dir='ltr'><strong>remis,</strong></span> 
     </span>
     <span class='ocr_line' id='line_1_21' title="bbox 230 2940 1798 3043; baseline 0.017 -43"><span class='ocrx_word' id='word_1_166' title='bbox 230 2940 352 3001; x_wconf 86' lang='lat' dir='ltr'><strong>Sed</strong></span> <span class='ocrx_word' id='word_1_167' title='bbox 375 2942 469 3003; x_wconf 92' lang='lat' dir='ltr'><strong>illi</strong></span> <span class='ocrx_word' id='word_1_168' title='bbox 489 2944 833 3025; x_wconf 86' lang='lat' dir='ltr'><strong>loquuntur</strong></span> <span class='ocrx_word' id='word_1_169' title='bbox 849 2948 926 3011; x_wconf 90' lang='lat' dir='ltr'><strong>de</strong></span> <span class='ocrx_word' id='word_1_170' title='bbox 945 2950 1124 3015; x_wconf 85' lang='lat' dir='ltr'><strong>bonis</strong></span> <span class='ocrx_word' id='word_1_171' title='bbox 1149 2958 1439 3036; x_wconf 87' lang='lat' dir='ltr'><strong>operibus</strong></span> <span class='ocrx_word' id='word_1_172' title='bbox 1464 2970 1798 3043; x_wconf 82' lang='lat' dir='ltr'><strong>praecepto-</strong></span> 
     </span>
     <span class='ocr_line' id='line_1_22' title="bbox 225 3036 1798 3135; baseline 0.018 -42"><span class='ocrx_word' id='word_1_173' title='bbox 225 3051 377 3095; x_wconf 90' lang='lat' dir='ltr'><strong>rum</strong></span> <span class='ocrx_word' id='word_1_174' title='bbox 409 3036 582 3098; x_wconf 84' lang='lat' dir='ltr'><strong>factis</strong></span> <span class='ocrx_word' id='word_1_175' title='bbox 607 3039 674 3099; x_wconf 90' lang='lat' dir='ltr'><strong>in</strong></span> <span class='ocrx_word' id='word_1_176' title='bbox 701 3046 865 3102; x_wconf 84' lang='lat' dir='ltr'><strong>statu</strong></span> <span class='ocrx_word' id='word_1_177' title='bbox 893 3047 1127 3124; x_wconf 85' lang='lat' dir='ltr'><strong>peccati</strong></span> <span class='ocrx_word' id='word_1_178' title='bbox 1156 3052 1454 3122; x_wconf 83' lang='lat' dir='ltr'><strong>mortalis.</strong></span> <span class='ocrx_word' id='word_1_179' title='bbox 1479 3056 1643 3135; x_wconf 90' lang='lat' dir='ltr'><strong>quod</strong></span> <span class='ocrx_word' id='word_1_180' title='bbox 1662 3056 1798 3119; x_wconf 91' lang='lat' dir='ltr'><strong>lon-</strong></span> 
     </span>
     <span class='ocr_line' id='line_1_23' title="bbox 227 3127 1795 3228; baseline 0.018 -42"><span class='ocrx_word' id='word_1_181' title='bbox 227 3144 314 3204; x_wconf 81' lang='lat' dir='ltr'><strong>ge</strong></span> <span class='ocrx_word' id='word_1_182' title='bbox 335 3127 648 3192; x_wconf 81' lang='lat' dir='ltr'><strong>diversum</strong></span> <span class='ocrx_word' id='word_1_183' title='bbox 666 3139 758 3194; x_wconf 86' lang='lat' dir='ltr'><strong>est</strong></span> <span class='ocrx_word' id='word_1_184' title='bbox 784 3156 800 3194; x_wconf 74' lang='grc' dir='ltr'><em>τ</em></span> <span class='ocrx_word' id='word_1_185' title='bbox 832 3154 981 3196; x_wconf 87' lang='lat' dir='ltr'><strong>nam</strong></span> <span class='ocrx_word' id='word_1_186' title='bbox 1001 3157 1155 3218; x_wconf 88' lang='lat' dir='ltr'><strong>opus</strong></span> <span class='ocrx_word' id='word_1_187' title='bbox 1183 3141 1417 3207; x_wconf 87' lang='lat' dir='ltr'><strong>factum</strong></span> <span class='ocrx_word' id='word_1_188' title='bbox 1453 3148 1522 3208; x_wconf 91' lang='lat' dir='ltr'><strong>in</strong></span> <span class='ocrx_word' id='word_1_189' title='bbox 1549 3159 1795 3228; x_wconf 86' lang='lat' dir='ltr'><strong>peccato</strong></span> 
     </span>
     <span class='ocr_line' id='line_1_24' title="bbox 225 3221 1793 3323; baseline 0.017 -44"><span class='ocrx_word' id='word_1_190' title='bbox 225 3221 485 3282; x_wconf 83' lang='lat' dir='ltr'><strong>mortali</strong></span> <span class='ocrx_word' id='word_1_191' title='bbox 523 3229 722 3303; x_wconf 85' lang='lat' dir='ltr'><strong>potest</strong></span> <span class='ocrx_word' id='word_1_192' title='bbox 749 3245 883 3290; x_wconf 87' lang='lat' dir='ltr'><strong>esse</strong></span> <span class='ocrx_word' id='word_1_193' title='bbox 930 3231 1293 3312; x_wconf 88' lang='lat' dir='ltr'><strong>simpliciter</strong></span> <span class='ocrx_word' id='word_1_194' title='bbox 1317 3236 1578 3318; x_wconf 88' lang='lat' dir='ltr'><strong>bonum,</strong></span> <span class='ocrx_word' id='word_1_195' title='bbox 1628 3244 1793 3323; x_wconf 85' lang='lat' dir='ltr'><strong>quod</strong></span> 
     </span>
     <span class='ocr_line' id='line_1_25' title="bbox 227 3316 1794 3418; baseline 0.02 -48"><span class='ocrx_word' id='word_1_196' title='bbox 227 3317 322 3370; x_wconf 87' lang='lat' dir='ltr'><strong>est</strong></span> <span class='ocrx_word' id='word_1_197' title='bbox 351 3319 590 3377; x_wconf 86' lang='lat' dir='ltr'><strong>certum</strong></span> <span class='ocrx_word' id='word_1_198' title='bbox 609 3316 686 3379; x_wconf 89' lang='lat' dir='ltr'><strong>de</strong></span> <span class='ocrx_word' id='word_1_199' title='bbox 711 3318 858 3397; x_wconf 87' lang='lat' dir='ltr'><strong>fide,</strong></span> <span class='ocrx_word' id='word_1_200' title='bbox 889 3327 953 3383; x_wconf 89' lang='lat' dir='ltr'><strong>et</strong></span> <span class='ocrx_word' id='word_1_201' title='bbox 969 3323 1057 3385; x_wconf 87' lang='lat' dir='ltr'><strong>ita</strong></span> <span class='ocrx_word' id='word_1_202' title='bbox 1089 3331 1184 3387; x_wconf 87' lang='lat' dir='ltr'><strong>est</strong></span> <span class='ocrx_word' id='word_1_203' title='bbox 1209 3346 1384 3409; x_wconf 76' lang='lat' dir='ltr'><strong>aeque</strong></span> <span class='ocrx_word' id='word_1_204' title='bbox 1420 3340 1656 3397; x_wconf 86' lang='lat' dir='ltr'><strong>certum</strong></span> <span class='ocrx_word' id='word_1_205' title='bbox 1682 3355 1794 3418; x_wconf 87' lang='lat' dir='ltr'><strong>per</strong></span> 
     </span>
     <span class='ocr_line' id='line_1_26' title="bbox 225 3402 1793 3504; baseline 0.019 -39"><span class='ocrx_word' id='word_1_206' title='bbox 225 3402 382 3467; x_wconf 91' lang='lat' dir='ltr'><strong>illud</strong></span> <span class='ocrx_word' id='word_1_207' title='bbox 413 3411 645 3470; x_wconf 81' lang='lat' dir='ltr'><strong>servari</strong></span> <span class='ocrx_word' id='word_1_208' title='bbox 666 3421 1064 3495; x_wconf 77' lang='lat' dir='ltr'><strong>praeceptum.</strong></span> <span class='ocrx_word' id='word_1_209' title='bbox 1095 3416 1264 3484; x_wconf 79' lang='lat' dir='ltr'><strong>Alias</strong></span> <span class='ocrx_word' id='word_1_210' title='bbox 1293 3429 1604 3504; x_wconf 83' lang='lat' dir='ltr'><strong>quomodo</strong></span> <span class='ocrx_word' id='word_1_211' title='bbox 1635 3438 1793 3494; x_wconf 85' lang='lat' dir='ltr'><strong>esset</strong></span> 
     </span>
     <span class='ocr_line' id='line_1_27' title="bbox 225 3500 1792 3600; baseline 0.02 -44"><span class='ocrx_word' id='word_1_212' title='bbox 225 3515 381 3577; x_wconf 88' lang='lat' dir='ltr'><strong>opus</strong></span> <span class='ocrx_word' id='word_1_213' title='bbox 403 3500 764 3581; x_wconf 84' lang='lat' dir='ltr'><strong>simpliciter</strong></span> <span class='ocrx_word' id='word_1_214' title='bbox 801 3506 1076 3571; x_wconf 78' lang='lat' dir='ltr'><strong>bonum?</strong></span> <span class='ocrx_word' id='word_1_215' title='bbox 1115 3514 1198 3575; x_wconf 88' lang='lat' dir='ltr'><strong>At</strong></span> <span class='ocrx_word' id='word_1_216' title='bbox 1226 3515 1330 3578; x_wconf 89' lang='lat' dir='ltr'><strong>hic</strong></span> <span class='ocrx_word' id='word_1_217' title='bbox 1371 3518 1687 3600; x_wconf 89' lang='lat' dir='ltr'><strong>loquimur</strong></span> <span class='ocrx_word' id='word_1_218' title='bbox 1713 3527 1792 3588; x_wconf 91' lang='lat' dir='ltr'><strong>de</strong></span> 
     </span>
     <span class='ocr_line' id='line_1_28' title="bbox 223 3594 1790 3695; baseline 0.02 -46"><span class='ocrx_word' id='word_1_219' title='bbox 223 3606 408 3669; x_wconf 87' lang='lat' dir='ltr'><strong>opere</strong></span> <span class='ocrx_word' id='word_1_220' title='bbox 429 3594 623 3672; x_wconf 87' lang='lat' dir='ltr'><strong>malo,</strong></span> <span class='ocrx_word' id='word_1_221' title='bbox 649 3597 780 3660; x_wconf 86' lang='lat' dir='ltr'><strong>sive</strong></span> <span class='ocrx_word' id='word_1_222' title='bbox 813 3599 894 3662; x_wconf 88' lang='lat' dir='ltr'><strong>sit</strong></span> <span class='ocrx_word' id='word_1_223' title='bbox 919 3602 988 3663; x_wconf 90' lang='lat' dir='ltr'><strong>in</strong></span> <span class='ocrx_word' id='word_1_224' title='bbox 1007 3611 1354 3686; x_wconf 82' lang='lat' dir='ltr'><strong>peccatore,</strong></span> <span class='ocrx_word' id='word_1_225' title='bbox 1381 3616 1444 3672; x_wconf 89' lang='lat' dir='ltr'><strong>et</strong></span> <span class='ocrx_word' id='word_1_226' title='bbox 1479 3615 1560 3676; x_wconf 86' lang='lat' dir='ltr'><strong>sit</strong></span> <span class='ocrx_word' id='word_1_227' title='bbox 1581 3634 1790 3695; x_wconf 87' lang='lat' dir='ltr'><strong>pecca-</strong></span> 
     </span>
     <span class='ocr_line' id='line_1_29' title="bbox 221 3685 1790 3779; baseline 0.02 -38"><span class='ocrx_word' id='word_1_228' title='bbox 221 3687 360 3742; x_wconf 88' lang='lat' dir='ltr'><strong>tum</strong></span> <span class='ocrx_word' id='word_1_229' title='bbox 378 3685 640 3749; x_wconf 75' lang='lat' dir='ltr'><strong>mortale</strong></span> <span class='ocrx_word' id='word_1_230' title='bbox 659 3707 736 3750; x_wconf 83' lang='lat' dir='ltr'><strong>ex</strong></span> <span class='ocrx_word' id='word_1_231' title='bbox 752 3709 944 3771; x_wconf 81' lang='lat' dir='ltr'><strong>prava</strong></span> <span class='ocrx_word' id='word_1_232' title='bbox 961 3695 1306 3761; x_wconf 87' lang='lat' dir='ltr'><strong>intentione</strong></span> <span class='ocrx_word' id='word_1_233' title='bbox 1318 3717 1340 3779; x_wconf 85' lang='lat'>3</span> <span class='ocrx_word' id='word_1_234' title='bbox 1352 3703 1482 3766; x_wconf 81' lang='lat' dir='ltr'><strong>sive</strong></span> <span class='ocrx_word' id='word_1_235' title='bbox 1493 3706 1574 3767; x_wconf 89' lang='lat' dir='ltr'><strong>sit</strong></span> <span class='ocrx_word' id='word_1_236' title='bbox 1589 3709 1657 3770; x_wconf 91' lang='lat' dir='ltr'><strong>in</strong></span> <span class='ocrx_word' id='word_1_237' title='bbox 1677 3709 1790 3772; x_wconf 89' lang='lat' dir='ltr'><strong>ho-</strong></span> 
     </span>
     <span class='ocr_line' id='line_1_30' title="bbox 219 3775 1786 3884; baseline 0.019 -48"><span class='ocrx_word' id='word_1_238' title='bbox 219 3775 393 3838; x_wconf 88' lang='lat' dir='ltr'><strong>mine</strong></span> <span class='ocrx_word' id='word_1_239' title='bbox 409 3778 599 3858; x_wconf 84' lang='lat' dir='ltr'><strong>justo,</strong></span> <span class='ocrx_word' id='word_1_240' title='bbox 624 3787 687 3843; x_wconf 90' lang='lat' dir='ltr'><strong>et</strong></span> <span class='ocrx_word' id='word_1_241' title='bbox 704 3786 784 3845; x_wconf 86' lang='lat' dir='ltr'><strong>sit</strong></span> <span class='ocrx_word' id='word_1_242' title='bbox 807 3795 1126 3866; x_wconf 86' lang='lat' dir='ltr'><strong>peccatum</strong></span> <span class='ocrx_word' id='word_1_243' title='bbox 1148 3793 1391 3858; x_wconf 86' lang='lat' dir='ltr'><strong>veniale</strong></span> <span class='ocrx_word' id='word_1_244' title='bbox 1401 3812 1424 3875; x_wconf 81' lang='lat'>3</span> <span class='ocrx_word' id='word_1_245' title='bbox 1445 3805 1508 3860; x_wconf 88' lang='lat' dir='ltr'><strong>et</strong></span> <span class='ocrx_word' id='word_1_246' title='bbox 1525 3808 1786 3884; x_wconf 83' lang='lat' dir='ltr'><strong>utroque</strong></span> 
     </span>
     <span class='ocr_line' id='line_1_31' title="bbox 217 3868 1782 3970; baseline 0.019 -41"><span class='ocrx_word' id='word_1_247' title='bbox 217 3868 406 3932; x_wconf 89' lang='lat' dir='ltr'><strong>modo</strong></span> <span class='ocrx_word' id='word_1_248' title='bbox 445 3872 708 3936; x_wconf 82' lang='lat' dir='ltr'><strong>dicimus</strong></span> <span class='ocrx_word' id='word_1_249' title='bbox 741 3877 987 3959; x_wconf 86' lang='lat' dir='ltr'><strong>impleri</strong></span> <span class='ocrx_word' id='word_1_250' title='bbox 1023 3900 1398 3966; x_wconf 69' lang='lat' dir='ltr'><strong>praeceptum</strong></span> <span class='ocrx_word' id='word_1_251' title='bbox 1423 3891 1782 3970; x_wconf 81' lang='lat' dir='ltr'><strong>positivum.</strong></span> 
     </span>
    </p>

    <p class='ocr_par' dir='ltr' id='par_1_5' title="bbox 210 3963 1788 4896">
     <span class='ocr_line' id='line_1_32' title="bbox 299 3963 1779 4065; baseline 0.02 -43"><span class='ocrx_word' id='word_1_252' title='bbox 299 3963 359 4023; x_wconf 89' lang='grc'><strong>7.</strong></span> <span class='ocrx_word' id='word_1_253' title='bbox 403 3963 597 4030; x_wconf 68' lang='lat' dir='ltr'><strong>Finis</strong></span> <span class='ocrx_word' id='word_1_254' title='bbox 611 3972 896 4050; x_wconf 62' lang='lat' dir='ltr'><strong>precepti</strong></span> <span class='ocrx_word' id='word_1_255' title='bbox 929 3992 1051 4038; x_wconf 73' lang='lat' dir='ltr'><strong>non</strong></span> <span class='ocrx_word' id='word_1_256' title='bbox 1073 3979 1240 4041; x_wconf 75' lang='lat' dir='ltr'><strong>cadit</strong></span> <span class='ocrx_word' id='word_1_257' title='bbox 1268 3981 1378 4042; x_wconf 73' lang='lat' dir='ltr'><strong>sub</strong></span> <span class='ocrx_word' id='word_1_258' title='bbox 1395 3992 1779 4065; x_wconf 67' lang='lat' dir='ltr'><strong>precaeptum.</strong></span> 
     </span>
     <span class='ocr_line' id='line_1_33' title="bbox 215 4056 1788 4156; baseline 0.019 -39"><span class='ocrx_word' id='word_1_259' title='bbox 215 4085 300 4101; x_wconf 92' lang='lat'><em>-</em></span> <span class='ocrx_word' id='word_1_260' title='bbox 313 4056 442 4122; x_wconf 67' lang='lat' dir='ltr'><strong>Lea·</strong></span> <span class='ocrx_word' id='word_1_261' title='bbox 466 4059 731 4125; x_wconf 69' lang='lat' dir='ltr'><strong>humana</strong></span> <span class='ocrx_word' id='word_1_262' title='bbox 765 4081 886 4128; x_wconf 70' lang='lat' dir='ltr'><strong>non</strong></span> <span class='ocrx_word' id='word_1_263' title='bbox 926 4067 1188 4148; x_wconf 76' lang='lat' dir='ltr'><strong>imperat</strong></span> <span class='ocrx_word' id='word_1_264' title='bbox 1221 4073 1330 4137; x_wconf 80' lang='grc' dir='ltr'><strong><em>Ιιοο</em></strong></span> <span class='ocrx_word' id='word_1_265' title='bbox 1346 4083 1598 4156; x_wconf 69' lang='lat' dir='ltr'><strong>proptor</strong></span> <span class='ocrx_word' id='word_1_266' title='bbox 1627 4081 1788 4146; x_wconf 77' lang='lat' dir='ltr'><strong>illud</strong></span> 
     </span>
     <span class='ocr_line' id='line_1_34' title="bbox 217 4147 1781 4236; baseline 0.018 -27"><span class='ocrx_word' id='word_1_267' title='bbox 217 4147 385 4224; x_wconf 73' lang='lat' dir='ltr'><strong>fieri,</strong></span> <span class='ocrx_word' id='word_1_268' title='bbox 413 4152 518 4214; x_wconf 71' lang='lat' dir='ltr'><strong>sod</strong></span> <span class='ocrx_word' id='word_1_269' title='bbox 561 4157 634 4216; x_wconf 69' lang='lat' dir='ltr'><strong>ut</strong></span> <span class='ocrx_word' id='word_1_270' title='bbox 655 4155 774 4232; x_wconf 73' lang='lat' dir='ltr'><strong>fiat</strong></span> <span class='ocrx_word' id='word_1_271' title='bbox 809 4158 936 4222; x_wconf 71' lang='lat' dir='ltr'><strong>hoo.</strong></span> <span class='ocrx_word' id='word_1_272' title='bbox 970 4193 1054 4208; x_wconf 92' lang='lat'><strong>--</strong></span> <span class='ocrx_word' id='word_1_273' title='bbox 1089 4162 1234 4225; x_wconf 79' lang='lat' dir='ltr'><strong>Haec</strong></span> <span class='ocrx_word' id='word_1_274' title='bbox 1272 4173 1485 4229; x_wconf 86' lang='lat' dir='ltr'><strong>autem</strong></span> <span class='ocrx_word' id='word_1_275' title='bbox 1528 4175 1781 4236; x_wconf 80' lang='lat' dir='ltr'><strong>assertio</strong></span> 
     </span>
     <span class='ocr_line' id='line_1_35' title="bbox 215 4237 1781 4341; baseline 0.02 -42"><span class='ocrx_word' id='word_1_276' title='bbox 215 4237 460 4304; x_wconf 86' lang='lat' dir='ltr'><strong>duobus</strong></span> <span class='ocrx_word' id='word_1_277' title='bbox 485 4247 684 4308; x_wconf 83' lang='lat' dir='ltr'><strong>modis</strong></span> <span class='ocrx_word' id='word_1_278' title='bbox 719 4250 972 4329; x_wconf 87' lang='lat' dir='ltr'><strong>probari</strong></span> <span class='ocrx_word' id='word_1_279' title='bbox 1011 4261 1234 4334; x_wconf 83' lang='lat' dir='ltr'><strong>potest,</strong></span> <span class='ocrx_word' id='word_1_280' title='bbox 1269 4259 1520 4341; x_wconf 85' lang='lat' dir='ltr'><strong>scilicet,</strong></span> <span class='ocrx_word' id='word_1_281' title='bbox 1564 4267 1666 4328; x_wconf 81' lang='lat' dir='ltr'><strong>vel</strong></span> <span class='ocrx_word' id='word_1_282' title='bbox 1703 4269 1781 4330; x_wconf 88' lang='lat' dir='ltr'><strong>de</strong></span> 
     </span>
     <span class='ocr_line' id='line_1_36' title="bbox 215 4329 1776 4438; baseline 0.019 -45"><span class='ocrx_word' id='word_1_283' title='bbox 215 4329 405 4413; x_wconf 82' lang='lat' dir='ltr'><strong>facte,</strong></span> <span class='ocrx_word' id='word_1_284' title='bbox 424 4337 526 4400; x_wconf 71' lang='lat' dir='ltr'><strong>vel</strong></span> <span class='ocrx_word' id='word_1_285' title='bbox 547 4340 738 4402; x_wconf 88' lang='lat' dir='ltr'><strong>etiam</strong></span> <span class='ocrx_word' id='word_1_286' title='bbox 761 4342 838 4405; x_wconf 90' lang='lat' dir='ltr'><strong>de</strong></span> <span class='ocrx_word' id='word_1_287' title='bbox 865 4347 1162 4424; x_wconf 84' lang='lat' dir='ltr'><strong>possibili.</strong></span> <span class='ocrx_word' id='word_1_288' title='bbox 1199 4351 1375 4414; x_wconf 89' lang='lat' dir='ltr'><strong>Prior</strong></span> <span class='ocrx_word' id='word_1_289' title='bbox 1396 4361 1488 4416; x_wconf 85' lang='lat' dir='ltr'><strong>est</strong></span> <span class='ocrx_word' id='word_1_290' title='bbox 1516 4356 1776 4438; x_wconf 87' lang='lat' dir='ltr'><strong>facilior,</strong></span> 
     </span>
     <span class='ocr_line' id='line_1_37' title="bbox 215 4424 1780 4532; baseline 0.019 -46"><span class='ocrx_word' id='word_1_291' title='bbox 215 4424 641 4512; x_wconf 80' lang='lat' dir='ltr'><strong>fundaturque</strong></span> <span class='ocrx_word' id='word_1_292' title='bbox 659 4435 728 4496; x_wconf 90' lang='lat' dir='ltr'><strong>in</strong></span> <span class='ocrx_word' id='word_1_293' title='bbox 756 4435 866 4499; x_wconf 92' lang='lat' dir='ltr'><strong>illo</strong></span> <span class='ocrx_word' id='word_1_294' title='bbox 891 4441 1220 4522; x_wconf 85' lang='lat' dir='ltr'><strong>principio,</strong></span> <span class='ocrx_word' id='word_1_295' title='bbox 1247 4447 1409 4525; x_wconf 88' lang='lat' dir='ltr'><strong>quod</strong></span> <span class='ocrx_word' id='word_1_296' title='bbox 1445 4447 1588 4512; x_wconf 87' lang='lat' dir='ltr'><strong>finis</strong></span> <span class='ocrx_word' id='word_1_297' title='bbox 1622 4471 1780 4532; x_wconf 80' lang='lat' dir='ltr'><strong>prse-</strong></span> 
     </span>
     <span class='ocr_line' id='line_1_38' title="bbox 213 4519 1780 4618; baseline 0.019 -40"><span class='ocrx_word' id='word_1_298' title='bbox 213 4519 378 4598; x_wconf 82' lang='lat' dir='ltr'><strong>oepti</strong></span> <span class='ocrx_word' id='word_1_299' title='bbox 416 4540 548 4584; x_wconf 87' lang='lat' dir='ltr'><strong>non</strong></span> <span class='ocrx_word' id='word_1_300' title='bbox 573 4525 738 4588; x_wconf 82' lang='lat' dir='ltr'><strong>cadit</strong></span> <span class='ocrx_word' id='word_1_301' title='bbox 759 4529 876 4590; x_wconf 85' lang='lat' dir='ltr'><strong>sub</strong></span> <span class='ocrx_word' id='word_1_302' title='bbox 903 4541 1302 4615; x_wconf 76' lang='lat' dir='ltr'><strong>praeceptum,</strong></span> <span class='ocrx_word' id='word_1_303' title='bbox 1334 4541 1501 4618; x_wconf 86' lang='lat' dir='ltr'><strong>quod</strong></span> <span class='ocrx_word' id='word_1_304' title='bbox 1523 4544 1780 4606; x_wconf 82' lang='lat' dir='ltr'><strong>tradunt</strong></span> 
     </span>
     <span class='ocr_line' id='line_1_39' title="bbox 210 4611 1773 4700; baseline 0.019 -29"><span class='ocrx_word' id='word_1_305' title='bbox 210 4611 497 4676; x_wconf 69' lang='lat' dir='ltr'><strong>doctores</strong></span> <span class='ocrx_word' id='word_1_306' title='bbox 531 4617 806 4698; x_wconf 72' lang='lat' dir='ltr'><strong>allegati,</strong></span> <span class='ocrx_word' id='word_1_307' title='bbox 843 4629 909 4684; x_wconf 90' lang='lat' dir='ltr'><strong>et</strong></span> <span class='ocrx_word' id='word_1_308' title='bbox 929 4628 1197 4690; x_wconf 83' lang='lat' dir='ltr'><strong>sumitur</strong></span> <span class='ocrx_word' id='word_1_309' title='bbox 1219 4648 1299 4692; x_wconf 85' lang='lat' dir='ltr'><strong>ex</strong></span> <span class='ocrx_word' id='word_1_310' title='bbox 1324 4631 1395 4693; x_wconf 88' lang='lat' dir='ltr'><strong>D.</strong></span> <span class='ocrx_word' id='word_1_311' title='bbox 1437 4633 1676 4700; x_wconf 87' lang='lat' dir='ltr'><strong>Thoma</strong></span> <span class='ocrx_word' id='word_1_312' title='bbox 1714 4641 1773 4700; x_wconf 85' lang='lat'><strong>1.</strong></span> 
     </span>
     <span class='ocr_line' id='line_1_40' title="bbox 212 4705 1776 4810; baseline 0.019 -46"><span class='ocrx_word' id='word_1_313' title='bbox 212 4705 278 4780; x_wconf 87' lang='grc'><strong>2,</strong></span> <span class='ocrx_word' id='word_1_314' title='bbox 303 4715 518 4784; x_wconf 65' lang='lat' dir='ltr'><strong>quzoet.</strong></span> <span class='ocrx_word' id='word_1_315' title='bbox 550 4711 654 4788; x_wconf 87' lang='grc'>96,</span> <span class='ocrx_word' id='word_1_316' title='bbox 685 4718 805 4776; x_wconf 88' lang='lat' dir='ltr'><strong>art.</strong></span> <span class='ocrx_word' id='word_1_317' title='bbox 838 4715 902 4792; x_wconf 81' lang='lat'><strong>3,</strong></span> <span class='ocrx_word' id='word_1_318' title='bbox 931 4727 1142 4799; x_wconf 76' lang='lat' dir='ltr'><strong>quaest.</strong></span> <span class='ocrx_word' id='word_1_319' title='bbox 1177 4725 1319 4799; x_wconf 91' lang='grc'>100,</span> <span class='ocrx_word' id='word_1_320' title='bbox 1345 4732 1463 4788; x_wconf 84' lang='lat' dir='ltr'><strong>art.</strong></span> <span class='ocrx_word' id='word_1_321' title='bbox 1495 4729 1535 4789; x_wconf 99' lang='grc'>9</span> <span class='ocrx_word' id='word_1_322' title='bbox 1568 4735 1630 4790; x_wconf 87' lang='lat' dir='ltr'><strong>et</strong></span> <span class='ocrx_word' id='word_1_323' title='bbox 1663 4732 1776 4810; x_wconf 83' lang='lat'><strong>103</strong></span> 
     </span>
     <span class='ocr_line' id='line_1_41' title="bbox 210 4795 1778 4896; baseline 0.02 -42"><span class='ocrx_word' id='word_1_324' title='bbox 210 4795 277 4856; x_wconf 91' lang='grc'><strong>2.</strong></span> <span class='ocrx_word' id='word_1_325' title='bbox 308 4798 374 4872; x_wconf 85' lang='grc'>2,</span> <span class='ocrx_word' id='word_1_326' title='bbox 397 4812 613 4878; x_wconf 79' lang='lat' dir='ltr'><strong>quaest.</strong></span> <span class='ocrx_word' id='word_1_327' title='bbox 643 4805 750 4882; x_wconf 71' lang='lat'><strong>44,</strong></span> <span class='ocrx_word' id='word_1_328' title='bbox 779 4812 897 4870; x_wconf 86' lang='lat' dir='ltr'><strong>art.</strong></span> <span class='ocrx_word' id='word_1_329' title='bbox 925 4811 986 4886; x_wconf 90' lang='grc'><strong>1,</strong></span> <span class='ocrx_word' id='word_1_330' title='bbox 1017 4819 1080 4874; x_wconf 90' lang='lat' dir='ltr'><strong>et</strong></span> <span class='ocrx_word' id='word_1_331' title='bbox 1105 4819 1224 4875; x_wconf 88' lang='lat' dir='ltr'><strong>art.</strong></span> <span class='ocrx_word' id='word_1_332' title='bbox 1257 4817 1318 4894; x_wconf 85' lang='lat'><strong>8,</strong></span> <span class='ocrx_word' id='word_1_333' title='bbox 1348 4819 1428 4879; x_wconf 88' lang='lat' dir='ltr'><strong>ad</strong></span> <span class='ocrx_word' id='word_1_334' title='bbox 1462 4822 1535 4896; x_wconf 74' lang='lat'><strong>13</strong></span> <span class='ocrx_word' id='word_1_335' title='bbox 1579 4826 1643 4883; x_wconf 89' lang='lat' dir='ltr'><strong>et</strong></span> <span class='ocrx_word' id='word_1_336' title='bbox 1669 4823 1778 4884; x_wconf 87' lang='lat' dir='ltr'><strong>Ca-</strong></span> 
     </span>
    </p>
   </div>
   <div class='ocr_carea' id='block_1_4' title="bbox 207 4888 1918 4990">
    <p class='ocr_par' dir='ltr' id='par_1_6' title="bbox 207 4888 1918 4990">
     <span class='ocr_line' id='line_1_42' title="bbox 207 4888 1918 4990; baseline 0.02 -43"><span class='ocrx_word' id='word_1_337' title='bbox 207 4888 323 4966; x_wconf 88' lang='lat' dir='ltr'><strong>jet.</strong></span> <span class='ocrx_word' id='word_1_338' title='bbox 349 4891 412 4950; x_wconf 86' lang='grc'><strong>2.</strong></span> <span class='ocrx_word' id='word_1_339' title='bbox 437 4893 500 4968; x_wconf 90' lang='grc'>2,</span> <span class='ocrx_word' id='word_1_340' title='bbox 535 4903 749 4974; x_wconf 79' lang='lat' dir='ltr'><strong>quaest.</strong></span> <span class='ocrx_word' id='word_1_341' title='bbox 790 4902 930 4979; x_wconf 84' lang='grc'>122,</span> <span class='ocrx_word' id='word_1_342' title='bbox 974 4909 1092 4966; x_wconf 87' lang='lat' dir='ltr'><strong>art.</strong></span> <span class='ocrx_word' id='word_1_343' title='bbox 1124 4909 1202 4984; x_wconf 68' lang='lat'><strong>43</strong></span> <span class='ocrx_word' id='word_1_344' title='bbox 1232 4913 1295 4969; x_wconf 88' lang='lat' dir='ltr'><strong>et</strong></span> <span class='ocrx_word' id='word_1_345' title='bbox 1316 4916 1488 4990; x_wconf 85' lang='lat' dir='ltr'><strong>patet</strong></span> <span class='ocrx_word' id='word_1_346' title='bbox 1518 4913 1682 4977; x_wconf 85' lang='lat' dir='ltr'><strong>clare</strong></span> <span class='ocrx_word' id='word_1_347' title='bbox 1708 4915 1778 4978; x_wconf 89' lang='lat' dir='ltr'><strong>in</strong></span> <span class='ocrx_word' id='word_1_348' title='bbox 1905 4925 1918 4938; x_wconf 87' lang='lat'><strong>‘</strong></span> 
     </span>
    </p>
   </div>
   <div class='ocr_carea' id='block_1_5' title="bbox 209 4987 1776 5079">
    <p class='ocr_par' dir='ltr' id='par_1_7' title="bbox 209 4987 1776 5079">
     <span class='ocr_line' id='line_1_43' title="bbox 209 4987 1776 5079; baseline 0.02 -38"><span class='ocrx_word' id='word_1_349' title='bbox 209 4989 521 5064; x_wconf 76' lang='lat' dir='ltr'><strong>praecepto</strong></span> <span class='ocrx_word' id='word_1_350' title='bbox 541 4987 792 5068; x_wconf 81' lang='lat' dir='ltr'><strong>jejunii,</strong></span> <span class='ocrx_word' id='word_1_351' title='bbox 823 4993 1005 5073; x_wconf 84' lang='lat' dir='ltr'><strong>eujus</strong></span> <span class='ocrx_word' id='word_1_352' title='bbox 1048 4995 1192 5060; x_wconf 86' lang='lat' dir='ltr'><strong>finis</strong></span> <span class='ocrx_word' id='word_1_353' title='bbox 1215 5007 1330 5079; x_wconf 82' lang='lat' dir='ltr'><strong>est,</strong></span> <span class='ocrx_word' id='word_1_354' title='bbox 1373 5005 1474 5066; x_wconf 81' lang='lat' dir='ltr'><strong>vel</strong></span> <span class='ocrx_word' id='word_1_355' title='bbox 1501 5007 1776 5070; x_wconf 80' lang='lat' dir='ltr'><strong>satisfac-</strong></span> 
     </span>
    </p>
   </div>
   <div class='ocr_carea' id='block_1_6' title="bbox 208 5073 1908 5178">
    <p class='ocr_par' dir='ltr' id='par_1_8' title="bbox 208 5073 1908 5178">
     <span class='ocr_line' id='line_1_44' title="bbox 208 5073 1908 5178; baseline 0.021 -46"><span class='ocrx_word' id='word_1_356' title='bbox 208 5073 305 5134; x_wconf 86' lang='lat' dir='ltr'><strong>tio</strong></span> <span class='ocrx_word' id='word_1_357' title='bbox 337 5093 452 5154; x_wconf 90' lang='lat' dir='ltr'><strong>pro</strong></span> <span class='ocrx_word' id='word_1_358' title='bbox 496 5083 783 5160; x_wconf 82' lang='lat' dir='ltr'><strong>peccatis,</strong></span> <span class='ocrx_word' id='word_1_359' title='bbox 830 5085 931 5147; x_wconf 80' lang='lat' dir='ltr'><strong>vel</strong></span> <span class='ocrx_word' id='word_1_360' title='bbox 967 5092 1238 5170; x_wconf 84' lang='lat' dir='ltr'><strong>corporis</strong></span> <span class='ocrx_word' id='word_1_361' title='bbox 1300 5100 1630 5160; x_wconf 82' lang='lat' dir='ltr'><strong>maceratio</strong></span> <span class='ocrx_word' id='word_1_362' title='bbox 1640 5116 1662 5178; x_wconf 90' lang='lat'>;</span> <span class='ocrx_word' id='word_1_363' title='bbox 1715 5106 1780 5164; x_wconf 89' lang='lat' dir='ltr'><strong>et</strong></span> <span class='ocrx_word' id='word_1_364' title='bbox 1895 5109 1908 5122; x_wconf 82' lang='lat'><strong>‘</strong></span> 
     </span>
    </p>
   </div>
   <div class='ocr_carea' id='block_1_7' title="bbox 207 5171 1778 5298">
    <p class='ocr_par' dir='ltr' id='par_1_9' title="bbox 207 5171 1778 5298">
     <span class='ocr_line' id='line_1_45' title="bbox 207 5171 1778 5298; baseline 0.02 -72"><span class='ocrx_word' id='word_1_365' title='bbox 207 5171 430 5230; x_wconf 87' lang='lat' dir='ltr'><strong>tamen</strong></span> <span class='ocrx_word' id='word_1_366' title='bbox 449 5171 503 5231; x_wconf 87' lang='lat' dir='ltr'><strong>si</strong></span> <span class='ocrx_word' id='word_1_367' title='bbox 523 5173 662 5252; x_wconf 84' lang='lat' dir='ltr'><strong>quis</strong></span> <span class='ocrx_word' id='word_1_368' title='bbox 681 5173 952 5240; x_wconf 85' lang='lat' dir='ltr'><strong>formam</strong></span> <span class='ocrx_word' id='word_1_369' title='bbox 965 5181 1192 5261; x_wconf 85' lang='lat' dir='ltr'><strong>jejunii</strong></span> <span class='ocrx_word' id='word_1_370' title='bbox 1213 5195 1435 5266; x_wconf 80' lang='lat' dir='ltr'><strong>servet,</strong></span> <span class='ocrx_word' id='word_1_371' title='bbox 1445 5189 1592 5296; x_wconf 73' lang='lat' dir='ltr'><strong>licet</strong></span> <span class='ocrx_word' id='word_1_372' title='bbox 1610 5191 1778 5298; x_wconf 71' lang='lat' dir='ltr'><strong>laute</strong></span> 
     </span>
    </p>
   </div>
   <div class='ocr_carea' id='block_1_8' title="bbox 1900 1202 3491 1605">
    <p class='ocr_par' dir='ltr' id='par_1_10' title="bbox 1900 1202 3491 1605">
     <span class='ocr_line' id='line_1_46' title="bbox 2900 1202 3491 1236; baseline 0.036 -21"><span class='ocrx_word' id='word_1_373' title='bbox 2900 1202 2919 1230; x_wconf 95' lang='lat'><strong>,</strong></span> <span class='ocrx_word' id='word_1_374' title='bbox 3470 1222 3491 1236; x_wconf 86' lang='lat'><strong>.</strong></span> 
     </span>
     <span class='ocr_line' id='line_1_47' title="bbox 1905 1217 3469 1329; baseline 0.036 -56"><span class='ocrx_word' id='word_1_375' title='bbox 1905 1217 2207 1299; x_wconf 77' lang='lat' dir='ltr'><strong>quidquid</strong></span> <span class='ocrx_word' id='word_1_376' title='bbox 2236 1228 2486 1294; x_wconf 88' lang='lat' dir='ltr'><strong>aliunde</strong></span> <span class='ocrx_word' id='word_1_377' title='bbox 2512 1247 2819 1314; x_wconf 81' lang='lat' dir='ltr'><strong>peccetur.</strong></span> <span class='ocrx_word' id='word_1_378' title='bbox 2854 1248 3153 1317; x_wconf 87' lang='lat' dir='ltr'><strong>Probatur</strong></span> <span class='ocrx_word' id='word_1_379' title='bbox 3179 1222 3469 1329; x_wconf 62' lang='lat' dir='ltr'><strong>ultimum</strong></span> 
     </span>
     <span class='ocr_line' id='line_1_48' title="bbox 1903 1315 3463 1435; baseline 0.035 -69"><span class='ocrx_word' id='word_1_380' title='bbox 1903 1315 2273 1379; x_wconf 83' lang='lat' dir='ltr'><strong>antecedens</strong></span> <span class='ocrx_word' id='word_1_381' title='bbox 2300 1322 2322 1397; x_wconf 91' lang='lat'>(</span> <span class='ocrx_word' id='word_1_382' title='bbox 2338 1323 2578 1403; x_wconf 88' lang='lat' dir='ltr'><strong>reliqua</strong></span> <span class='ocrx_word' id='word_1_383' title='bbox 2605 1334 2771 1397; x_wconf 89' lang='lat' dir='ltr'><strong>enim</strong></span> <span class='ocrx_word' id='word_1_384' title='bbox 2805 1356 2920 1416; x_wconf 90' lang='lat' dir='ltr'><strong>per</strong></span> <span class='ocrx_word' id='word_1_385' title='bbox 2957 1362 3023 1405; x_wconf 83' lang='lat' dir='ltr'><strong>se</strong></span> <span class='ocrx_word' id='word_1_386' title='bbox 3058 1355 3206 1412; x_wconf 80' lang='lat' dir='ltr'><strong>nota</strong></span> <span class='ocrx_word' id='word_1_387' title='bbox 3238 1361 3463 1435; x_wconf 89' lang='lat' dir='ltr'><strong>sunt),</strong></span> 
     </span>
     <span class='ocr_line' id='line_1_49' title="bbox 1901 1402 3467 1527; baseline 0.036 -70"><span class='ocrx_word' id='word_1_388' title='bbox 1901 1402 2049 1477; x_wconf 88' lang='lat' dir='ltr'><strong>quia</strong></span> <span class='ocrx_word' id='word_1_389' title='bbox 2076 1406 2277 1470; x_wconf 88' lang='lat' dir='ltr'><strong>solum</strong></span> <span class='ocrx_word' id='word_1_390' title='bbox 2304 1412 2369 1473; x_wconf 91' lang='lat' dir='ltr'><strong>id</strong></span> <span class='ocrx_word' id='word_1_391' title='bbox 2416 1422 2779 1501; x_wconf 83' lang='lat' dir='ltr'><strong>proecipitur</strong></span> <span class='ocrx_word' id='word_1_392' title='bbox 2820 1435 2984 1508; x_wconf 90' lang='lat' dir='ltr'><strong>quod</strong></span> <span class='ocrx_word' id='word_1_393' title='bbox 3008 1437 3075 1499; x_wconf 86' lang='lat' dir='ltr'><strong>in</strong></span> <span class='ocrx_word' id='word_1_394' title='bbox 3102 1439 3238 1520; x_wconf 81' lang='lat' dir='ltr'><strong>lege</strong></span> <span class='ocrx_word' id='word_1_395' title='bbox 3266 1452 3467 1527; x_wconf 83' lang='lat' dir='ltr'><strong>expri-</strong></span> 
     </span>
     <span class='ocr_line' id='line_1_50' title="bbox 1900 1493 3466 1605; baseline 0.036 -56"><span class='ocrx_word' id='word_1_396' title='bbox 1900 1493 2096 1555; x_wconf 89' lang='lat' dir='ltr'><strong>mitur</strong></span> <span class='ocrx_word' id='word_1_397' title='bbox 2120 1514 2233 1576; x_wconf 88' lang='lat' dir='ltr'><strong>per</strong></span> <span class='ocrx_word' id='word_1_398' title='bbox 2250 1505 2506 1569; x_wconf 90' lang='lat' dir='ltr'><strong>modum</strong></span> <span class='ocrx_word' id='word_1_399' title='bbox 2526 1511 2773 1592; x_wconf 89' lang='lat' dir='ltr'><strong>imperii</strong></span> <span class='ocrx_word' id='word_1_400' title='bbox 2797 1538 2814 1581; x_wconf 89' lang='lat'><strong>:</strong></span> <span class='ocrx_word' id='word_1_401' title='bbox 2838 1521 2938 1586; x_wconf 84' lang='lat' dir='ltr'><strong>lex</strong></span> <span class='ocrx_word' id='word_1_402' title='bbox 2956 1534 3165 1593; x_wconf 88' lang='lat' dir='ltr'><strong>autem</strong></span> <span class='ocrx_word' id='word_1_403' title='bbox 3188 1536 3466 1605; x_wconf 86' lang='lat' dir='ltr'><strong>humana</strong></span> 
     </span>
    </p>
   </div>
   <div class='ocr_carea' id='block_1_9' title="bbox 1896 1588 3463 1795">
    <p class='ocr_par' dir='ltr' id='par_1_11' title="bbox 1896 1588 3463 1795">
     <span class='ocr_line' id='line_1_51' title="bbox 1898 1588 3463 1698; baseline 0.035 -56"><span class='ocrx_word' id='word_1_404' title='bbox 1898 1601 2026 1645; x_wconf 88' lang='lat' dir='ltr'><strong>non</strong></span> <span class='ocrx_word' id='word_1_405' title='bbox 2055 1588 2319 1669; x_wconf 89' lang='lat' dir='ltr'><strong>imperat</strong></span> <span class='ocrx_word' id='word_1_406' title='bbox 2346 1596 2481 1660; x_wconf 86' lang='lat' dir='ltr'><strong>fleri</strong></span> <span class='ocrx_word' id='word_1_407' title='bbox 2506 1602 2623 1666; x_wconf 91' lang='lat' dir='ltr'><strong>hoc</strong></span> <span class='ocrx_word' id='word_1_408' title='bbox 2644 1618 2895 1691; x_wconf 82' lang='lat' dir='ltr'><strong>propter</strong></span> <span class='ocrx_word' id='word_1_409' title='bbox 2921 1617 3099 1698; x_wconf 69' lang='lat' dir='ltr'><strong>illud,</strong></span> <span class='ocrx_word' id='word_1_410' title='bbox 3126 1627 3232 1687; x_wconf 88' lang='lat' dir='ltr'><strong>sed</strong></span> <span class='ocrx_word' id='word_1_411' title='bbox 3263 1637 3333 1691; x_wconf 90' lang='lat' dir='ltr'><strong>ut</strong></span> <span class='ocrx_word' id='word_1_412' title='bbox 3354 1632 3463 1695; x_wconf 87' lang='lat' dir='ltr'><strong>fiat</strong></span> 
     </span>
     <span class='ocr_line' id='line_1_52' title="bbox 1896 1674 3463 1795; baseline 0.034 -61"><span class='ocrx_word' id='word_1_413' title='bbox 1896 1674 2035 1738; x_wconf 92' lang='lat' dir='ltr'><strong>hoc.</strong></span> <span class='ocrx_word' id='word_1_414' title='bbox 2070 1680 2243 1754; x_wconf 84' lang='lat' dir='ltr'><strong>Quod</strong></span> <span class='ocrx_word' id='word_1_415' title='bbox 2276 1688 2331 1747; x_wconf 87' lang='lat' dir='ltr'><strong>si</strong></span> <span class='ocrx_word' id='word_1_416' title='bbox 2360 1690 2694 1771; x_wconf 90' lang='lat' dir='ltr'><strong>aliquando</strong></span> <span class='ocrx_word' id='word_1_417' title='bbox 2720 1701 2787 1763; x_wconf 87' lang='lat' dir='ltr'><strong>in</strong></span> <span class='ocrx_word' id='word_1_418' title='bbox 2829 1705 2964 1786; x_wconf 75' lang='lat' dir='ltr'><strong>lege</strong></span> <span class='ocrx_word' id='word_1_419' title='bbox 2996 1719 3365 1795; x_wconf 82' lang='lat' dir='ltr'><strong>exprimitur</strong></span> <span class='ocrx_word' id='word_1_420' title='bbox 3389 1725 3463 1786; x_wconf 90' lang='lat' dir='ltr'><strong>fi-</strong></span> 
     </span>
    </p>
   </div>
   <div class='ocr_carea' id='block_1_10' title="bbox 1887 2143 3454 2445">
    <p class='ocr_par' dir='ltr' id='par_1_12' title="bbox 1887 2143 3454 2445">
     <span class='ocr_line' id='line_1_53' title="bbox 1971 2143 3454 2259; baseline 0.033 -60"><span class='ocrx_word' id='word_1_421' title='bbox 1971 2144 2031 2201; x_wconf 87' lang='grc'><strong>8.</strong></span> <span class='ocrx_word' id='word_1_422' title='bbox 2076 2143 2369 2210; x_wconf 88' lang='lat' dir='ltr'><strong>Auctores</strong></span> <span class='ocrx_word' id='word_1_423' title='bbox 2397 2170 2543 2215; x_wconf 88' lang='lat' dir='ltr'><strong>vero</strong></span> <span class='ocrx_word' id='word_1_424' title='bbox 2569 2158 2815 2239; x_wconf 78' lang='lat' dir='ltr'><strong>allegati</strong></span> <span class='ocrx_word' id='word_1_425' title='bbox 2844 2168 3031 2231; x_wconf 89' lang='lat' dir='ltr'><strong>etiam</strong></span> <span class='ocrx_word' id='word_1_426' title='bbox 3074 2174 3150 2237; x_wconf 90' lang='lat' dir='ltr'><strong>de</strong></span> <span class='ocrx_word' id='word_1_427' title='bbox 3177 2183 3454 2259; x_wconf 85' lang='lat' dir='ltr'><strong>possibili</strong></span> 
     </span>
     <span class='ocr_line' id='line_1_54' title="bbox 1887 2229 3453 2339; baseline 0.034 -50"><span class='ocrx_word' id='word_1_428' title='bbox 1887 2229 2060 2311; x_wconf 84' lang='lat' dir='ltr'><strong>loqui</strong></span> <span class='ocrx_word' id='word_1_429' title='bbox 2089 2237 2416 2304; x_wconf 86' lang='lat' dir='ltr'><strong>videntur:</strong></span> <span class='ocrx_word' id='word_1_430' title='bbox 2447 2265 2595 2310; x_wconf 85' lang='lat' dir='ltr'><strong>nam</strong></span> <span class='ocrx_word' id='word_1_431' title='bbox 2642 2270 2971 2323; x_wconf 86' lang='lat' dir='ltr'><strong>commune</strong></span> <span class='ocrx_word' id='word_1_432' title='bbox 3016 2266 3265 2336; x_wconf 87' lang='lat' dir='ltr'><strong>illorum</strong></span> <span class='ocrx_word' id='word_1_433' title='bbox 3308 2275 3453 2339; x_wconf 82' lang='lat' dir='ltr'><strong>fun·-</strong></span> 
     </span>
     <span class='ocr_line' id='line_1_55' title="bbox 1888 2322 3452 2445; baseline 0.033 -63"><span class='ocrx_word' id='word_1_434' title='bbox 1888 2322 2252 2392; x_wconf 85' lang='lat' dir='ltr'><strong>damentum</strong></span> <span class='ocrx_word' id='word_1_435' title='bbox 2298 2342 2409 2411; x_wconf 86' lang='lat' dir='ltr'><strong>est,</strong></span> <span class='ocrx_word' id='word_1_436' title='bbox 2462 2343 2610 2417; x_wconf 87' lang='lat' dir='ltr'><strong>quia</strong></span> <span class='ocrx_word' id='word_1_437' title='bbox 2654 2344 2753 2407; x_wconf 85' lang='lat' dir='ltr'><strong>lex</strong></span> <span class='ocrx_word' id='word_1_438' title='bbox 2793 2350 3071 2419; x_wconf 87' lang='lat' dir='ltr'><strong>humana</strong></span> <span class='ocrx_word' id='word_1_439' title='bbox 3094 2380 3223 2424; x_wconf 84' lang='lat' dir='ltr'><strong>non</strong></span> <span class='ocrx_word' id='word_1_440' title='bbox 3250 2375 3452 2445; x_wconf 86' lang='lat' dir='ltr'><strong>potest</strong></span> 
     </span>
    </p>
   </div>
   <div class='ocr_carea' id='block_1_11' title="bbox 1883 2420 3450 2718">
    <p class='ocr_par' dir='ltr' id='par_1_13' title="bbox 1883 2420 3450 2718">
     <span class='ocr_line' id='line_1_56' title="bbox 1884 2420 3449 2537; baseline 0.034 -65"><span class='ocrx_word' id='word_1_441' title='bbox 1884 2420 2219 2497; x_wconf 82' lang='lat' dir='ltr'><strong>praecipere</strong></span> <span class='ocrx_word' id='word_1_442' title='bbox 2259 2424 2619 2495; x_wconf 85' lang='lat' dir='ltr'><strong>interiorem</strong></span> <span class='ocrx_word' id='word_1_443' title='bbox 2647 2445 2855 2503; x_wconf 85' lang='lat' dir='ltr'><strong>actum</strong></span> <span class='ocrx_word' id='word_1_444' title='bbox 2880 2466 2895 2504; x_wconf 77' lang='grc' dir='ltr'><strong><em>ε</em></strong></span> <span class='ocrx_word' id='word_1_445' title='bbox 2934 2466 3085 2527; x_wconf 82' lang='lat' dir='ltr'><strong>ergo</strong></span> <span class='ocrx_word' id='word_1_446' title='bbox 3112 2472 3225 2517; x_wconf 86' lang='lat' dir='ltr'><strong>nec</strong></span> <span class='ocrx_word' id='word_1_447' title='bbox 3250 2466 3449 2537; x_wconf 85' lang='lat' dir='ltr'><strong>potest</strong></span> 
     </span>
     <span class='ocr_line' id='line_1_57' title="bbox 1884 2512 3444 2615; baseline 0.033 -51"><span class='ocrx_word' id='word_1_448' title='bbox 1884 2512 2218 2589; x_wconf 77' lang='lat' dir='ltr'><strong>praecipere</strong></span> <span class='ocrx_word' id='word_1_449' title='bbox 2238 2522 2307 2575; x_wconf 89' lang='lat' dir='ltr'><strong>ut</strong></span> <span class='ocrx_word' id='word_1_450' title='bbox 2330 2525 2499 2581; x_wconf 83' lang='lat' dir='ltr'><strong>aetus</strong></span> <span class='ocrx_word' id='word_1_451' title='bbox 2516 2530 2787 2592; x_wconf 85' lang='lat' dir='ltr'><strong>exterior</strong></span> <span class='ocrx_word' id='word_1_452' title='bbox 2804 2536 2917 2597; x_wconf 84' lang='lat' dir='ltr'><strong>tali</strong></span> <span class='ocrx_word' id='word_1_453' title='bbox 2937 2540 3281 2610; x_wconf 86' lang='lat' dir='ltr'><strong>intentione</strong></span> <span class='ocrx_word' id='word_1_454' title='bbox 3302 2551 3444 2615; x_wconf 85' lang='lat' dir='ltr'><strong>fiat:</strong></span> 
     </span>
     <span class='ocr_line' id='line_1_58' title="bbox 1883 2603 3450 2718; baseline 0.034 -63"><span class='ocrx_word' id='word_1_455' title='bbox 1883 2615 2054 2702; x_wconf 72' lang='lat' dir='ltr'><strong>ergo,</strong></span> <span class='ocrx_word' id='word_1_456' title='bbox 2086 2603 2140 2662; x_wconf 88' lang='lat' dir='ltr'><strong>si</strong></span> <span class='ocrx_word' id='word_1_457' title='bbox 2166 2603 2354 2669; x_wconf 88' lang='lat' dir='ltr'><strong>homo</strong></span> <span class='ocrx_word' id='word_1_458' title='bbox 2380 2612 2529 2718; x_wconf 77' lang='lat' dir='ltr'><strong>facit</strong></span> <span class='ocrx_word' id='word_1_459' title='bbox 2551 2624 2761 2683; x_wconf 86' lang='lat' dir='ltr'><strong>actum</strong></span> <span class='ocrx_word' id='word_1_460' title='bbox 2788 2634 3115 2697; x_wconf 83' lang='lat' dir='ltr'><strong>externum</strong></span> <span class='ocrx_word' id='word_1_461' title='bbox 3140 2639 3219 2699; x_wconf 88' lang='lat' dir='ltr'><strong>ab</strong></span> <span class='ocrx_word' id='word_1_462' title='bbox 3242 2642 3450 2707; x_wconf 86' lang='lat' dir='ltr'><strong>Eccle-</strong></span> 
     </span>
    </p>
   </div>
   <div class='ocr_carea' id='block_1_12' title="bbox 1871 3235 3439 3459">
    <p class='ocr_par' dir='ltr' id='par_1_14' title="bbox 1871 3235 3439 3459">
     <span class='ocr_line' id='line_1_59' title="bbox 1873 3235 3439 3370; baseline 0.033 -65"><span class='ocrx_word' id='word_1_463' title='bbox 1873 3253 1971 3308; x_wconf 85' lang='lat' dir='ltr'><strong>tra</strong></span> <span class='ocrx_word' id='word_1_464' title='bbox 2002 3249 2165 3314; x_wconf 89' lang='lat' dir='ltr'><strong>hanc</strong></span> <span class='ocrx_word' id='word_1_465' title='bbox 2186 3257 2517 3341; x_wconf 86' lang='lat' dir='ltr'><strong>rationem,</strong></span> <span class='ocrx_word' id='word_1_466' title='bbox 2550 3267 2698 3348; x_wconf 76' lang='lat' dir='ltr'><strong>quia</strong></span> <span class='ocrx_word' id='word_1_467' title='bbox 2724 3272 2776 3334; x_wconf 87' lang='lat' dir='ltr'><strong>si</strong></span> <span class='ocrx_word' id='word_1_468' title='bbox 2810 3283 2904 3339; x_wconf 85' lang='lat' dir='ltr'><strong>est</strong></span> <span class='ocrx_word' id='word_1_469' title='bbox 2930 3281 3168 3364; x_wconf 85' lang='lat' dir='ltr'><strong>efficax,</strong></span> <span class='ocrx_word' id='word_1_470' title='bbox 3215 3235 3439 3370; x_wconf 63' lang='lat' dir='ltr'><strong>probat</strong></span> 
     </span>
     <span class='ocr_line' id='line_1_60' title="bbox 1871 3351 3431 3459; baseline 0.031 -59"><span class='ocrx_word' id='word_1_471' title='bbox 1871 3358 2001 3403; x_wconf 89' lang='lat' dir='ltr'><strong>non</strong></span> <span class='ocrx_word' id='word_1_472' title='bbox 2028 3351 2272 3411; x_wconf 86' lang='lat' dir='ltr'><strong>tantum</strong></span> <span class='ocrx_word' id='word_1_473' title='bbox 2296 3351 2374 3415; x_wconf 89' lang='lat' dir='ltr'><strong>de</strong></span> <span class='ocrx_word' id='word_1_474' title='bbox 2415 3355 2601 3436; x_wconf 87' lang='lat' dir='ltr'><strong>fact0,</strong></span> <span class='ocrx_word' id='word_1_475' title='bbox 2634 3365 2745 3426; x_wconf 83' lang='lat' dir='ltr'><strong>sed</strong></span> <span class='ocrx_word' id='word_1_476' title='bbox 2772 3370 2960 3434; x_wconf 85' lang='lat' dir='ltr'><strong>etiam</strong></span> <span class='ocrx_word' id='word_1_477' title='bbox 3004 3376 3083 3438; x_wconf 90' lang='lat' dir='ltr'><strong>de</strong></span> <span class='ocrx_word' id='word_1_478' title='bbox 3109 3383 3385 3459; x_wconf 87' lang='lat' dir='ltr'><strong>possibili</strong></span> <span class='ocrx_word' id='word_1_479' title='bbox 3412 3403 3431 3448; x_wconf 70' lang='grc' dir='ltr'><em>τ</em></span> 
     </span>
    </p>
   </div>
   <div class='ocr_carea' id='block_1_13' title="bbox 1865 3438 3434 4024">
    <p class='ocr_par' dir='ltr' id='par_1_15' title="bbox 1865 3438 3434 4024">
     <span class='ocr_line' id='line_1_61' title="bbox 1873 3438 3434 3547; baseline 0.031 -53"><span class='ocrx_word' id='word_1_480' title='bbox 1873 3452 2003 3498; x_wconf 88' lang='lat' dir='ltr'><strong>non</strong></span> <span class='ocrx_word' id='word_1_481' title='bbox 2028 3438 2274 3504; x_wconf 83' lang='lat' dir='ltr'><strong>videtur</strong></span> <span class='ocrx_word' id='word_1_482' title='bbox 2312 3453 2523 3512; x_wconf 85' lang='lat' dir='ltr'><strong>autem</strong></span> <span class='ocrx_word' id='word_1_483' title='bbox 2552 3471 2681 3518; x_wconf 83' lang='lat' dir='ltr'><strong>esse</strong></span> <span class='ocrx_word' id='word_1_484' title='bbox 2712 3478 2901 3542; x_wconf 84' lang='lat' dir='ltr'><strong>supra</strong></span> <span class='ocrx_word' id='word_1_485' title='bbox 2924 3475 3291 3547; x_wconf 83' lang='lat' dir='ltr'><strong>potestatem</strong></span> <span class='ocrx_word' id='word_1_486' title='bbox 3317 3478 3434 3541; x_wconf 89' lang='lat' dir='ltr'><strong>hu-</strong></span> 
     </span>
     <span class='ocr_line' id='line_1_62' title="bbox 1871 3541 3433 3648; baseline 0.031 -60"><span class='ocrx_word' id='word_1_487' title='bbox 1871 3547 2123 3594; x_wconf 88' lang='lat' dir='ltr'><strong>manam</strong></span> <span class='ocrx_word' id='word_1_488' title='bbox 2156 3541 2487 3621; x_wconf 79' lang='lat' dir='ltr'><strong>praecipere</strong></span> <span class='ocrx_word' id='word_1_489' title='bbox 2515 3553 2590 3608; x_wconf 88' lang='lat' dir='ltr'><strong>ut</strong></span> <span class='ocrx_word' id='word_1_490' title='bbox 2614 3557 2789 3616; x_wconf 80' lang='lat' dir='ltr'><strong>actus</strong></span> <span class='ocrx_word' id='word_1_491' title='bbox 2815 3564 3105 3625; x_wconf 82' lang='lat' dir='ltr'><strong>externus</strong></span> <span class='ocrx_word' id='word_1_492' title='bbox 3134 3565 3317 3648; x_wconf 88' lang='lat' dir='ltr'><strong>bene,</strong></span> <span class='ocrx_word' id='word_1_493' title='bbox 3370 3581 3433 3636; x_wconf 91' lang='lat' dir='ltr'><strong>et</strong></span> 
     </span>
     <span class='ocr_line' id='line_1_63' title="bbox 1868 3624 3433 3747; baseline 0.031 -64"><span class='ocrx_word' id='word_1_494' title='bbox 1868 3639 1946 3684; x_wconf 81' lang='lat' dir='ltr'><strong>ex</strong></span> <span class='ocrx_word' id='word_1_495' title='bbox 1968 3624 2228 3692; x_wconf 85' lang='lat' dir='ltr'><strong>honesta</strong></span> <span class='ocrx_word' id='word_1_496' title='bbox 2246 3633 2593 3705; x_wconf 83' lang='lat' dir='ltr'><strong>intentione</strong></span> <span class='ocrx_word' id='word_1_497' title='bbox 2613 3645 2683 3708; x_wconf 90' lang='lat' dir='ltr'><strong>in</strong></span> <span class='ocrx_word' id='word_1_498' title='bbox 2710 3655 3009 3734; x_wconf 80' lang='lat' dir='ltr'><strong>generali,</strong></span> <span class='ocrx_word' id='word_1_499' title='bbox 3043 3661 3165 3739; x_wconf 85' lang='lat' dir='ltr'><strong>vel,</strong></span> <span class='ocrx_word' id='word_1_500' title='bbox 3200 3663 3269 3726; x_wconf 91' lang='lat' dir='ltr'><strong>in</strong></span> <span class='ocrx_word' id='word_1_501' title='bbox 3297 3685 3433 3747; x_wconf 88' lang='lat' dir='ltr'><strong>spe-</strong></span> 
     </span>
     <span class='ocr_line' id='line_1_64' title="bbox 1868 3718 3431 3836; baseline 0.031 -59"><span class='ocrx_word' id='word_1_502' title='bbox 1868 3718 2034 3798; x_wconf 88' lang='lat' dir='ltr'><strong>ciali,</strong></span> <span class='ocrx_word' id='word_1_503' title='bbox 2068 3723 2179 3786; x_wconf 84' lang='lat' dir='ltr'><strong>tali</strong></span> <span class='ocrx_word' id='word_1_504' title='bbox 2205 3725 2549 3797; x_wconf 85' lang='lat' dir='ltr'><strong>intentione</strong></span> <span class='ocrx_word' id='word_1_505' title='bbox 2584 3737 2717 3802; x_wconf 86' lang='lat' dir='ltr'><strong>fiat.</strong></span> <span class='ocrx_word' id='word_1_506' title='bbox 2745 3745 3065 3830; x_wconf 87' lang='lat' dir='ltr'><strong>Probatur,</strong></span> <span class='ocrx_word' id='word_1_507' title='bbox 3086 3757 3236 3836; x_wconf 84' lang='lat' dir='ltr'><strong>quia</strong></span> <span class='ocrx_word' id='word_1_508' title='bbox 3274 3760 3431 3824; x_wconf 83' lang='lat' dir='ltr'><strong>illud</strong></span> 
     </span>
     <span class='ocr_line' id='line_1_65' title="bbox 1866 3823 3423 3933; baseline 0.032 -64"><span class='ocrx_word' id='word_1_509' title='bbox 1866 3827 1997 3872; x_wconf 87' lang='lat' dir='ltr'><strong>non</strong></span> <span class='ocrx_word' id='word_1_510' title='bbox 2025 3823 2184 3878; x_wconf 85' lang='lat' dir='ltr'><strong>esset</strong></span> <span class='ocrx_word' id='word_1_511' title='bbox 2205 3824 2543 3906; x_wconf 64' lang='lat' dir='ltr'><strong>praecipere</strong></span> <span class='ocrx_word' id='word_1_512' title='bbox 2566 3831 2798 3898; x_wconf 80' lang='lat' dir='ltr'><strong>directe</strong></span> <span class='ocrx_word' id='word_1_513' title='bbox 2841 3847 3051 3907; x_wconf 83' lang='lat' dir='ltr'><strong>actum</strong></span> <span class='ocrx_word' id='word_1_514' title='bbox 3082 3849 3423 3933; x_wconf 89' lang='lat' dir='ltr'><strong>internum,</strong></span> 
     </span>
     <span class='ocr_line' id='line_1_66' title="bbox 1865 3903 3425 4024; baseline 0.031 -62"><span class='ocrx_word' id='word_1_515' title='bbox 1865 3903 1972 3965; x_wconf 85' lang='lat' dir='ltr'><strong>sed</strong></span> <span class='ocrx_word' id='word_1_516' title='bbox 2017 3913 2367 3991; x_wconf 85' lang='lat' dir='ltr'><strong>externum,</strong></span> <span class='ocrx_word' id='word_1_517' title='bbox 2410 3925 2483 3980; x_wconf 90' lang='lat' dir='ltr'><strong>ut</strong></span> <span class='ocrx_word' id='word_1_518' title='bbox 2521 3933 2882 3992; x_wconf 85' lang='lat' dir='ltr'><strong>manantem</strong></span> <span class='ocrx_word' id='word_1_519' title='bbox 2919 3951 2957 3996; x_wconf 84' lang='lat' dir='ltr'><strong>a</strong></span> <span class='ocrx_word' id='word_1_520' title='bbox 2999 3939 3112 4002; x_wconf 84' lang='lat' dir='ltr'><strong>tali</strong></span> <span class='ocrx_word' id='word_1_521' title='bbox 3152 3943 3425 4024; x_wconf 85' lang='lat' dir='ltr'><strong>interno,</strong></span> 
     </span>
    </p>
   </div>
   <div class='ocr_carea' id='block_1_14' title="bbox 1859 4263 3427 4514">
    <p class='ocr_par' dir='ltr' id='par_1_16' title="bbox 1859 4263 3427 4514">
     <span class='ocr_line' id='line_1_67' title="bbox 1859 4263 3427 4382; baseline 0.031 -50"><span class='ocrx_word' id='word_1_522' title='bbox 1859 4280 2033 4354; x_wconf 90' lang='lat' dir='ltr'><strong>patet</strong></span> <span class='ocrx_word' id='word_1_523' title='bbox 2057 4295 2135 4340; x_wconf 87' lang='lat' dir='ltr'><strong>ex</strong></span> <span class='ocrx_word' id='word_1_524' title='bbox 2158 4279 2298 4361; x_wconf 75' lang='lat' dir='ltr'><strong>lege</strong></span> <span class='ocrx_word' id='word_1_525' title='bbox 2344 4289 2711 4365; x_wconf 85' lang='lat' dir='ltr'><strong>prohibente</strong></span> <span class='ocrx_word' id='word_1_526' title='bbox 2739 4316 2752 4359; x_wconf 93' lang='lat'>:</span> <span class='ocrx_word' id='word_1_527' title='bbox 2796 4317 2947 4364; x_wconf 86' lang='lat' dir='ltr'><strong>nam</strong></span> <span class='ocrx_word' id='word_1_528' title='bbox 3003 4306 3104 4369; x_wconf 82' lang='lat' dir='ltr'><strong>lex</strong></span> <span class='ocrx_word' id='word_1_529' title='bbox 3150 4263 3427 4382; x_wconf 76' lang='lat' dir='ltr'><strong>humana</strong></span> 
     </span>
     <span class='ocr_line' id='line_1_68' title="bbox 1859 4373 3425 4514; baseline 0.031 -89"><span class='ocrx_word' id='word_1_530' title='bbox 1859 4373 2058 4446; x_wconf 84' lang='lat' dir='ltr'><strong>potest</strong></span> <span class='ocrx_word' id='word_1_531' title='bbox 2084 4373 2410 4486; x_wconf 72' lang='lat' dir='ltr'><strong>prohibere</strong></span> <span class='ocrx_word' id='word_1_532' title='bbox 2443 4397 2524 4490; x_wconf 69' lang='lat' dir='ltr'><strong>ne</strong></span> <span class='ocrx_word' id='word_1_533' title='bbox 2550 4391 2721 4498; x_wconf 68' lang='lat' dir='ltr'><strong>actus</strong></span> <span class='ocrx_word' id='word_1_534' title='bbox 2746 4390 3061 4502; x_wconf 81' lang='lat' dir='ltr'><strong>humanus</strong></span> <span class='ocrx_word' id='word_1_535' title='bbox 3088 4400 3200 4464; x_wconf 83' lang='lat' dir='ltr'><strong>fiat</strong></span> <span class='ocrx_word' id='word_1_536' title='bbox 3221 4425 3303 4514; x_wconf 74' lang='lat' dir='ltr'><strong>ex</strong></span> <span class='ocrx_word' id='word_1_537' title='bbox 3329 4411 3425 4472; x_wconf 88' lang='lat' dir='ltr'><strong>in-</strong></span> 
     </span>
    </p>
   </div>
   <div class='ocr_carea' id='block_1_15' title="bbox 1858 4465 3426 4579">
    <p class='ocr_par' dir='ltr' id='par_1_17' title="bbox 1858 4465 3426 4579">
     <span class='ocr_line' id='line_1_69' title="bbox 1858 4465 3426 4579; baseline 0.03 -58"><span class='ocrx_word' id='word_1_538' title='bbox 1858 4465 2137 4570; x_wconf 65' lang='lat' dir='ltr'><strong>tentipne</strong></span> <span class='ocrx_word' id='word_1_539' title='bbox 2178 4486 2357 4549; x_wconf 77' lang='lat' dir='ltr'><strong>pravi</strong></span> <span class='ocrx_word' id='word_1_540' title='bbox 2392 4475 2535 4539; x_wconf 85' lang='lat' dir='ltr'><strong>fims</strong></span> <span class='ocrx_word' id='word_1_541' title='bbox 2556 4489 2907 4566; x_wconf 77' lang='lat' dir='ltr'><strong>extnnsecl,</strong></span> <span class='ocrx_word' id='word_1_542' title='bbox 2939 4498 3011 4554; x_wconf 85' lang='lat' dir='ltr'><strong>ut</strong></span> <span class='ocrx_word' id='word_1_543' title='bbox 3032 4513 3107 4556; x_wconf 85' lang='lat' dir='ltr'><strong>ex</strong></span> <span class='ocrx_word' id='word_1_544' title='bbox 3135 4499 3301 4579; x_wconf 79' lang='lat' dir='ltr'><strong>odm,</strong></span> <span class='ocrx_word' id='word_1_545' title='bbox 3327 4507 3426 4568; x_wconf 85' lang='lat' dir='ltr'><strong>vel</strong></span> 
     </span>
    </p>
   </div>
   <div class='ocr_carea' id='block_1_16' title="bbox 3949 2336 3976 3894">
    <p class='ocr_par' dir='ltr' id='par_1_18' title="bbox 3949 2336 3976 3894">
     <span class='ocr_line' id='line_1_70' title="bbox 3949 2336 3976 3894; baseline 0 0"><span class='ocrx_word' id='word_1_546' title='bbox 3949 2336 3976 3894; x_wconf 95' lang='lat' dir='ltr'><strong> </strong></span> 
     </span>
    </p>
   </div>
  </div>
 </body>
</html>
