3976 6219
546 386 667 557 gig
683 490 786 553 hic
813 507 1026 553 sensus
1053 488 1474 551 admittendus
1500 506 1631 550 non
1653 495 1770 567 031,
1798 495 1936 552 tum
1957 488 2105 569 quia

545 591 638 649 est
663 589 877 647 contra
908 601 1303 645 communem
1325 581 1824 663 intelligentiam,
1842 588 1974 645 tam
2003 583 2108 663 ju-

547 679 842 743 ristarum
867 695 1056 758 quam
1083 676 1536 757 theologorum,
1575 694 1718 738 cum
1735 677 1948 739 Glossa
1975 675 2065 737 ibi
2078 693 2101 756 3

541 773 897 845 tum,etiam
924 772 1071 853 quia
1097 776 1190 832 est
1234 776 1448 843 0011110
1495 772 1937 852 proprietatem
1965 789 2104 834 ver-

540 867 764 929 borum
789 870 996 928 textus
1022 863 1299 927 absolute
1325 864 1586 927 dicentis
1617 886 1631 927 z
1662 864 1749 931 Si
1763 864 2104 946 promoveri

538 962 623 1025 ad
642 960 1040 1025 sacerdotium
1075 976 1194 1022 non
1229 959 1558 1035 intendem,
1590 962 1747 1037 etc.;
1789 964 1926 1021 tum
1956 976 2099 1039 pro-

541 1060 752 1135 pterea
777 1053 1048 1135 quiaest
1082 1057 1298 1115 000110
1331 1052 1637 1115 rationem
1661 1058 1904 1131 textus;
1946 1050 2100 1116 C'um

537 1166 633 1211 eos
667 1149 956 1227 receperis
981 1146 1402 1224 fraudulenter
1416 1191 1436 1222 ‚
1465 1145 1583 1206 hoc
1619 1146 1790 1207 enim
1830 1145 1904 1207 fit
1933 1164 2011 1209 01
2037 1145 2102 1208 vi

539 1241 903 1303 intentionis
940 1238 1252 1301 interioris
1281 1260 1296 1299 ε
1327 1243 1465 1300 1010
1493 1239 1680 1300 011010
1708 1238 1856 1318 quia
1892 1245 2103 1301 textus

540 1333 736 1410 addit,
766 1334 926 1400 Nisi
949 1330 1252 1397 voluntate
1274 1336 1536 1407 mutata,
1557 1336 1674 1393 etc.
1711 1348 1729 1393 ε
1759 1349 1908 1410 ergo
1937 1332 2102 1394 locu-

539 1432 642 1487 tus
661 1426 866 1488 fuerat
881 1426 959 1487 de
984 1425 1329 1487 intentione
1360 1423 1737 1503 voluntatis3
1765 1430 1899 1485 tum
1929 1424 2104 1487 deni-

538 1538 662 1600 que
709 1520 858 1600 quia
879 1518 1148 1581 declarat
1165 1518 1580 1599 privationem
1609 1517 1924 1580 fructuum
1966 1518 2101 1597 ipso

535 1613 697 1675 facto
729 1636 744 1675 ε
788 1633 916 1676 000
955 1632 1102 1694 ergo
1145 1614 1276 1693 agit
1326 1613 1403 1675 de
1439 1612 1919 1693 praesumptione
1936 1658 1959 1689 ,
1994 1610 2102 1674 sed

536 1708 816 1770 sufficere
865 1712 1093 1784 censet,
1128 1707 1294 1787 quod
1337 1706 1594 1767 interior
1623 1706 1782 1768 desit
1807 1706 2095 1769 intentio.

618 1805 721 1865 25.
765 1801 1162 1883 Respondent
1197 1819 1343 1880 ergo
1374 1800 1483 1862 alii
1499 1846 1522 1878 ,
1569 1817 1700 1862 non
1749 1818 1880 1863 esse
1927 1800 2101 1863 illam

539 1914 790 1977 poenam
831 1896 1184 1975 impositam
1223 1894 1564 1975 perlegam
1589 1892 1956 1971 humanam,
1990 1894 2100 1958 sed

541 2008 670 2051 esse
710 1988 1150 2070 obligationem
1199 1987 1595 2065 restituendi,
1641 1988 1742 2051 vel
1795 1988 2103 2069 incapaci·-

544 2082 1102 2160 tatem‘fructuum,
1148 2100 1287 2163 quae
1312 2100 1390 2143 ex
1426 2087 1654 2143 natura
1697 2082 1788 2144 rei
1820 2083 2103 2163 sequitur

539 2193 618 2238 01
643 2176 754 2238 1011
775 2176 1148 2253 1010011000,
1177 2180 1238 2237 01
1264 2193 1377 2255 per
1400 2175 1576 2238 illam
1601 2175 1803 2255 legem
1829 2176 2101 2238 declara-

405 2279 412 2285 ·
533 2274 659 2333 tur.
691 2272 886 2344 Patet,
929 2269 1076 2349 quia
1117 2267 1488 2331 beneficium
1521 2274 1806 2330 curatum
1836 2287 1964 2331 non
1992 2268 2099 2331 da-

536 2369 641 2426 tur
672 2364 794 2424 nisi
817 2369 1068 2444 propter
1101 2362 1398 2437 officium,
1442 2362 1606 2442 quod
1651 2362 1922 2425 exerceri
1969 2380 2100 2424 non

533 2463 734 2538 potest
785 2457 920 2519 sine
968 2456 1330 2531 sacerdotio,
1361 2460 1425 2516 et
1463 2455 1601 2516 ideo
1648 2473 1776 2517 non
1815 2456 2099 2519 sacerdos

535 2552 646 2630 qui
671 2551 892 2631 recipit
932 2548 1302 2612 beneficium
1327 2548 1462 2609 sine
1488 2548 1700 2609 animo
1724 2548 2098 2628 suscipiendi

536 2642 974 2713 sacerdotium,
1003 2659 1076 2703 eo
1102 2641 1233 2721 ipso
1251 2639 1479 2719 injuste
1497 2640 1715 2719 recipit
1731 2639 1968 2701 fructus
1991 2640 2097 2703 be-

541 2735 770 2811 neficii,
819 2739 882 2797 et
912 2738 1355 2813 consequenter
1391 2749 1522 2793 non
1570 2731 1717 2793 facit
1753 2732 1891 2795 illos
1928 2752 2091 2796 3003.

535 2828 692 2903 Quia
716 2833 872 2888 tunc
901 2844 1029 2888 non
1053 2825 1272 2905 recipit
1297 2824 1530 2886 tructus
1550 2830 1804 2905 propter
1823 2826 2097 2890 officium

530 2920 697 3001 quod
713 2926 975 2995 exercet,
993 2935 1137 2981 cum
1155 2918 1235 2978 sit
1246 2918 1513 2997 incapax
1525 2918 1692 2979 illius
1701 2934 1722 2997 3
1739 2937 1887 2998 ergo
1897 2921 2095 2982 maxi-

531 3032 634 3076 me
677 3019 877 3094 posset
921 3012 1195 3091 recipere
1241 3016 1494 3090 propter
1530 3029 1704 3091 spem
1753 3013 2096 3093 reeipiendi

529 3108 1014 3189 quamprimum,
1054 3104 1156 3167 vel
1181 3111 1460 3184 tempore
1496 3104 1902 3187 praescripto:
1931 3107 2095 3170 hanc

531 3208 741 3264 autem
769 3219 942 3282 spem
970 3199 1173 3262 aufert
1215 3216 1406 3304 prava
1433 3199 1746 3260 10100110·
1782 3218 1931 3284 ergo
1955 3201 2095 3263 red-

529 3297 622 3358 dit
640 3296 831 3359 talem
860 3311 1190 3376 personam
1214 3292 1572 3371 incapacem
1599 3292 1934 3370 fructuum,
1973 3295 2093 3356 nisi

529 3391 704 3452 illam
733 3394 953 3464 mutet,
987 3393 1050 3449 et
1066 3393 1343 3465 tempore
1370 3384 1578 3445 debito
1605 3385 1946 3447 ordinetur.

609 3486 712 3546 26.
757 3485 901 3545 Haec
932 3499 1078 3542 vero
1105 3478 1420 3558 responsio
1460 3495 1588 3539 non
1614 3478 1802 3541 habet
1823 3480 2093 3543 solidum

529 3577 1026 3640 fundamentum.
1051 3575 1232 3648 Nam,
1257 3572 1391 3632 sine
1413 3570 1625 3648 dubio,
1659 3572 1714 3632 si
1738 3571 1840 3632 101
1869 3571 1999 3634 lata
2022 3573 2092 3634 in

529 3689 665 3750 cap.
697 3669 1031 3733 Commissa
1070 3683 1199 3726 non
1245 3663 1579 3726 addidisset
1602 3662 1773 3723 illam
1798 3664 2093 3743 privatio-

532 3781 682 3825 nem
738 3761 1054 3822 fructuum
1068 3804 1090 3835 ,
1137 3775 1266 3818 non
1317 3762 1522 3837 posset
1568 3773 1710 3816 cum
1768 3756 2093 3820 sufficienti

529 3855 936 3918 fundamento
967 3852 1116 3928 dici,
1142 3851 1541 3930 recipientem
1563 3847 1932 3912 beneficium
1955 3851 2091 3914 sine

531 3949 644 4010 tali
669 3947 1014 4010 intentione
1060 3962 1188 4006 non
1235 3943 1437 4005 facere
1471 3943 1708 4004 fructus
1735 3961 1898 4022 suos,
1932 3963 2091 4026 [1101-

529 4043 745 4106 sertim
802 4041 880 4102 de
939 4037 1246 4100 fructibus
1269 4036 1486 4098 -totius
1512 4035 1818 4099 beneficii.
1854 4039 2086 4115 Primo,

528 4136 677 4218 quia
697 4132 1068 4197 beneficium
1085 4131 1275 4193 etiam
1293 4135 1576 4192 curatum
1600 4147 1726 4190 non
1746 4130 1930 4192 datur
1946 4149 2092 4211 pro-

531 4237 671 4312 pter
691 4229 894 4292 solum
906 4227 1182 4289 officium
1201 4225 1524 4306 proprium
1550 4224 1916 4304 sacerdotis;
1939 4243 2092 4288 nam

532 4325 717 4386 datur
750 4324 940 4386 etiam
987 4326 1238 4403 propter
1289 4319 1562 4382 officium
1604 4317 1851 4381 dicendi
1907 4319 2091 4382 horas

529 4419 878 4495 canonicas,
917 4422 981 4481 et
1015 4415 1121 4478 ille
1143 4416 1231 4476 310
1247 4421 1466 4477 100003
1495 4411 1865 4474 beneficium
1885 4419 2093 4494 posset

529 4513 792 4575 recitare
826 4511 1031 4573 horas.
1074 4509 1267 4571 Datur
1307 4508 1496 4570 etiam
1537 4512 1790 4587 propter
1814 4507 2093 4572 ministe-

528 4606 696 4668 rium
713 4605 909 4681 00011,
927 4609 989 4666 01
1006 4601 1607 4664 administrationem
1626 4600 1931 4679 Ecclesiae,
1951 4620 2092 4683 quae

528 4703 784 4779 possunt
809 4697 948 4760 fieri
973 4697 1107 4758 sine
1132 4695 1347 4757 ordine
1372 4693 1752 4756 sacerdotali.
1792 4696 2092 4758 Praeterea

529 4809 659 4853 non
684 4792 774 4853 ita
801 4791 983 4852 datur
1004 4789 1122 4852 hoc
1145 4786 1515 4850 beneficium
1543 4791 1794 4867 propter
1818 4787 2091 4850 officium

529 4884 777 4946 dicendi
833 4883 1106 4958 Missam,
1155 4886 1218 4943 et
1263 4879 1659 4940 ministrandi
1707 4887 2092 4943 sacramenta

532 4979 808 5058 (propter
833 4993 974 5056 quae
1011 4972 1348 5056 requiritur
1372 4971 1762 5034 sacerdotalis
1787 4974 1987 5052 ordo),
2018 4979 2091 5037 nt

530 5070 786 5130 omnino
821 5068 1055 5148 obliget
1107 5067 1188 5129 ad
1231 5065 1513 5128 facienda
1563 5064 1697 5126 haec
1743 5065 2089 5130 ministeria

531 5181 642 5242 per
667 5163 940 5244 seipsum
967 5179 985 5224 ε
1023 5177 1170 5223 0010
1199 5165 1455 5240 possunt
1491 5157 1630 5220 fieri
1653 5177 1765 5239 per
1807 5161 2086 5239 tertium,

531 5257 802 5320 'maxime
817 5256 899 5318 ad
923 5262 1166 5336 tempus
1177 5271 1198 5333 3
1228 5255 1391 5335 quod
1421 5254 1473 5315 si
1495 5253 1584 5316 ita
1601 5253 1780 5330 fiant,
1805 5256 2085 5333 sufficiet,

531 5349 753 5411 saltem
813 5354 886 5408 ut
948 5349 1134 5410 faciat
1194 5347 1594 5410 beneficiatus
1647 5349 1886 5410 fructus
1945 5368 2091 5411 suos

525 5444 662 5508 sine
684 5441 1061 5520 obligatione
1087 5442 1473 5518 restituendi,
1495 5443 1837 5521 praesertim
1867 5443 1919 5503 si
1951 5461 2089 5523 per-

526 5535 818 5598 sonaliter
843 5534 1106 5597 resideat
1119 5581 1136 5611 ,
1195 5539 1259 5595 et
1307 5539 1485 5613 regat
1526 5533 1857 5596 Ecclesiam
1888 5549 1906 5595 1
1936 5553 2088 5617 ergo

1533 388 1650 441 LIB.
1685 386 1769 442 IV.
1803 386 1886 441 DE
1917 384 2080 439 LEGE
2108 382 2398 439 Posl'nva
2428 384 2755 441 momen.

2178 486 2297 551 hoc
2322 488 2515 553 etiam
2535 490 2723 553 modo
2741 494 2947 571 posset
2972 487 3374 551 beneficiatus
3400 507 3533 553 non
3548 508 3739 554 sacer-

2183 582 2314 661 (103,
2354 589 2418 646 01
2463 584 2794 647 10100ᾱοοε
2840 602 2969 645 000
3004 582 3303 659 ordinari,
3354 601 3467 663 per
3506 584 3739 647 annum

2180 677 2532 743 satisfacere
2559 678 2761 741 officio
2782 696 2915 756 suo,
2945 684 3018 739 ut
3042 695 3188 739 suos
3228 676 3459 740 faceret
3478 677 3737 755 fructus,

2183 770 2237 831 si
2254 789 2370 851 per
2388 772 2493 851 jus
2520 771 2867 837 humanum
2895 790 3027 834 000
3052 770 3477 853 impediretur.

2262 866 2363 925 27.
2413 865 2824 929 confirmatur
2846 885 2921 929 00
2940 866 3295 929 declaratur
3334 886 3351 926 ε
3399 882 3547 925 0010
3564 864 3621 925 si
3648 883 3743 926 sa-

2181 957 2393 1019 cerdos
2419 959 2721 1039 acciperet
2745 959 2869 1021 tale
2888 960 3263 1023 heneficium
3288 976 3432 1020 cum
3449 958 3741 1020 intentio-

2179 1068 2260 1113 ne
2288 1069 2417 1112 non
2465 1053 2863 1115 ministrandi
2902 1054 2971 1113 in
2996 1052 3106 1115 illo
3135 1070 3248 1133 per
3268 1068 3507 1113 annum
3536 1050 3739 1130 quoad

2185 1144 2466 1207 ordinem
2509 1145 2971 1221 sacerdotalem,
3022 1164 3151 1207 non
3176 1146 3315 1207 ideo
3358 1162 3489 1207 non
3514 1144 3741 1206 faceret

2182 1238 2416 1301 fructus
2432 1257 2595 1316 31103,
2620 1241 2674 1301 31
2693 1240 2845 1302 01103
2871 1240 3112 1319 integre
3138 1238 3517 1301 satisflaceret
3539 1239 3739 1300 officio

2179 1349 2313 1409 300,
2339 1333 2567 1411 partim
2592 1350 2703 1414 per
2724 1351 2812 1409 se,
2837 1334 3069 1413 partim
3098 1352 3211 1413 per
3229 1333 3404 1409 alios,
3434 1338 3498 1393 et
3524 1332 3741 1393 simili-

2182 1424 2325 1487 liter
2344 1426 2454 1507 qui
2470 1428 2773 1507 acciperet
2787 1426 3163 1490 beneficium
3174 1433 3318 1489 ante
3328 1426 3741 1489 sacerdotium

2178 1536 2325 1580 cum
2364 1520 2709 1585 intentione
2745 1520 3089 1601 accipiendi
3128 1519 3537 1582 sacerdotium
3576 1520 3739 1581 intra

2180 1630 2419 1674 annum
2441 1659 2459 1689 ‚
2506 1631 2635 1676 non
2681 1620 2896 1676 tamen
2948 1613 3343 1676 ministrandi
3376 1613 3446 1673 in
3484 1612 3592 1673 illo
3632 1630 3739 1693 per

2178 1706 2447 1787 seipsum
2472 1711 2604 1768 tam
2644 1707 2785 1783 cito,
2836 1726 2950 1771 nec
2986 1712 3127 1788 post
3164 1706 3413 1785 aliquod
3455 1710 3697 1785 tempus
3712 1750 3733 1781 ,

2178 1816 2306 1861 000
2332 1805 2658 1880 propterea
2672 1804 2987 1862 teneretur
3003 1798 3325 1861 restituere
3340 1798 3579 1859 fructus
3606 1815 3736 1859 om-

2178 1912 2311 1971 003,
2362 1912 2478 1956 1100
2508 1894 2766 1956 fortasse
2792 1900 3055 1974 partem,
3112 1895 3165 1955 si
3208 1894 3362 1954 alias
3406 1911 3518 1973 per
3542 1894 3737 1954 alium

2178 1987 2491 2067 suppleret
2521 1988 2687 2068 quod
2734 2005 2845 2068 per
2884 2006 2951 2049 se
2988 2006 3116 2049 non
3166 1986 3419 2063 faceret,
3466 1991 3531 2047 et
3570 1986 3735 2046 suffi-

2178 2080 2443 2143 cientem
2484 2100 2701 2144 curam
2730 2081 2985 2143 haberet
3007 2099 3132 2142 suaa
3172 2079 3457 2141 Ecclesiae
3489 2100 3504 2139 ε
3536 2096 3688 2158 ergo
3710 2124 3732 2155 ,

2176 2174 2411 2236 secluso
2424 2176 2571 2254 jure
2598 2175 2883 2255 positivo,
2905 2174 3075 2235 idem
3102 2180 3283 2250 esset,
3304 2172 3449 2234 licet
3473 2172 3613 2252 quis
3634 2191 3739 2234 re-

2177 2268 2407 2348 ciperet
2445 2267 2817 2330 beneficium
2872 2267 3005 2329 sine
3049 2267 3392 2329 intentione
3437 2266 3738 2345 recipien-

2175 2359 2240 2420 di
2288 2362 2697 2424 sacerdotium
2744 2362 2911 2423 intra
2958 2377 3215 2421 annum.
3262 2358 3563 2420 Probatur
3604 2358 3739 2419 haec

2178 2454 2399 2518 ultima
2430 2455 2891 2537 consequentia,
2932 2455 3101 2536 quia,
3152 2470 3281 2515 non
3319 2452 3603 2514 obstante
3628 2452 3739 2513 tali

2175 2548 2547 2626 intentione,
2576 2554 2783 2630 posset
2809 2547 3155 2611 satisfacere
3204 2545 3571 2625 obligationi
3608 2544 3740 2605 offi-

2178 2643 2280 2719 cii,
2305 2650 2561 2724 propter
2576 2643 2744 2723 quod
2765 2644 2995 2705 dantur
3019 2640 3113 2702 illi
3137 2641 3413 2702 redditus
3448 2638 3739 2701 beneficii

2178 2755 2293 2816 pro
2319 2737 2537 2799 eodem
2563 2743 2863 2817 tempore.
2901 2737 2979 2796 Et
3003 2735 3094 2796 ita
3127 2751 3207 2796 01
3232 2732 3363 2795 sola
3386 2733 3476 2794 rei
3512 2737 3741 2793 natura

2177 2848 2304 2890 non
2345 2830 2578 2891 deesset
2608 2829 2827 2891 titulus
2860 2829 2942 2889 ad
2966 2827 3348 2908 recipiendos
3369 2832 3432 2887 et
3462 2826 3739 2887 retinen-

2176 2921 2287 2984 dos
2317 2922 2455 2985 illos
2470 2922 2707 2984 fructus
2730 2923 2863 2984 sine
2886 2921 3213 3001 injustitia,
3244 2919 3497 2996 scilicet,
3516 2917 3739 2978 titulus

2172 3015 2456 3078 beneficii
2482 3034 2625 3077 cum
2660 3016 3043 3091 recitatione,
3084 3013 3642 3089 administratione,
3673 3015 3741 3073 01

2172 3111 2425 3172 servitio
2454 3104 2797 3172 sufficiente
2816 3106 3103 3170 beneficii
3127 3126 3241 3190 pro
3277 3114 3410 3169 toto
3446 3106 3555 3168 illo
3578 3113 3739 3168 tem·

2171 3222 2345 3284 pore,
2364 3203 2551 3265 modo
2571 3203 2904 3265 declarato.

2251 3297 2353 3358 28.
2397 3298 2557 3358 Vera
2587 3314 2735 3376 ergo
2769 3295 3087 3376 responsio
3122 3293 3283 3356 mihi
3308 3312 3439 3356 esse
3458 3293 3737 3370 videtur,

2169 3390 2343 3451 illam
2376 3407 2505 3452 non
2532 3408 2661 3452 esse
2695 3389 3013 3470 propriam
3045 3406 3296 3470 poenam
3342 3393 3595 3468 propter
3636 3388 3741 3449 in-

2169 3483 2463 3546 teriorem
2496 3482 2743 3562 culpam
2764 3526 2785 3558 ,
2833 3481 3024 3544 etiam
3069 3480 3427 3560 adjunctam
3476 3475 3739 3542 externo

2172 3576 2338 3636 actui
2372 3575 2450 3636 de
2485 3593 2550 3636 se
2585 3592 2714 3636 non
2745 3575 2933 3652 malo,
2968 3592 3083 3637 nec
3109 3575 3299 3636 etiam
3333 3590 3464 3635 esse
3500 3573 3739 3653 obliga-

2171 3668 2407 3729 tionem
2426 3667 2789 3729 restituendi
2814 3673 3065 3749 propter
3089 3666 3398 3730 defectum
3425 3666 3497 3728 in
3530 3667 3737 3728 officio

2170 3762 2270 3824 vel
2296 3761 2547 3824 servitio
2567 3761 2874 3838 beneficii,
2904 3762 3012 3824 sed
3032 3761 3218 3824 fuisse
3244 3762 3617 3842 prudentem
3636 3779 3739 3822 or-

2172 3854 2552 3916 dinationem
2576 3854 2880 3931 Ecclesiae,
2907 3873 3047 3936 quae
3066 3855 3283 3916 statuit
3312 3859 3385 3916 ut
3405 3873 3537 3916 non
3557 3855 3739 3916 dare-

2170 3953 2274 4009 tur
2297 3947 2669 4010 beneficium
2691 3948 2935 4010 homini
2958 3965 3085 4009 non
3125 3947 3436 4024 ordinato,
3464 3948 3589 4010 nisi
3618 3947 3739 4008 31111

2173 4041 2281 4102 1011
2299 4058 2485 4102 00010
2513 4046 2577 4102 01
2603 4041 2980 4103 conditione.
3002 4042 3179 4103 Unde
3197 4059 3273 4103 ex
3296 4059 3420 4122 quo
3445 4040 3569 4102 fuit
3590 4059 3741 4102 con-

2172 4133 2336 4196 ditus
2375 4153 2573 4197 canon
2604 4134 2733 4212 ille,
2780 4153 2855 4197 eo
2898 4136 3033 4216 ipso
3076 4136 3245 4216 quod
3287 4135 3429 4196 talis
3466 4152 3745 4214 persona.

2170 4233 2445 4308 acceptat
2470 4227 2868 4303 beneficium,
2915 4234 3189 4310 acceptat
3229 4227 3387 4289 illud
3427 4245 3571 4288 cum
3618 4227 3739 4288 illo

2172 4340 2394 4398 onere;
2417 4328 2480 4384 et
2504 4322 2644 4384 ideo
2672 4321 2727 4382 si
2753 4338 2881 4382 000
2898 4321 3116 4402 implet
3138 4320 3580 4396 conditionem,
3600 4338 3743 4381 non

2168 4417 2317 4479 facit
2342 4415 2577 4476 fructus
2619 4431 2784 4490 suos,
2818 4413 2965 4493 quia
2992 4413 3259 4475 Ecclesia
3306 4413 3401 4474 illi
3423 4430 3555 4474 non
3586 4430 3742 4474 con-

2169 4510 2315 4572 tulit
2348 4509 2451 4588 jus
2476 4508 2556 4569 ad
2588 4506 2749 4568 11103.
2796 4509 2917 4568 Νο0
2944 4513 3037 4568 031
3088 4507 3533 4568 inconveniens
3566 4505 3741 4586 quod

2166 4601 2455 4677 Ecclesia,
2494 4600 2639 4664 licet
2659 4618 2788 4662 non
2822 4600 3061 4681 judicet
3081 4601 3158 4662 de
3190 4599 3467 4677 occultis,
3496 4599 3606 4661 det
3630 4599 3745 4660 00-

2168 4696 2462 4759 neficium
2504 4695 2618 4757 3110
2671 4695 3026 4757 conditione
3069 4694 3309 4756 occulta
3344 4699 3408 4755 et
3455 4693 3741 4770 interna,

2171 4792 2321 4870 quia
2348 4790 2429 4852 ad
2460 4789 2577 4851 hoc
2604 4808 2733 4851 non
2758 4795 2851 4852 est
2870 4789 3283 4852 necessarium
3314 4792 3387 4848 ut
3410 4787 3547 4867 ipsa
3570 4786 3746 4866 judi-

2172 4889 2268 4944 cet
2303 4884 2379 4946 de
2406 4882 2516 4944 illa
2550 4881 2924 4960 conditione,
2956 4883 3064 4945 sed
3090 4882 3235 4944 satis
3261 4887 3356 4944 est
3384 4881 3550 4962 quod
3576 4879 3745 4942 reci-

2172 4977 2350 5058 piens
2366 4975 2740 5039 beneficium
2754 4975 2948 5040 deilla
2956 4977 3211 5058 judicet,
3224 4981 3288 5038 et
3300 4993 3411 5056 per
3421 4973 3747 5054 judicium

2174 5089 2301 5134 suae
2328 5070 2717 5133 conscientiae
2739 5075 3023 5134 teneatur
3037 5071 3117 5133 ad
3133 5067 3544 5131 restituendos
3568 5067 3750 5128 fruc—

2171 5171 2295 5244 tus,
2320 5184 2473 5246 quos
2494 5183 2623 5226 non
2640 5166 2788 5228 fecit
2808 5184 2951 5227 suos
2974 5165 3109 5226 sine
3126 5164 3249 5225 alio
3269 5161 3506 5242 judicio
3526 5161 3752 5223 Eccle-

2170 5260 2296 5322 siae.
2338 5260 2509 5339 Saepe
2542 5259 2711 5321 enim
2738 5260 2807 5320 in
2840 5258 3165 5320 collatione
3212 5257 3421 5337 aliqua
3458 5255 3749 5317 exterius

2166 5351 2329 5412 facta
2358 5352 2697 5413 includitur
2728 5351 2997 5413 conditio
3022 5351 3272 5412 interna
3294 5367 3373 5410 ex
3400 5353 3581 5428 parte
3606 5365 3748 5410 sus—

2166 5444 2471 5524 cipientis,
2526 5452 2599 5506 ut
2640 5462 2783 5505 cum
2826 5443 3161 5524 Episcopus
3200 5443 3437 5505 confert
3482 5441 3747 5502 ordines

2165 5536 2365 5614 alteri,
2388 5537 2480 5600 ibi
2501 5542 2594 5602 est
2614 5537 2880 5601 conditio
2906 5537 3164 5616 inclusa,
3185 5535 3351 5619 quod
3374 5534 3483 5598 ille
3502 5533 3751 5598 habeat
