3976 6219
807 413 940 464 CAP.
979 414 1083 464 ΧΠ.
1122 411 1332 463 UTRUM
1365 411 1485 462 LEX
1522 412 1869 463 NATURALIS
1903 414 2023 463 NON
2058 414 2260 465 SOLL‘M
2297 415 2663 474 vnolussssxr,
2700 416 2836 466 ETC.

231 530 298 573 ex
322 514 717 592 consequenti
734 514 1064 594 prohibent
1081 515 1385 575 contraria
1404 532 1620 575 eorum
1639 532 1774 592 quae

228 607 614 685 praecipiunt:
648 608 806 668 ratio
847 613 1057 667 autem
1108 607 1430 666 dubitandi
1468 612 1579 681 est,
1629 606 1776 685 quia

226 699 458 760 irritare
488 719 612 759 non
637 706 728 760 est
749 699 1101 779 praecipere,
1127 700 1228 759 sed
1261 698 1460 759 facere
1487 721 1505 773 3
1535 699 1641 776 jus
1668 717 1775 757 au-

229 804 345 851 tem
386 792 705 867 naturale,
748 800 817 851 ut
866 792 971 867 sic,
1021 792 1220 851 solum
1269 791 1513 851 videtur
1549 790 1776 851 habere

226 884 344 944 vim
368 885 784 963 praecipiendi,
816 903 941 943 non
969 902 1112 944 vero
1130 883 1384 943 tollendi
1403 882 1772 957 dominium,

226 976 388 1037 verbi
420 977 641 1055 gratia,
665 976 765 1037 vel
796 976 1065 1036 faciendi
1099 975 1333 1054 aliquid
1374 975 1596 1036 simile.
1624 976 1779 1036 Con-

226 1068 457 1130 firmari
501 1075 698 1148 potest
740 1069 1136 1129 inductione:
1194 1086 1341 1128 nam
1385 1069 1483 1146 jus
1540 1073 1778 1127 naturae

224 1163 501 1242 prohibet
523 1162 884 1223 contrahere
904 1161 1370 1221 matrimonium
1389 1166 1526 1238 post
1545 1160 1781 1220 factum

225 1261 435 1316 votum
476 1255 790 1330 castitatis,
816 1253 913 1313 vel
941 1266 1077 1333 post
1097 1253 1566 1332 promissionem
1592 1270 1779 1331 spon-

163 1393 168 1398 .
226 1347 443 1408 salium
483 1348 707 1407 factam
743 1346 947 1420 alteri,
980 1352 1042 1406 et
1076 1352 1285 1405 tamen
1316 1346 1780 1405 matrimonium

225 1440 495 1500 validum
537 1445 628 1500 est
655 1456 671 1497 :
703 1437 987 1517 prohibet
1008 1438 1195 1499 etiam
1239 1438 1341 1498 lex
1371 1444 1607 1498 naturae
1636 1457 1781 1498 ven-

228 1533 367 1592 dere
390 1550 523 1591 rem
543 1531 704 1591 ultra
725 1532 961 1608 justum
976 1532 1266 1609 pretium,
1289 1537 1350 1591 et
1377 1531 1782 1591 nihilominus

229 1625 364 1686 talis
391 1624 664 1685 venditio
692 1641 817 1682 non
846 1629 935 1682 est
974 1622 1150 1682 irrita
1181 1623 1313 1701 ipso
1339 1623 1481 1701 jure
1508 1629 1776 1682 naturae:

232 1736 375 1796 ergo
400 1717 562 1777 idem
592 1717 709 1777 erit
735 1716 801 1775 in
831 1715 1117 1775 omnihus
1141 1709 1465 1775 similibus,
1512 1717 1666 1775 Nam
1695 1714 1780 1774 ef-

233 1810 498 1871 ficacitas
523 1809 676 1887 juris
720 1813 954 1867 naturae
995 1807 1209 1867 eadem
1245 1813 1334 1867 est
1370 1808 1432 1866 in
1471 1806 1782 1881 omnibus,

232 1921 430 1983 neque
460 1900 794 1981 peculiaria
832 1901 1018 1961 verba
1052 1900 1239 1960 habet
1266 1919 1373 1978 per
1418 1918 1555 1978 quae
1584 1900 1788 1979 prohi-

227 1997 392 2069 beat,
424 2001 494 2054 ut
522 2000 770 2072 propter
789 1993 1036 2052 illorum
1067 1994 1482 2053 diversitatem
1519 1993 1794 2051 dicamus

228 2085 561 2165 aliquando
590 2086 854 2158 irritare,
883 2091 943 2144 et
971 2104 1098 2145 non
1130 2102 1393 2165 semper,
1427 2091 1496 2144 ut
1526 2084 1648 2144 dici
1687 2101 1795 2163 po-

227 2185 345 2239 test
375 2178 440 2237 in
463 2177 605 2256 jure
629 2176 910 2255 positiva

309 2275 368 2332 3.
411 2269 605 2331 Actus
642 2272 841 2345 saccos
882 2273 1087 2330 contra
1113 2269 1230 2347 ‚ius
1270 2273 1507 2329 naturoe
1535 2286 1651 2328 non
1694 2285 1795 2329 so-

230 2365 353 2426 lum
384 2381 503 2425 esse
525 2379 768 2439 pravo-³,
801 2361 906 2422 sed
928 2353 1249 2439 aliquando
1277 2359 1794 2421 irritos.—Nihil-

232 2458 477 2517 ominus
509 2460 747 2515 certum
778 2458 868 2512 est
895 2458 1065 2512 aetus
1087 2453 1282 2512 factos
1319 2457 1534 2511 contra
1553 2452 1657 2528 jus
1684 2468 1795 2510 na-

230 2550 452 2623 turale,
484 2547 815 2627 aliquando
843 2564 969 2606 non
1001 2545 1201 2605 solum
1235 2544 1452 2619 1116105,
1482 2544 1587 2604 56(1
1607 2544 1795 2604 6116111

233 2644 439 2703 irritos
467 2660 616 2702 esse.
658 2642 786 2700 Hoc
824 2645 1121 2717 tanquam
1163 2644 1400 2700 certum
1441 2641 1797 2716 supponunt

233 2741 511 2795 auctores
532 2734 598 2792 111
627 2732 905 2811 pluribus
933 2731 1371 2810 quaestionibus
1393 2747 1545 2809 quas
1568 2729 1632 2789 in
1657 2746 1797 2807 par-

236 2828 481 2889 ticulari
513 2832 799 2899 tractant,
837 2831 909 2885 ut
943 2845 1025 2885 an
1052 2826 1192 2886 talis
1232 2831 1423 2898 actus,
1455 2823 1630 2884 verbi
1659 2840 1796 2899 gra-

235 2921 345 2994 tia,
378 2924 726 2979 contractus
754 2917 952 2978 faetus
980 2936 1057 2978 ex
1075 2924 1268 2993 metu,
1292 2916 1608 2990 violentia,
1631 2915 1794 2989 dolo,

238 3012 335 3073 vel
360 3030 501 3072 cum
529 3010 651 3070 alia
680 3011 1031 3071 conditione
1065 3010 1277 3086 simili,
1307 3010 1386 3069 sit
1430 3008 1636 3067 nullus
1659 3008 1798 3085 jure

236 3112 499 3180 naturoe,
530 3104 629 3165 vel
656 3111 901 3165 tantum
920 3105 1180 3184 positivo
1212 3120 1231 3180 3
1267 3107 1622 3183 supponunt
1653 3120 1800 3178 ergo

238 3218 317 3260 ex
359 3205 618 3277 utroque
667 3198 866 3276 capite
920 3216 1093 3277 posse
1142 3197 1370 3257 habere
1424 3196 1795 3256 nullitatem.

240 3291 545 3353 Probatur
599 3290 820 3351 deinde
865 3290 1199 3370 exemplis:
1254 3308 1402 3350 nam
1461 3287 1801 3349 secundum

238 3384 709 3444 matrimonium
750 3382 981 3443 factum
1023 3386 1269 3443 vivente
1311 3382 1500 3462 priori
1539 3380 1800 3458 conjuge

239 3496 317 3539 ex
339 3479 482 3556 jure
532 3484 769 3536 naturae
812 3475 1054 3535 nullum
1103 3481 1216 3536 est.
1252 3476 1421 3536 Idem
1468 3479 1557 3533 est
1583 3488 1801 3533 verum

238 3571 317 3631 de
347 3569 768 3643 matrimonio,
815 3567 989 3628 verbi
1022 3568 1244 3645 gratia,
1279 3568 1441 3627 inter
1471 3566 1709 3639 fratres»,
1742 3568 1804 3624 et

238 3663 445 3723 adhuc
466 3662 691 3722 certius
719 3662 882 3720 inter
908 3665 1147 3739 patrem
1179 3666 1239 3720 et
1267 3660 1461 3719 filiam
1490 3674 1505 3717 :
1531 3663 1803 3718 contrac-

238 3764 343 3818 tus
394 3757 584 3818 etiam
631 3756 944 3816 usurarius
986 3756 1126 3833 jure
1168 3760 1403 3814 naturae
1439 3753 1651 3813 irritus
1696 3768 1805 3811 seu

239 3849 452 3910 nullus
508 3854 601 3909 est
639 3848 843 3927 quoad
889 3866 1090 3908 usuroe
1131 3846 1600 3925 obligationem:
1640 3844 1803 3904 idem

239 3948 335 4004 est
373 3942 449 4002 de
477 3946 793 4002 contractu
834 3941 996 4000 facto
1026 3957 1137 4018 per
1183 3938 1395 3999 dolum
1432 3955 1707 4016 gravem,
1739 3942 1800 3995 et

239 4033 472 4096 similia
498 4039 643 4093 sunt
668 4034 886 4093 multa.
918 4033 997 4093 Ut
1022 4036 1232 4092 autem
1253 4030 1558 4090 rationem
1585 4027 1801 4087 redda-

237 4145 408 4200 111115,
441 4132 502 4186 61
528 4126 762 4206 priores
791 4125 1162 4203 obJectiones
1206 4122 1535 4194 solvamuS,
1568 4122 1807 4195 oportet

238 4218 525 4298 regulam
553 4218 824 4296 aliquam
867 4217 1181 4294 assignare
1210 4213 1290 4274 ad
1314 4209 1807 4289 cognoscendum

245 4312 496 4391 quando
542 4317 712 4371 actus
747 4310 1094 4390 prohibitus
1119 4310 1263 4388 jure
1307 4310 1546 4365 naturae
1573 4300 1811 4362 validus

240 4405 345 4466 vel
372 4404 583 4464 irritus
608 4405 688 4463 sit
720 4424 734 4462 ε
768 4422 917 4464 116111
944 4408 1279 4479 utrumque
1321 4414 1494 4477 posse
1538 4394 1812 4456 accidere

242 4498 584 4558 ostendunt
611 4496 871 4557 adducta
894 4493 1207 4572 exempla:
1234 4490 1583 4552 differentia
1601 4492 1812 4547 autem

241 4608 375 4650 non
409 4593 604 4668 potest
639 4589 800 4648 sumi
833 4606 910 4648 ex
941 4585 1146 4647 verbis
1179 4584 1368 4661 legiS,
1399 4588 1472 4641 ut
1510 4586 1673 4641 recte
1707 4578 1811 4640 ob-

234 4686 480 4762 jectum
510 4688 634 4743 est:
665 4684 830 4743 unde
859 4699 1002 4759 ergo
1033 4679 1206 4739 illam
1235 4694 1572 4737 sumemus.

331 4778 392 4836 4.
440 4776 689 4855 Requloe
732 4776 814 4836 ad
865 4772 1322 4852 diqnosoendum
1376 4770 1604 4848 quando
1648 4772 1816 4829 actus

227 4868 387 4947 jure
431 4873 669 4928 nacuroe
700 4872 840 4928 sunt
894 4864 1093 4926 irriti.
1116 4863 1437 4925 —Prima
1480 4860 1711 4938 requla.
1737 4890 1817 4902 —

243 4961 398 5020 Duae
432 4960 660 5038 regulae
708 4959 1012 5038 praecipue
1067 4961 1410 5017 occurrunt.
1458 4954 1661 5013 Prima
1702 4960 1817 5028 est,

244 5053 504 5132 quando
546 5058 714 5111 aetus
757 5050 1117 5130 prohibetur
1152 5049 1293 5126 jure
1321 5053 1559 5107 naturae
1596 5043 1675 5104 ob
1716 5044 1819 5104 de-

243 5144 480 5205 fectum
510 5144 847 5223 potestatis,
885 5143 984 5202 vel
1019 5141 1098 5202 ob
1149 5141 1422 5200 materiae
1455 5137 1820 5216 incapacita-

245 5242 406 5311 tem,
433 5242 581 5295 tunc
605 5241 776 5295 aetus
803 5241 895 5295 est
925 5234 1132 5294 nullus
1161 5242 1222 5293 et
1250 5233 1461 5291 irritus
1488 5249 1563 5290 ex
1597 5236 1821 5290 natura

246 5348 386 5389 sua.
434 5330 560 5388 Hoc
587 5329 857 5389 ostendit
888 5327 1241 5405 exemplum
1270 5324 1423 5384 illud
1446 5325 1520 5384 de
1557 5323 1822 5383 secundo

248 5422 684 5495 matrimonio,
739 5428 799 5481 et
853 5421 920 5479 in
972 5422 1333 5479 universum
1375 5417 1450 5477 de
1492 5417 1822 5476 donatione

3299 415 3401 472 131

1853 522 2360 594 permanentem:
2410 524 2501 576 est
2533 519 2699 577 enim
2737 519 2929 592 nulla,
2970 519 3115 597 quia
3154 522 3256 583 illc
3303 523 3410 602 qui

1853 609 2120 699 seeundo
2156 609 2345 669 donat
2390 610 2490 670 vel
2530 610 2738 684 tradit,
2766 612 2894 688 jam
2938 632 3063 672 non
3091 614 3277 676 habet
3303 637 3410 695 po-

1854 706 2138 760 testatem
2167 701 2233 760 in
2259 701 2448 761 talem
2465 721 2621 762 rem.
2645 703 2813 762 Unde
2838 704 3214 782 intelligetur
3239 710 3411 772 diffe-

1855 794 2056 853 rentia
2085 793 2247 854 inter
2279 794 2671 854 traditionem
2716 794 2941 856 factam
2976 805 3113 877 post
3145 805 3411 879 priorem

1856 885 2276 961 traditionem,
2302 887 2397 947 vel
2425 893 2671 947 tantum
2694 894 2832 966 post
2861 891 3125 968 priorem
3154 898 3412 973 promis-

1856 980 2128 1038 sionem:
2162 997 2305 1037 cum
2326 979 2491 1039 enim
2529 986 2787 1058 utraque
2813 983 2891 1041 sit
2919 990 3136 1046 contra
3158 988 3259 1065 jus
3294 1008 3411 1050 na-

1857 1077 2034 1144 turae,
2064 1089 2190 1131 una
2216 1077 2308 1131 est
2339 1072 2565 1146 valida,
2622 1079 2684 1133 et
2727 1092 2853 1134 non
2896 1076 3041 1152 alia,
3073 1081 3219 1157 quia
3247 1083 3415 1160 prior

1857 1163 2106 1223 traditio
2124 1162 2372 1224 abstulit
2393 1165 2759 1240 dominium,
2796 1174 2856 1226 et
2879 1169 2965 1228 ita
2991 1171 3178 1231 etiam
3207 1175 3415 1236 abstu-

1859 1255 1933 1316 lit
1959 1261 2355 1335 potestatem:
2400 1257 2718 1335 promissio
2766 1277 2911 1320 vero
2952 1281 3077 1322 non
3111 1266 3272 1327 tollit
3309 1269 3414 1329 do-

1863 1349 2152 1425 minium,
2178 1355 2239 1409 et
2263 1349 2399 1409 ideo
2426 1368 2555 1409 non
2585 1350 2745 1410 tollit
2772 1358 3156 1431 potestatem,
3201 1377 3416 1437 quam-

1860 1442 1953 1501 vis
1980 1440 2210 1519 obliget
2236 1440 2314 1501 ad
2342 1442 2643 1501 utendum
2681 1442 2786 1504 illa
2821 1445 2929 1504 tali
2956 1449 3160 1508 mod0.
3189 1453 3415 1513 Eadem

1860 1533 2119 1606 ratione,
2164 1539 2506 1593 contractus
2550 1553 2658 1595 seu
2698 1554 3027 1598 consensus
3062 1560 3172 1618 per
3208 1544 3418 1605 dolum

1861 1625 2321 1686 substantialem
2364 1630 2456 1702 (ut
2502 1626 2586 1686 sie
2632 1627 2855 1706 dicam)
2887 1638 3180 1709 extortus,
3213 1638 3422 1698 nullus

1863 1724 1953 1779 est
2003 1719 2142 1797 jure
2183 1724 2444 1794 naturae,
2498 1720 2644 1797 quia
2703 1721 2877 1782 dolus
2922 1724 3178 1803 impedit
3205 1748 3421 1791 verum

1864 1827 2252 1884 consensum,
2280 1815 2341 1869 et
2369 1816 2579 1871 causat
2606 1812 3130 1878 involuntarium:
3161 1822 3292 1883 sine
3319 1841 3424 1883 vo-

1868 1904 2105 1963 luntate
2136 1907 2345 1962 autem
2368 1921 2493 1961 non
2518 1909 2715 1981 potest
2744 1913 3087 1969 contractus
3114 1912 3426 1975 humanus

1873 1994 2106 2073 perfici,
2156 2000 2220 2053 et
2250 1995 2337 2054 sic
2384 1994 2460 2054 de
2504 1995 2658 2056 aliis.
2705 1998 2795 2056 Ex
2836 2001 3059 2076 quibus
3104 2003 3302 2065 facilis
3340 2013 3431 2067 est

1874 2088 2033 2147 ratio
2059 2086 2311 2163 regulae,
2345 2088 2494 2164 quia
2527 2088 2591 2147 in
2626 2088 2723 2148 his
2750 2096 2811 2149 et
2845 2093 3149 2154 similibus
3191 2098 3432 2158 casibus

1875 2179 2115 2239 tollitur
2139 2179 2511 2257 principium
2540 2179 2936 2243 substantiale
2966 2189 3055 2260 (ut
3085 2187 3172 2247 sic
3210 2189 3431 2267 dicam)

1876 2271 2101 2330 valoris
2129 2276 2326 2346 aetus,
2350 2272 2515 2349 quod
2540 2279 2629 2332 est
2651 2279 2915 2351 potestas
2938 2278 3209 2353 moraIiS,
3236 2281 3300 2339 id
3321 2288 3432 2357 est,

1875 2381 2014 2440 quae
2057 2361 2281 2422 habeat
2312 2363 2668 2439 adjunctam
2704 2366 3109 2429 sufficientem
3154 2371 3438 2432 volunta-

1876 2461 2035 2514 tem:
2063 2454 2193 2513 sine
2226 2460 2526 2533 potestate
2551 2461 2760 2516 autem
2789 2464 2849 2518 et
2868 2459 3182 2523 voluntate
3201 2482 3329 2524 non
3349 2470 3438 2525 est

1875 2552 2047 2606 actus
2076 2545 2334 2606 validus,

1957 2639 2014 2698 5.
2059 2638 2336 2700 Secunda
2375 2641 2605 2717 reyula.
2641 2674 2724 2687 —
2769 2643 3050 2704 Secunda
3087 2647 3306 2725 regula
3348 2655 3441 2709 est

1874 2730 2124 2808 quando
2142 2736 2311 2790 actus
2340 2731 2699 2809 prohibetur
2718 2741 2966 2814 propter
2991 2737 3436 2818 indecentiam,

1875 2822 1975 2883 vel
2010 2822 2462 2901 turpitudinem
2494 2824 2562 2884 in
2606 2827 2868 2887 materia
2908 2830 3041 2907 ejus
3068 2832 3389 2893 inventam
3418 2857 3435 2908 ;

1877 2922 2027 2976 tunc
2049 2916 2236 2976 etiam
2264 2922 2357 2976 est
2383 2917 2595 2977 irritus
2613 2921 2859 2997 quando
2878 2923 3091 2983 eadem
3120 2928 3441 3005 turpitudo

1878 3009 2061 3068 durat
2103 3008 2168 3067 in
2216 3008 2346 3086 ipso
2375 3009 2618 3085 effectu,
2652 3012 2771 3086 vel,
2805 3019 2875 3072 ut
2913 3015 3153 3092 juristae
3179 3018 3441 3096 loquun-

1879 3107 2005 3177 tur,
2043 3100 2290 3180 quando
2318 3100 2507 3163 habet
2548 3122 2793 3164 causam
2834 3115 3212 3187 perpetuam.
3271 3112 3442 3172 Hanc

1882 3193 2167 3271 regulam
2189 3211 2367 3253 sumo
2393 3212 2431 3253 a
2454 3194 2640 3255 simili
2672 3215 2750 3257 ex
2776 3198 2985 3260 Glossa
3021 3201 3086 3260 in
3116 3201 3441 3278 Clement.,

1885 3292 1914 3347 1
1949 3288 2026 3347 de
2058 3288 2206 3346 Jure
2246 3293 2579 3365 patronat.,
2612 3289 2781 3351 verb.
2814 3292 3175 3369 Inkilentes,
3201 3295 3268 3355 in
3296 3295 3441 3369 fine3

1883 3388 1945 3443 et
1974 3399 2052 3440 ex
2078 3380 2285 3440 Glossa
2312 3380 2379 3439 in
2409 3399 2541 3460 cap.
2588 3382 2785 3458 Vides,
2814 3385 2955 3446 dist.
2991 3388 3092 3462 103
3132 3389 3337 3464 Decio,
3379 3390 3446 3449 in

1883 3493 2015 3551 cap.
2046 3475 2084 3533 2
2112 3473 2188 3532 de
2226 3472 2485 3548 Testib„
2514 3480 2576 3535 et
2610 3475 2748 3535 aliis
2794 3495 2947 3555 quos
2974 3479 3162 3540 refert
3196 3482 3441 3543 Covarr.

1881 3567 1949 3635 in
1985 3569 2025 3626 4
2061 3567 2323 3641 Decret.,
2355 3568 2393 3626 2
2428 3573 2613 3646 part.,
2647 3587 2780 3649 cap.
2813 3572 2875 3646 6,
2906 3571 2971 3630 in
3009 3573 3237 3651 princ.,
3275 3594 3339 3634 11.
3383 3582 3443 3651 6,

1883 3665 1946 3719 61
1991 3658 2299 3736 colligitur
2357 3676 2433 3718 ex
2481 3659 2618 3738 lege
2670 3662 2753 3725 Si
2804 3664 3088 3742 stipulor,
3134 3666 3209 3728 de
3260 3667 3448 3728 verbo

1883 3751 2156 3829 Obligat:
2187 3751 2355 3825 Quod
2370 3753 2525 3831 leffe-5
2567 3754 2810 3833 (inquit)
2848 3758 2991 3832 fieri
3026 3759 3365 3835 prohibent,
3392 3760 3450 3822 si

1879 3850 2225 3923 perpetuam
2266 3860 2511 3905 causam
2553 3852 2929 3908 servaturum
2948 3854 3057 3923 est,
3085 3856 3272 3912 cessat
3306 3852 3451 3912 obli·

1885 3937 2076 4016 9ati0,
2114 3941 2182 3996 ut
2209 3936 2266 3996 si
2284 3953 2545 3997 sororem
2586 3937 2706 3997 sibi
2742 3944 3069 4015 nupturam
3094 3942 3323 4021 aliquis
3344 3944 3454 4004 sti-

1878 4030 2144 4106 puletur.
2196 4027 2313 4086 Ubi
2364 4026 2574 4085 Glossa
2601 4027 2866 4088 advertit
2894 4031 3080 4089 talem
3104 4034 3456 4110 promissio-

1886 4136 2033 4177 nem
2092 4134 2220 4176 esse
2271 4116 2511 4175 irritam
2561 4117 2692 4194 ipso
2733 4119 2875 4194 jure
2929 4126 3190 4182 naturae.
3243 4126 3322 4185 Et
3369 4126 3456 4187 ita

1887 4207 2290 4269 confirmatur
2321 4206 2538 4283 regula
2588 4209 2868 4287 exemplo
2913 4211 3174 4289 positivo
3215 4217 3290 4277 de
3319 4236 3456 4279 ma-

1897 4299 2188 4360 trimonio
2211 4303 2522 4359 contracto
2545 4300 2708 4360 inter
2732 4305 3219 4381 consanguineos
3246 4309 3310 4369 in
3333 4312 3457 4389 pri-

1898 4412 2001 4455 mo
2021 4393 2216 4472 gradu
2242 4410 2428 4453 :nam
2453 4393 2538 4453 ibi
2574 4412 2701 4454 non
2735 4395 2905 4457 deest
2932 4403 3221 4477 potestaS,
3253 4402 3315 4462 id
3343 4410 3455 4479 est,

1896 4487 2245 4548 dominium
2278 4486 2376 4546 sui
2411 4487 2488 4546 ad
2535 4505 2597 4548 se
2630 4489 3002 4552 tradendum
3043 4493 3110 4553 in
3143 4497 3461 4555 matrimo-

1897 4581 2075 4640 nium
2100 4626 2115 4651 ‚
2160 4598 2273 4641 nee
2328 4580 2497 4641 deest
2554 4582 2859 4659 voluntaS,
2922 4594 3224 4663 quantum
3261 4594 3351 4648 est
3387 4607 3464 4649 ex

1897 4680 2069 4751 parte
2100 4671 2632 4733 contrahentium:
2663 4680 2872 4736 tamen
2911 4677 3018 4737 illa
3044 4681 3343 4741 naturalis
3367 4681 3463 4740 111-

1897 4766 2209 4840 decentia,
2260 4784 2395 4843 qua}
2452 4765 2595 4825 facit
2640 4768 2757 4828 tale
2809 4771 3274 4832 matrimonium
3336 4792 3464 4834 esse

1896 4859 2306 4938 prohibitum,
2355 4864 2648 4937 perpetuo
2684 4859 2867 4919 durat
2902 4861 2953 4920 si
2995 4865 3465 4925 matrimonium

1900 4952 2023 5013 tale
2052 4951 2260 5010 duret:
2297 4951 2434 5011 ideo
2481 4952 2668 5010 etiam
2701 4952 2945 5012 duratio
2974 4954 3104 5032 ipsa
3154 4956 3465 5034 prohibita

1902 5050 2016 5119 est,
2054 5049 2115 5103 et
2146 5043 2260 5103 hoc
2305 5049 2396 5103 est
2442 5061 2570 5103 esse
2598 5044 2859 5103 irritam.
2901 5045 3067 5104 Idem
3097 5049 3367 5109 cernitur
3400 5052 3464 5110 in

1902 5135 2184 5214 exemplo
2221 5135 2296 5195 de
2338 5152 2545 5206 usura,
2585 5153 2722 5212 quae
2742 5135 3050 5213 prohibita
3077 5145 3169 5198 est
3196 5142 3343 5219 quia
3371 5143 3466 5202 111-

1896 5229 2103 5307 justa:
2137 5245 2273 5304 quae
2322 5226 2624 5303 injustitia
2670 5232 2801 5286 tam
2830 5229 3144 5290 invenitur
3174 5233 3241 5292 in
3265 5241 3467 5295 reten-

1904 5322 2071 5381 tione
2099 5319 2253 5379 lucri
2277 5319 2507 5397 accepti
2530 5338 2717 5396 quam
2752 5340 2817 5379 1n
2845 5326 3220 5402 acceptione,
3240 5335 3302 5387 et
3330 5328 3468 5387 ideo

1905 5412 2239 5493 prohibitio
2268 5411 2373 5471 illa
2394 5412 2641 5471 irritans
2671 5421 2790 5473 est:
2826 5415 2988 5475 unde
3022 5420 3208 5478 etiam
3233 5426 3470 5479 constat

246 5513 539 5593 ejusdem
590 5514 682 5574 rei
735 5514 895 5574 facta
948 5520 1085 5592 post
1134 5511 1400 5590 priorem
1444 5509 1712 5571 validam
1767 5515 1828 5569 ct
1907 5508 2065 5568 ratio
2102 5506 2288 5582 clara,
2330 5507 2478 5588 quia
2518 5508 2569 5567 si
2604 5507 2777 5569 valor
2810 5517 2980 5570 actus
3010 5512 3088 5571 sit
3124 5521 3335 5573 eontra
3365 5514 3469 5591 jus
