3976 6219
513 442 637 505 5⁰9.
1413 446 1532 501 ΗΒ.
1567 448 1628 502 V.
1662 448 1746 502 DE
1777 448 2133 503 numum
2162 451 2375 505 LEGE!
2404 450 2819 505 mmmmm.

515 546 774 623 apparet
816 556 1122 617 excessus,
1155 546 1218 602 et
1244 541 1444 605 solum
1471 546 1678 623 agitur
1719 546 1798 607 de
1837 548 2081 625 justitia

515 635 618 699 vel
647 632 954 712 injustitia
971 632 1208 707 tributi,
1231 636 1462 713 regnlae
1479 638 1807 714 assignata
1831 657 2081 699 servan-

515 728 613 790 113)
639 730 804 787 sunt.
831 726 1042 804 Neque
1067 724 1334 786 obstabit
1359 728 1506 789 huic
1529 729 1712 808 justae
1733 730 2081 791 considera-

515 820 676 885 tioni
695 824 760 881 et
782 818 1074 898 prudenti
1085 818 1344 897 judicio,
1367 820 1532 899 quod
1553 820 1787 883 tributa
1805 822 2082 901 pendan-

515 920 624 975 tur
649 911 982 993 publicano
1005 912 1116 991 qui
1137 912 1242 973 illa
1259 913 1556 975 conduxit
1583 932 1696 975 sen
1721 915 1898 991 emit,
1931 916 2084 995 quia

517 1011 774 1089 propter
811 1010 1200 1067 contractum
1243 1006 1560 1085 publicani
1583 1026 1730 1069 cum
1755 1027 1924 1089 rege,
1953 1028 2083 1072 non

517 1104 784 1179 augetur
801 1097 1080 1160 debitum
1097 1098 1505 1178 subditorum,
1525 1108 1588 1163 et
1603 1100 1966 1181 publicanus
1983 1121 2087 1163 su-

517 1191 819 1271 brogatur
835 1190 974 1251 loco
999 1191 1188 1270 regis,
1207 1197 1272 1253 et
1295 1192 1436 1255 ideo
1455 1212 1530 1255 eo
1545 1195 1732 1256 modo
1755 1202 1820 1257 et
1845 1214 1991 1257 cum
2012 1196 2089 1257 il-

517 1282 598 1347 lis
623 1283 1097 1345 limitationibus
1121 1283 1222 1345 vel
1247 1286 1772 1348 moderationibus
1797 1288 1878 1349 ad
1907 1288 2089 1349 illum

517 1382 868 1451 transeunt,
897 1394 1020 1456 quo
1067 1377 1454 1439 debebantur
1491 1380 1648 1458 regi.
1689 1380 1966 1460 Denique
1994 1387 2089 1443 est

519 1470 828 1549 optimum
853 1468 1178 1531 consilium
1205 1475 1269 1531 et
1299 1471 1617 1532 moraliter
1641 1474 2081 1549 necessarium,

521 1569 592 1625 ιιι
609 1563 728 1624 1103
751 1562 1057 1641 judicium
1077 1564 1416 1641 practicum
1435 1582 1564 1625 non
1577 1565 1688 1625 fiat
1711 1565 1792 1625 31)
1805 1584 2087 1645 unoquo-

521 1673 644 1735 que
684 1655 762 1717 de
809 1655 986 1734 ipso;
1037 1661 1172 1716 tum
1221 1657 1527 1735 quianon
1575 1658 1730 1719 solet
1767 1658 1908 1737 quis
1955 1676 2087 1721 esse

521 1764 736 1826 aequus
754 1746 949 1825 judex
970 1747 1039 1808 in
1059 1749 1308 1827 propria
1341 1766 1562 1826 causa3
1592 1756 1730 1811 tum
1769 1751 1918 1830 quia
1957 1768 2087 1812 non

521 1840 726 1901 solent
753 1858 885 1902 esse
906 1840 1138 1919 singuli
1159 1841 1391 1902 subditi
1407 1842 1780 1905 sufficienter
1804 1843 2087 1907 instructi

521 1932 604 1993 ad
627 1932 746 1993 hoc
766 1931 1071 2009 judicium
1095 1932 1422 1995 serendum
1451 1952 1468 1995 ε
1494 1936 1912 2015 unusquisque
1937 1954 2087 2014 ergo

521 2024 698 2102 sequi
723 2023 907 2085 debet
935 2024 1258 2087 consilium
1301 2027 1422 2087 viri
1459 2027 1626 2088 docti
1653 2034 1717 2088 et
1741 2028 2085 2107 prudentis,

521 2134 634 2177 seu
653 2116 1040 2193 confessoris,
1071 2117 1180 2196 qui
1203 2120 1594 2196 regulariter,
1625 2139 1698 2181 ac
1723 2124 1958 2182 caete1is
1979 2140 2090 2201 pa-

521 2208 720 2285 ribuS‚
751 2208 980 2270 debent
1018 2210 1318 2273 inclinare
1357 2212 1678 2273 subditum
1711 2214 1792 2273 ad
1833 2214 2093 2276 solutio-

523 2322 674 2365 nem
703 2303 944 2379 tributi,
976 2306 1320 2383 praesertim
1341 2306 1778 2382 antefactum,
1823 2309 1973 2387 quia
1986 2311 2094 2385 jus

521 2396 689 2473 regis
709 2396 788 2456 de
815 2413 880 2457 se
907 2400 970 2457 et
997 2397 1200 2475 majus
1219 2402 1282 2458 et
1307 2398 1532 2459 certius
1557 2404 1648 2459 est
1656 2416 1677 2476 3
1705 2405 1843 2478 post
1857 2400 2095 2460 factum

525 2504 676 2548 vero
697 2487 940 2549 facilius
961 2495 1055 2549 est
1081 2490 1438 2566 convenire,
1459 2490 1570 2551 ubi
1589 2492 1886 2571 utrinque
1905 2492 2096 2553 fuerit

525 2578 854 2641 dubitandi
883 2582 1066 2657 ratio,
1095 2587 1167 2643 ut
1191 2581 1352 2643 dixit
1386 2582 1587 2662 Sylv„
1607 2584 1782 2647 verb.
1817 2584 2090 2660 Gabala,

529 2672 592 2749 3,
621 2677 838 2753 quaest.
871 2674 974 2748 14,
1001 2678 1066 2735 et
1089 2674 1222 2736 fere
1247 2673 1355 2735 alii
1379 2680 1748 2754 sequuntur.

1075 2858 1326 2920 CAPUT
1351 2858 1511 2921 XIX.

528 3058 732 3107 ΙΙΤΒΠΠ
777 3051 964 3107 mans
1008 3058 1276 3107 ΠΜ
1313 3060 1666 3109 manns
1709 3060 2095 3114 mmm

857 3153 1139 3202 mame
1165 3155 1284 3202 m
1314 3155 1590 3204 om
1619 3157 1772 3204 mr.

611 3331 670 3391 1.
715 3328 841 3392 Lm
865 3329 1132 3394 fimana
1163 3331 1385 3395 imitat
1417 3337 1782 3409 contractae,
1809 3332 1959 3413 quia
1988 3334 2098 3398 Itos

513 3422 766 3500 ‘cmpedit
805 3421 1132 3502 aliquando
1185 3425 1481 3488 commum·
1508 3425 1672 3486 bono.
1697 3459 1780 3472 —--
1805 3426 1978 3487 Unus
2016 3445 2093 3488 ex

529 3513 850 3574 effectibus
868 3512 1028 3591 legis
1045 3513 1337 3577 humanm
1347 3521 1442 3578 est
1455 3516 1698 3579 iia-itare
1713 3523 2093 3595 contractus,

531 3611 604 3667 ιιι
629 3605 698 3666 13
724 3605 1141 3684 superioribus
1181 3608 1477 3682 diximus,
1515 3615 1582 3670 et
1605 3627 1776 3672 nunc
1805 3611 2099 3690 supponi-

531 3715 673 3758 mus
713 3702 1018 3776 tanquam
1049 3699 1450 3761 manifestum
1499 3717 1578 3762 ex
1617 3720 1738 3762 usu
1775 3703 2097 3781 utriusque

523 3789 686 3869 juris
711 3789 912 3849 civilis
935 3795 999 3851 et
1025 3792 1325 3852 canonici.
1354 3792 1454 3854 Sic
1477 3793 1650 3854 enim
1672 3793 1739 3855 in
1765 3793 2098 3856 conficien-

533 3879 630 3940 dis
649 3881 1055 3956 testamentis,
1081 3886 1144 3944 et
1169 3883 1238 3944 in
1255 3884 1670 3946 contractibus
1696 3887 2017 3948 minorum
2034 3893 2098 3950 et

531 3970 891 4047 mulierum,
925 3979 992 4036 et
1019 3973 1088 4038 in
1111 3973 1292 4037 bonis
1313 3975 1754 4055 ecclesiasticis,
1773 3985 1841 4042 et
1868 3981 1935 4040 in
1963 3980 2097 4059 ipso

529 4063 721 4126 etiam
768 4071 1156 4128 sacramento
1193 4069 1601 4148 matrimonii,
1631 4071 1855 4151 aliqum
1885 4073 2100 4133 condi-

529 4157 734 4218 tiones
769 4163 916 4221 sunt
947 4157 1088 4237 iure
1115 4159 1391 4222 humano
1427 4163 1765 4242 requisitis,
1797 4165 1934 4225 sine
1959 4163 2098 4242 qui—

532 4245 650 4308 bus
683 4254 1034 4314 contractus
1057 4269 1188 4316 non
1213 4258 1308 4314 est
1333 4253 1578 4316 validus
1601 4273 1682 4316 ex
1719 4257 1788 4318 vi
1817 4255 2096 4334 ejusdem

525 4339 686 4418 juris
721 4340 988 4406 humani
1015 4359 1035 4404 ε
1063 4345 1223 4408 ratio
1247 4345 1460 4407 autem
1491 4363 1608 4408 cur
1629 4347 1750 4408 hoc
1783 4347 1978 4427 possit
2006 4347 2099 4409 fa—

533 4449 672 4494 cere
692 4432 795 4494 lex
819 4433 1120 4510 humana,
1165 4441 1258 4498 est
1295 4437 1446 4515 quia
1473 4456 1604 4501 non
1627 4446 1937 4518 repugnat
1973 4439 2098 4518 legi

533 4523 828 4600 namrali,
867 4531 934 4588 et
967 4525 1203 4606 alioqui
1227 4528 1476 4608 expedit
1515 4529 1597 4592 ad
1633 4548 1961 4592 commune
1985 4531 2099 4593 bo-

533 4634 692 4678 nnm
715 4617 1071 4698 reipublicoe
1097 4625 1172 4682 ut
1203 4621 1346 4682 talis
1393 4627 1659 4701 potestas
1692 4624 1774 4685 sit
1809 4625 1878 4687 in
1909 4642 2101 4700 repu-

534 4707 698 4772 blica
741 4727 854 4774 seu
891 4713 1028 4790 ejus
1073 4711 1378 4792 principe.
1437 4715 1612 4777 Prior
1653 4735 1796 4795 pars
1831 4723 2096 4794 constat,

535 4803 706 4880 quia,
734 4801 880 4864 licet
899 4809 1170 4898 potestas
1197 4805 1608 4868 contrahendi
1641 4808 1844 4870 valide
1883 4809 1965 4870 sit
1988 4828 2100 4870 na-

537 4893 754 4956 turalis
783 4873 1068 4970 homini,
1077 4901 1288 4960 tamen
1309 4903 1511 4976 potest
1529 4899 1640 4962 1113
1655 4901 1912 4980 privari,
1941 4901 2102 4962 sicut

537 4993 742 5068 potest
760 4987 996 5067 privari
1018 4987 1325 5064 libertate,
1345 5008 1550 5071 neque
1563 4993 1630 5053 id
1655 4999 1750 5054 est
1769 4993 2018 5054 contra
1993 5011 2107 5070 Jus

537 5085 776 5142 naturae
799 5082 1260 5161 praeceptivum,
1289 5083 1396 5145 sed
1415 5087 1801 5162 negativum,
1819 5091 1893 5147 ιιι
1911 5103 2101 5165 snpra

537 5172 648 5235 lib.
689 5175 734 5234 2
757 5171 1140 5235 declaratum
1187 5179 1300 5238 est.
1357 5177 1662 5238 Posterior
1701 5181 1916 5238 antem
1955 5195 2100 5256 pars

539 5269 780 5326 constat
799 5265 1202 5344 experientia,
1247 5269 1394 5346 quia
1423 5269 1502 5330 ad
1539 5269 1826 5330 vitandas
1854 5266 2101 5332 fraudes

542 5364 606 5420 et
629 5357 758 5418 alia
775 5357 1170 5420 incommoda
1191 5378 1350 5439 saepe
1388 5361 1508 5423 hoc
1535 5368 1629 5423 est
1661 5363 2096 5436 necessarium,

523 5456 606 5516 .et
625 5449 770 5510 ideo
793 5449 956 5510 sicut
973 5451 1120 5512 data
1145 5457 1238 5512 est
1266 5453 1622 5532 reipublieoe
1653 5461 1920 5534 potestas
1941 5471 2099 5533 proe-

541 5541 836 5622 cipiendi,
863 5541 956 5604 ita
977 5547 1042 5605 et
1055 5542 1346 5606 irritandi
1367 5551 1573 5621 actus3
1603 5546 1758 5609 item
1785 5546 1936 5628 quia
1954 5563 2098 5626 pars

2158 548 2621 609 communitatis
2646 553 2741 606 est
2758 546 2959 623 magis
2984 542 3341 623 reipublicae
3362 556 3583 622 qua-m
3616 556 3761 611 sua,

2160 647 2225 699 et
2249 640 2389 700 ideo
2420 639 2611 699 habet
2632 639 3021 717 operationes
3064 654 3209 697 suas
3244 633 3705 715 dependentes
3730 651 3767 691 a

2160 732 2501 812 republica,
2544 730 2797 810 quando
2820 730 2977 790 tales
3020 733 3169 789 sunt
3192 734 3267 788 ut
3298 728 3369 787 in
3392 742 3766 787 commune

2160 824 2397 887 bonum
2422 824 2524 885 vel
2550 825 2853 885 damnum
2895 822 3115 884 cedere
3140 822 3377 900 possint
3398 836 3419 879 t
3450 834 3633 895 ergo
3666 834 3771 875 ca-

2160 924 2277 999 put
2318 916 2673 997 reipublicoe
2708 915 2899 977 habet
2936 920 3305 994 potestatem
3348 913 3421 972 in
3452 909 3773 971 membra

2162 1028 2297 1087 sua,
2346 1016 2421 1071 ut
2458 1010 2653 1091 possit
2670 1008 3059 1088 operationes
3078 1022 3297 1067 eorum
3332 1006 3621 1075 irritare,
3660 1002 3771 1061 vel

2162 1105 2421 1167 modum
2452 1106 2543 1166 eis
2580 1103 2903 1184 praefigere
2932 1102 3067 1163 sine
3112 1118 3236 1180 quo
3280 1098 3591 1159 invalidas
3628 1097 3771 1157 sint

2164 1198 2367 1278 quoad
2386 1196 2651 1259 morales
2666 1196 2919 1257 effectus
2938 1196 3049 1275 qui
3059 1212 3173 1273 per
3186 1192 3447 1254 easfieri
3462 1194 3763 1272 possent.

2164 1291 2261 1352 Ab
2286 1292 2405 1353 hoc
2422 1307 2573 1369 ergo
2594 1288 2817 1350 effectu
2846 1289 3017 1367 leges
3042 1287 3269 1366 aliquae
3294 1286 3629 1346 irritantes
3654 1282 3767 1342 de-

2164 1386 2594 1459 nominantur,
2648 1398 2787 1461 quae
2830 1379 3173 1441 secundum
3210 1378 3389 1439 illam
3428 1377 3771 1437 rationem

2164 1476 2493 1557 specialem
2544 1474 3101 1536 considerationem
3150 1472 3387 1532 habent
3402 1514 3427 1546 ,
3474 1486 3631 1548 quae
3696 1468 3769 1527 in

2162 1570 2335 1631 hunc
2364 1569 2573 1631 locum
2599 1568 2833 1647 optime
2854 1566 3019 1627 cadit
3030 1588 3049 1640 ;
3078 1582 3230 1625 nam
3256 1568 3519 1644 propter
3570 1560 3769 1621 illum

2166 1663 2455 1727 effectum
2480 1662 2647 1722 inter
2669 1676 2961 1721 onerosas
3000 1665 3063 1719 et
3104 1658 3348 1718 odiosas
3371 1656 3555 1734 13333
3586 1670 3769 1713 oom-

2162 1760 2495 1836 putantur,
2540 1754 2689 1832 quia
2730 1751 2909 1813 valde
2962 1768 3297 1813 onerosum
3344 1756 3443 1810 est
3496 1747 3769 1807 homini

2166 1850 2301 1928 ejus
2326 1847 2711 1921 voluntatem
2737 1846 2825 1905 ita
2850 1845 3073 1923 ligare,
3102 1847 3175 1903 ιιι
3201 1860 3403 1921 neque
3429 1840 3619 1901 licite
3652 1856 3767 1899 ne-

2166 1958 2289 2020 que
2338 1940 2541 2001 valide
2592 1940 2793 1999 facere
2820 1938 3013 2016 possit
3034 1936 3204 2016 quod
3240 1936 3402 2010 vult,
3448 1939 3515 1993 et
3544 1932 3767 1993 facere

2166 2038 2389 2112 posset,
2420 2032 2541 2091 nisi
2582 2032 2651 2091 in
2678 2029 2817 2107 lege
2842 2029 3271 2108 impediretur.
3296 2027 3391 2087 Ad
3420 2025 3762 2104 explican-

2168 2125 2317 2185 dam
2343 2124 2537 2202 igitur
2561 2123 2785 2183 harum
2820 2122 3035 2199 legum
3062 2120 3539 2198 obligationem,
3570 2134 3769 2195 opor-

2170 2222 2261 2277 tet
2284 2215 2593 2276 declarare
2630 2214 2812 2294 quale
2838 2214 2919 2275 sit
2947 2214 3067 2273 hoc
3098 2230 3283 2286 onuS,
3320 2218 3387 2271 et
3412 2228 3501 2271 an
3526 2209 3767 2269 subeat

2172 2309 2476 2369 rationem
2506 2324 2705 2386 poenoe
2734 2324 2753 2367 ε
2786 2306 2933 2367 inde
2958 2306 3128 2365 enim
3182 2302 3495 2363 constabit
3532 2319 3631 2360 an
3662 2300 3767 2359 hae

2172 2401 2341 2479 leges
2366 2400 2643 2477 obligent
2688 2400 2767 2459 ad
2812 2398 3069 2459 modum
3108 2396 3453 2477 poenalium
3502 2394 3765 2472 legum,

2172 2494 2273 2556 vel
2298 2493 2631 2553 moralium
2658 2512 2675 2551 τ
2708 2508 2857 2551 nam
2906 2490 3069 2569 quod
3111 2488 3323 2567 aliquo
3352 2487 3545 2547 modo
3598 2484 3765 2545 obli·

2174 2590 2323 2664 gent
2348 2584 2619 2645 dubitari
2644 2600 2775 2643 non
2800 2588 3025 2662 potest,
3058 2598 3207 2641 cum
3232 2598 3395 2641 verae
3418 2578 3603 2656 legoe
3634 2578 3769 2637 sint

2174 2685 2239 2739 et
2262 2678 2593 2739 intrinsece
2622 2674 2948 2736 includant
2962 2674 3175 2734 omnia
3202 2691 3337 2751 quae
3360 2672 3493 2749 legi
3516 2671 3767 2731 huma-

2171 2787 2272 2830 noe
2324 2768 2698 2829 conveniunt
2728 2786 2809 2829 ex
2856 2768 2925 2828 vi
2954 2766 3201 2846 generis
3215 2810 3236 2842 ‚
3276 2782 3385 2826 seu
3422 2768 3763 2843 quatenus

2170 2878 2319 2923 vera
2334 2862 2437 2922 lex
2462 2866 2575 2922 est.

2252 2955 2315 3013 2.
2366 2953 2551 3029 Lem
2592 2952 2915 3015 irritantes
2980 2968 3105 3014 osso
3152 2948 3419 3029 penales
3474 2949 3763 3011 sentiant

2172 3045 2377 3121 multi,
2406 3047 2552 3125 quia
2579 3050 2665 3107 est
2692 3060 3019 3124 qravamen
3044 3042 3301 3105 subdito.
3332 3074 3415 3085 -—-
3442 3042 3515 3101 In
3540 3058 3757 3119 (13333-

2172 3139 2345 3200 tione
2370 3137 2564 3215 igitur
2600 3137 2948 3217 proposita,
2988 3135 3172 3216 multi
3211 3133 3567 3214 jurisperiti
3598 3151 3751 3194 cen·

2174 3238 2314 3292 sent
2353 3230 2521 3309 leges
2570 3231 2885 3291 irritantes
2920 3247 3051 3290 esse
3088 3225 3389 3307 poenales.
3438 3227 3535 3287 Ita
3570 3231 3752 3287 tenet

2172 3323 2363 3386 Gloss.
2388 3325 2457 3384 13
2478 3342 2533 3384 3.
2550 3322 2804 3402 Docec,§
2823 3323 3168 3395 Ordinart'i,
3188 3319 3367 3383 verb.
3390 3321 3747 3392 Processu,

2175 3417 2253 3478 de
2272 3416 2590 3478 Immunit.
2612 3415 2933 3476 Ecclesiar.
2955 3415 3025 3474 in
3050 3418 3121 3488 63
3144 3413 3429 3492 sequitur
3450 3413 3744 3472 Panorm.

2174 3510 2245 3571 in
2270 3527 2325 3572 c.
2356 3509 2473 3569 ult.
2506 3507 2586 3571 de
2612 3509 2778 3584 Fer„
2809 3526 2875 3568 n.
2914 3508 3013 3568 18.
3040 3508 3210 3568 Idem
3238 3505 3429 3567 habet
3454 3507 3625 3566 Bari.
3680 3505 3749 3565 13

2173 3600 2221 3661 l.
2272 3601 2551 3675 Sanctio,
2592 3600 2661 3661 in
2688 3600 2913 3679 princ„
2958 3599 3025 3660 ff.
3076 3599 3155 3660 de
3181 3598 3411 3672 Ptenis,
3442 3603 3504 3659 et
3538 3596 3749 3675 plures

2177 3692 2305 3753 alii.
2354 3694 2431 3752 Et
2470 3699 2671 3772 potest
2716 3692 2883 3752 sumi
2908 3709 2988 3754 ex
3030 3711 3085 3753 c.
3134 3691 3341 3770 Super
3368 3691 3641 3765 litter-is,
3672 3689 3749 3750 de

2176 3785 2409 3846 Rescri.
2440 3784 2555 3861 ibi,
2582 3784 2666 3846 In
2690 3803 2819 3846 m
2831 3785 3257 3862 perversitatis
3274 3801 3539 3872 ponam,
3580 3788 3648 3844 et
3672 3801 3747 3846 ex

2176 3877 2221 3938 1.
2254 3877 2517 3956 Turpia,
2548 3875 2661 3953 ibi,
2688 3877 2835 3940 odio
2860 3877 3201 3951 scribonis,
3228 3874 3296 3937 ff.
3328 3875 3409 3936 de
3434 3875 3651 3952 Legat.
3694 3879 3745 3950 Ι,

2174 3969 2286 4030 ubi
2324 3974 2500 4031 notat
2538 3969 2713 4030 Bald.
2766 3969 2897 4028 lmo
2940 3968 3133 4047 aliqui
3164 3974 3395 4030 vocant
3416 3967 3581 4028 hanc
3618 3985 3747 4046 poe-

2176 4079 2326 4124 nam
2354 4062 2699 4124 naturalem
2724 4067 2787 4124 et
2812 4061 3242 4136 intrinsecam,
3272 4067 3345 4122 ut
3360 4061 3575 4122 videre
3602 4061 3749 4122 licet

2177 4156 2245 4216 in
2272 4156 2474 4230 Decio,
2510 4174 2568 4216 3.
2610 4158 2649 4216 2
2678 4155 2759 4216 de
2792 4154 3075 4224 constit..
3110 4152 3251 4214 lect.
3294 4157 3369 4228 1,
3400 4172 3468 4214 n.
3507 4155 3568 4229 5,
3600 4171 3744 4214 cum

2176 4247 2379 4320 Imol„
2422 4249 2491 4308 in
2538 4265 2679 4328 cap.
2720 4247 2834 4308 ult.
2893 4247 2973 4308 de
3012 4245 3271 4321 Rescri.,
3316 4246 3485 4306 circa
3516 4245 3738 4321 Gloss„

2178 4340 2349 4401 verb.
2374 4340 2826 4403 Por-sonamus.
2856 4341 2933 4400 Et
2958 4338 3117 4400 ratio
3138 4337 3318 4400 reddi
3344 4344 3567 4418 potest,
3596 4339 3742 4418 quia

2178 4431 2443 4493 irritatio
2466 4436 2637 4493 actus
2667 4449 2855 4510 quem
2880 4430 3069 4492 homo
3097 4447 3209 4492 suo
3222 4431 3367 4510 jure
3386 4440 3451 4490 et
3474 4431 3743 4492 naturali

2176 4524 2463 4585 libertate
2494 4528 2696 4601 posset
2721 4523 2927 4585 valide
2946 4521 3175 4598 tacere,
3204 4528 3299 4584 est
3325 4541 3457 4584 non
3480 4541 3741 4601 parvum

2178 4633 2517 4720 gravamen
2548 4620 2611 4676 et
2640 4624 3089 4678 nocumentum
3116 4615 3399 4676 subditi.
3436 4633 3589 4701 ergo
3614 4633 3737 4676 non

2179 4713 2378 4787 potest
2403 4706 2525 4768 nisi
2550 4707 2617 4768 13
2643 4725 2894 4786 poenam
2917 4708 3083 4786 juste
3113 4707 3376 4786 imponi.
3424 4709 3504 4768 Et
3545 4684 3739 4767 decla-

2177 4806 2375 4874 ratur,
2405 4801 2553 4879 quia
2577 4799 2710 4862 haec
2748 4799 3092 4861 annullatio
3119 4817 3249 4861 non
3279 4799 3353 4860 fit
3406 4801 3526 4860 nisi
3566 4799 3737 4860 inha-

2177 4891 2481 4954 bilitando
2508 4910 2835 4972 personam
2879 4892 2961 4954 ad
3014 4891 3205 4954 talem
3246 4892 3606 4954 actionem·
3588 4937 3609 4969 ,
3636 4893 3733 4954 sed

2176 4985 2381 5047 omnis
2414 4983 2771 5046 inhabilitas
2798 5001 3079 5064 personae.
3108 5002 3221 5063 per
3254 4985 3463 5064 legem
3490 4985 3733 5046 inducta

2176 5083 2269 5140 est
2308 5079 2590 5157 quaedam
2632 5079 3732 5159 poenazergo.Confi1-matur,quia

2178 5171 2233 5232 si
2266 5171 2368 5232 lex
2393 5170 2643 5233 irritans
2670 5189 2802 5234 non
2850 5177 3011 5232 esset
3060 5171 3323 5250 poenalis
3336 5217 3358 5248 ,
3408 5190 3542 5234 non
3582 5178 3732 5234 esset

2177 5264 2633 5342 restringenda,
2664 5263 2771 5325 sed
2814 5265 3023 5344 potius
3064 5264 3505 5340 extendenda3
3534 5283 3730 5326 conse-

2178 5374 2373 5436 quens
2390 5361 2481 5418 est
2494 5363 2708 5418 contra
2736 5374 3133 5418 communem
3154 5358 3442 5420 omnium
3466 5375 3725 5420 sensum.

2178 5451 2381 5530 Atque
2422 5451 2567 5512 hinc
2616 5450 2892 5511 inferunt
2918 5450 3134 5529 aliqui,
3176 5469 3251 5512 eo
3286 5451 3421 5530 ipso
3448 5452 3615 5530 quod
3640 5452 3727 5514 lex

2176 5543 2347 5606 addit
2372 5543 2563 5606 aliam
2598 5561 2874 5624 poenam,
2902 5543 3139 5608 censeri
3176 5561 3311 5610 non
3344 5545 3615 5621 irritare,
3654 5563 3725 5607 ne
