3976 6219
752 402 888 454 GAP.
910 401 1129 455 xxvm.
1148 402 1361 454 n‘rnml
1374 403 1497 455 Lux
1520 404 1780 459 nUuANA
1797 403 1877 456 m*
1897 407 2119 464 (11va
2138 403 2401 471 osum-:T
2415 404 2531 458 SUB
2551 405 2842 467 nonum,
2864 404 2999 457 ETC.

268 501 390 562 fert
416 499 585 560 idern
621 499 1025 578 Augustinus»,
1070 518 1149 560 ex
1184 501 1451 580 quadam
1493 503 1838 584 objectione

271 595 749 673 Pelagianorum
777 640 798 670 ,
864 595 1236 656 sententiam
1305 596 1610 660 dicentem
1676 621 1840 666 omne

263 695 573 769 peccatum
600 707 723 751 esso
749 695 1139 767 contemptum
1160 691 1302 765 Dei,
1332 709 1521 770 quam
1544 694 1675 772 ipse
1709 714 1836 756 non

268 781 581 860 reprobat,
600 781 707 842 sed
724 779 997 841 declarat
1013 799 1142 842 non
1161 800 1345 845 omne
1363 793 1684 864 peccatum
1704 806 1840 849 esse

268 873 622 949 formalem,
650 891 760 934 seu
801 875 1117 953 propriam
1139 876 1515 955 superbiam,
1547 885 1656 941 aut
1694 898 1840 941 con-

271 972 581 1046 temptum
616 966 939 1046 superbiae.
973 965 1173 1046 Atque
1200 968 1268 1029 in
1290 969 1507 1032 eodem
1541 990 1725 1034 sensu
1747 974 1840 1034 vi-

272 1058 455 1120 detur
486 1059 715 1120 dixisse
761 1059 971 1121 Isidor.
1003 1059 1048 1120 1.
1084 1061 1125 1120 2
1169 1061 1246 1122 de
1281 1063 1599 1126 Different.
1635 1066 1834 1145 spirit.

272 1168 404 1230 cap.
455 1151 572 1212 ult.
631 1152 831 1215 Usum
857 1168 1068 1231 yones
1116 1156 1410 1233 superbio:
1470 1175 1593 1220 esso
1637 1175 1839 1220 eorum

272 1245 400 1324 qui,
417 1262 528 1322 por
554 1245 1094 1323 transyrcssionem
1115 1247 1327 1325 σαίρω,
1349 1250 1709 1328 contemptui
1730 1251 1839 1312 ha-

274 1337 405 1398 bent
423 1338 634 1399 divina
651 1343 973 1417 praeopta.
998 1337 1290 1418 Idemque
1312 1339 1499 1402 babet
1518 1341 1704 1403 latius
1719 1341 1830 1403 lib.

274 1431 315 1490 2
342 1430 647 1506 Sentent.,
673 1449 809 1510 cap.
838 1432 936 1494 38.
970 1432 1247 1513 Denique
1284 1434 1401 1496 hoc
1427 1436 1611 1498 modo
1638 1442 1839 1498 trans-

275 1540 583 1601 gressores
639 1530 1086 1604 proeceptorum
1141 1526 1495 1590 divinorum
1545 1529 1838 1592 dicuntur

278 1621 728 1695 contemptores
764 1618 832 1677 in
867 1635 1040 1680 sacra
1068 1619 1381 1699 Scriptura
1407 1623 1604 1684 Levit.
1635 1624 1737 1699 26,
1774 1630 1838 1685 et

278 1726 438 1788 saepe
460 1709 632 1770 alias.
665 1710 764 1771 Sic
783 1711 973 1773 etiam
998 1719 1215 1774 contra
1236 1715 1590 1793 proximum
1624 1734 1839 1797 pecca-

276 1805 381 1860 tur
407 1801 524 1862 hoc
560 1802 743 1864 modo
770 1821 882 1883 per
911 1806 1124 1866 omnia
1168 1812 1439 1886 peccata,
1468 1827 1608 1888 quse
1653 1809 1836 1869 dimi·

278 1900 481 1954 nuunt
517 1895 987 1959 oestimationem
1014 1899 1170 1977 ejus,
1201 1901 1442 1962 etiamsi
1470 1901 1535 1962 id
1572 1920 1699 1964 non
1740 1904 1837 1964 in-

275 1984 588 2062 tendatur,
626 1994 701 2049 ut
726 2006 839 2069 per
883 1991 1352 2069 detractionem,
1386 2012 1837 2076 quamcumque

273 2075 841 2159 inhonorationem,
866 2090 984 2145 etc.

354 2169 451 2232 18
499 2174 770 2238 Intonuio
821 2177 927 2238 dat
975 2180 1348 2257 proeeipuam
1400 2181 1839 2257 formalitatom

276 2263 508 2326 actibus
528 2265 1285 2332 lamanis.—Formaliter
1313 2278 1523 2335 autem
1558 2275 1842 2335 commit-

274 2357 428 2417 titur
450 2358 569 2419 hoc
597 2360 822 2420 vitium
847 2362 1099 2441 quando
1123 2381 1203 2424 ex
1230 2364 1461 2427 directa
1495 2366 1840 2428 intentione

275 2450 355 2509 ad
406 2451 526 2512 hoc
563 2452 800 2532 aliquid
842 2454 935 2530 fit,
987 2461 1060 2516 ut
1109 2455 1266 2518 alter
1306 2458 1698 2538 despiciatur,
1732 2463 1843 2519 aut

276 2543 508 2623 despici
526 2545 831 2622 credatur,
851 2564 960 2608 seu
979 2549 1339 2611 ostendatur
1361 2572 1377 2610 :
1400 2569 1550 2612 nam
1577 2552 1843 2613 intentio

277 2643 370 2698 est
409 2655 549 2718 quoe
593 2641 700 2700 dat
724 2642 1100 2722 praecipuam
1139 2644 1579 2707 formalitatem
1606 2646 1842 2707 actibus

277 2732 635 2795 moralibus.
662 2735 1065 2816 Quapropter,
1083 2739 1332 2818 quando
1350 2739 1467 2801 hoc
1486 2741 1713 2801 vitium
1732 2741 1844 2801 tri·

276 2824 490 2886 buitur
516 2827 838 2907 superbiae,
864 2829 1236 2910 intelligitur
1276 2833 1622 2909 causaliter,
1665 2834 1836 2913 quia,

274 2917 588 2998 loquendo
603 2920 924 2982 moraliter
936 2939 1008 2983 ac
1027 2925 1416 3002 regulariter,
1427 2931 1839 3005 contemptus,

276 3012 618 3089 proesertim
657 3011 933 3075 formalis
952 3061 971 3089 ,
1004 3034 1085 3077 ex
1129 3017 1416 3098 superbia
1442 3017 1736 3091 nascitur,
1778 3023 1845 3079 et

278 3102 369 3164 ita
391 3112 760 3167 numeratur
785 3106 864 3167 ab
892 3108 1123 3170 Isidoro
1149 3111 1313 3172 inter
1337 3109 1495 3173 filias
1512 3109 1838 3190 superbiae,

278 3202 352 3256 ut
390 3197 580 3259 refert
600 3200 951 3261 Altisiodor.
978 3208 1040 3262 et
1058 3204 1320 3264 sumitur
1350 3222 1425 3264 ex
1453 3203 1564 3264 lib.
1591 3203 1668 3265 de
1690 3204 1843 3265 Con-

276 3287 428 3351 flict.
469 3291 760 3353 vitiorum
811 3299 873 3354 et
910 3293 1124 3355 virtut.
1133 3340 1154 3370 ,
1183 3297 1365 3377 capit.
1417 3297 1494 3358 de
1530 3297 1836 3376 superbia.

275 3382 356 3442 At
382 3400 530 3444 vero
558 3402 593 3444 e
635 3402 927 3447 converso
950 3386 1181 3448 dicitur
1205 3388 1542 3468 aliquando
1571 3396 1844 3452 contem-

274 3481 420 3554 ptus
452 3474 729 3537 formalis
756 3477 1199 3556 inobedientia,
1236 3481 1384 3560 quia
1408 3481 1541 3543 hoec
1568 3482 1843 3544 nascitur

276 3585 356 3628 ex
376 3574 758 3648 contemptu,
803 3576 866 3631 et
892 3577 990 3632 est
1022 3572 1196 3652 quasi
1225 3572 1527 3650 medium,
1558 3593 1680 3654 quo
1699 3575 1842 3635 sub·

277 3660 443 3721 ditus
467 3661 719 3742 iniquus
748 3664 945 3725 utitur
969 3665 1047 3725 ad
1069 3667 1597 3729 contemnendum
1622 3667 1842 3729 Praela·

275 3758 415 3814 tum
462 3772 645 3815 suum
670 3777 685 3815 ε
713 3755 1125 3818 directeenim
1150 3758 1287 3820 vult
1319 3777 1447 3821 non
1471 3759 1745 3837 obedire,
1770 3765 1844 3821 ut

275 3847 521 3927 perhoc
542 3848 827 3910 ostendat
852 3849 1035 3911 nihili
1056 3869 1124 3913 se
1151 3853 1457 3916 aestimare
1484 3853 1837 3916 Proelatmn.

275 3942 478 4021 Atque
526 3941 645 4003 hoc
694 3942 883 4003 modo
927 3944 1352 4024 accipiendum
1381 3946 1629 4008 videtur
1675 3944 1841 4026 quod

278 4033 572 4098 Bernard.
604 4052 795 4115 supra
816 4035 996 4114 dixit,
1040 4039 1196 4101 nolle
1234 4039 1461 4103 obedire
1482 4057 1604 4103 esso
1632 4040 1836 4102 intole-

275 4127 528 4190 rabilem
550 4128 980 4208 blaspltmioem
1002 4154 1031 4201 ;
1053 4130 1117 4191 id
1154 4131 1326 4201 enim
1358 4131 1630 4193 maxime
1655 4130 1842 4194 habet

275 4217 484 4280 locum
514 4220 583 4281 in
622 4221 1042 4284 inobedientia
1097 4223 1364 4286 formali.
1422 4225 1580 4299 Quia
1631 4229 1843 4285 tamen

278 4329 475 4373 nemo
489 4312 814 4376 intendens
839 4315 920 4377 ad
943 4316 1181 4379 malum
1207 4322 1519 4398 operatur,
1562 4323 1626 4379 et
1649 4318 1720 4378 in
1745 4317 1845 4377 in·

278 4404 648 4483 obedientia,
672 4414 745 4468 ut
770 4410 879 4485 sic,
910 4409 1084 4471 nulla
1103 4417 1359 4491 apparet
1380 4411 1539 4473 ratio
1560 4411 1710 4472 boni
1730 4428 1844 4491 per

278 4516 344 4561 se
373 4500 745 4580 appetibilis,
774 4520 1018 4583 semper
1043 4503 1151 4565 illa
1176 4505 1453 4567 formalis
1484 4504 1842 4566 inobedien-

273 4594 362 4655 tia
398 4595 693 4672 nascitur,
753 4602 863 4657 aut
890 4615 970 4658 ex
1009 4598 1296 4678 superbia
1333 4604 1400 4660 et
1434 4599 1709 4679 appetitu
1734 4614 1839 4661 ex·

274 4687 600 4764 cellentiae,
631 4694 745 4749 aut-
759 4707 836 4751 ex
862 4690 1291 4769 indignatione
1320 4697 1386 4753 et
1408 4692 1648 4772 abjecta
1679 4693 1841 4754 msti-

273 4781 555 4842 matione
595 4783 839 4845 Proelati
868 4829 889 4859 ,
944 4803 1133 4864 quam
1178 4785 1459 4847 subditus
1514 4785 1725 4862 habet,
1774 4791 1841 4847 et

274 4873 515 4953 ratione
557 4873 723 4936 illius
762 4885 1137 4957 praeceptum
1181 4879 1317 4957 ejus
1353 4879 1726 4954 contemnit,
1774 4884 1840 4940 et

273 4973 601 5047 propterea
620 4969 712 5030 illi
740 4989 867 5032 nou
904 4972 1039 5033 vult
1067 4990 1301 5052 parere.
1341 4974 1541 5052 Atque
1570 4974 1661 5034 ita
1692 4973 1840 5033 satis

273 5058 649 5138 explicatum
691 5070 781 5123 est
818 5065 1155 5144 quotuplex
1199 5066 1278 5125 sit
1318 5071 1733 5145 contempt-us,
1774 5071 1839 5127 et

272 5154 586 5232 quomodo
613 5172 688 5217 ex
715 5156 823 5217 illo
841 5157 996 5237 legis
1014 5159 1417 5237 transgressio
1444 5165 1750 5220 nascatur.

355 5248 453 5310 19.
500 5248 886 5329 Contemptus
919 5252 1210 5329 formalis
1248 5252 1469 5331 duplex
1492 5277 1515 5312 .·
1544 5251 1839 5331 emplius·-

272 5344 389 5416 τεν,
444 5347 499 5404 σι
526 5345 843 5405 secundum
875 5345 1059 5423 quid;
1101 5346 1363 5424 primus,
1381 5346 1574 5424 justa
1600 5344 1839 5424 emta-

270 5450 442 5509 mcm,
481 5436 786 5511 mortalis,
832 5438 1120 5501 socundus
1138 5438 1416 5500 vestiatis.
1444 5470 1528 5484 —
1553 5439 1842 5519 Superest

272 5529 486 5587 tamen
535 5527 970 5608 explicandum
1008 5529 1176 5611 quod
1218 5531 1402 5593 tertio
1435 5530 1571 5593 loco
1621 5549 1842 5613 propo-

3365 396 3485 458 287

1918 508 2178 581 suimuS,
2209 523 2290 565 an
2319 503 2691 580 trangressio
2710 502 2866 580 legis
2896 502 3185 562 humanae
3222 519 3302 563 ex
3339 520 3485 563 con-

1917 604 2162 679 temptu
2189 614 2432 676 semper
2460 601 2522 655 et
2546 595 2614 655 in
2642 612 3027 674 quacumque
3067 595 3325 655 materia
3366 595 3484 656 mi-

1918 694 2097 753 nima
2122 691 2201 751 sit
2221 693 2538 769 peccatum
2567 687 2864 749 mortale:
2890 693 2953 747 et
2974 687 3134 748 ratio
3162 686 3489 747 dubitandi

1919 791 2038 860 est,
2063 800 2254 864 quam
2269 783 2337 842 in
2354 781 2659 861 principio
2672 780 3008 860 posuimus.
3033 781 3486 859 propterquam

1918 879 2110 956 Cajet.
2167 877 2235 937 in
2287 876 2462 936 Sum.
2509 872 2682 934 verb.
2740 872 3162 950 Contemptus,
3216 872 3285 932 in
3334 871 3483 948 fine,

1918 975 2127 1050 aperte
2149 967 2430 1029 concedit
2455 965 2591 1026 dari
2619 971 3043 1045 contemptum
3078 966 3390 1045 praecepti,
3425 972 3489 1028 et

1917 1061 2466 1141 transgressionem
2498 1057 2786 1138 praecepti
2811 1076 2892 1118 ex
2921 1062 3301 1137 contemptu,
3348 1076 3488 1137 quae

1919 1156 2002 1217 sit
2022 1159 2268 1216 tautum
2290 1151 2531 1213 veniale
2558 1156 2881 1231 peccatum
2911 1168 2990 1212 ex
3017 1150 3265 1211 levitate
3292 1156 3488 1212 mate-

1918 1250 2052 1325 rioe,
2084 1254 2147 1309 et
2187 1265 2263 1309 ex
2296 1245 2420 1307 levi
2451 1245 2638 1307 modo
2679 1243 3139 1320 contemnendi,
3176 1250 3250 1306 ut
3278 1245 3367 1306 sic
3393 1244 3486 1306 di-

1918 1359 2086 1418 cam,
2116 1341 2288 1420 quia,
2318 1338 2572 1415 seilicet,
2595 1356 2723 1400 non
2753 1337 3097 1400 contemnit
3124 1337 3487 1418 simpliciter

1918 1440 2294 1516 praeceptum
2309 1448 2331 1509 3
2347 1431 2455 1493 sed
2478 1431 2594 1494 hoe
2613 1436 2992 1510 proeceptum
3019 1431 3087 1492 in
3108 1448 3178 1492 re
3197 1432 3480 1493 minima.

1916 1530 1995 1590 Et
2015 1527 2077 1588 id
2083 1545 2159 1588 eo
2175 1525 2503 1604 distinguit
2520 1529 2948 1604 contemptum
2963 1525 3154 1585 etiam
3163 1525 3485 1604 proprium

1916 1628 1979 1684 et
2009 1619 2360 1694 formalem,
2386 1619 2456 1679 in
2477 1623 2905 1697 contemptum
2932 1617 3293 1696 simpliciter
3309 1623 3373 1679 et
3392 1635 3486 1678 se·

1916 1714 2191 1775 cundum
2217 1711 2391 1792 quid,
2419 1717 2485 1772 et
2523 1712 2793 1792 priorem
2832 1710 2984 1771 dicit
3008 1727 3141 1772 esse
3164 1715 3486 1790 peccatum

1915 1806 2208 1884 mortale,
2256 1806 2659 1886 posteriorem
2694 1809 2903 1865 autem
2951 1821 3083 1865 esse
3108 1809 3357 1865 tautum
3382 1822 3487 1865 ve·-

1917 1901 2081 1964 niale
2100 1905 2476 1981 pecccatum.
2510 1898 2931 1977 Eamdemque
2979 1898 3352 1961 sententiam
3392 1916 3486 1960 se-

1916 1997 2131 2101 quitur
2173 1994 2385 2055 Barth.
2445 1992 2525 2054 de
2553 1991 2782 2055 Medin.
2810 1994 2870 2060 1.
2915 1994 2979 2069 Ξ,
3008 2010 3071 2074 q.
3109 1992 3215 2069 88,
3262 1997 3379 2055 art.
3416 1992 3481 2066 4,

1917 2088 1986 2148 ιιι
2012 2086 2160 2148 fine.

1999 2180 2101 2240 20.
2145 2179 2451 2259 Rejioitur
2481 2178 2647 2242 diota
2671 2177 3249 2242 distinctim-Huic
3270 2182 3483 2238 autem

1920 2271 2242 2335 sententiae
2265 2271 2491 2347 obstat,
2505 2271 2654 2349 quia
2673 2271 2923 2332 videtur
2947 2288 3295 2351 repugnare
3313 2286 3482 2331 com-
3577 2335 3584 2340 ,

1922 2367 2100 2428 ιιιιιιιι
2128 2365 2451 2427 sententiae
2476 2382 2665 2443 quam
2711 2383 2900 2444 supra
2939 2363 3292 2426 retulimus.
3329 2364 3486 2424 Nam

1922 2477 2138 2520 omnes
2165 2465 2446 2519 auctores
2481 2456 2571 2517 ibi
2602 2457 2772 2518 citati
2799 2457 3156 2519 indistincte
3179 2457 3480 2517 damnant

1920 2551 2155 2632 peccati
2211 2549 2489 2612 mortalis
2532 2549 3017 2611 inobedientiam
3067 2548 3357 2630 praecepti
3408 2565 3485 2608 ex

1921 2650 2304 2723 contemptu,
2335 2643 2524 2704 etiam
2549 2642 2618 2703 in
2642 2642 2940 2718 minimis,
2957 2649 3025 2705 et
3050 2641 3347 2704 Bernard.
3378 2659 3485 2702 ex·

1922 2756 2128 2818 presse
2148 2737 2306 2797 dixit
2337 2741 2762 2815 contemptum
2791 2737 2857 2798 in
2885 2726 3048 2798 onim·
3068 2737 3257 2815 specie
3272 2752 3484 2813 pocca-

1922 2835 2119 2892 torwm
2160 2830 2309 2909 pari
2353 2830 2608 2908 pondero
2645 2845 2888 2908 yram
2915 2845 3073 2892 osse:
3117 2834 3182 2889 et
3205 2827 3485 2906 loquitur

1923 2924 2001 2984 de
2046 2923 2325 2983 minimis
2353 2921 2699 3001 praeceptis,
2728 2927 2800 2982 ut
2836 2938 3023 3000 supra
3047 2921 3478 3001 explicuimus.

1923 3015 2302 3096 Responderi
2354 3019 2566 3074 tamen
2618 3018 2818 3092 potest
2869 3031 2948 3075 ex
2999 3018 3211 3075 mente
3260 3013 3480 3093 Cajet„

1922 3107 2220 3172 Bernard.
2271 3114 2335 3169 et
2378 3107 2532 3169 alios
2562 3113 2844 3169 auctores
2887 3106 3324 3187 intelligendos
3354 3127 3483 3170 esse

1922 3203 2000 3264 de
2019 3206 2378 3281 contemptu
2393 3199 2776 3279 simpliciter,
2794 3217 2926 3262 non
2945 3200 3286 3261 secundum
3305 3199 3478 3279 quid.

1923 3296 1999 3356 Et
2044 3295 2135 3355 ita
2178 3294 2227 3354 si
2271 3298 2658 3372 contemptus
2699 3293 2780 3354 sit
2816 3292 3180 3373 simpliciter
3211 3292 3375 3369 talis,
3417 3293 3485 3354 id

1923 3394 2038 3463 est,
2075 3391 2464 3466 contemptus
2489 3384 2881 3461 obedientiae,
2911 3386 3010 3447 vel
3035 3387 3348 3466 praecepti,
3383 3385 3484 3448 vel

1920 3479 2254 3559 superioris
2279 3477 2580 3553 absolute,
2620 3477 2708 3538 sic
2741 3479 3295 3558 tramgressmnem
3323 3498 3484 3542 sem·

1918 3589 2055 3652 per,
2100 3577 2163 3633 et
2201 3572 3041 3651 inquocumquemandato,
3082 3574 3485 3638 etiammini-

1921 3683 2051 3742 mo,
2086 3683 2220 3727 esse
2264 3670 2589 3745 peccatum
2618 3665 2903 3742 mortale,
2936 3672 3003 3728 et
3039 3667 3127 3727 ita
3155 3668 3482 3746 procedere

1921 3759 2156 3820 dictum
2180 3757 2477 3819 Bernardi
2504 3764 2567 3819 et
2590 3757 2857 3823 aliorum
2897 3761 3031 3822 sine
3076 3760 3205 3822 ulla
3251 3761 3480 3825 limita·

1918 3853 2088 3914 tione
2122 3851 2223 3914 vel
2250 3852 2631 3931 exceptione.
2680 3852 2746 3913 Si
2783 3871 2938 3915 vero
2970 3860 3362 3935 contemptus
3401 3856 3481 3916 sit

1917 3945 2263 4007 secundum
2290 3942 2466 4024 quid,
2484 3949 2633 4005 tunc
2662 3944 2844 4006 illum
2869 3964 2999 4008 esse
3027 3966 3206 4027 posse
3231 3955 3479 4010 tantum

1920 4037 2164 4100 veniale
2177 4042 2522 4117 Ρωοιιιιιιιι,
2540 4042 2606 4098 et
2618 4046 3063 4118 consequenter
3075 4041 3262 4102 etiam
3280 4048 3481 4103 trans·

1921 4130 2305 4210 gressionem
2341 4129 2494 4190 levis
2523 4129 2804 4191 mandati
2842 4149 2922 4194 ex
2961 4132 3326 4211 intentione,
3367 4153 3478 4197 seu

1921 4223 2185 4304 imperio
2210 4221 2396 4285 illius.
2417 4222 2538 4283 Sed
2555 4222 2672 4283 hoo
2689 4240 2820 4285 non
2834 4224 3083 4287 videtur
3103 4228 3474 4306 satisfacere,

1920 4323 2056 4378 tum
2081 4315 2230 4396 quia
2254 4332 2369 4376 nee
2393 4314 2742 4376 Bernartius
2782 4335 2897 4379 nec
2940 4318 3047 4381 alii
3073 4326 3353 4383 auctores
3379 4340 3480 4383 co-

1921 4414 2228 4489 gnoscunt
2283 4407 2559 4469 medium
2615 4408 2778 4470 inter
2827 4410 2960 4473 haee
3006 4411 3132 4473 duo
3151 4458 3172 4489 ,
3220 4415 3476 4494 seilicet,

1920 4501 2269 4581 transgredi
2303 4519 2381 4564 ex
2412 4506 2790 4581 contemptu,
2836 4503 2938 4566 vel
2976 4505 3111 4567 sine
3140 4506 3270 4584 illo,
3318 4526 3479 4589 quo-

1920 4597 2107 4659 modo
2152 4596 2312 4658 dixit
2348 4595 2560 4656 Glossa
2586 4596 2652 4656 in
2680 4615 2812 4678 cap.
2844 4599 2996 4673 Quis
3016 4606 3236 4677 antem,
3268 4601 3332 4662 d.
3366 4606 3475 4665 10:

1919 4690 2117 4753 Aliud
2134 4695 2222 4752 ost
2248 4695 2626 4766 mumma,
2658 4690 2835 4754 aliud
2856 4710 2975 4754 non
2998 4711 3236 4772 parere,
3268 4700 3331 4755 et
3352 4696 3479 4774 pri·

1918 4801 2097 4844 mum
2150 4781 2429 4843 absolute
2479 4781 2813 4845 damnatur
2865 4786 3099 4865 peceati
3152 4788 3431 4848 mortalis
3454 4803 3475 4864 3

1919 4894 2068 4956 ergo
2083 4874 2440 4937 indistincte
2455 4875 2520 4935 id
2542 4876 2970 4956 accipiendum
2982 4885 3076 4941 est
3086 4895 3107 4957 ;
3129 4886 3268 4940 tum
3290 4880 3480 4941 etiam

1919 4973 2065 5050 quia
2089 4968 2304 5030 eodem
2334 4969 2518 5030 modo
2540 4969 2743 5032 dicere
2782 4989 3108 5050 possumus
3129 4973 3480 5053 transgredi

1917 5063 2121 5143 legem
2150 5062 2492 5123 humanam
2519 5080 2633 5143 per
2655 5081 2742 5139 se,
2762 5070 2825 5125 et
2842 5066 3078 5127 secluso
3094 5073 3477 5147 contemptu,

1917 5174 2048 5218 esse
2089 5171 2333 5232 semper
2368 5160 2688 5233 peecatum
2718 5156 3000 5233 mortale,
3030 5160 3178 5239 quia
3205 5160 3480 5222 dicemus

1917 5245 2393 5324 intelligendum
2433 5265 2562 5308 esse
2597 5248 2676 5309 de
2714 5252 3200 5329 transgressione
3241 5253 3451 5332 simpli
3464 5287 3481 5301 ·

1918 5342 2099 5416 citer3
2142 5354 2295 5397 nam
2336 5342 2741 5418 transgressio
2783 5344 2852 5403 in
2897 5343 3019 5405 levi
3048 5347 3333 5421 materia,
3369 5363 3478 5406 seu

1918 5430 2259 5494 secundum
2300 5430 2477 5508 quid,
2524 5433 2652 5495 imo
2679 5446 3058 5517 praeceptum
3095 5438 3162 5499 ιιι
3198 5439 3320 5500 levi
3347 5456 3479 5499 ma·

1917 5525 2100 5602 teria,
2127 5540 2258 5586 non
2283 5527 2379 5585 est
2401 5535 2774 5612 praeseptum
2811 5531 3195 5614 simpliciter,
3238 5532 3347 5595 sed
3386 5550 3480 5595 se·
