3976 6219
863 394 997 446 CAP.
1034 393 1164 446 xlx,
1202 390 1493 455 QUOMODO
1525 389 1630 443 ms
1664 375 1939 444 GENTmM
1974 390 2431 444 DISTINGUATUR
2463 392 2505 441 A
2536 368 2867 442 NATURALL

251 495 679 577 propriissime
725 495 1040 555 continere
1092 495 1192 573 jus
1236 493 1515 571 gentium
1568 509 1635 552 re
1693 492 1828 571 ipsa

255 589 623 649 distinctum
663 606 701 647 a
734 589 873 666 jure
915 587 1106 661 civili,
1143 591 1328 665 prout
1349 584 1501 644 illud
1531 584 1828 664 explicui-

256 700 422 743 mus,
454 683 535 742 Et'
555 678 632 740 ad
657 681 810 740 illud
833 682 1152 759 pertinent
1179 678 1459 757 exempla
1490 678 1565 737 de
1593 677 1827 756 legato-

258 792 404 836 rum
440 779 501 834 et
532 773 1049 834 commerciorum
1081 790 1198 831 usu
1226 789 1361 849 quae
1391 769 1820 848 explicuimus.

263 867 434 928 Idem
451 884 664 927 censeo
683 866 758 926 de
773 867 917 943 jure
932 864 1108 925 belli:
1126 867 1428 942 quatenus
1444 863 1742 925 fundatur
1759 865 1826 925 in

265 964 565 1039 potestate
594 974 783 1036 quam
809 975 939 1016 una
966 955 1314 1035 respublica
1342 954 1439 1014 vel
1466 955 1829 1017 monarchia

267 1067 553 1129 suprema
589 1050 776 1110 habet
821 1049 900 1109 ad
943 1047 1324 1127 puniendam
1369 1046 1469 1107 vel
1510 1048 1829 1109 vindican-

272 1144 440 1217 dam,
469 1148 578 1204 aut
603 1141 1014 1221 reparandam
1046 1140 1342 1218 injuriam
1379 1139 1497 1200 sibi
1524 1140 1603 1201 ab
1636 1140 1831 1202 altera

275 1237 529 1311 illatam,
555 1235 798 1296 videtur
825 1235 1073 1314 proprie
1102 1250 1231 1293 esse
1254 1233 1330 1293 de
1353 1233 1492 1311 jure
1519 1234 1825 1312 gentium.

266 1332 428 1392 Nam
463 1346 541 1389 ex
570 1329 631 1389 vi
666 1327 853 1388 solius
900 1326 1159 1387 rationis
1198 1325 1499 1387 naturalis
1538 1344 1665 1387 non
1700 1332 1833 1387 erat

258 1421 689 1484 necessarium
710 1427 782 1481 ut
796 1421 931 1481 baec
951 1423 1216 1500 potestas
1243 1424 1398 1479 esset
1418 1419 1488 1479 in
1515 1418 1832 1499 republica

262 1515 559 1577 offensa:
594 1512 940 1592 potuissent
974 1512 1137 1573 enim
1181 1511 1463 1572 homines
1506 1512 1832 1573 instituere

269 1608 476 1669 alium
505 1606 761 1667 modum
784 1605 1084 1678 vindictae,
1113 1604 1212 1665 vel
1244 1605 1626 1666 committere
1661 1605 1834 1665 illam

271 1705 646 1783 potestatem
673 1699 856 1759 alicui
893 1698 1072 1758 tertio
1115 1699 1414 1778 principi,
1444 1699 1714 1778 et.quasi
1740 1717 1836 1759 ar-

277 1795 468 1857 bitrio
490 1811 630 1854 cum
656 1795 954 1871 potestate
983 1791 1289 1869 coactiva3
1320 1797 1535 1852 tamen
1563 1793 1710 1871 quia
1735 1791 1838 1853 hic

284 1889 525 1961 modus,
560 1886 667 1964 qui
699 1902 864 1944 nunc
891 1890 1194 1960 servatur,
1219 1884 1458 1946 facilior
1481 1891 1594 1962 est,
1613 1887 1838 1965 magis-

282 1998 398 2059 que
425 1984 660 2039 naturae
683 1982 1153 2054 consentaneus,
1175 1997 1290 2038 usu
1317 1979 1702 2040 introductus
1721 1983 1834 2056 est,

280 2074 448 2133 etita
469 2072 701 2150 justus,
732 2077 802 2130 ut
830 2089 957 2131 non
983 2072 1174 2150 possit
1205 2072 1296 2131 illi
1326 2073 1464 2151 jure
1504 2074 1726 2135 resisti.
1770 2075 1838 2134 In

278 2165 388 2225 hoc
407 2164 596 2224 etiam
618 2163 833 2224 ordine
857 2164 1161 2224 constituo
1181 2165 1538 2226 servitutes:
1563 2184 1710 2226 nam
1732 2166 1839 2227 illo

275 2260 413 2339 jure
438 2262 704 2318 utuntur
735 2257 948 2336 populi
975 2264 1037 2317 et
1063 2262 1277 2336 gentes
1310 2258 1473 2319 inter
1501 2278 1588 2334 se,
1619 2266 1681 2320 et
1711 2278 1839 2320 non

277 2357 410 2414 erat
452 2352 870 2414 necessarium
920 2369 998 2412 ex
1040 2369 1200 2430 pura
1249 2352 1516 2413 naturali
1553 2354 1835 2415 ratione:

278 2450 478 2526 posset
506 2445 676 2506 enim
708 2445 866 2505 alius
893 2444 1112 2505 modus
1157 2463 1356 2524 poenae
1396 2446 1724 2523 introduci,
1771 2452 1842 2507 ut

279 2540 408 2599 dixi
427 2556 446 2615 3
496 2556 666 2599 nunc
713 2537 1074 2618 autem‘tale
1118 2547 1210 2598 est
1244 2538 1362 2598 hoc
1387 2540 1516 2617 juS,
1548 2545 1619 2599 ut
1649 2545 1711 2601 et
1751 2539 1839 2600 rei

276 2637 608 2694 teneantur
629 2631 790 2690 hanc
812 2648 1057 2710 poenam
1082 2631 1385 2692 sustinere
1413 2650 1486 2692 eo
1512 2633 1695 2693 modo
1719 2652 1841 2713 quo

280 2725 629 2786 introducta
676 2728 788 2798 est,
828 2728 890 2784 et
934 2723 1191 2784 victores
1235 2741 1363 2784 non
1407 2724 1640 2804 possint
1674 2726 1839 2804 juste

281 2819 528 2897 gravius
541 2816 764 2896 punire
782 2816 987 2877 hostes
994 2817 1129 2894 jam
1143 2816 1335 2877 victos
1337 2862 1357 2892 ,
1381 2823 1442 2877 et
1459 2817 1634 2879 finito
1651 2818 1812 2879 bello
1814 2864 1835 2894 ,

281 2912 401 2972 nisi
450 2910 608 2971 alius
658 2908 937 2987 specialis
984 2909 1201 2969 titulus
1239 2910 1635 2970 interveniat.
1685 2912 1839 2971 Item

279 3004 515 3065 foedera
559 3002 723 3081 pacis
759 3007 820 3061 et
855 3001 1252 3062 induciarum
1284 3008 1542 3081 possunt
1569 3004 1683 3063 sub
1725 3003 1841 3064 hoc

282 3099 478 3177 capite
511 3094 819 3169 collocari,
849 3114 976 3155 non
1010 3101 1316 3174 quatenus
1359 3095 1662 3157 servanda
1696 3101 1840 3157 sunt

280 3197 604 3271 postquam
629 3195 773 3249 sunt
790 3188 949 3249 facta
972 3204 987 3247 ε
1014 3188 1130 3248 hoc
1152 3189 1320 3249 enim
1346 3189 1548 3267 potius
1572 3190 1840 3266 pertinet

277 3283 357 3344 ad
384 3285 484 3362 jus
507 3281 812 3358 naturale;
833 3281 936 3342 sed
961 3285 1265 3359 quatenus
1290 3281 1673 3342 admittenda
1696 3288 1840 3342 sunt

279 3381 341 3436 et
369 3394 496 3436 non
518 3375 823 3452 neganda,
855 3373 1103 3451 quando
1127 3372 1333 3433 debito
1361 3374 1545 3433 modo
1568 3380 1630 3434 et
1657 3375 1841 3434 ratio-

280 3470 572 3530 nabiliter
612 3473 949 3547 petuntur:
999 3466 1115 3526 hoc
1159 3468 1325 3526 enim
1366 3467 1510 3527 licet
1549 3468 1626 3527 sit
1662 3468 1841 3528 valde

279 3567 758 3623 consentaneum
781 3559 1008 3619 rationi
1031 3559 1321 3634 naturali,
1345 3564 1552 3620 tamen
1576 3579 1690 3620 usu
1708 3561 1841 3639 ipso

280 3661 347 3718 et
376 3658 514 3736 jure
556 3654 836 3732 gentium
870 3652 1116 3712 videtur
1156 3653 1355 3730 magis
1402 3652 1740 3728 firmatum,
1781 3658 1843 3713 et

279 3749 399 3809 sub
428 3747 649 3825 majori
694 3762 822 3805 esse
862 3743 1258 3821 obligatione.
1305 3746 1380 3804 Et
1407 3745 1486 3804 ad
1513 3745 1679 3805 hunc
1715 3764 1844 3806 mo·

282 3842 433 3902 dum
461 3843 717 3919 possunt
742 3837 1011 3897 inveniri
1037 3837 1159 3897 alia
1186 3837 1491 3917 exempla,
1522 3838 1619 3898 vel
1652 3839 1846 3917 expli-

286 3954 440 3996 cari.

364 4031 428 4090 9.
472 4027 651 4088 Ratio
703 4030 910 4087 autem
954 4024 1142 4103 hujus
1190 4024 1383 4103 partis
1428 4028 1490 4085 et
1526 4024 1682 4102 juris
1728 4028 1841 4101 est,

281 4121 432 4202 quia
460 4120 808 4182 humanum
853 4136 1048 4197 genus
1098 4117 1499 4196 quantumvis
1535 4118 1601 4176 in
1642 4117 1845 4177 varios

280 4214 543 4296 populos
571 4220 634 4275 et
665 4230 857 4292 regna
885 4212 1176 4287 divisum,
1219 4228 1462 4289 semper
1501 4209 1684 4270 habet
1727 4210 1846 4270 ali-

282 4326 472 4387 quam
517 4308 824 4367 unitatem
869 4323 997 4365 non
1042 4304 1245 4365 solum
1295 4302 1640 4382 specificam
1663 4346 1682 4377 ,
1739 4301 1845 4362 sed

284 4400 476 4460 etiam
498 4399 672 4477 quasi
693 4397 1008 4478 politicam
1032 4402 1097 4457 et
1125 4395 1445 4473 moralem,
1476 4414 1666 4475 quam
1688 4393 1850 4455 indi-

282 4502 383 4552 cat
411 4491 690 4551 naturale
721 4496 1100 4569 praeceptum
1145 4489 1347 4549 mutui
1385 4491 1612 4549 amoris
1640 4494 1703 4549 et
1729 4487 1847 4547 mi-

281 4583 653 4658 sericordiae,
682 4582 846 4661 quod
882 4581 963 4642 ad
990 4598 1205 4641 omnes
1238 4581 1610 4655 extenditur,
1655 4580 1846 4640 etiam

282 4683 628 4752 extraneOS,
672 4681 734 4737 et
761 4675 1198 4754 cujuscumque
1246 4673 1525 4734 rationis.
1574 4675 1846 4753 Quapro-

281 4777 422 4851 pter
438 4772 580 4832 licet
593 4786 979 4848 unaquaeque
1002 4769 1221 4829 civitas
1238 4767 1530 4847 perfecta,
1546 4767 1845 4846 respubli-

283 4883 376 4939 ca,
394 4870 505 4925 aut
529 4881 818 4941 regnum,
833 4862 914 4922 sit
938 4862 1006 4922 in
1025 4880 1089 4923 se
1109 4860 1521 4922 communitas
1547 4860 1842 4940 perfecta,

283 4962 345 5017 et
359 4956 485 5016 suis
504 4955 800 5016 membris
813 4960 1098 5018 constans
1100 5000 1122 5031 ,
1135 4954 1537 5014 nihilominus
1553 4952 1845 5032 quaelibet

282 5049 538 5111 illarum
558 5054 649 5110 est
661 5049 850 5109 etiam
866 5048 1218 5109 membrum
1236 5047 1444 5127 aliquo
1462 5047 1644 5107 modo
1659 5047 1765 5125 huj
1774 5064 1847 5106 us

282 5141 583 5215 universi,
613 5146 800 5220 prout
829 5140 906 5200 ad
953 5158 1149 5218 genus
1185 5140 1528 5200 humanum
1570 5144 1845 5218 spectat:

282 5251 633 5312 numquam
668 5234 835 5295 enim
864 5233 988 5293 illae
1015 5233 1488 5293 communitates
1523 5232 1677 5292 adeo
1705 5237 1851 5292 sunt

283 5327 402 5388 sibi
438 5326 811 5388 sufficientes
834 5326 1175 5405 sigillatim,
1194 5325 1347 5405 quin
1374 5324 1696 5402 indigeant
1737 5324 1851 5384 ali-

280 5439 407 5501 quo
441 5426 658 5480 mutuo
681 5420 1026 5499 juvamine,
1057 5423 1119 5479 et
1145 5418 1453 5492 societate,
1482 5435 1552 5477 ac
1576 5433 1851 5476 commu-

282 5514 620 5589 nicatione,
648 5513 965 5575 interdum
992 5511 1069 5573 ad
1094 5510 1317 5573 melius
1363 5529 1492 5573 esse
1520 5511 1848 5589 majorem-

3353 389 3470 450 169

1906 508 2027 570 que
2045 489 2401 566 utilitatem,
2427 490 2743 550 interdum
2770 508 2917 552 vero
2943 489 3132 551 etiam
3160 490 3240 552 ob
3265 510 3470 554 mora-

1906 584 2031 644 lem
2060 584 2486 644 necessitatem
2509 589 2570 643 et
2584 583 3092 662 indigentiam,ut
3114 602 3190 644 ex
3205 584 3337 663 ipso
3352 604 3471 647 usu

1907 681 2163 737 constat.
2186 677 2312 736 Hac
2336 694 2485 753 ergo
2504 677 2742 737 ratione
2765 676 3050 754 indigent
3074 676 3280 756 aliquo
3299 679 3468 756 jure,

1908 788 2031 850 quo
2059 770 2408 847 dirigantur
2435 775 2498 829 et
2524 776 2687 830 recte
2716 769 3080 830 ordinentur
3109 771 3178 829 in
3206 770 3322 831 hoc
3365 790 3472 850 ge-

1907 882 2056 924 nere
2075 862 2651 923 communicationis
2670 871 2731 923 et
2750 863 3075 923 societatis,
3094 864 3169 923 Et
3189 865 3473 942 quamvis

1909 974 2138 1034 magna
2166 973 2242 1015 ex
2277 960 2449 1034 parte
2480 955 2597 1014 hoc
2629 953 2737 1014 fiat
2759 974 2869 1034 per
2896 956 3199 1015 rationem
3225 962 3475 1016 natura-

1907 1050 2033 1110 lem
2056 1065 2076 1127 ;
2129 1066 2254 1108 non
2300 1053 2511 1108 tamen
2561 1048 2939 1109 sufficienter
3001 1055 3063 1109 et
3116 1050 3474 1111 immediate

1910 1142 2113 1222 quoad
2142 1142 2356 1201 omnia
2392 1158 2408 1201 ε
2459 1141 2719 1220 ideoque
2762 1142 2972 1221 aliqua
3011 1144 3297 1222 specialia
3331 1146 3474 1222 jura

1911 1239 2247 1314 potuerunt
2282 1252 2401 1293 usu
2437 1234 2795 1295 earumdem
2829 1236 3111 1313 gentium
3141 1237 3471 1299 introduci.

1911 1329 2067 1389 Nam
2111 1328 2268 1388 sicut
2294 1327 2362 1386 in
2395 1345 2522 1386 una
2571 1327 2815 1388 civitate
2855 1327 2954 1389 vel
2983 1330 3301 1408 provincia
3332 1348 3474 1390 con-

1910 1421 2171 1484 suetudo
2192 1420 2523 1480 introducit
2537 1421 2661 1499 juS,
2685 1421 2774 1481 ita
2796 1422 2863 1482 in
2891 1422 3181 1483 universo
3198 1422 3475 1483 humano

1912 1532 2138 1593 genere
2164 1518 2500 1592 potuerunt
2519 1514 2661 1592 jura
2687 1515 2967 1592 gentium
2989 1516 3265 1577 moribus
3285 1518 3477 1578 intro-

1914 1608 2080 1669 duci.
2104 1609 2191 1667 Eo
2218 1606 2317 1667 vel
2345 1607 2617 1667 maxime
2651 1607 2814 1686 quod
2839 1626 2912 1669 ea
2945 1627 3083 1687 quae
3125 1610 3203 1670 ad
3240 1610 3357 1670 hoc
3373 1611 3478 1689 jus

1915 1701 2253 1781 pertinent,
2275 1704 2337 1759 et
2355 1718 2551 1778 pauca
2574 1706 2741 1776 sunt,
2769 1706 2831 1761 et
2849 1701 2980 1779 juri
3007 1702 3278 1763 naturali
3300 1703 3477 1763 valde

1915 1793 2285 1873 propinqua,
2315 1798 2377 1853 et
2424 1810 2561 1871 quae
2590 1793 2949 1854 facillimam
2990 1793 3226 1855 habeut
3262 1795 3339 1854 ab
3370 1794 3476 1854 illo

1915 1886 2350 1947 deductionem
2371 1930 2391 1962 ,
2449 1885 2725 1964 adeoque
2772 1886 2991 1947 utilem
3045 1892 3108 1947 et
3161 1892 3479 1947 consenta-

1917 1996 2102 2040 neam
2131 1978 2247 2057 ipsi
2274 1984 2535 2054 naturae,
2563 1986 2634 2040 ut
2654 1978 2798 2040 licet
2827 1997 2954 2039 non
2996 1979 3074 2039 sit
3096 1980 3348 2040 evidens
3377 1980 3479 2040 de-

1918 2072 2127 2132 ductio
2163 2077 2464 2151 tanquam
2513 2071 2589 2132 de
2633 2089 2698 2132 se
2737 2073 2991 2132 omnino
3029 2073 3366 2133 necessaria
3401 2071 3481 2132 ad

1920 2164 2304 2226 honestatem
2334 2183 2600 2239 morum,
2654 2165 2735 2224 sit
2778 2169 2990 2224 tamen
3037 2164 3216 2224 valde
3261 2183 3482 2225 conve·

1922 2259 2102 2319 niens
2133 2264 2371 2320 naturae
2411 2263 2474 2320 et
2513 2258 2589 2318 de
2631 2276 2694 2318 se
2728 2257 3125 2338 acceptabilis
3163 2256 3243 2318 ab
3284 2258 3481 2319 omni-

1921 2350 2058 2411 buS.

2004 2445 2102 2503 10.
2148 2441 2450 2504 Posterior
2471 2441 2690 2503 modus
2710 2441 2869 2521 juris
2896 2442 3176 2520 gentium
3208 2443 3482 2504 continet

1920 2535 2205 2616 quaedam
2229 2541 2555 2614 praecepta,
2577 2535 2676 2596 vel
2694 2536 2869 2611 ritus,
2895 2541 3005 2595 aut
3031 2535 3244 2596 modos
3265 2535 3481 2596 viven-

1922 2629 2010 2703 di,
2032 2629 2143 2708 qui
2157 2646 2268 2707 per
2283 2646 2346 2688 se
2370 2633 2433 2688 et
2459 2628 2686 2688 directe
2709 2646 2836 2688 non
2861 2628 3212 2688 referuntur
3235 2628 3314 2687 ad
3341 2628 3482 2687 uni-

1921 2740 2126 2783 versos
2155 2721 2461 2797 bomineS,
2494 2739 2694 2799 neque
2722 2720 2955 2782 habent
2981 2721 3173 2782 veluti
3205 2740 3316 2800 pro
3354 2721 3479 2782 fine

1918 2815 2203 2895 proximo
2227 2815 2701 2874 convenientem
2742 2815 3095 2874 societatem
3121 2825 3181 2874 et
3202 2832 3481 2874 commu-

1919 2908 2297 2968 nicationem
2338 2907 2621 2968 omnium
2662 2908 2987 2967 nationum
3036 2908 3200 2967 inter
3222 2926 3335 2971 se:
3372 2908 3479 2968 sed

1919 3001 1985 3061 in
2016 3019 2385 3080 unaquaque
2413 3000 2728 3080 republica
2758 2999 2892 3059 foro
2918 3017 3027 3059 suo
3076 3001 3482 3060 conveniente

1917 3095 2222 3173 regimine
2244 3084 2749 3155 constituuntur.
2788 3095 2863 3153 Et
2895 3093 3301 3154 nihilominus
3329 3092 3483 3155 tales

1919 3195 2090 3263 sunt,
2126 3195 2199 3248 ut
2243 3189 2308 3247 in
2356 3206 2472 3248 usu
2523 3187 2822 3247 similium
2866 3187 3102 3246 rituum
3131 3194 3240 3247 aut
3270 3188 3481 3265 legum

1918 3282 2048 3341 fere
2089 3299 2302 3341 omnes
2330 3281 2611 3340 nationes
2638 3280 2801 3340 inter
2837 3298 2900 3339 se
2930 3280 3327 3354 conveniant,
3382 3280 3482 3339 vel

1921 3373 2391 3435 similitudinem
2438 3372 2710 3433 habeant
2752 3372 3064 3433 interdum
3106 3371 3478 3451 genericam,

1920 3467 2234 3527 interdum
2262 3466 2452 3528 veluti
2495 3465 2862 3545 specificam.
2898 3467 3027 3525 Hoc
3054 3465 3244 3525 etiam
3277 3482 3476 3525 exem·

1921 3557 2040 3637 plis
2082 3558 2377 3618 illustrari
2425 3562 2622 3636 potest
2656 3573 2671 3616 ε
2705 3561 2767 3616 et
2811 3561 3010 3635 potest
3062 3556 3366 3634 imprimis
3404 3554 3482 3615 ad

1922 3651 2089 3712 hunc
2114 3651 2368 3711 modum
2391 3651 2840 3711 accommodari
2877 3649 3229 3728 exemplum
3259 3648 3334 3710 de
3368 3650 3483 3710 Re-

1921 3736 2177 3822 ligioue,
2208 3762 2331 3824 quo
2359 3761 2505 3804 usus
2535 3753 2628 3804 est
2653 3743 3141 3823 jureconsultus:
3190 3759 3334 3803 nam
3357 3741 3486 3802 cul-

1921 3844 2023 3899 tus
2054 3838 2165 3898 Dei
2196 3837 2472 3898 absolute
2498 3843 2588 3897 est
2620 3837 2695 3897 de
2709 3838 2852 3915 jure
2881 3842 3121 3897 naturae
3149 3858 3162 3894 :
3199 3835 3488 3895 determi-

1924 3931 2096 3990 natio
2118 3949 2260 3990 vero
2284 3931 2416 4008 ejus
2444 3930 2700 3989 omnino
2719 3927 2996 4004 specifica
3020 3936 3081 3988 et
3104 3928 3488 4007 particularis

1926 4029 2016 4084 est
2042 4024 2119 4083 de
2146 4025 2278 4102 jure
2306 4023 2570 4101 positivo
2598 4021 2834 4094 divin0,
2866 4027 2928 4080 et
2968 4021 3034 4080 in
3063 4022 3279 4080 ordine
3308 4026 3489 4081 natu-

1925 4134 2011 4176 rae
2038 4122 2196 4175 esset
2222 4115 2296 4174 de
2322 4116 2462 4193 jure
2512 4112 2702 4187 civili,
2738 4131 2847 4172 seu
2891 4113 3134 4191 privato
3177 4129 3192 4171 :
3236 4118 3300 4172 at
3342 4132 3487 4174 vero

1927 4207 2132 4268 medio
2182 4207 2452 4286 quodam
2481 4204 2664 4265 modo
2692 4204 2937 4264 videtur
2984 4203 3174 4264 fuisse
3228 4204 3304 4264 de
3351 4206 3489 4283 jure

1927 4301 2232 4379 gentium,
2268 4305 2340 4359 ut
2366 4299 2524 4359 ritus
2551 4296 2791 4358 colendi
2831 4298 3023 4357 Deum
3052 4315 3162 4375 per
3193 4297 3492 4359 sacrificia

1928 4412 2054 4454 non
2087 4400 2178 4454 est
2202 4391 2565 4471 simpliciter
2588 4391 2663 4451 de
2690 4392 2827 4470 jure
2854 4389 3150 4466 naturali,
3188 4396 3250 4451 et
3284 4396 3491 4452 tamen

1926 4489 1995 4548 in
2024 4505 2097 4548 eo
2124 4487 2418 4547 videntur
2444 4484 2573 4545 fere
2608 4502 2825 4545 omnes
2850 4487 3064 4562 gentes
3106 4484 3488 4558 convenisse,

1928 4586 2001 4641 ut
2044 4580 2111 4641 in
2142 4579 2391 4659 propria
2418 4577 2678 4639 materia
2724 4576 2997 4636 diximus
3026 4593 3041 4636 x
3072 4575 3295 4635 merito
3339 4592 3489 4653 ergo

1926 4674 2153 4754 poterit
2191 4673 2313 4733 dici
2341 4673 2418 4734 de
2462 4672 2601 4750 jure
2629 4669 2931 4748 gentium.
2983 4667 3278 4729 Similiter
3325 4668 3492 4747 quod

1926 4767 2006 4827 sit
2032 4767 2097 4826 in
2126 4763 2441 4844 republica
2459 4769 2652 4824 status
2675 4760 3000 4822 hominum
3025 4760 3366 4838 specialiter
3389 4760 3493 4821 de-

1926 4861 2179 4937 putatus
2226 4857 2306 4917 ad
2350 4855 2587 4917 cultum
2615 4855 2746 4930 Dei,
2794 4871 2922 4914 non
2965 4852 3212 4913 videtur
3249 4869 3376 4912 esse
3413 4851 3491 4913 de

1924 4950 2203 5011 absoluto
2216 4951 2354 5029 jure
2381 4947 2650 5010 naturali
2656 4963 2677 5024 3
2707 4951 2917 5007 tamen
2940 4950 3033 5006 est
3058 4945 3213 5005 adeo
3237 4961 3491 5005 consen-

1925 5048 2183 5104 taneum
2218 5041 2334 5117 illi,
2363 5047 2434 5102 ut
2467 5042 2595 5102 fere
2619 5056 2834 5100 omnes
2883 5037 3161 5098 nationes
3191 5042 3253 5097 et
3278 5055 3493 5117 respu-

1927 5137 2103 5199 blicae
2136 5138 2202 5197 in
2232 5137 2347 5197 hac
2373 5134 2763 5196 institutione
2808 5132 3229 5193 consenserint
3271 5131 3492 5193 saltem

1930 5231 1997 5290 in
2052 5229 2390 5302 communi,
2450 5230 2731 5307 quamvis
2782 5225 2850 5284 in
2898 5223 3256 5303 particulari
3306 5223 3491 5285 modo

1928 5323 2117 5385 fuerit
2149 5338 2378 5399 magna
2403 5320 2667 5380 varietas
2687 5333 2709 5395 3
2736 5316 2941 5396 quoad
2979 5317 3095 5377 hoc
3118 5333 3267 5396 ergo
3290 5322 3492 5396 potest

1930 5416 2119 5475 etiam
2145 5412 2364 5491 religio
2392 5412 2517 5472 dici
2545 5411 2621 5472 de
2644 5412 2784 5492 jure
2832 5409 3133 5489 gentium.
3166 5411 3264 5471 Sic
3303 5411 3491 5471 etiam

1930 5508 2129 5571 multa
2148 5525 2227 5569 ex
2251 5505 2547 5586 exemplis
2570 5504 2785 5569 Isidori
2803 5504 3095 5567 videntur
3119 5504 3242 5563 dici
3255 5503 3330 5566 de
3346 5504 3492 5585 jure
