3976 6219
697 391 832 445 CAP.
866 392 993 446 xlv,
1030 393 1245 447 mmm
1277 394 1666 458 AnAEQnATus
1696 394 2009 448 ermerus
2040 395 2219 448 LEGIS
2251 394 2348 447 SIT
2379 395 2684 450 OBLIGARE
2717 396 3029 450 SUBDITOS.

347 495 405 553 4.
454 491 692 554 Omnem
722 495 905 571 leqem
933 497 1249 573 propriam
1286 496 1708 574 obtiyationem
1732 497 1826 557 iu-

264 585 489 646 ducere.
521 618 603 630 —
628 585 1043 647 Nihilominus
1091 588 1420 649 dicendum
1476 595 1567 649 est
1620 590 1824 667 primo

264 679 500 738 nullam
527 698 656 740 esse
677 681 990 760 propriam
1010 681 1209 759 legem
1232 701 1368 760 quae
1381 683 1824 760 obligationem

262 789 389 830 non
430 770 708 846 inducat,
757 772 820 831 id
871 780 984 847 est,
1019 774 1439 835 necessitatem
1487 776 1823 854 quamdam

262 863 582 941 operandi,
610 864 709 924 vel
738 882 864 924 non
884 866 1200 944 operandi.
1235 869 1340 927 Est
1362 869 1708 928 communis
1730 886 1826 927 as-

260 958 446 1015 sertio
474 956 902 1034 theologorum
927 976 1069 1018 cum
1088 959 1158 1018 D.
1188 960 1446 1035 Thoma,
1469 966 1683 1039 quaest.
1718 962 1823 1035 92,

260 1055 378 1107 art.
405 1049 467 1122 Ξ,
498 1048 577 1108 ad
607 1052 667 1124 1,
703 1056 765 1110 et
792 1068 853 1128 q.
889 1052 993 1124 93,
1024 1056 1139 1110 art.
1177 1053 1240 1126 23
1273 1052 1438 1127 Soto,
1471 1072 1529 1131 q.
1576 1057 1634 1127 1,
1668 1072 1727 1113 8.
1762 1056 1821 1129 13

260 1140 494 1215 Castro,
519 1142 628 1203 lib.
665 1146 724 1218 1,
756 1161 890 1222 cap.
922 1147 981 1218 1,
1006 1144 1081 1203 ad
1106 1143 1320 1220 finem,
1342 1151 1404 1205 et
1420 1147 1819 1220 Juristarum,

256 1232 325 1291 in
354 1232 476 1310 leg.
514 1235 695 1314 ἱερεῖς
720 1237 920 1297 virtus
945 1282 965 1310 ,
999 1243 1061 1296 et
1087 1237 1152 1296 in
1189 1237 1253 1297 (1.
1306 1257 1439 1317 cap.
1475 1239 1705 1302 Omnis.
1747 1242 1824 1300 Et

257 1324 475 1385 eodem
500 1345 682 1386 sensu
712 1328 868 1387 dixit
889 1328 1240 1404 Gratianus,
1264 1330 1404 1392 dist.
1428 1334 1489 1406 4,
1505 1334 1579 1393 ad
1605 1334 1818 1395 finem:

259 1416 575 1477 Decretum
620 1421 1019 1481 necessitatem
1065 1422 1243 1496 facit,
1304 1425 1636 1485 eatam-tatio
1682 1426 1822 1488 libe-

257 1526 395 1569 ram
439 1515 797 1571 voiuntatem
839 1513 1080 1574 excitat.
1134 1514 1413 1576 Similem
1451 1518 1820 1578 sententiam

259 1598 448 1661 habet
484 1602 598 1662 sub
628 1604 877 1664 nomine
913 1605 1145 1665 consilii
1197 1615 1259 1667 et
1291 1611 1577 1689 praecepti
1606 1611 1820 1671 Hiero-

264 1713 515 1772 nymus,
569 1697 611 1757 l.
664 1700 702 1757 Ξ
748 1704 960 1759 contra
996 1700 1227 1776 Jovin.,
1264 1703 1426 1763 circa
1455 1705 1656 1764 med.:
1703 1706 1818 1768 Ubi

261 1789 576 1848 eonsilium
604 1791 807 1865 datur,
838 1794 1147 1871 offerentis
1184 1794 1507 1856 arbitrium
1558 1803 1644 1858 est
1666 1822 1687 1856 .·
1715 1798 1819 1859 ubi

252 1886 618 1957 pra-ceptmn
633 1926 652 1954 ‚
696 1884 1015 1944 necessitas
1057 1891 1144 1945 est
1191 1888 1524 1949 servitutis.
1562 1890 1639 1948 Et
1676 1890 1821 1949 Am-

257 1968 521 2044 brosius,
556 1971 666 2031 lib.
699 1973 775 2033 de
808 1975 1047 2048 Viduis,
1097 1977 1256 2037 circa
1284 1977 1473 2038 finem
1502 1997 1518 2039 ε
1553 1981 1822 2059 Proeeep-

255 2066 384 2121 tum
419 2063 666 2140 (inquit)
695 2067 760 2125 in
788 2067 1057 2129 subditos
1081 2072 1307 2144 fertur,
1334 2072 1649 2133 eonsilium
1672 2074 1824 2133 ami-

255 2154 343 2215 eis
372 2155 555 2214 datur
574 2178 602 2224 ,·
629 2157 732 2217 ubi
764 2166 1129 2236 praeceptum
1170 2168 1275 2235 est,
1315 2164 1404 2223 ibi
1449 2165 1544 2224 lex
1576 2170 1686 2225 est:
1719 2166 1823 2225 ubi

254 2247 593 2321 eonsilium,
616 2249 705 2308 ibi
724 2251 935 2326 qratia
962 2257 1069 2312 est.
1096 2255 1173 2312 Et
1202 2254 1404 2314 infra:
1448 2257 1823 2333 Praeceptum

254 2336 342 2396 ibi
382 2345 497 2410 eet,
546 2340 648 2399 ubi
677 2348 762 2403 est
796 2359 978 2419 pcena
1013 2347 1267 2419 peccati,
1309 2346 1523 2424 utique
1572 2354 1824 2426 propter

254 2431 678 2491 necessitatem
728 2451 918 2510 quam
978 2442 1349 2514 praeceptum
1408 2439 1665 2499 inducit.
1721 2441 1821 2501 Sic

258 2522 443 2581 etiam
498 2523 646 2584 dicit
674 2525 1056 2603 Augustinus
1080 2529 1146 2587 in
1175 2528 1282 2589 lib.
1323 2530 1399 2590 de
1437 2538 1645 2592 sancta
1681 2533 1819 2592 Vir-

257 2613 537 2690 ginitate,
561 2635 693 2696 cap.
721 2621 800 2678 14
826 2635 842 2677 :
869 2619 1121 2680 Domino
1141 2622 1522 2699 proeeipienti
1546 2643 1664 2685 uon
1687 2626 1818 2686 obe-

257 2707 386 2767 dire
413 2709 747 2770 damnabile
775 2717 860 2772 est
881 2736 906 2783 ,·
925 2717 986 2772 et
1009 2712 1170 2772 infra
1197 2730 1212 2771 ε
1241 2715 1546 2792 Proeeepto
1569 2718 1816 2795 quisque

252 2816 370 2858 non
402 2801 783 2879 obtemperat,
804 2822 942 2865 reus
964 2814 1070 2874 est,
1094 2812 1149 2866 et
1175 2807 1401 2867 debitor
1418 2825 1626 2885 poeuoe.
1658 2810 1814 2869 Pon-

255 2890 459 2950 derari
487 2893 671 2952 etiam
701 2900 899 2972 potest
926 2898 1090 2975 quod
1123 2899 1211 2957 ait
1246 2899 1595 2976 GregoriuS,
1634 2900 1673 2961 l.
1714 2904 1809 2977 12,

253 2999 353 3060 ep.
402 2985 476 3044 17
508 3029 528 3058 ,
560 2991 622 3044 81
646 2986 912 3047 refertur
952 2990 1018 3048 in
1045 3008 1178 3069 cap.
1213 2993 1241 3049 1
1281 2991 1358 3052 de
1387 2994 1603 3053 Donat.
1635 3015 1648 3051 :
1684 2996 1814 3057 No-

255 3076 470 3140 bilitas
527 3080 947 3157 quodammodo
999 3084 1118 3144 sibi
1168 3083 1351 3161 leqem
1406 3085 1700 3163 imponit,
1748 3093 1818 3148 ut

250 3169 454 3230 debere
486 3189 567 3243 se,
600 3174 756 3250 quod
792 3181 995 3252 sponte
1039 3177 1273 3246 tribuit,
1308 3179 1646 3238 existimet:
1676 3198 1817 3258 sup-

240 3262 424 3341 ponit
453 3265 619 3324 enim
643 3265 844 3342 legem
868 3267 1187 3346 imponere
1210 3269 1510 3329 debitum.
1539 3272 1815 3349 Denique

240 3356 628 3431 AristoteleS,
661 3360 689 3416 1
726 3358 951 3433 Ethic.,
982 3378 1114 3438 cap.
1140 3363 1202 3435 9,
1234 3361 1350 3421 hac
1376 3363 1615 3423 ratione
1655 3363 1812 3424 dixit

238 3448 310 3506 in
345 3447 486 3524 lege
531 3467 657 3509 esse
692 3450 820 3509 vim
877 3452 1252 3526 coactivam,
1309 3455 1455 3531 quia
1502 3455 1646 3515 licet
1686 3475 1811 3516 non

236 3541 450 3600 omnis
485 3541 587 3600 lex
614 3542 959 3620 specialiter
988 3563 1236 3623 poenam
1283 3546 1583 3624 imponat,
1620 3548 1810 3609 infert

231 3637 455 3693 tamen
480 3635 902 3695 necessitatem
930 3637 1168 3697 ratione
1197 3638 1370 3716 cujus
1404 3638 1590 3699 homo
1618 3640 1689 3700 fit
1716 3641 1807 3700 di-

227 3742 405 3803 gnus
437 3743 641 3803 poena,
665 3726 716 3785 si
744 3726 944 3804 legem
965 3730 1470 3806 transgrediatur.
1491 3733 1667 3792 Ratio
1695 3752 1799 3793 au-

224 3830 364 3878 tem
402 3819 667 3878 sumitur
694 3838 771 3879 ex
804 3821 985 3881 dictis
1012 3823 1088 3882 de
1124 3823 1466 3884 substantia
1488 3825 1641 3901 legis
1672 3843 1688 3885 τ
1716 3834 1805 3887 851

224 3913 411 3972 8111111
448 3912 778 3989 imperium
806 3915 1144 3992 procedens
1166 3935 1203 3976 a
1230 3916 1546 3978 voluntate
1569 3918 1802 3979 efficaci

221 4003 557 4081 obligandi
585 4005 716 4082 ejus
749 4007 855 4084 qui
901 4013 1261 4085 potestatem
1295 4009 1484 4069 habet
1510 4027 1529 4085 3
1562 4012 1667 4071 sed
1696 4030 1803 4071 vo·-

217 4096 441 4156 luntas
464 4096 677 4157 efficax
702 4101 1012 4178 supposita
1035 4106 1349 4178 potestate,
1376 4102 1611 4160 inducit
1626 4103 1803 4163 eflec-

216 4194 365 4249 tum
398 4204 424 4266 3
457 4208 625 4267 erg0.
656 4191 882 4251 Sensus
904 4199 1138 4264 autem,
1166 4198 1227 4251 et
1250 4193 1448 4269 major
1470 4192 1802 4254 declaratio

216 4283 590 4344 assertionis
632 4284 890 4362 patebit,
938 4283 1365 4364 respondendo
1411 4284 1488 4343 ad
1523 4303 1614 4357 ea,
1663 4303 1801 4362 quae

213 4377 285 4436 in
328 4376 545 4455 primo
582 4377 862 4437 membro
911 4377 1149 4455 objecta
1197 4381 1364 4450 sunt,
1404 4383 1467 4437 ct
1507 4377 1648 4436 ideo
1677 4377 1798 4437 illis

211 4469 734 4530 satisfaciendum
763 4480 875 4528 est.

297 4566 359 4625 5.
418 4564 706 4636 Quaenam
730 4563 883 4640 teqes
898 4561 1303 4638 permittentes
1321 4562 1571 4622 babeant
1590 4580 1790 4624 veram

208 4659 521 4719 rationem
532 4654 962 4732 labia—Circa
976 4653 1246 4731 primum
1263 4670 1410 4730 ergo
1424 4653 1498 4713 de
1509 4654 1643 4731 lege
1654 4673 1789 4733 per-

209 4750 486 4812 missiva
519 4765 648 4807 uno
675 4747 863 4807 verbo
893 4745 1233 4823 respondeo
1262 4762 1402 4804 cum
1440 4745 1646 4806 Castro
1674 4746 1716 4806 1.
1751 4750 1779 4806 1

207 4845 288 4905 (18
318 4844 467 4921 1838
498 4839 756 4918 poenal„
784 4858 839 4898 8.
872 4843 929 4912 1,
963 4838 1028 4896 111
1056 4836 1203 4910 fine,
1233 4837 1398 4915 leges
1426 4838 1787 4915 permitten-

202 4942 304 4998 tes
333 4935 407 4994 in
438 4937 688 4992 tantum
722 4949 850 4991 esse
878 4931 1066 5007 18385,
1099 4929 1165 4988 111
1193 4935 1493 5007 quantum
1523 4929 1786 4991 latenter

201 5028 456 5089 habent
508 5025 773 5084 admista
823 5027 1129 5101 praecepta
1150 5067 1169 5095 ,
1215 5023 1345 5082 sine
1386 5021 1611 5100 quibus
1657 5041 1783 5083 non

200 5125 420 5203 posset
444 5117 715 5193 intelligi
742 5116 1085 5195 permissiO,
1117 5121 1187 5174 ut
1208 5114 1551 5193 specialiter
1577 5116 1782 5176 decre-

201 5222 269 5275 ta
302 5231 422 5292 per
442 5211 670 5286 legem.
705 5209 880 5281 Quod
906 5207 1276 5285 significavit
1305 5207 1516 5267 Glossa
1542 5208 1608 5266 in
1631 5207 1776 5267 dict.

201 5309 329 5386 183.
382 5305 578 5382 Legis
613 5304 834 5374 virtus,
881 5301 1030 5359 (111111
1071 5300 1267 5360 11111111·
1305 5299 1586 5377 exemplo
1631 5299 1783 5377 legis

201 5402 460 5481 primae,
496 5393 644 5454 Cod.
676 5394 752 5453 de
771 5395 902 5454 Jnr.
941 5399 1003 5453 et
1026 5393 1165 5453 fact.
1198 5394 1380 5470 ignor
1399 5407 1418 5467 3
1456 5391 1564 5451 ubi
1598 5392 1783 5452 militi

202 5488 607 5575 permittitur
633 5487 724 5545 uti
758 5486 1217 5565 exceptionibus
1251 5490 1388 5565 post
1414 5486 1781 5547 sententiam

3386 397 3463 456 57

1906 502 2121 557 contra
2152 515 2216 557 se
2247 496 2462 572 latam,
2500 502 2751 576 propter
2785 515 2962 557 suam
2997 498 3415 576 ignorantiam
3445 517 3460 560 :

1906 606 2053 649 nam
2104 589 2211 649 illa
2246 591 2565 668 permissio
2603 590 2759 667 legis
2797 590 3030 669 obligat
3071 590 3338 668 judicem
3385 592 3463 652 ad

1904 682 2058 742 tales
2088 683 2474 761 exceptiones
2506 683 2940 757 admittendas,
2973 689 3035 743 et
3068 683 3235 743 idem
3269 690 3360 744 est
3396 685 3464 744 in

1905 774 2231 849 similibuS,
2262 781 2332 834 ut
2359 793 2489 853 cap.
2528 776 2809 853 sequenti
2834 775 3017 835 latius
3039 775 3379 854 explicabo.

1986 868 2047 926 6.
2093 868 2186 928 De
2241 867 2468 944 duplici
2518 867 2877 945 obliqatioue
2925 870 3352 930 consideranda
3398 871 3466 931 in

1906 959 2052 1037 leye.
2080 993 2159 1004 --
2189 960 2358 1020 Circa
2390 959 2726 1020 secundum
2767 961 2843 1020 de
2878 961 3016 1038 lege
3058 961 3319 1039 poenali,
3355 962 3464 1022 ad-

1906 1057 2081 1111 verto
2132 1051 2441 1129 duplicem
2485 1070 2658 1130 posse
2699 1052 2967 1130 intelligi
3011 1060 3356 1132 respectum
3396 1055 3462 1114 in

1904 1141 2017 1201 tali
2044 1141 2202 1221 lege,
2240 1161 2401 1202 unus
2436 1148 2528 1203 est
2560 1143 2640 1203 ad
2668 1143 2943 1221 judicem
2975 1145 3083 1223 qui
3114 1146 3463 1205 inflicturus

1904 1240 1995 1294 est
2016 1252 2265 1312 poenam
2291 1256 2305 1293 :
2334 1234 2490 1294 alius
2509 1242 2602 1295 est
2627 1236 2706 1296 ad
2729 1254 2905 1296 reum
2929 1238 3037 1314 qui
3061 1236 3232 1297 illam
3257 1256 3463 1315 passu-

1901 1345 2009 1386 rus
2032 1334 2142 1387 est.
2193 1328 2385 1387 Priori
2420 1327 2602 1388 modo
2640 1328 2761 1388 dici
2788 1334 2987 1406 potest
3017 1330 3115 1389 lex
3144 1328 3252 1388 illa
3279 1330 3462 1389 indu-

1902 1438 2042 1480 cere
2072 1419 2511 1498 obligationem
2537 1465 2555 1494 ,
2594 1426 2656 1481 et
2699 1422 3018 1499 imponere
3046 1421 3215 1481 illam
3240 1422 3459 1499 judici,

1900 1512 2200 1591 puniendi
2231 1512 2352 1572 tale
2385 1512 2677 1572 delictum
2721 1513 3059 1573 secundum
3101 1530 3460 1573 mensuram

1898 1622 2010 1682 per
2032 1604 2234 1679 legem
2261 1605 2697 1683 praescriptam.
2723 1606 2910 1665 Juxta
2928 1604 3079 1663 illud
3102 1605 3456 1682 Augustini,

1898 1695 2007 1757 lib.
2040 1696 2116 1757 de
2144 1714 2274 1755 ver.
2307 1697 2531 1775 Relig„
2564 1716 2616 1757 8.
2656 1698 2726 1757 31
2763 1718 2775 1755 :
2810 1697 2893 1758 In
2916 1698 3015 1758 bis
3036 1699 3463 1775 temporalibus

1900 1789 2152 1866 leyibus,
2202 1807 2561 1867 quamquam
2611 1790 2679 1849 de
2724 1790 2824 1851 bie
2868 1789 3132 1850 homines
3161 1790 3458 1866 judicent,

1899 1900 2031 1943 eum
2051 1899 2151 1942 eas
2169 1882 2520 1955 instituunt,
2542 1899 2676 1942 cum
2695 1885 2890 1942 tamen
2909 1882 3142 1956 suerint
3161 1882 3462 1943 instituta·
3537 1930 3542 1936 .

1901 1980 1955 2034 et
1972 1974 2258 2049 firmatae,
2282 1992 2399 2033 nou
2422 1974 2618 2034 licebit
2627 1974 2939 2048 judicibus
2959 1974 3027 2035 de
3048 1975 3135 2035 eie
3147 1974 3458 2052 judicare,

1903 2067 2006 2126 sed
2030 2067 2342 2126 seeundum
2366 2066 2556 2142 ipsae.
2599 2065 2741 2124 Haec
2764 2071 2973 2125 antem
3002 2065 3298 2143 obligatio
3327 2084 3459 2126 ma-

1896 2158 1999 2233 jor
2018 2162 2106 2216 est
2119 2157 2186 2216 in
2200 2158 2530 2217 ordinariis
2542 2157 2855 2234 judicibus
2874 2176 3060 2236 quam
3083 2159 3150 2217 in
3170 2178 3459 2238 supremo

1906 2249 2211 2327 Principe,
2260 2256 2330 2309 nt
2361 2249 2627 2309 declarat
2658 2251 2722 2309 D.
2765 2249 3030 2309 Thomas
3060 2252 3123 2309 Ξ.
3156 2253 3217 2324 2,
3253 2269 3313 2328 q.
3355 2254 3455 2325 67,

1901 2347 2020 2401 art.
2054 2345 2093 2401 4
2115 2357 2135 2417 3
2167 2343 2235 2401 in
2268 2343 2559 2402 omnibus
2590 2348 2801 2402 tamen
2833 2348 2924 2402 est
2951 2342 3182 2420 aliqua,
3214 2350 3461 2422 praeter-

1901 2451 2091 2510 quam
2121 2435 2184 2491 in
2216 2435 2360 2505 Deo,
2407 2434 2514 2511 qui
2556 2440 2648 2493 est
2681 2452 3002 2511 supremus
3043 2436 3362 2510 DominuS,
3399 2441 3462 2495 et

1898 2530 2100 2603 potest
2127 2542 2375 2603 poenam
2400 2531 2585 2603 prout
2604 2525 2868 2586 voluerit
2885 2526 3185 2601 relaxare,
3214 2527 3321 2588 sed
3344 2527 3461 2587 hoc

1900 2616 2056 2675 nihil
2089 2618 2169 2676 ad
2199 2635 2465 2694 praesens
2498 2616 2708 2676 refert.

1976 2710 2035 2767 7.
2082 2708 2252 2768 Circa
2297 2710 2698 2786 posteriorem
2730 2714 2942 2769 autem
2969 2716 3314 2788 respectum
3350 2711 3459 2771 ad-

1892 2800 2258 2861 vertendum
2284 2807 2376 2861 est
2393 2800 2547 2861 duas
2564 2819 2737 2879 posse
2761 2802 3026 2879 intelligi
3048 2802 3457 2879 obligationes

1892 2893 1959 2952 in
1986 2894 2123 2971 lege
2151 2910 2166 2952 ε
2204 2913 2333 2954 11118
2354 2900 2448 2954 851
2466 2895 2543 2954 8(1
2573 2894 2820 2973 culpam
2839 2939 2860 2969 ,
2896 2913 3031 2973 quae
3060 2895 3213 2955 solet
3239 2895 3363 2955 dici
3389 2897 3454 2957 in

1894 2987 2309 3047 conscientia:
2346 2986 2468 3046 alia
2511 2992 2602 3045 est
2641 2988 2717 3046 ad
2768 3004 3036 3065 poenam.
3093 2988 3269 3061 Nam,
3313 2988 3456 3049 licet

1895 3078 2029 3139 haec
2055 3080 2358 3159 posterior
2388 3079 2672 3140 videatur
2702 3079 2873 3140 illam
2919 3080 3188 3159 priorem
3230 3099 3454 3161 suppo-

1897 3190 2068 3246 nere,
2100 3173 2247 3250 quia
2273 3190 2458 3233 nemo
2486 3172 2558 3231 fit
2580 3172 2806 3248 dignus
2829 3190 3012 3250 poena
3038 3173 3159 3231 nisi
3192 3191 3303 3250 per
3324 3175 3451 3235 cul-

1897 3282 2064 3343 pam,
2110 3265 2516 3325 nihilominus
2543 3265 2910 3323 controverti
2940 3264 3092 3324 solet
3118 3282 3199 3323 an
3221 3264 3322 3325 lex
3344 3267 3452 3325 ali-

1893 3374 2017 3435 qua
2063 3357 2315 3416 inducat
2359 3356 2764 3435 posteriorem
2823 3356 3267 3434 obligationem
3319 3358 3452 3418 sine

1890 3449 2104 3526 priori,
2146 3448 2313 3526 quod
2341 3448 2539 3507 solum
2569 3448 2634 3507 in
2664 3447 3032 3526 quibusdam
3069 3447 3310 3525 legibus
3338 3449 3451 3509 hu-

1888 3542 2089 3601 manis
2130 3541 2315 3601 habet
2355 3539 2627 3618 aliquam
2664 3538 3111 3600 dubitationem
3146 3560 3160 3597 :
3210 3558 3355 3600 nam
3385 3543 3452 3601 in

1887 3634 2114 3694 divinis
2156 3641 2393 3695 certum
2441 3640 2531 3694 est
2577 3633 2732 3694 illud
2782 3634 3194 3712 principium:
3238 3634 3315 3695 de
3342 3636 3449 3696 illa

1885 3734 2095 3787 autem
2131 3728 2468 3806 quaestione
2512 3733 2723 3806 postea
2764 3727 3038 3787 dicemus
3062 3772 3081 3802 ,
3126 3728 3447 3789 tractando

1884 3820 1961 3880 de
2002 3821 2137 3898 lege
2171 3820 2421 3898 poenali.
2477 3822 2650 3880 Nunc
2683 3820 2781 3879 vel
2814 3826 3012 3898 potest
3041 3820 3309 3897 intelligi
3355 3839 3447 3881 as-

1883 3914 2069 3973 sertio
2096 3915 2293 3992 posita
2325 3914 2400 3973 de
2424 3913 2799 3990 obligatione
2828 3913 2891 3970 in
2933 3930 3182 3989 genere,
3209 3912 3444 3974 abstra-

1882 4005 2089 4064 hendo
2111 4005 2190 4064 ab
2220 4005 2343 4064 illis
2369 4004 2609 4063 duobus
2648 4004 2844 4063 modis
2888 4020 2904 4062 :
2950 4003 3049 4064 vel
3079 4004 3301 4064 melius
3324 4005 3444 4065 dici

1881 4102 2106 4175 potest,
2139 4097 2381 4156 etiamsi
2408 4095 2614 4170 aliqua
2639 4095 2741 4154 lex
2774 4113 2901 4154 non
2941 4095 3175 4171 obliget
3206 4097 3270 4154 in
3299 4114 3444 4157 con-

1884 4188 2138 4247 scientia
2166 4188 2242 4246 ad
2270 4192 2500 4258 actum,
2533 4190 2782 4262 propter
2811 4187 2985 4262 cujus
3013 4190 3441 4264 transgressio-

1881 4297 2030 4339 nem
2057 4297 2242 4357 poena
2269 4278 2633 4355 imponitur,
2679 4276 2956 4354 obligare
2989 4278 3204 4337 saltem
3234 4280 3333 4339 vel
3359 4282 3440 4340 ad

1878 4372 2057 4431 illum
2079 4415 2098 4445 ,
2153 4371 2251 4430 vel
2291 4370 2369 4430 ad
2418 4369 2818 4444 solvendam,
2859 4388 2968 4430 5811
3013 4371 3436 4433 sustinendam

1876 4482 2150 4544 poenam,
2197 4470 2261 4525 et
2294 4465 2384 4524 ita
2423 4481 2622 4542 neque
2669 4463 2837 4539 illam
2883 4464 3086 4542 legem
3130 4482 3261 4524 esse
3304 4465 3436 4526 sine

1873 4557 2084 4635 aliqua
2129 4556 2505 4634 obligatione
2549 4556 2804 4616 omnino
2846 4557 3115 4635 propria.
3155 4557 3292 4615 Dixi
3326 4575 3435 4618 au-

1869 4656 1996 4711 tem
2039 4652 2122 4713 ad
2147 4651 2519 4723 solvendam,
2562 4650 2653 4710 vel
2697 4651 3108 4712 sustinendam
3147 4667 3387 4727 poenam
3409 4696 3427 4724 ,

1868 4745 2017 4822 quia
2044 4745 2232 4805 etiam
2273 4743 2349 4803 de
2398 4743 2531 4821 ipsa
2562 4761 2748 4822 poena
2775 4743 3030 4820 quaestio
3057 4749 3169 4817 est,
3220 4761 3302 4803 an
3328 4742 3430 4804 lex

1866 4856 1976 4915 pcr
1999 4856 2061 4897 se
2085 4843 2146 4897 et
2163 4836 2517 4896 immediate
2545 4836 2776 4914 obliget
2799 4837 2876 4895 ad
2903 4836 3100 4908 illam,
3133 4853 3272 4913 quae
3300 4853 3428 4897 non

1865 4937 1956 4992 est
1981 4932 2083 4992 hic
2115 4931 2435 4991 tractanda
2472 4947 2492 5006 3
2532 4932 2678 4991 satis
2706 4931 2876 4990 enim
2910 4936 3004 4990 est
3031 4930 3108 4990 ad
3143 4932 3425 4991 assertio-

1863 5042 2008 5084 nem
2033 5025 2318 5102 positam,
2339 5023 2504 5102 quod
2524 5023 2776 5099 01111381,
2799 5022 2926 5081 sive
2946 5026 3113 5094 ante,
3140 5020 3267 5081 sive
3287 5028 3423 5099 post

1861 5116 2230 5178 sententiam
2259 5115 2489 5191 latam3
2540 5115 2666 5192 sive
2695 5113 2774 5174 ad
2797 5113 3129 5191 agendum,
3182 5114 3308 5175 sive
3341 5116 3421 5176 ad

1860 5229 1988 5271 non
2035 5208 2447 5270 resistendum
2467 5253 2487 5282 ,
2535 5214 2720 5285 atque
2759 5207 2847 5267 ita
2882 5206 2962 5267 ad
2997 5208 3418 5270 sustinendam

1862 5320 2134 5382 poenam.

1942 5395 2004 5454 8.
2055 5393 2272 5471 Opinio
2308 5392 2699 5453 asserentium
2736 5391 3127 5471 privileqium
3169 5411 3285 5453 uon
3326 5412 3416 5454 ee-

1863 5507 1923 5551 se
1941 5505 2141 5549 veram
2171 5486 2375 5564 teqem.
2412 5517 2489 5530 -
2516 5484 2829 5548 Sententia
2861 5487 3126 5548 auctoris
3152 5485 3413 5563 privile-
