3976 6219
985 377 1120 429 CAP.
1155 379 1216 429 X.
1252 378 1466 432 mmm
1496 374 1919 431 PERPETUITAS
1952 374 2049 425 81⁵1·
2081 374 2162 426 m!
2193 372 2463 426 RATIONE
2494 371 2692 425 LEGIS.

245 474 499 549 civium,
529 493 664 553 quae
691 495 841 538 cura
861 478 1101 557 expirat
1126 498 1237 559 per
1260 487 1521 541 mortem
1539 480 1637 541 vel
1667 498 1794 539 mu·

244 567 541 626 tationem
565 568 827 644 Praelati,
859 575 920 630 et
938 570 1076 630 ideo
1104 572 1290 654 etiam
1319 579 1513 634 cessat
1539 590 1801 651 praeccp·

246 663 401 718 tum.

329 754 425 810 11.
471 753 778 830 Rejicitur
813 753 1123 815 limitatio.
1164 788 1243 800 —
1288 755 1626 815 Dicendum
1653 770 1801 814 vero

246 848 338 902 est
378 843 791 903 differentiam
834 845 1044 905 datam
1079 847 1406 925 procedere
1444 864 1571 906 non
1602 846 1802 905 solum

244 935 323 995 de
351 943 652 1015 praecepto
681 939 823 998 dato
852 938 1149 1016 singulari
1169 958 1443 1018 personae
1470 938 1655 1018 (quod
1667 939 1801 1015 jam

246 1045 322 1087 ex
342 1028 449 1087 illo
477 1030 673 1107 capite
699 1047 823 1089 non
844 1035 936 1088 est
958 1030 1080 1104 lex,
1107 1032 1254 1109 quia
1274 1049 1402 1091 non
1423 1038 1516 1092 est
1539 1048 1803 1110 praecep·

247 1126 380 1180 tum
409 1125 786 1198 commune),
822 1121 928 1181 sed
960 1122 1147 1182 etiam
1192 1123 1268 1183 de
1305 1129 1609 1203 praecepto
1636 1140 1801 1183 com-

245 1214 425 1273 muni
458 1214 603 1275 dato
631 1216 1063 1275 communitati
1095 1217 1159 1275 in
1198 1217 1435 1276 bonum
1476 1233 1801 1276 commune

242 1305 462 1384 ipsius,
504 1313 573 1365 ut
599 1312 766 1367 recte
803 1313 1216 1384 exposuerunt
1247 1308 1624 1382 MenochiuS,
1661 1307 1802 1367 Cor-

246 1396 414 1458 duba
455 1411 518 1458 et
558 1399 792 1473 Sanci.,
831 1416 1018 1476 supra
1065 1405 1276 1460 contra
1313 1400 1646 1478 quemdam
1692 1400 1800 1461 Pe-

246 1496 416 1549 trum
453 1490 769 1563 Peuzebis‚
812 1489 1084 1568 quodlib.
1122 1495 1181 1567 1,
1212 1510 1272 1569 q.
1309 1493 1410 1567 21,
1451 1490 1663 1570 quide
1697 1508 1802 1568 ge-

247 1579 559 1640 neralibus
610 1582 926 1659 praeceptis
974 1582 1131 1642 dixit
1179 1600 1305 1643 non
1354 1584 1632 1661 expirare
1691 1600 1802 1661 per

248 1678 512 1731 mortem
552 1672 979 1750 praecipientis,
1028 1674 1193 1753 quod
1233 1674 1453 1734 falsum
1499 1681 1610 1748 est,
1655 1675 1803 1752 quia

251 1764 627 1823 consuetudo
654 1782 839 1841 quam
861 1766 1084 1843 allegat
1110 1765 1373 1845 Sylvest.
1402 1766 1478 1825 de
1507 1784 1802 1844 quocum-

250 1872 371 1933 que
409 1862 712 1934 praecepto
742 1856 956 1916 eadem
989 1863 1081 1917 est
1113 1875 1130 1917 ι
1167 1857 1329 1916 unde
1360 1858 1579 1935 colligo
1618 1858 1806 1917 ratio-

248 1964 394 2006 nem
423 1947 809 2024 adaequatam
848 1947 1035 2025 hujus
1070 1948 1429 2008 differentiae
1473 1966 1598 2007 non
1632 1966 1805 2025 posse

245 2040 406 2098 sumi
446 2058 518 2098 ex
550 2057 625 2097 eo
662 2039 825 2117 quod
866 2045 1237 2117 praeceptum
1271 2039 1547 2118 procedit
1581 2058 1619 2099 a
1658 2058 1805 2100 cura

244 2129 578 2206 singularis
604 2148 902 2207 personae,
934 2136 996 2190 et
1016 2149 1142 2190 non
1166 2131 1239 2191 fit
1257 2131 1507 2191 nomine
1529 2149 1805 2191 commu-

244 2221 455 2280 nitatis
478 2239 493 2281 :
516 2239 661 2281 nam
685 2228 1060 2300 proeceptum
1085 2223 1393 2298 generale,
1417 2222 1657 2282 etiamsi
1677 2241 1803 2283 non

241 2313 475 2373 feratur
515 2332 624 2392 per
662 2315 919 2373 modum
951 2313 1187 2393 statuti,
1237 2314 1316 2374 ad
1358 2331 1571 2374 curam
1617 2315 1805 2374 totius

244 2406 703 2466 communitatis
748 2413 810 2466 et
845 2406 1078 2466 bonum
1121 2406 1253 2482 ejus
1289 2406 1577 2484 pertinet.
1631 2407 1805 2466 Adde

247 2497 412 2577 quod
440 2497 608 2574 leges
641 2499 949 2558 canonicae
979 2515 1103 2556 non
1133 2496 1293 2556 fiunt
1321 2498 1574 2557 nomine
1609 2499 1801 2558 totius

245 2589 621 2668 reipublicae.
675 2608 782 2650 seu
819 2589 1303 2663 communitatis,
1344 2590 1493 2667 quia
1533 2594 1800 2667 potestas

248 2699 358 2760 per
384 2699 573 2759 quam
611 2682 729 2742 illae
758 2682 925 2759 leges
965 2681 1251 2741 feruntur
1293 2699 1421 2741 non
1454 2680 1733 2741 manavit
1764 2700 1803 2742 a

247 2775 724 2846 communitate,
772 2780 834 2835 et
861 2780 1069 2834 tamen
1096 2773 1202 2834 illa
1233 2773 1580 2834 differentia
1612 2774 1802 2834 etiam

250 2865 316 2925 in
359 2866 600 2943 legibus
644 2866 1083 2938 ecclesiasticis,
1134 2877 1197 2925 et
1242 2865 1556 2944 praeceptis
1595 2864 1801 2925 locum

248 2957 455 3017 habet.
483 2960 634 3017 Item
655 2976 688 3017 e
711 2974 1029 3031 converso,
1056 2957 1339 3035 quamvis
1355 2975 1464 3016 rex
1484 2957 1803 3035 praecipiat

249 3050 361 3109 uni
383 3050 734 3129 particulari
754 3066 1050 3128 personae,
1076 3054 1296 3128 potest,
1322 3049 1373 3108 si
1387 3048 1557 3124 velit,
1576 3047 1663 3107 ita
1688 3048 1807 3108 im-

249 3161 477 3221 ponere
525 3150 898 3221 praeceptum
932 3186 952 3215 ‚
1004 3146 1076 3201 ut
1125 3142 1307 3201 duret
1361 3146 1494 3219 post
1542 3146 1808 3200 mortem

249 3252 449 3308 suam,
480 3234 673 3295 donec
700 3252 736 3293 a
762 3251 873 3293 suo
897 3250 1239 3294 successore
1259 3238 1584 3293 revocetur
1611 3248 1628 3290 ε
1660 3231 1810 3310 quia

249 3326 302 3387 si
355 3331 555 3404 potest
610 3326 939 3404 praecipere
993 3325 1422 3385 communitati
1445 3369 1467 3400 ,
1524 3342 1636 3384 cur
1678 3340 1807 3383 non

250 3417 549 3495 singulari
577 3420 896 3496 personae‘l
923 3423 985 3478 et
1009 3423 1219 3477 tamen
1247 3422 1397 3475 tunc
1430 3416 1618 3476 etiam
1645 3415 1807 3475 dice-

251 3517 355 3571 tur
401 3510 563 3570 ferre
614 3510 767 3569 illud
812 3515 1185 3588 praeceptum
1242 3514 1539 3586 tanquam
1586 3525 1806 3584 gerens

252 3621 468 3663 curam
500 3602 826 3681 specialem
854 3602 993 3661 talis
1021 3619 1334 3679 personae:
1374 3618 1521 3678 ergo
1559 3618 1686 3660 non
1715 3605 1806 3659 est

250 3695 383 3755 haec
418 3696 738 3772 adaequata
777 3694 938 3754 ratio
976 3712 1087 3753 cur
1129 3694 1366 3772 expiret
1404 3698 1800 3771 praeceptum.

250 3790 405 3848 Item
433 3786 794 3865 respublica,
834 3786 1082 3864 quando
1114 3785 1422 3845 transtulit
1443 3790 1805 3863 potestatem

251 3881 319 3939 in
351 3879 695 3958 principem
719 3922 739 3951 ,
780 3896 908 3938 non
938 3877 1401 3938 communitatis
1427 3882 1670 3937 tantum
1698 3876 1803 3937 sed

251 3972 438 4032 etiam
484 3969 869 4048 singulorum
928 3987 1142 4028 curam
1190 3970 1282 4028 illi
1325 3969 1628 4029 commisit
1672 3985 1689 4028 ε
1732 3967 1801 4028 in

251 4065 383 4142 ipsa
409 4069 618 4122 autem
650 4061 967 4140 republica
989 4066 1122 4120 erat
1148 4066 1415 4139 potestas
1448 4059 1805 4138 imponendi

253 4160 621 4235 praeceptum
667 4152 1032 4232 particulare
1050 4196 1069 4226 ,
1112 4151 1277 4230 quod
1322 4150 1553 4228 obliget
1600 4169 1807 4229 perso-

252 4266 400 4307 nam
420 4245 821 4323 singularem,
845 4245 1038 4305 donec
1056 4248 1378 4304 revocetur
1406 4262 1420 4300 z
1450 4259 1599 4319 ergo
1620 4242 1809 4300 etiam

251 4340 321 4399 in
348 4338 685 4417 principem
711 4337 1022 4396 transtulit
1048 4336 1210 4395 hanc
1231 4339 1592 4413 potestatem
1618 4348 1634 4392 t
1663 4350 1809 4410 ergo

251 4436 448 4509 potest
467 4430 746 4507 princeps
767 4429 884 4489 hoc
904 4428 1086 4488 modo
1106 4427 1417 4504 singulare
1440 4430 1809 4503 praeceptum

248 4522 569 4601 imponere
602 4542 616 4579 :
655 4539 802 4598 ergo
844 4520 1193 4580 differentia
1224 4518 1331 4579 illa
1363 4536 1490 4578 non
1530 4518 1811 4595 provenit

253 4633 331 4676 ex
359 4632 432 4674 eo
454 4614 644 4692 quod,
677 4613 821 4674 licet
846 4614 927 4673 sit
952 4629 1302 4680 commune,
1336 4610 1535 4670 fertur
1566 4615 1674 4669 aut
1701 4627 1811 4688 per

254 4706 510 4765 modum
536 4706 712 4783 legis,
739 4711 847 4765 aut
872 4723 981 4782 per
1006 4703 1261 4763 modum
1290 4700 1626 4781 personalis
1653 4718 1810 4779 prae-

254 4797 434 4876 cepti.

338 4891 437 4948 12.
482 4887 953 4965 Declaratur-que
998 4887 1115 4947 hoc
1159 4883 1425 4963 amplius
1443 4928 1465 4959 ,
1514 4883 1662 4962 quia
1710 4881 1809 4942 vel

251 4981 566 5059 loquimur
584 4980 659 5041 de
686 4981 959 5059 principe
981 4978 1246 5039 habente
1274 4982 1640 5056 potestatem
1664 4993 1808 5035 con-

255 5073 444 5135 dendi
470 5073 695 5151 legem,
724 5072 823 5133 vel
852 5073 927 5132 de
956 5072 1232 5131 inferiori
1264 5071 1539 5144 Praelat0,
1576 5069 1673 5129 vel
1697 5087 1810 5146 gu-

254 5165 603 5240 bernatore,
633 5166 736 5244 qui
772 5170 967 5243 potest
996 5168 1294 5241 praecepta
1312 5162 1494 5233 ferre,
1518 5179 1643 5220 non
1662 5177 1808 5220 vero

255 5258 460 5335 legem
491 5263 779 5317 statuere.
831 5257 914 5315 De
951 5255 1137 5333 priori
1173 5258 1411 5314 constat
1439 5252 1625 5330 quod,
1669 5252 1811 5311 licet

254 5350 448 5429 possit
471 5349 673 5426 legem
707 5348 988 5421 condere,
1023 5351 1222 5425 potest
1262 5344 1449 5405 etiam
1479 5343 1809 5422 praecipere

257 5439 711 5516 communitati,
764 5457 891 5500 non
929 5435 1249 5500 condendo
1287 5435 1477 5514 leges,
1531 5435 1642 5516 qui
1685 5434 1809 5497 duo

1880 476 2048 535 modi
2067 475 2458 554 praecipiendi
2477 492 2603 534 non
2626 475 2879 551 possunt
2897 469 3116 532 melius
3139 471 3439 550 distingui

1882 585 2071 645 quam
2100 567 2166 626 in
2193 566 2473 644 praedicta
2505 565 2932 643 perpetuitate.
2981 565 3135 623 Nam
3165 582 3304 624 cum
3335 584 3437 625 os-
3475 598 3482 604 ·

1880 667 2126 720 tensum
2154 660 2233 719 sit
2260 678 2369 737 per
2406 658 2609 735 legem
2650 676 2823 736 posse
2851 656 3086 735 imponi
3116 656 3438 734 obligatio-

1883 770 2029 812 nem
2057 770 2193 831 quae
2222 752 2401 811 duret
2437 757 2574 829 post
2609 755 2869 809 mortem
2908 748 3338 826 praecipientis,
3377 756 3439 812 et

1880 843 2049 903 hunc
2077 843 2330 903 modum
2359 841 2753 920 praecipiendi
2776 858 2905 900 esse
2928 840 3197 900 maxime
3221 860 3439 903 conve-

1882 937 2158 996 nientem
2180 935 2468 1013 regimini
2487 933 2841 1012 reipublicae
2863 938 2926 993 et
2953 934 3236 1010 potestati
3257 933 3440 1012 legis-

1882 1028 2108 1101 lativae,
2130 1034 2292 1087 recte
2312 1026 2382 1086 fit
2405 1026 2904 1104 quotiescumque
2930 1025 3216 1103 princeps
3242 1026 3440 1087 decla-

1880 1125 1977 1179 rat
2003 1119 2358 1197 simpliciter
2384 1136 2447 1178 se
2479 1123 2745 1177 statuere
2772 1116 2871 1176 vel
2905 1116 3167 1177 condere
3195 1118 3396 1194 legem
3415 1161 3436 1192 ,

1880 1230 2109 1291 ponere
2150 1217 2520 1290 praeceptum
2570 1210 2657 1270 ita
2705 1208 3009 1283 durabile,
3064 1227 3135 1269 ac
3179 1209 3439 1270 subinde

1879 1305 2003 1366 tale
2044 1309 2415 1384 praeceptum
2467 1302 2804 1380 significari
2849 1301 3103 1361 nomine
3142 1301 3318 1379 legis.
3357 1302 3438 1364 At

1880 1415 2027 1457 vero
2054 1396 2303 1475 quando
2330 1401 2577 1455 tantum
2616 1394 2890 1473 praecipit
2929 1412 3055 1453 non
3085 1394 3434 1470 statuendo,

1880 1492 2127 1569 signum
2157 1497 2271 1565 est,
2317 1507 2443 1550 non
2477 1507 2587 1567 pro
2620 1487 2846 1548 futuris
2879 1487 3283 1565 temporibus,
3332 1488 3439 1549 sed

1880 1601 1992 1661 pro
2018 1589 2292 1661 tempore
2312 1580 2629 1661 praesenti,
2656 1598 2766 1639 seu
2784 1597 2897 1657 pro
2919 1584 3193 1657 tempore
3217 1579 3438 1656 guber-

1879 1676 2150 1737 nationis
2177 1694 2303 1736 suoe
2329 1674 2677 1753 proecipere,
2707 1691 2822 1733 nec
2853 1672 2947 1731 uti
2967 1674 3217 1752 propria
3242 1680 3442 1752 potes-

1879 1774 2007 1828 tatc
2029 1768 2398 1845 legislativa,
2420 1766 2524 1826 sed
2544 1771 2786 1825 tantum
2811 1765 3202 1843 praeceptiva,
3225 1772 3286 1826 et
3300 1767 3439 1828 ideo

1880 1867 2047 1920 recte
2077 1865 2355 1919 censetur
2380 1858 2498 1918 hoc
2532 1863 2905 1936 praeceptum
2933 1857 3214 1935 expirare
3242 1864 3441 1919 morte
3547 1917 3553 1922 .

1883 1951 2314 2029 praecipientis.
2362 1950 2539 2010 Unde
2561 1967 2599 2008 a
2625 1949 2861 2007 fortiori
2882 1948 3045 2008 idem
3070 1949 3441 2025 generaliter

1885 2049 1980 2102 est
2008 2042 2084 2101 de
2109 2047 2412 2119 praecepto
2443 2042 2600 2118 ejuS,
2631 2040 2737 2117 qui
2765 2056 2892 2098 non
2919 2039 3107 2099 habet
3129 2041 3440 2101 statuendi

1886 2138 2271 2211 potestatem,
2307 2133 2455 2210 quia
2492 2134 2558 2190 in
2599 2130 2705 2190 illo
2737 2148 2860 2189 non
2891 2130 3089 2189 solum
3117 2149 3195 2190 ex
3221 2132 3441 2192 volun·

1886 2230 2037 2300 tate,
2066 2224 2171 2285 sed
2195 2224 2382 2284 etiam
2409 2241 2487 2283 ex
2509 2222 2748 2282 defectu
2775 2223 3091 2300 potestatis
3117 2225 3442 2301 provenire

1884 2315 2163 2389 videtur,
2196 2321 2265 2374 ut
2292 2319 2667 2394 praeceptum
2705 2314 2838 2390 ejus
2879 2314 3274 2391 extinguatur
3300 2334 3443 2376 cum

1882 2416 2081 2467 morte
2103 2408 2257 2484 ejus,
2293 2407 2392 2466 vel
2412 2424 2553 2466 cum
2582 2404 2890 2464 ablatione
2914 2423 2953 2464 a
2980 2422 3270 2466 munere:
3298 2425 3444 2469 nam

1880 2499 1999 2559 hoc
2026 2499 2278 2577 perinde
2316 2502 2663 2576 reputatur,
2713 2503 2783 2556 ut
2809 2496 2876 2556 iu
2905 2498 3167 2557 materia
3194 2499 3271 2559 de
3303 2518 3446 2559 cen-

1879 2592 2039 2652 suris
2061 2592 2212 2652 dixi.
2246 2593 2453 2652 Posset
2470 2595 2683 2650 tamen
2710 2589 2971 2649 dubium
3004 2594 3239 2652 moveri
3255 2611 3360 2666 an,
3390 2592 3444 2653 si

1881 2684 2021 2744 talis
2048 2683 2329 2762 superior
2344 2682 2495 2743 velit
2534 2681 2768 2759 aliquid
2792 2682 3142 2760 praecipere,
3175 2702 3313 2743 cum
3339 2684 3444 2746 de-

1881 2774 2214 2834 claratione
2237 2791 2522 2851 expressa
2545 2779 2617 2832 ut
2637 2773 2817 2832 duret
2835 2779 3233 2851 praeceptum,
3253 2777 3443 2837 etiam

1879 2873 2017 2945 post
2056 2872 2345 2938 mortem,
2391 2866 2588 2925 donec
2631 2883 2671 2925 a
2712 2882 3054 2925 successore
3098 2874 3440 2941 revocetur,

1883 2957 2086 3018 valeat
2112 2957 2449 3035 dispositio.
2494 2957 2611 3017 Sed
2650 2957 2766 3017 hoc
2792 2975 2919 3016 non
2958 2957 3147 3018 refert
3173 2960 3252 3019 ad
3290 2979 3445 3039 prae-

1886 3068 2052 3125 senS,
2082 3055 2144 3109 et
2165 3049 2305 3112 ideo
2331 3048 2398 3108 in
2421 3049 2615 3108 alium
2646 3048 2848 3109 locum
2872 3048 3025 3109 illud
3043 3052 3441 3114 remittimus:

1889 3142 2036 3203 satis
2067 3143 2234 3203 enim
2264 3142 2443 3201 nobis
2475 3147 2567 3202 est
2591 3186 2611 3215 ‚
2662 3141 2822 3219 quod
2859 3141 3001 3219 jure
3040 3143 3351 3204 ordinario
3382 3151 3447 3205 et

1890 3235 2205 3295 communi
2230 3239 2602 3313 praeceptum
2624 3233 2986 3312 simpliciter
2997 3234 3217 3309 latum,
3237 3253 3277 3295 a
3295 3254 3445 3314 quo-

1885 3343 2153 3404 cumque
2203 3325 2461 3400 feratur,
2510 3341 2639 3384 non
2682 3323 2868 3384 habet
2917 3324 3339 3400 stabilitatem,
3382 3334 3447 3388 et

1885 3418 2050 3497 quod
2078 3419 2144 3478 in
2166 3418 2283 3478 hac
2306 3418 2407 3478 lex
2435 3422 2684 3496 superat
2711 3416 3026 3495 personale
3045 3426 3440 3499 praeceptum.

1967 3512 2066 3570 13.
2100 3511 2233 3570 Huc
2254 3510 2442 3570 etiam
2461 3514 2696 3588 spectat
2714 3509 2967 3587 vulgare
2987 3510 3254 3587 axioma,
3278 3512 3446 3591 quod

1884 3601 2468 3680 mandatum-spirat
2488 3606 2688 3662 morte
2717 3601 3096 3675 mandantis,
3133 3601 3175 3663 l.
3197 3606 3449 3665 manda-

1885 3699 2036 3766 tum,
2084 3711 2137 3752 c.
2171 3694 2480 3769 mandati,
2524 3711 2579 3753 c.
2619 3693 2900 3768 Gratum,
2932 3713 2987 3755 c.
3020 3695 3323 3770 Relatum,
3364 3695 3442 3757 de

1883 3785 2055 3846 Offic.
2079 3785 2380 3863 delegat„
2411 3803 2545 3865 cap.
2577 3785 2812 3860 ultim.,
2837 3804 2996 3847 vers.
3027 3787 3217 3850 Sacas
3244 3793 3442 3849 autem

1885 3878 1961 3938 de
1996 3876 2166 3937 Offic.
2205 3873 2392 3954 legat.
2417 3922 2437 3951 ,
2487 3884 2549 3937 et
2580 3877 2854 3938 doctores
2896 3879 3313 3940 communiter
3344 3880 3442 3940 his

1881 3969 2050 4040 lociS,
2080 3968 2400 4042 Covarrus,
2445 3967 2618 4028 r'ubr.
2658 3970 2735 4029 de
2766 3972 3059 4044 Testem„
3089 3990 3151 4050 p.
3185 3973 3246 4045 3,
3283 3990 3348 4034 n.
3377 3974 3440 4047 3,

1884 4066 1946 4120 et
1972 4060 2321 4119 Summistoe
2361 4060 2806 4132 communiter,
2841 4060 3028 4121 verbo
3053 4064 3439 4123 Mandatum.

1885 4151 2029 4210 Haec
2060 4154 2269 4208 autem
2300 4166 2420 4207 vox
2447 4149 2515 4206 in
2551 4147 2659 4206 illo
2700 4149 3008 4208 axiomate
3037 4153 3304 4211 sumitur
3330 4171 3442 4231 pro

1887 4238 2194 4320 personali
2217 4239 2534 4312 mandato,
2565 4254 2691 4297 non
2716 4238 3007 4316 prolege.
3031 4242 3160 4300 Imo
3180 4243 3446 4306 advertit

1890 4330 2199 4409 Sylvester
2233 4330 2294 4390 d.
2327 4348 2389 4407 q.
2429 4331 2466 4390 3
2495 4373 2517 4404 ,
2561 4346 2688 4389 non
2729 4330 2921 4410 accipi
2958 4331 3044 4391 ibi
3080 4334 3443 4396 mandatum

1890 4441 2000 4501 pro
2029 4427 2334 4501 praecepto
2361 4421 2723 4500 simpliciter
2760 4421 3076 4501 obligante
3101 4425 3181 4485 ad
3208 4426 3443 4506 aliquid

1888 4514 2261 4588 faciendum,
2292 4513 2398 4574 sed
2418 4531 2530 4593 pro
2553 4513 2939 4592 delegatione
2958 4517 3438 4594 jurisdictionis:

1887 4625 2036 4668 nam
2065 4607 2132 4666 in
2155 4613 2456 4685 praecepto
2476 4626 2627 4686 pure
2651 4613 2712 4669 et
2734 4609 2979 4688 proprie
3001 4610 3188 4687 dicto,
3210 4612 3446 4692 simpli-

1888 4700 2038 4759 citer
2064 4706 2126 4759 et
2150 4700 2282 4759 sine
2312 4699 2681 4760 limitatione
2708 4718 2924 4760 verum
2948 4707 3041 4762 est
3070 4721 3302 4764 cessare
3334 4723 3446 4782 per

1887 4797 2151 4851 mortem
2179 4793 2590 4870 praecipientis
2620 4813 2634 4851 ε
2667 4793 2735 4852 in
2775 4794 3069 4854 mandato
3099 4801 3309 4857 autem
3337 4797 3445 4857 ad·

1888 4884 2054 4942 ditur
2080 4884 2147 4943 in
2169 4885 2312 4960 jure
2338 4884 2626 4945 limitatio
2646 4929 2666 4959 ,
2713 4886 2771 4946 εἰ
2806 4904 2902 4947 ros
2941 4888 3136 4962 fuerit
3159 4889 3444 4966 intem-a.-

1888 4993 2036 5035 nam
2057 4975 2108 5034 si
2135 4974 2325 5037 fuerit
2344 4976 2655 5048 inchoata,
2675 4974 2962 5036 firmatur
2986 4979 3348 5054 jurisdictio,
3375 4986 3448 5040 ut

1887 5066 2066 5127 duret
2108 5068 2295 5128 etiam
2340 5073 2479 5146 post
2522 5073 2786 5126 mortem
2837 5069 3209 5131 mandantis.
3269 5071 3446 5145 Quod

1887 5164 2050 5220 recte
2095 5159 2637 5220 adnimadversum
2686 5163 2777 5219 est
2821 5180 2836 5217 τ
2899 5177 3025 5220 non
3087 5168 3180 5221 est
3230 5168 3444 5237 tamen

1889 5251 2324 5311 coarctandum
2376 5251 2737 5310 mandatum
2780 5251 2857 5310 ad
2908 5253 3398 5316 commissionem
3419 5299 3441 5332 ‚

1889 5362 1998 5403 seu
2023 5343 2470 5419 delegationem
2503 5342 2692 5402 solius
2722 5343 3169 5420 jurisdictionis
3195 5347 3444 5425 proprie

1889 5435 2070 5496 dictae
2093 5454 2108 5494 z
2137 5451 2285 5494 nam
2308 5435 2495 5495 etiam
2516 5433 2703 5497 habet
2722 5435 2888 5498 dicta
2901 5437 3122 5516 regula
3140 5437 3349 5499 locum
3374 5436 3444 5496 in
