3976 6219
548 332 628 390 16

543 436 679 513 quis
711 436 866 496 alius
889 437 969 495 sit
998 437 1064 495 in
1092 436 1223 514 ipso
1244 437 1591 515 legislatore
1621 441 1996 501 necessarius
2023 440 2101 500 ad

541 527 744 605 legem
778 529 1120 590 ferendam.
1171 530 1349 590 Multi
1393 533 1560 592 enim
1603 534 1958 593 existimant
2003 551 2101 591 re-

543 620 711 696 quiri
766 621 1022 680 ulterius
1079 623 1412 698 quemdam
1465 630 1674 683 actum
1727 623 2096 698 intellectuS,

541 729 725 788 quem
776 718 1000 772 vocant
1048 713 1525 789 intimationem,
1580 715 2094 794 explicationem,

539 803 639 862 vel
676 804 1156 864 insinuationem
1202 807 1537 866 voluntatis
1586 808 1915 886 superioris
1969 826 2097 867 res-

540 900 717 972 pectu
749 895 1054 955 inferioris
1087 915 1102 957 :
1134 916 1279 957 nam
1308 899 1475 958 hunc
1494 909 1697 959 actum
1734 900 1948 959 dicunt
1985 898 2097 957 ha-

538 986 683 1046 bere
717 990 1027 1065 propriam
1056 991 1361 1049 rationem
1402 992 1669 1070 imperii,
1707 997 1767 1052 et
1805 991 2094 1068 explicari

536 1077 642 1137 illa
680 1097 826 1138 voce
866 1082 1002 1141 Fac
1042 1082 1168 1155 hoc,
1213 1088 1275 1141 et
1302 1083 1391 1142 ita
1420 1085 1526 1158 (ut
1564 1084 1728 1142 infra
1765 1081 1998 1161 dicam)
2028 1082 2094 1140 in

534 1170 642 1229 illo
674 1172 1058 1231 constituunt
1091 1174 1402 1250 propriam
1450 1176 1753 1235 rationem
1802 1175 1978 1252 legis.
2020 1175 2096 1233 Et

533 1262 854 1338 fundatur,
881 1266 1028 1342 quia
1057 1265 1125 1324 in
1158 1266 1328 1325 omni
1348 1268 1702 1344 operatione
1731 1267 1951 1327 morali
1981 1284 2095 1345 pu-

536 1361 670 1414 tant
696 1356 862 1415 hunc
900 1362 1107 1416 actum
1139 1376 1267 1417 esse
1305 1360 1722 1419 necessarium
1763 1369 1902 1439 post
1938 1358 2095 1419 elec-

533 1448 765 1507 tionem
787 1448 863 1507 ad
887 1450 1335 1525 executionem,
1359 1457 1420 1510 et
1444 1451 1518 1511 de
1542 1452 1647 1511 illo
1664 1453 1939 1512 locutum
1962 1468 2093 1510 esse

531 1535 947 1612 Aristotelem,
974 1541 1013 1599 6
1040 1541 1267 1615 Ethic.,
1297 1544 1547 1619 quando
1584 1544 1742 1603 dixit
1777 1543 2091 1623 perfectis-

530 1631 757 1689 simum
789 1640 993 1692 actum
1022 1636 1362 1712 prudentiae
1394 1654 1523 1695 esse
1561 1638 1888 1716 imperare,
1920 1643 1981 1696 et
2017 1638 2083 1694 D.

532 1723 857 1798 Thomam,
884 1728 942 1784 1.
966 1728 1027 1798 Ξ,
1054 1733 1269 1803 quaest.
1302 1730 1394 1801 17,
1428 1730 1675 1805 quando
1699 1730 1873 1789 docet
1894 1731 2085 1807 impe-

529 1816 696 1875 rium
724 1835 853 1875 esse
881 1827 1087 1876 actum
1117 1819 1486 1878 intellectus,

613 1911 711 1966 11.
757 1910 884 1986 Ego
931 1928 1098 1985 vero,
1153 1912 1227 1969 in.
1260 1912 1615 1971 universum
1660 1913 1967 1991 loquendo
2011 1913 2086 1973 de

530 1997 789 2076 imperio
838 2007 1117 2080 respectu
1164 2004 1550 2080 propriarum
1596 2006 1934 2079 actionum,
1979 2024 2087 2064 seu

528 2093 945 2167 potentiarum
1002 2094 1407 2170 eJusdemmet
1461 2098 1768 2172 operantis
1788 2143 1806 2171 ,
1855 2099 2081 2172 sentio,

526 2189 662 2259 post
689 2183 1074 2258 electionem,
1107 2178 1213 2245 seu
1235 2192 1440 2245 actum
1462 2187 1817 2263 voluntatiS,
1841 2208 1962 2266 quo
1982 2189 2086 2248 de-

526 2276 855 2336 terminate
883 2283 944 2336 et
972 2278 1296 2338 efficaciter
1324 2280 1461 2356 quis
1486 2281 1621 2339 vult
1663 2281 1896 2359 aliquid
1934 2301 2083 2360 ope-

526 2368 648 2426 rari
704 2368 780 2427 ad
831 2376 1026 2445 extra,
1076 2388 1218 2429 cum
1268 2372 1558 2430 omnibus
1611 2374 2087 2450 particularibus

525 2461 977 2521 conditionibus
1003 2464 1313 2540 requisitis
1350 2464 1427 2523 ad
1460 2466 1772 2542 agendum
1806 2485 1880 2525 ex
1910 2474 2086 2544 parte

522 2551 1123 2613 circumstantiarum
1154 2560 1215 2614 et
1242 2557 1531 2634 potentiae
1568 2559 1922 2633 executivae,
1959 2578 2087 2619 non

524 2646 756 2721 requiri
778 2653 980 2706 actum
1009 2648 1280 2726 aliquem
1310 2650 1677 2725 intellectuS,
1724 2652 1831 2729 qui
1869 2652 2086 2712 imme-

523 2735 686 2796 diate
715 2738 1019 2815 dirigatur
1037 2740 1113 2800 ad
1133 2742 1474 2819 potentiam
1500 2750 1902 2822 exequentem
1914 2761 1933 2820 ;
1957 2745 2084 2805 imo

521 2845 635 2886 nec
676 2829 863 2889 talem
891 2837 1096 2891 actum
1126 2851 1254 2893 esse
1283 2834 1653 2913 possibilem.
1692 2837 1845 2908 Quia
1883 2856 2082 2915 neque

518 2925 793 2999 potentia
823 2943 1130 3003 exequens
1158 2928 1416 3005 percipit
1438 2928 1568 2986 vim
1592 2929 1857 3007 imperii,
1883 2949 2081 3008 neque

522 3014 599 3073 ad
625 3015 1002 3076 intellectum
1033 3024 1266 3095 spectat
1293 3020 1603 3097 applicare
1631 3022 1971 3099 potentiam
2003 3023 2080 3083 ad

525 3108 932 3185 operandum,
989 3111 1096 3170 sed
1149 3112 1347 3171 solum
1390 3132 1731 3193 proponere
1767 3116 2080 3194 objectum

522 3200 847 3277 voluntati,
892 3202 973 3262 ad
1012 3221 1201 3281 quam
1253 3211 1485 3284 spectat
1529 3212 1740 3285 postea
1774 3209 2080 3287 applicare

518 3295 783 3374 reliquas
820 3297 1127 3374 potentias
1154 3298 1232 3358 ad
1252 3317 1458 3374 usum,
1489 3305 1561 3358 ut
1583 3306 1673 3360 est
1692 3303 2083 3362 communior

520 3390 845 3465 sententia,
872 3409 1058 3467 quam
1083 3408 1362 3470 suppono
1390 3410 1468 3452 ex
1493 3397 1522 3452 1
1537 3437 1551 3452 .
1571 3395 1631 3468 2,
1650 3400 1864 3473 quaest.
1894 3399 1995 3470 17,
2020 3400 2082 3455 et

519 3499 594 3541 ex
636 3484 984 3543 auctoribus
1024 3502 1174 3562 quos
1212 3484 1499 3560 referam,
1543 3487 1739 3565 capite
1773 3489 2075 3567 sequenti,

519 3575 919 3654 eamdemque
954 3594 1082 3637 rem
1115 3578 1337 3656 saepius
1381 3578 1649 3657 satisque
1691 3579 1824 3641 fuse
1869 3582 2071 3659 attigi,

518 3670 696 3727 tract.
722 3668 799 3728 de
823 3670 1134 3744 Praedest.,
1171 3670 1211 3730 l.
1241 3674 1300 3744 1,
1328 3690 1379 3732 c.
1411 3674 1488 3732 16
1512 3677 1573 3732 et
1607 3675 1706 3746 17,
1735 3679 1795 3733 et
1824 3679 2001 3734 tract.
2035 3676 2076 3734 4

518 3759 594 3819 de
624 3759 848 3839 Relig.,
880 3761 1039 3823 libro
1073 3766 1131 3835 1,
1174 3782 1224 3824 c.
1267 3765 1329 3839 3,
1351 3770 1411 3825 et
1431 3770 1610 3824 tract.
1648 3766 1708 3837 6,
1738 3764 1783 3824 l.
1812 3770 1871 3842 1,
1896 3770 2069 3827 c.12.

602 3853 700 3911 ⁴2.
746 3855 873 3913 Hac
897 3873 1043 3915 vero
1061 3855 1342 3916 doctrina
1363 3857 1676 3936 supposita
1695 3859 1857 3919 circa
1878 3860 2074 3939 impe-

517 3945 682 4004 rium
722 3947 1201 4026 uniuscujusque
1229 3949 1308 4008 ad
1347 3950 1638 4027 seipsum,
1695 3952 1772 4012 de
1812 3953 2072 4032 imperio

515 4039 701 4097 unius
726 4038 810 4097 ad
838 4038 1031 4099 alium
1062 4042 1399 4102 necessario
1432 4041 1761 4104 dicendum
1792 4052 1905 4120 est,
1937 4052 2074 4125 post

514 4136 718 4190 actum
753 4132 1087 4193 voluntatis
1122 4135 1508 4213 legislatoriS,
1540 4155 1728 4214 quem
1755 4157 1942 4218 supra
1968 4141 2072 4201 de-

514 4223 765 4299 claravi,
797 4226 995 4287 solum
1025 4228 1259 4306 requiri
1281 4247 1354 4288 ac
1387 4231 1802 4291 necessarium
1836 4251 1966 4293 esse
2001 4240 2073 4293 ut

513 4315 825 4394 legislator
846 4318 998 4379 illud
1027 4338 1210 4380 suum
1232 4321 1546 4382 decretum
1574 4329 1635 4383 et
1651 4324 1956 4401 judicium
1977 4326 2073 4406 in-

513 4409 739 4483 sinuet,
787 4413 1171 4486 manifestet,
1215 4432 1323 4473 seu
1368 4415 1616 4474 intimet
1661 4416 1938 4493 subditis,
1992 4420 2072 4479 ad

510 4519 664 4579 quos
692 4502 793 4562 lex
829 4503 960 4582 ipsa
983 4504 1268 4564 refertur.
1301 4506 1429 4565 Hoc
1459 4507 1628 4576 enim
1656 4512 2070 4572 necessarium

510 4600 620 4669 est,
662 4596 807 4672 quia
847 4596 997 4655 alias
1037 4615 1164 4656 non
1214 4602 1414 4675 posset
1452 4597 1736 4659 voluntas
1776 4604 2070 4682 principis

509 4686 785 4765 obligare
809 4688 1147 4763 subditum,
1181 4690 1329 4767 quia
1360 4707 1487 4750 non
1514 4691 1920 4756 innotesceret
1947 4697 2062 4771 illi,

506 4785 578 4838 ut
604 4780 878 4840 dicemus
913 4781 1120 4856 latius,
1154 4787 1406 4859 agentes
1439 4783 1514 4843 de
1543 4786 2059 4866 promulgatione.

508 4871 680 4943 Quod
708 4878 920 4933 autem
938 4873 1056 4934 hoc
1079 4874 1362 4950 sufficiat,
1392 4881 1583 4953 patet,
1613 4880 1760 4955 quia
1782 4880 2066 4942 voluntas

505 4964 800 5043 principis
829 4971 920 5025 est
947 4984 1024 5026 ex
1063 4985 1127 5026 se
1166 4966 1415 5026 efficax:
1460 4985 1606 5028 nam
1643 4976 1735 5030 est
1775 4990 1852 5031 ex
1895 4974 2064 5034 suffi-

505 5054 691 5114 cienti
718 5063 1036 5134 potestate,
1069 5065 1131 5118 et
1164 5076 1308 5118 cum
1335 5059 1612 5121 absoluto
1639 5062 1883 5124 decreto
1912 5065 2065 5126 obli-

504 5149 718 5225 gandi,
749 5154 818 5207 ut
851 5151 1248 5228 supponitur:
1285 5169 1432 5230 ergo
1459 5154 1511 5212 si
1544 5154 1650 5214 illa
1685 5156 2063 5219 sufficienter

501 5247 881 5318 proponatur
920 5242 1185 5317 subditO,
1236 5250 1522 5321 operatur
1561 5248 1722 5324 quod
1761 5249 1921 5308 vult:
1968 5252 2064 5309 in-

501 5333 670 5392 ducit
724 5351 871 5411 ergo
913 5333 1079 5413 oblig
1103 5335 1385 5395 tionem:
1440 5355 1589 5415 ergo
1631 5349 2062 5402 consummata

500 5431 595 5485 est
615 5426 748 5490 lex:
777 5445 925 5508 ergo
945 5426 1103 5487 nihil
1120 5427 1290 5488 aliud
1312 5431 1724 5494 necessarium
1752 5440 1863 5495 est.
1886 5435 2061 5509 Quod

1541 340 1658 391 LIB.
1692 341 1729 390 1.
1767 340 1848 391 DE
1878 338 2132 390 NATURA
2163 342 2227 393 IN
2258 343 2418 397 LEGE
2451 346 2743 399 commum.

2183 459 2529 520 evidentius
2569 461 2873 522 constabit
2913 480 2988 523 ex
3040 464 3336 541 dicendis,
3391 469 3588 547 capite
3641 491 3745 532 sc-

2181 551 2419 626 quenti.

2262 644 2357 701 13.
2376 645 2459 703 De
2477 644 2582 704 illa
2599 663 2745 705 vero
2765 646 3109 709 intentione
3130 654 3389 724 constat,
3412 654 3745 717 consistere

2177 733 2244 791 in
2288 733 2600 796 locutione
2649 739 2918 815 quadam
2937 785 2958 814 ,
3020 759 3128 801 seu
3168 742 3478 804 locutione
3526 765 3743 824 quam-

2177 844 2444 904 cumque
2484 829 2998 905 significationem
3034 851 3142 893 seu
3178 835 3741 900 manifestationem

2175 917 2404 977 interni
2449 925 2618 980 actus
2646 922 2825 981 alteri
2863 923 3088 984 factam
3133 927 3735 1003 comprehendendo,

2176 1009 2316 1068 Haec
2349 1017 2556 1071 autem
2586 1012 2812 1073 locutio
2835 1015 2887 1073 si
2914 1023 3079 1076 recte
3108 1018 3549 1093 consideretur,
3585 1041 3742 1100 prae-

2176 1103 2388 1161 sertim
2429 1105 2496 1163 in
2520 1105 2735 1166 ordine
2760 1106 2838 1165 ad
2879 1114 3248 1184 creaturam,
3284 1110 3603 1189 perficitur
3630 1133 3741 1193 per

2175 1199 2382 1253 actum
2419 1201 2862 1272 transeuntem,
2890 1200 2997 1277 qui
3028 1201 3238 1278 aliquo
3267 1203 3452 1262 modo
3483 1207 3738 1267 tandem

2173 1285 2466 1363 recipitur
2490 1288 2555 1346 in
2602 1307 2675 1349 eo
2708 1291 2807 1349 cui
2841 1290 2912 1348 fit
2943 1290 3190 1352 locutio.
3225 1295 3305 1353 Ut
3339 1295 3500 1355 inter
3535 1297 3739 1358 homi-

2174 1395 2284 1437 nes
2319 1379 2571 1439 evidens
2621 1387 2710 1440 est
2737 1398 2752 1441 ε
2786 1387 2848 1441 et
2878 1382 3044 1442 idem
3077 1396 3200 1444 'suo
3240 1386 3422 1446 modo
3450 1389 3735 1450 existimo

2174 1485 2300 1528 esse
2319 1469 2483 1530 inter
2502 1471 2769 1549 Angelos
2794 1489 2810 1531 ε
2834 1491 3004 1547 nam,
3029 1475 3081 1534 si
3105 1476 3159 1534 is
3177 1477 3286 1554 qui
3307 1476 3580 1555 loquitur
3605 1499 3733 1541 non

2172 1561 2490 1639 imprimat
2518 1563 2751 1641 aliquid
2803 1566 2860 1625 ei
2906 1567 2984 1626 ad
3026 1586 3211 1645 quem
3260 1569 3560 1648 loquitur,
3609 1593 3734 1634 non

2171 1654 2587 1714 manifestabit
2615 1656 2704 1714 illi
2733 1665 3096 1736 conceptum
3117 1678 3319 1720 suum.
3353 1664 3427 1721 Et
3451 1664 3614 1724 idem
3643 1672 3733 1726 est

2169 1744 2245 1803 de
2271 1746 2392 1804 Deo
2424 1753 2702 1824 respectu
2728 1755 3153 1810 creaturarum
3185 1771 3200 1812 t
3235 1772 3359 1812 non
3392 1757 3558 1814 enim
3586 1758 3727 1816 inti-

2168 1837 2361 1895 mavit
2388 1838 2544 1897 Deus
2570 1838 2806 1898 Adamo
2831 1859 3005 1900 suam
3034 1843 3415 1905 voluntatem
3443 1846 3518 1906 de
3542 1849 3727 1908 absti-

2167 1929 2371 1988 nendo
2402 1930 2480 1989 ab
2525 1948 2632 1989 esu
2663 1931 2899 1991 arboris
2924 1934 3088 2007 vitae,
3127 1936 3244 1993 nisi
3274 1955 3383 2013 per
3411 1939 3729 1999 revelatio-

2166 2039 2311 2080 nem
2353 2022 2626 2100 aliquam
2671 2025 2785 2102 ipsi
2820 2025 3056 2085 Adamo
3095 2027 3344 2100 factam,
3393 2036 3455 2090 et
3484 2033 3534 2090 si
3566 2034 3722 2093 Deus

2167 2114 2517 2174 manifestet
2545 2115 2723 2176 beato
2765 2117 2832 2176 in
2865 2118 3069 2178 Verbo
3102 2120 3250 2196 quid
3280 2121 3428 2180 velit
3469 2124 3548 2183 ab
3593 2125 3729 2202 ipso

2167 2204 2325 2279 fieri,
2365 2208 2625 2284 ipsamet
2667 2210 2820 2268 visio
2861 2211 3067 2285 Verbi,
3109 2231 3246 2290 quae
3280 2223 3369 2274 est
3410 2216 3476 2274 in
3519 2217 3725 2295 beato,

2165 2297 2354 2357 habet
2376 2300 2503 2358 vim
2545 2299 2872 2361 locutionis
2900 2308 2960 2361 et
2988 2304 3397 2365 intimationis
3429 2308 3531 2367 Dei
3569 2315 3731 2371 circa

2166 2390 2288 2449 tale
2318 2398 2713 2469 praeceptum.
2749 2394 2829 2452 De
2862 2394 3171 2456 locutione
3199 2404 3406 2458 autem
3433 2406 3730 2461 creaturae

2167 2482 2245 2540 ad
2277 2483 2495 2556 Deum,
2526 2484 2647 2543 alia
2675 2490 2765 2544 est
2792 2487 2970 2561 ratio,
3003 2487 3079 2547 de
3102 2480 3223 2566 qua
3247 2490 3401 2563 dixi,
3432 2492 3497 2551 in
3542 2493 3727 2553 citato

2166 2573 2298 2633 loco
2321 2574 2395 2634 de
2416 2577 2581 2635 Orat.
2591 2621 2610 2650 ,
2633 2576 2735 2636 hic
2759 2585 2966 2638 autem
2987 2598 3113 2638 non
3133 2581 3321 2641 habet
3338 2583 3566 2660 locum,
3580 2586 3729 2663 quia

2167 2684 2294 2725 non
2334 2674 2533 2745 potest
2564 2676 2845 2730 creatura
2871 2670 3177 2750 imperare
3220 2675 3364 2735 Deo.

2247 2762 2346 2819 14.
2403 2762 2585 2823 Ultra
2612 2768 2781 2823 actus
2814 2771 3159 2827 numeratos
3188 2769 3526 2846 requiritur
3558 2776 3730 2833 actus

2164 2851 2493 2914 intellectus
2522 2856 2604 2914 ad
2629 2855 2977 2933 loquendum
3002 2858 3432 2919 subdita—Ex
3453 2860 3550 2919 his
3579 2880 3727 2940 ergo

2163 2943 2457 3004 concludo
2477 2991 2492 3017 ,
2541 2953 2680 3024 post
2726 2947 3089 3025 praedictum
3138 2957 3344 3010 actum
3391 2952 3727 3014 voluntatis

2161 3037 2362 3096 solum
2389 3040 2623 3118 requiri
2653 3040 2719 3098 in
2751 3040 3098 3119 legislatore
3127 3049 3335 3103 actum
3357 3045 3723 3125 intellectus,

2161 3131 2269 3208 qui
2297 3131 2377 3190 ad
2416 3131 2796 3210 loquendum
2841 3134 3083 3195 subdito
3114 3136 3189 3196 de
3223 3136 3332 3196 tali
3372 3157 3464 3213 re,
3492 3138 3592 3199 vel
3621 3140 3725 3200 de-

2162 3229 2328 3284 creto
2369 3225 2748 3285 necessarius
2775 3226 2979 3288 fuerit.
3018 3229 3092 3288 Et
3117 3238 3561 3308 consequenter
3594 3250 3724 3295 esse

2159 3316 2385 3394 poterit
2416 3318 2795 3378 necessarius
2821 3337 3020 3379 novus
3046 3327 3214 3381 actus
3236 3324 3570 3385 voluntatis
3593 3326 3725 3388 effi-

2160 3409 2362 3469 ciendi
2398 3409 2647 3487 signum
2693 3412 3094 3473 manifestans
3137 3415 3406 3492 priorem
3437 3419 3722 3480 volunta·

2159 3507 2307 3560 tem.
2346 3503 2426 3562 Ut
2467 3503 2534 3561 in
2564 3504 2740 3564 nohis
2780 3506 3118 3582 requiritur
3153 3509 3555 3586 apprehensio
3584 3531 3723 3573 ver-

2158 3592 2376 3653 borum
2396 3641 2416 3670 ,
2473 3596 2700 3672 quibus
2745 3597 3009 3657 locuturi
3054 3617 3289 3677 sumuS,
3334 3608 3395 3662 et
3436 3605 3721 3666 voluntas

2156 3688 2444 3747 movendi
2472 3687 2781 3766 linguam:
2817 3696 2879 3750 et
2897 3691 3006 3766 ita,
3033 3694 3425 3771 proportione
3453 3704 3716 3775 servata,

2154 3779 2221 3838 in
2251 3781 2525 3860 principe
2563 3783 2902 3861 requiritur
2936 3789 3006 3842 ut
3031 3803 3141 3863 per
3167 3787 3546 3851 intellectum
3575 3810 3722 3853 con-

2156 3874 2342 3952 cipiat
2364 3877 2621 3936 modum
2643 3877 2976 3937 intimandi
3004 3878 3229 3957 legem,
3257 3887 3318 3942 et
3355 3889 3423 3942 ut
3465 3902 3574 3962 per
3613 3904 3721 3945 vo-

2154 3964 2457 4028 luntatem
2481 3968 2626 4029 velit
2645 3971 2865 4049 exequi
2883 3971 3371 4052 intimationem3
3391 3977 3557 4054 quod
3572 3996 3719 4039 cum

2154 4061 2547 4137 proportione
2571 4069 2769 4140 potest
2782 4064 2862 4123 ad
2883 4065 3073 4124 Deum
3090 4066 3415 4145 applicari:
3438 4068 3526 4128 ita
3544 4071 3718 4131 enim

2152 4153 2314 4212 hanc
2350 4154 2811 4216 intimationem
2839 4164 3127 4235 operatur
3154 4159 3313 4219 sicut
3344 4161 3496 4220 alios
3532 4162 3717 4224 effec-

2156 4248 2252 4304 tus
2281 4264 2443 4305 suos,
2476 4247 2750 4325 Denique
2788 4255 2923 4326 post
2967 4250 3328 4327 praedictum
3371 4260 3579 4314 actum
3607 4273 3716 4315 vo-

2152 4336 2407 4398 luntatis
2449 4339 2715 4417 intelligi
2762 4341 2951 4401 etiam
3005 4348 3206 4421 potest
3252 4344 3317 4403 in
3364 4344 3714 4423 legislatore

2152 4447 2349 4488 novus
2382 4436 2550 4489 actus
2576 4431 2944 4508 intellectus,
2969 4452 3091 4511 quo
3109 4434 3278 4495 videt
3295 4436 3466 4497 illam
3494 4439 3714 4499 volun-

2152 4526 2340 4582 tatem
2363 4540 2561 4596 suam,
2592 4528 2661 4581 ut
2699 4524 2764 4582 in
2798 4525 2921 4584 Deo
2955 4525 3360 4604 intelligimus
3388 4530 3711 4592 scientiam

2147 4614 2400 4674 visionis
2427 4615 2825 4693 posteriorem
2853 4616 2963 4677 illa
2991 4618 3327 4680 voluntate.
3362 4622 3494 4694 Quo
3522 4624 3713 4684 etiam

2145 4703 2217 4765 fit
2258 4712 2328 4765 ut
2367 4706 2680 4784 legislator
2725 4714 2862 4785 post
2907 4711 3325 4787 cognitionem
3363 4733 3489 4774 suae
3529 4715 3706 4793 legis,

2144 4798 2322 4859 aliter
2353 4801 2542 4860 etiam
2569 4801 2806 4878 judicet
2830 4801 2905 4862 de
2926 4805 3186 4865 materia
3211 4805 3364 4884 legis
3384 4826 3569 4885 quam
3597 4826 3711 4868 an-

2145 4895 2268 4964 tea,
2301 4892 2448 4968 quia
2475 4892 2645 4970 prius
2686 4893 2887 4953 solum
2926 4895 3246 4972 judicabat
3277 4898 3449 4958 illam
3491 4907 3560 4959 ut
3601 4918 3712 4979 ap-

2145 4986 2274 5040 tam
2304 4983 2632 5061 imperari:
2663 4991 2872 5062 postea
2896 5005 3043 5046 vero
3064 4989 3300 5064 judicat
3322 5009 3461 5050 eam
3498 4999 3567 5052 ut
3598 5011 3709 5054 ne-

2144 5075 2468 5134 cessariam
2511 5076 2588 5134 ad
2632 5076 3018 5138 honestatem
3064 5098 3309 5140 morum
3351 5102 3429 5143 ex
3460 5085 3708 5146 decreto

2144 5182 2278 5223 suo.
2311 5166 2457 5238 Quae
2483 5168 2694 5227 omnia
2717 5170 2869 5229 adeo
2893 5176 3040 5229 sunt
3065 5173 3418 5249 manifesta,
3463 5182 3532 5235 ut
3574 5196 3706 5237 non

2142 5255 2466 5334 indigeant
2506 5278 2666 5319 nova
2706 5263 3085 5338 probatione.
3135 5267 3452 5338 Quomodo
3492 5276 3708 5329 autem

2140 5347 2271 5406 haec
2298 5350 2376 5408 ad
2407 5351 2604 5429 legem
2639 5361 3029 5431 concurrant,
3073 5363 3256 5435 atque
3295 5360 3449 5419 adeo
3482 5362 3548 5419 in
3577 5380 3706 5439 quo

2140 5446 2284 5501 actu
2306 5441 2415 5504 illa
2440 5445 2639 5524 posita
2665 5446 2767 5523 sit,
2788 5447 3063 5509 dicemus
3086 5450 3284 5529 capite
3312 5454 3617 5532 sequenti.
