3976 6219
515 425 634 483 118

514 530 648 589 haec
667 545 767 587 res
794 526 978 586 latius
999 528 1248 587 tractari
1274 527 1426 587 solet
1451 528 1518 585 in
1543 526 1806 587 materia
1827 526 1903 586 de
1929 527 2073 585 Pec-

519 621 672 680 catis
706 622 764 680 4.
798 622 858 694 2,
904 638 965 696 q.
1012 621 1288 702 76,·mea
1326 620 1631 679 sententia
1674 618 1943 678 breviter
1988 623 2078 677 est

517 713 719 791 prima
738 711 1044 790 principia
1069 711 1343 788 ignorari
1366 730 1493 771 non
1517 729 1690 790 posse
1714 710 1841 770 ullo
1864 709 2072 784 mod0,

516 803 748 862 nedum
776 802 1256 862 invincibiliter:
1295 810 1599 883 praecepta
1635 821 1780 863 vero
1809 802 2074 881 particu-

515 894 672 955 laria
700 913 834 973 quae
876 894 974 954 vel
1003 912 1111 972 per
1147 913 1210 954 se
1255 901 1404 955 nota
1441 901 1606 969 sunt,
1645 895 1745 955 vel
1780 893 2071 953 facillime

517 1006 595 1048 ex
631 1006 741 1066 per
777 1005 842 1047 se
877 989 1038 1047 notis
1075 987 1473 1065 colliguntur,
1517 988 1790 1066 ignorari
1818 986 2072 1066 quidem

517 1097 714 1158 posse,
751 1098 878 1138 non
911 1086 1125 1139 tamen
1164 1080 1297 1140 sine
1341 1081 1521 1158 culpa
1560 1080 1778 1140 saltem
1805 1097 1915 1158 per
1942 1079 2077 1138 lon-

519 1189 671 1248 gum
699 1177 966 1250 tempuS,
1011 1172 1158 1249 quia
1197 1178 1258 1231 et
1293 1172 1584 1232 facillima
1621 1171 1943 1249 diligentia
1976 1188 2077 1230 co-

521 1264 734 1338 gnosci
764 1270 1042 1342 possunt,
1074 1270 1135 1323 et
1174 1269 1398 1323 natura
1436 1264 1570 1342 ipsa
1611 1270 1672 1323 et
1702 1262 2077 1323 conscientia

520 1356 608 1415 ita
633 1355 834 1432 pulsat
873 1356 938 1413 in
968 1355 1208 1415 actibus
1247 1374 1487 1430 eorum,
1514 1362 1583 1415 ut
1613 1374 1738 1415 non
1761 1355 2080 1434 permittat

519 1446 979 1524 inculpabiliter
998 1448 1294 1524 ignorari,
1309 1454 1370 1508 et
1383 1448 1736 1526 hujusmodi
1767 1453 1910 1507 sunt
1927 1464 2081 1525 praa-

521 1545 697 1617 cepta
727 1540 1031 1619 Decalogi,
1059 1560 1129 1601 ac
1156 1542 1417 1601 similia:
1445 1547 1507 1601 et
1532 1542 1650 1601 hoc
1673 1541 1820 1600 satis
1845 1538 2080 1617 signifi-

522 1631 682 1691 cavit
711 1632 934 1692 Paulus
969 1633 1048 1692 ad
1071 1635 1248 1693 Rom.
1281 1636 1342 1707 2,
1367 1650 1515 1692 nam
1549 1632 1625 1693 de
1653 1631 2079 1709 transgressio-

522 1723 707 1782 nibus
724 1724 947 1785 horum
961 1732 1405 1804 praeceptorum
1423 1724 1811 1803 loquebatur,
1834 1723 2079 1802 quando

525 1815 601 1875 de
644 1817 930 1893 gentibus
972 1819 1212 1879 dicebat
1256 1819 1432 1879 datas
1474 1836 1603 1878 esse
1639 1819 1706 1876 in
1749 1816 2082 1894 reprobum

524 1927 772 1969 sensum
797 1918 1045 1989 propter
1067 1918 1312 1990 peccata
1340 1930 1468 1971 sua.
1518 1912 1595 1970 Et
1624 1911 1789 1969 idem
1819 1910 2085 1968 sumitur

528 2018 602 2061 ex
623 2020 754 2080 cap.
786 2004 1097 2082 Flagitia,
1126 2007 1223 2076 3⁹2,
1251 2023 1313 2082 q.
1342 2007 1399 2063 7.
1428 2003 1566 2062 Alia
1585 2020 1729 2064 vero
1754 2010 2080 2080 praecepta,

528 2111 666 2171 quae
704 2096 925 2171 majori
967 2096 1250 2173 indigent
1285 2096 1584 2170 discursu,
1629 2094 1904 2172 ignorari
1945 2111 2083 2171 pos-

527 2191 673 2245 sunt
711 2187 1172 2263 invincibiliter,
1212 2188 1552 2267 praesertim
1593 2205 1630 2246 a
1668 2186 1866 2265 plebe,
1901 2187 2085 2264 juxta

529 2295 665 2356 cap.
696 2278 1100 2357 objiciantur,
1131 2285 1189 2355 1,
1217 2299 1279 2358 q.
1314 2282 1377 2353 4,
1412 2286 1474 2340 et
1494 2279 1650 2338 ratio
1673 2297 1782 2357 per
1804 2296 1867 2338 se
1890 2279 2089 2339 facilis

529 2375 643 2429 est.
674 2371 970 2432 Videatur
996 2372 1299 2447 Corduba,
1326 2371 1438 2431 lib.
1465 2373 1505 2431 4
1545 2372 1903 2445 Quaestion.,
1934 2391 1995 2451 q.
2023 2374 2085 2447 4,

532 2468 593 2522 et
616 2464 782 2536 Soto,
822 2466 849 2522 1
884 2464 960 2524 de
986 2466 1223 2539 Justit„
1250 2483 1309 2543 q.
1343 2465 1405 2538 4,
1437 2469 1554 2523 art.
1585 2465 1647 2523 4.

614 2555 674 2613 8.
695 2555 907 2633 Legem
934 2558 1272 2618 naturalem
1300 2575 1420 2618 esse
1454 2574 1636 2616 anam
1667 2556 1734 2617 in
1764 2556 1924 2616 omni
1951 2561 2095 2617 tem-

529 2663 673 2724 pore
713 2664 783 2707 ao
818 2653 986 2708 stata
1014 2649 1292 2709 kamanoe
1323 2654 1583 2710 natnroe.
1613 2680 1696 2692 —
1732 2648 1961 2707 Ultimo
2002 2648 2093 2707 di-

534 2738 801 2798 cendum
834 2746 925 2799 est
948 2740 1109 2800 hanc
1134 2740 1337 2818 legem
1370 2739 1716 2800 naturalem
1743 2741 1929 2800 etiam
1963 2758 2093 2800 esse

534 2850 725 2891 unam
752 2833 819 2891 in
849 2833 1020 2891 omni
1052 2838 1330 2910 tempore
1368 2838 1430 2893 et
1466 2837 1629 2891 statu
1664 2833 1956 2892 humanae
1983 2850 2093 2892 na-

536 2927 713 2983 turae.
729 2925 818 2983 Ita
846 2925 1034 2983 etiam
1062 2924 1270 2984 docuit
1288 2924 1638 2984 Aristoteles
1658 2942 1844 3004 supra
1862 2925 2090 2999 dicens,

533 3017 750 3094 abique
781 3023 836 3077 et
877 3035 1126 3094 semper,
1166 3023 1228 3077 et
1262 3018 1492 3091 Cicer0,
1537 3020 1573 3078 3
1607 3017 1683 3076 de
1723 3017 1991 3095 Repub.,
2037 3022 2100 3077 et

535 3109 699 3185 apud
726 3111 1137 3184 Lactantium,
1167 3109 1274 3171 lib.
1319 3112 1395 3171 de
1435 3129 1580 3170 vero
1613 3109 1814 3187 Cultu,
1863 3129 2000 3189 cap.
2033 3112 2094 3183 8,

537 3200 870 3277 dicentem,
931 3203 1091 3262 omni
1143 3208 1397 3280 tempore
1451 3220 1647 3263 omnes
1698 3208 1920 3280 yentes,
1975 3207 2094 3262 etc.

534 3291 714 3351 Ratio
754 3310 900 3353 vero
933 3299 1024 3353 est
1060 3293 1299 3369 eadem,
1332 3294 1479 3373 quia
1518 3294 1649 3354 haec
1696 3294 1796 3354 lex
1836 3312 1960 3354 non
2010 3312 2101 3353 se-

535 3384 750 3462 quitur
784 3403 861 3444 ex
893 3385 1098 3463 aliquo
1142 3392 1308 3445 statu
1352 3386 1536 3463 hujus
1577 3392 1838 3459 naturas,
1885 3386 1992 3446 sed
2024 3403 2101 3445 ex

535 3475 669 3553 ipsa
694 3482 919 3535 natura
950 3477 1291 3536 secundum
1318 3495 1406 3536 se.
1439 3478 1595 3537 Sunt
1632 3483 1840 3537 autem
1867 3477 1976 3554 qui
2005 3476 2099 3536 di-

537 3573 701 3641 cant,
741 3566 882 3627 licet
926 3567 1043 3627 hoc
1085 3568 1164 3626 sit
1207 3586 1426 3629 verum
1474 3569 1676 3646 quoad
1724 3569 2099 3629 universalia

537 3658 842 3737 principia
873 3658 1061 3735 hujus
1087 3659 1264 3736 legis,
1285 3666 1496 3720 tamen
1524 3660 1725 3738 quoad
1759 3661 2101 3721 conclusio-

542 3768 651 3809 nes
684 3767 811 3809 non
851 3750 940 3808 ita
967 3769 1129 3810 esse:
1164 3751 1268 3811 sed
1301 3752 1811 3829 distinguendum
1835 3771 1962 3813 esse
1992 3754 2104 3813 du-

539 3842 766 3921 plicem
791 3847 1019 3901 statum
1044 3842 1231 3920 hujus
1260 3850 1520 3918 naturae,
1547 3845 1799 3920 scilicet,
1821 3846 1921 3906 vel
1947 3849 2104 3905 inte-

542 3951 693 4011 groe,
735 3932 836 3994 vel
880 3941 1205 4012 corruptae,
1255 3941 1317 3994 et
1361 3936 1483 3995 illis
1526 3936 1925 3997 tribuendum
1971 3955 2102 3998 esse

543 4027 855 4086 diversum
887 4027 1171 4087 naturale
1202 4028 1342 4105 jus:
1393 4047 1540 4089 nam
1582 4031 1649 4089 in
1690 4036 1914 4090 natura
1944 4031 2101 4091 inte-

543 4137 655 4197 gra
679 4119 782 4195 jus
809 4119 1090 4179 naturale
1115 4120 1386 4199 petebat,
1410 4122 1583 4182 verbi
1606 4123 1824 4200 gratia,
1855 4123 2105 4183 liberta-

543 4217 671 4270 tem
691 4211 972 4271 omnium
991 4211 1340 4287 hominum,
1367 4219 1428 4272 et
1451 4214 1728 4275 dominia
1754 4216 2106 4275 communia

545 4310 608 4363 et
633 4302 892 4362 similia:
943 4304 1009 4363 in
1051 4311 1274 4364 natura
1299 4322 1447 4365 vero
1476 4312 1764 4384 corrupta
1790 4308 1944 4385 petit
1978 4325 2104 4367 ser-

541 4396 790 4465 vituteS,
821 4415 1031 4456 rerum
1057 4397 1448 4471 divisionem,
1473 4404 1615 4474 etc„
1639 4405 1708 4458 ut
1742 4400 2008 4459 sumitur
2027 4417 2103 4460 ex

545 4489 590 4548 1.
619 4491 1148 4563 Manum-ssione&
1171 4490 1234 4548 ff.
1255 4490 1331 4548 de
1352 4491 1555 4551 Justit.
1576 4498 1636 4552 et
1651 4493 1810 4570 jure,
1833 4500 1895 4553 et
1918 4493 1954 4572 ἓ
1977 4495 2031 4554 J
2031 4512 2104 4555 us

546 4586 743 4643 autem
775 4582 969 4640 Instit.
1003 4581 1079 4640 de
1101 4581 1247 4641 Jure
1271 4582 1560 4643 naturali.

626 4675 946 4735 Distinctio
978 4693 1125 4734 vero
1158 4676 1501 4736 necessaria
1541 4694 1667 4736 non
1707 4683 1819 4737 est.
1870 4679 2100 4754 Prim0,

548 4768 697 4846 quia
737 4766 844 4827 illa
876 4767 1157 4846 exempla
1203 4786 1339 4846 quae
1380 4775 1755 4844 asseruntur,
1799 4776 1860 4830 et
1900 4771 1951 4829 si
1982 4789 2108 4849 qua

549 4865 695 4919 sunt
737 4859 985 4933 similia,
1034 4878 1160 4919 non
1204 4860 1515 4938 pertinent
1554 4863 1633 4921 ad
1682 4862 1961 4922 naturale
2009 4864 2107 4940 jus

548 4952 867 5032 proprium
897 4959 958 5012 et
1001 4953 1362 5032 positivum,
1407 4955 1514 5015 sed
1541 4955 1620 5015 ad
1659 4954 1764 5032 jus
1796 4956 2101 5034 gentium,

548 5051 619 5104 ut
647 5045 810 5104 infra
841 5045 1023 5104 latius
1066 5045 1383 5124 explicabo
1417 5068 1430 5105 ε
1476 5046 1640 5106 unde
1669 5048 1916 5125 propria
1945 5065 2100 5126 prae-

551 5142 727 5213 cepta
758 5138 1087 5212 naturalia,
1129 5137 1497 5215 regulariter
1523 5139 1739 5199 saltem
1767 5139 2099 5217 loquendo,

552 5229 905 5289 communia
937 5236 1081 5289 sunt
1106 5230 1352 5309 utrique
1388 5231 1594 5291 statui.
1634 5232 1933 5306 Secund0,
1959 5231 2107 5309 quia

553 5319 721 5380 aliud
750 5325 841 5378 est
879 5318 1050 5397 loqui
1078 5322 1152 5382 de
1189 5324 1515 5383 existentia
1537 5329 1982 5401 praeceptorum
2016 5324 2108 5399 (ut

552 5412 639 5471 sic
684 5410 906 5487 dicam)
953 5411 1123 5470 aliud
1164 5413 1240 5473 de
1285 5414 1510 5474 actuali
1550 5414 1948 5492 obligatione,
2000 5431 2108 5473 scu

556 5503 846 5562 exercitio
883 5519 1118 5564 eorum.
1164 5505 1454 5577 Quamvis
1491 5523 1637 5583 ergo
1677 5511 1872 5567 status
1901 5510 2111 5585 postu-

1147 427 1263 479 LIB.
1299 428 1361 479 11.
1397 428 1477 478 DE
1509 427 1669 479 LEGE
1701 425 1990 488 AETERNA,
2026 426 2105 477 ET
2137 426 2468 490 NATURALI,
2504 425 2584 478 Ac
2615 423 2767 476 mnu
2800 418 3094 475 GENTIUM.

2150 526 2279 587 lare
2299 528 2485 606 possit
2503 543 2683 586 usum
2697 523 2882 583 unius
2894 519 3177 599 praecepti
3207 525 3268 579 et
3286 537 3412 580 non
3432 520 3706 596 alteriuS,

2154 620 2560 680 nihilominus
2592 619 2696 695 jus
2736 621 2972 675 naturae
3024 630 3268 690 semper
3314 613 3479 672 idem
3520 620 3610 674 est
3650 620 3713 673 et

2155 712 2370 772 eadem
2406 709 2830 789 complectitur
2869 711 3199 787 praecepta,
3245 707 3395 784 quia
3434 706 3533 765 vel
3570 712 3719 766 sunt

2154 805 2480 884 principia,
2507 804 2605 864 vel
2629 800 3049 862 conclusiones
3079 798 3420 858 necessario
3451 798 3669 858 elicitae
3693 815 3712 875 3

2156 916 2302 975 ergo
2344 896 2577 956 habent
2614 892 3036 954 necessitatem
3067 908 3205 968 quae
3243 890 3310 949 in
3343 889 3516 949 nullo
3554 895 3718 950 statu

2157 989 2382 1049 deficit.
2403 989 2753 1049 Declaratur
2770 983 3046 1056 tandem,
3070 983 3219 1062 quia
3242 983 3338 1043 vel
3358 984 3425 1041 in
3453 982 3589 1060 lege
3609 1001 3720 1042 na-

2155 1088 2312 1142 turae
2331 1082 2792 1142 considerantur
2808 1083 3115 1157 praecepta
3128 1077 3416 1154 negativa
3434 1076 3534 1136 vel
3556 1077 3723 1136 affir-

2160 1175 2411 1235 mativa.
2455 1173 2752 1251 Negativa
2798 1188 3042 1230 necesse
3087 1175 3179 1229 est
3226 1169 3443 1229 eadem
3480 1187 3722 1247 semper

2161 1285 2289 1328 esse
2313 1275 2373 1326 et
2387 1267 2577 1325 fuisse
2604 1266 2669 1324 in
2698 1263 2870 1324 omni
2890 1267 3077 1336 statu,
3099 1262 3243 1340 quia
3270 1261 3600 1340 prohibent
3620 1278 3721 1320 ac-

2158 1360 2356 1419 tiones
2385 1358 2714 1418 intrinsece
2749 1354 2965 1428 malaS,
2997 1372 3133 1432 quae
3166 1353 3423 1431 proinde
3450 1353 3517 1412 in
3546 1355 3719 1413 omni

2159 1457 2322 1511 statu
2347 1450 2524 1510 malae
2544 1454 2718 1509 sunt:
2736 1447 3015 1524 obligant
3037 1446 3226 1506 etiam
3243 1465 3353 1525 pro
3368 1463 3632 1524 semper,
3655 1451 3721 1505 et

2159 1545 2299 1605 ideo
2335 1543 2402 1603 in
2429 1543 2602 1603 omni
2629 1542 2816 1602 etiam
2855 1545 3016 1598 statu
3043 1539 3344 1613 obligant,
3381 1539 3433 1598 si
3463 1539 3725 1599 materia

2161 1637 2412 1696 illorum
2437 1640 2736 1695 occurrat.
2772 1635 3076 1710 Praecepta
3094 1633 3303 1691 autem
3328 1630 3720 1705 affirmativa,

2168 1745 2309 1786 cum
2358 1727 2546 1787 etiam
2596 1723 2954 1804 praecipiant
3002 1742 3098 1783 res
3143 1740 3254 1802 per
3298 1740 3360 1782 se
3409 1722 3720 1796 honestas,

2163 1838 2405 1898 semper
2446 1820 2633 1879 etiam
2683 1817 2964 1877 eamdem
3015 1815 3404 1875 honestatem
3448 1815 3719 1874 habent:

2166 1916 2400 1985 tamen,
2444 1911 2591 1990 quia
2630 1927 2758 1969 non
2798 1909 3080 1986 obligant
3123 1926 3236 1986 pro
3282 1925 3542 1985 semper,
3588 1906 3725 1967 fieri

2165 2010 2365 2082 potest
2410 2009 2481 2063 ut
2526 2005 2592 2063 in
2638 2021 2765 2063 uno
2811 2007 2972 2061 statu
3014 2007 3336 2060 occurrant
3384 2001 3726 2059 occasiones

2168 2097 2511 2175 exequendi
2526 2095 2807 2174 quaedam
2822 2099 3147 2173 praecepta,
3165 2094 3231 2153 in
3252 2093 3373 2152 alio
3387 2111 3530 2152 vero
3553 2092 3687 2152 aliae
3703 2109 3719 2151 :

2169 2189 2333 2268 quod
2362 2207 2487 2248 non
2515 2189 2660 2248 satis
2682 2193 2773 2248 est
2801 2194 2871 2247 ut
2896 2187 2996 2246 lex
3025 2186 3262 2245 dicatur
3297 2204 3425 2246 esse
3448 2185 3719 2245 diversa:

2167 2299 2315 2340 nam
2345 2281 2532 2341 etiam
2559 2281 2626 2339 in
2654 2286 2813 2340 statu
2848 2284 3084 2338 naturae
3110 2284 3411 2356 corruptae
3439 2277 3608 2336 aliud
3636 2282 3726 2336 est

2169 2379 2414 2452 tempus
2443 2372 2628 2451 paciS,
2678 2371 2845 2432 aliud
2884 2371 3055 2445 belli,
3101 2372 3168 2431 in
3213 2370 3436 2449 quibus
3485 2370 3728 2429 diversa

2169 2474 2473 2545 praecepta
2501 2464 2801 2525 servanda
2831 2469 3015 2539 sunt3
3061 2469 3122 2523 et
3149 2481 3247 2523 ars
3287 2462 3610 2522 medicinae
3637 2467 3728 2521 est

2172 2559 2413 2633 eadem,
2455 2558 2739 2636 quamvis
2766 2557 2888 2616 alia
2922 2556 3233 2635 praecipiat
3260 2560 3536 2633 tempore
3564 2554 3728 2613 sani-

2170 2651 2313 2710 tatis
2353 2649 2659 2724 facienda,
2708 2649 2829 2708 alia
2861 2654 3136 2726 tempore
3169 2646 3592 2724 aegritudinis:
3639 2646 3729 2707 sic

2174 2761 2320 2821 ergo
2346 2761 2589 2822 semper
2613 2742 2780 2802 idem
2810 2747 2901 2801 est
2912 2741 3202 2801 naturale
3223 2741 3349 2817 jus,

2761 2921 3007 2981 CAPUT
3048 2921 3147 2981 IX.

2176 3121 2377 3166 UTRUM
2427 3121 2542 3165 LEX
2588 3120 2911 3165 NATURALIS
2953 3119 3194 3165 onmem·
3233 3119 3296 3165 IN
3334 3119 3729 3165 consumma.

2261 3298 2319 3355 1.
2353 3295 2770 3373 Explicuimus
2787 3294 3086 3355 hactenus
3101 3299 3392 3353 naturam
3410 3298 3471 3352 et
3498 3310 3734 3369 causaS,

2179 3404 2287 3446 seu
2330 3388 2652 3447 materiam
2681 3387 2836 3465 legis
2864 3386 3197 3460 naturalis3
3228 3386 3508 3462 sequitur
3534 3386 3735 3446 dicen-

2180 3480 2330 3539 dum
2366 3481 2442 3541 de
2476 3480 2792 3541 effectibus
2825 3481 2979 3558 eiua,
3018 3481 3181 3540 inter
3208 3497 3360 3558 quos
3384 3480 3737 3556 potissimus

2181 3578 2272 3631 est
2293 3572 2608 3649 obligatiO,
2634 3573 2733 3633 vel
2752 3573 2878 3632 fere
2897 3572 3117 3631 unicus
3128 3587 3148 3648 3
3174 3589 3321 3631 nam
3344 3571 3396 3631 si
3416 3590 3566 3649 quos
3584 3571 3738 3631 alios

2178 3663 2387 3738 habet,
2405 3665 2483 3724 ad
2499 3664 2665 3724 hunc
2683 3665 3099 3724 reducuntur:
3124 3664 3316 3741 igitur
3342 3663 3418 3722 de
3445 3662 3560 3723 hac
3582 3662 3738 3722 obli-

2182 3757 2429 3833 gatione
2452 3762 2514 3816 et
2541 3756 2724 3817 modo
2748 3757 2880 3834 ejus
2908 3756 3234 3816 dicendum
3259 3761 3372 3815 est.

2265 3851 2323 3909 2.
2369 3850 2993 3928 Resolntio.—Leqem
3014 3850 3351 3910 naturalem
3379 3847 3644 3926 obliqare
3670 3848 3740 3909 in

2185 3941 2726 4003 conscientia—Et
2756 3943 2956 4019 primo
2984 3940 3382 4000 statuendum
3410 3947 3500 4000 est
3535 3939 3739 4017 legem

2184 4031 2531 4093 naturalem
2582 4033 2873 4110 obligare,
2903 4033 2970 4092 in
3021 4032 3414 4092 conscientia.
3470 4031 3597 4091 Hoc
3648 4036 3740 4090 est

2185 4130 2421 4185 certum
2449 4124 2523 4184 de
2553 4124 2696 4199 fide,
2741 4131 2810 4184 ut
2850 4124 3125 4183 sentiunt
3151 4123 3425 4201 theologi
3453 4128 3519 4183 et
3550 4123 3741 4182 sumi-

2183 4221 2288 4275 tur
2314 4235 2391 4276 ex
2416 4215 2524 4275 illo
2548 4216 2723 4276 Pauli
2750 4218 2929 4276 Rom.
2957 4215 3033 4275 2:
3084 4216 3444 4295 Quicumque
3470 4216 3597 4278 sine
3619 4216 3743 4293 leffe

2188 4309 2427 4386 (utique
2450 4310 2698 4386 scripta)
2715 4312 3127 4386 peccaverunt,
3148 4308 3278 4368 sine
3296 4308 3418 4385 leye
3436 4307 3738 4385 peribunt,

2186 4400 2434 4474 scilicet,
2470 4400 2617 4477 quia
2647 4399 2992 4459 naturalem
3033 4399 3238 4477 legem
3281 4398 3617 4473 violarunt,
3665 4398 3743 4459 de

2187 4510 2309 4570 qua
2335 4492 2684 4570 subjungit:
2728 4491 2942 4561 Gentes
2972 4510 3105 4570 quoe
3141 4493 3323 4569 legem
3355 4510 3473 4551 non
3502 4492 3740 4567 habent,

2185 4585 2554 4645 naturaliter
2576 4601 2703 4663 qnce
2726 4584 2878 4661 leyis
2901 4588 3063 4658 sant,
3097 4584 3360 4659 faciant,
3387 4588 3504 4643 etc.
3550 4583 3745 4643 Testi-

2186 4675 2451 4735 monium
2474 4676 2742 4736 reddente
2767 4674 2898 4735 illis
2928 4675 3287 4735 conscientia
3310 4674 3577 4751 ipsoram
3593 4699 3615 4732 .·
3644 4692 3744 4734 ra·

2184 4765 2273 4826 tio
2309 4783 2456 4826 vero
2494 4766 2802 4845 imprimis
2846 4772 2958 4840 est,
2996 4766 3142 4844 quia
3167 4765 3268 4825 lex
3307 4766 3607 4826 naturalis
3652 4772 3745 4825 est

2186 4859 2286 4918 lex
2330 4859 2462 4932 Dei,
2500 4863 2572 4916 ut
2608 4864 2919 4918 ostensum
2961 4863 3072 4920 est.
3124 4856 3427 4933 Secundo,
3465 4858 3611 4937 quia
3653 4864 3744 4918 est

2185 4950 2465 5030 proxima
2500 4950 2713 5027 regula
2739 4950 3078 5010 honestatis
3105 4950 3382 5026 moralis;
3419 4950 3582 5010 unde
3615 4967 3747 5009 ma-

2188 5043 2323 5103 litia
2363 5042 2612 5101 moralis
2639 5060 2750 5121 per
2776 5042 3224 5120 oppositionem
3252 5042 3329 5102 ad
3356 5042 3518 5103 hanc
3540 5042 3745 5119 legem

2187 5136 2509 5212 insurgere
2536 5134 2710 5208 solet,
2735 5140 2796 5194 et
2816 5134 2903 5193 ita
2928 5134 3242 5207 definitur,
3274 5141 3592 5212 peccatum
3612 5151 3745 5193 esse

2188 5235 2393 5288 actum
2424 5233 2637 5286 contra
2665 5227 2867 5304 legem
2899 5227 3008 5285 Dei
3023 5243 3042 5302 3
3070 5226 3258 5305 quod,
3289 5226 3431 5286 licet
3458 5226 3748 5303 Augusti-

2189 5337 2305 5378 nus
2348 5323 2409 5378 et
2435 5319 2504 5377 D.
2541 5318 2808 5378 Thomas
2846 5318 3153 5396 explicent
3187 5319 3263 5378 de
3311 5318 3445 5396 lege
3486 5324 3742 5390 aeterna,

2188 5417 2399 5471 tamen
2443 5410 2510 5469 in
2543 5410 2802 5470 materia
2845 5410 2998 5487 legis
3047 5410 3345 5470 naturalis
3393 5411 3461 5469 in
3500 5416 3748 5469 tantum

2189 5502 2423 5583 aliquid
2442 5508 2534 5564 est
2555 5506 2767 5564 contra
2784 5503 2989 5580 legem
3010 5509 3330 5579 aeternam,
3349 5502 3419 5562 in
3438 5507 3744 5582 quantum
