<?xml version="1.0" encoding="UTF-8"?>
<!DOCTYPE html PUBLIC "-//W3C//DTD XHTML 1.0 Transitional//EN"
    "http://www.w3.org/TR/xhtml1/DTD/xhtml1-transitional.dtd">
<html xmlns="http://www.w3.org/1999/xhtml" xml:lang="en" lang="en">
 <head>
  <title>
</title>
<meta http-equiv="Content-Type" content="text/html;charset=utf-8" />
  <meta name='ocr-system' content='tesseract 3.04.00' />
  <meta name='ocr-capabilities' content='ocr_page ocr_carea ocr_par ocr_line ocrx_word'/>
</head>
<body>
  <div class='ocr_page' id='page_1' title='image "./rpfranciscisuar02duvagoog_0086.png"; bbox 0 0 3976 6219; ppageno 0'>
   <div class='ocr_carea' id='block_1_1' title="bbox 528 454 2102 5078">
    <p class='ocr_par' dir='ltr' id='par_1_1' title="bbox 534 454 2102 1837">
     <span class='ocr_line' id='line_1_1' title="bbox 535 454 2096 542; baseline -0.012 -10"><span class='ocrx_word' id='word_1_1' title='bbox 535 465 941 537; x_wconf 81' lang='lat' dir='ltr'><strong>essentialem,</strong></span> <span class='ocrx_word' id='word_1_2' title='bbox 981 465 1114 525; x_wconf 87' lang='lat' dir='ltr'><strong>sine</strong></span> <span class='ocrx_word' id='word_1_3' title='bbox 1162 481 1287 542; x_wconf 88' lang='lat' dir='ltr'><strong>qua</strong></span> <span class='ocrx_word' id='word_1_4' title='bbox 1339 467 1512 521; x_wconf 90' lang='lat' dir='ltr'><strong>actus</strong></span> <span class='ocrx_word' id='word_1_5' title='bbox 1561 477 1690 518; x_wconf 90' lang='lat' dir='ltr'><strong>non</strong></span> <span class='ocrx_word' id='word_1_6' title='bbox 1737 457 1961 532; x_wconf 84' lang='lat' dir='ltr'><strong>valeat,</strong></span> <span class='ocrx_word' id='word_1_7' title='bbox 1997 454 2096 515; x_wconf 92' lang='lat' dir='ltr'><strong>vel</strong></span> 
     </span>
     <span class='ocr_line' id='line_1_2' title="bbox 536 547 2096 641; baseline -0.008 -21"><span class='ocrx_word' id='word_1_8' title='bbox 536 557 920 641; x_wconf 88' lang='lat' dir='ltr'><strong>prohibendo</strong></span> <span class='ocrx_word' id='word_1_9' title='bbox 947 555 1201 617; x_wconf 92' lang='lat' dir='ltr'><strong>omnino</strong></span> <span class='ocrx_word' id='word_1_10' title='bbox 1230 559 1458 614; x_wconf 90' lang='lat' dir='ltr'><strong>actum.</strong></span> <span class='ocrx_word' id='word_1_11' title='bbox 1487 552 1731 612; x_wconf 90' lang='lat' dir='ltr'><strong>Primus</strong></span> <span class='ocrx_word' id='word_1_12' title='bbox 1763 554 1996 628; x_wconf 90' lang='lat' dir='ltr'><strong>spectat</strong></span> <span class='ocrx_word' id='word_1_13' title='bbox 2017 547 2096 608; x_wconf 89' lang='lat' dir='ltr'><strong>ad</strong></span> 
     </span>
     <span class='ocr_line' id='line_1_3' title="bbox 534 641 2099 734; baseline -0.01 -20"><span class='ocrx_word' id='word_1_14' title='bbox 534 658 895 734; x_wconf 89' lang='lat' dir='ltr'><strong>potestatem</strong></span> <span class='ocrx_word' id='word_1_15' title='bbox 926 668 1114 729; x_wconf 88' lang='lat' dir='ltr'><strong>quam</strong></span> <span class='ocrx_word' id='word_1_16' title='bbox 1141 649 1242 708; x_wconf 86' lang='lat' dir='ltr'><strong>lex</strong></span> <span class='ocrx_word' id='word_1_17' title='bbox 1268 647 1453 706; x_wconf 90' lang='lat' dir='ltr'><strong>habet</strong></span> <span class='ocrx_word' id='word_1_18' title='bbox 1491 646 1569 706; x_wconf 91' lang='lat' dir='ltr'><strong>ad</strong></span> <span class='ocrx_word' id='word_1_19' title='bbox 1605 644 1874 703; x_wconf 83' lang='lat' dir='ltr'><strong>taxanda</strong></span> <span class='ocrx_word' id='word_1_20' title='bbox 1899 641 2099 720; x_wconf 90' lang='lat' dir='ltr'><strong>pretia</strong></span> 
     </span>
     <span class='ocr_line' id='line_1_4' title="bbox 534 733 2097 820; baseline -0.009 -13"><span class='ocrx_word' id='word_1_21' title='bbox 534 763 777 808; x_wconf 91' lang='lat' dir='ltr'><strong>rerum:</strong></span> <span class='ocrx_word' id='word_1_22' title='bbox 803 761 950 804; x_wconf 90' lang='lat' dir='ltr'><strong>nam</strong></span> <span class='ocrx_word' id='word_1_23' title='bbox 969 741 1246 820; x_wconf 88' lang='lat' dir='ltr'><strong>ejusdem</strong></span> <span class='ocrx_word' id='word_1_24' title='bbox 1269 739 1526 799; x_wconf 89' lang='lat' dir='ltr'><strong>rationis</strong></span> <span class='ocrx_word' id='word_1_25' title='bbox 1545 742 1687 796; x_wconf 86' lang='lat' dir='ltr'><strong>sunt</strong></span> <span class='ocrx_word' id='word_1_26' title='bbox 1705 733 2097 813; x_wconf 78' lang='lat' dir='ltr'><strong>praescribere</strong></span> 
     </span>
     <span class='ocr_line' id='line_1_5' title="bbox 538 825 2099 909; baseline -0.01 -9"><span class='ocrx_word' id='word_1_27' title='bbox 538 840 792 900; x_wconf 89' lang='lat' dir='ltr'><strong>modum</strong></span> <span class='ocrx_word' id='word_1_28' title='bbox 813 837 881 896; x_wconf 90' lang='lat' dir='ltr'><strong>in</strong></span> <span class='ocrx_word' id='word_1_29' title='bbox 901 833 1325 905; x_wconf 88' lang='lat' dir='ltr'><strong>translatione,</strong></span> <span class='ocrx_word' id='word_1_30' title='bbox 1346 829 1770 909; x_wconf 84' lang='lat' dir='ltr'><strong>acquisitione,</strong></span> <span class='ocrx_word' id='word_1_31' title='bbox 1793 827 1890 886; x_wconf 90' lang='lat' dir='ltr'><strong>vel</strong></span> <span class='ocrx_word' id='word_1_32' title='bbox 1913 825 2099 885; x_wconf 91' lang='lat' dir='ltr'><strong>amis-</strong></span> 
     </span>
     <span class='ocr_line' id='line_1_6' title="bbox 537 917 2100 996; baseline -0.011 -4"><span class='ocrx_word' id='word_1_33' title='bbox 537 934 705 993; x_wconf 88' lang='lat' dir='ltr'><strong>sione</strong></span> <span class='ocrx_word' id='word_1_34' title='bbox 745 946 997 990; x_wconf 89' lang='lat' dir='ltr'><strong>rerum:</strong></span> <span class='ocrx_word' id='word_1_35' title='bbox 1031 927 1165 986; x_wconf 84' lang='lat' dir='ltr'><strong>haec</strong></span> <span class='ocrx_word' id='word_1_36' title='bbox 1194 931 1405 984; x_wconf 88' lang='lat' dir='ltr'><strong>autem</strong></span> <span class='ocrx_word' id='word_1_37' title='bbox 1443 922 1652 981; x_wconf 91' lang='lat' dir='ltr'><strong>omnia</strong></span> <span class='ocrx_word' id='word_1_38' title='bbox 1691 918 1853 979; x_wconf 89' lang='lat' dir='ltr'><strong>fiunt</strong></span> <span class='ocrx_word' id='word_1_39' title='bbox 1890 917 2100 996; x_wconf 80' lang='lat' dir='ltr'><strong>praeci-</strong></span> 
     </span>
     <span class='ocr_line' id='line_1_7' title="bbox 539 1009 2102 1103; baseline -0.011 -19"><span class='ocrx_word' id='word_1_40' title='bbox 539 1023 761 1103; x_wconf 89' lang='lat' dir='ltr'><strong>piendo</strong></span> <span class='ocrx_word' id='word_1_41' title='bbox 806 1019 1021 1080; x_wconf 87' lang='lat' dir='ltr'><strong>saltem</strong></span> <span class='ocrx_word' id='word_1_42' title='bbox 1073 1016 1331 1076; x_wconf 88' lang='lat' dir='ltr'><strong>modum</strong></span> <span class='ocrx_word' id='word_1_43' title='bbox 1383 1013 1701 1092; x_wconf 87' lang='lat' dir='ltr'><strong>operandi,</strong></span> <span class='ocrx_word' id='word_1_44' title='bbox 1750 1010 1850 1071; x_wconf 90' lang='lat' dir='ltr'><strong>vel</strong></span> <span class='ocrx_word' id='word_1_45' title='bbox 1893 1009 2102 1089; x_wconf 87' lang='lat' dir='ltr'><strong>prohi-</strong></span> 
     </span>
     <span class='ocr_line' id='line_1_8' title="bbox 535 1102 2099 1180; baseline -0.011 -3"><span class='ocrx_word' id='word_1_46' title='bbox 535 1115 738 1177; x_wconf 89' lang='lat' dir='ltr'><strong>bendo</strong></span> <span class='ocrx_word' id='word_1_47' title='bbox 789 1112 939 1172; x_wconf 92' lang='lat' dir='ltr'><strong>alios</strong></span> <span class='ocrx_word' id='word_1_48' title='bbox 989 1109 1231 1180; x_wconf 79' lang='lat' dir='ltr'><strong>mod08‚</strong></span> <span class='ocrx_word' id='word_1_49' title='bbox 1283 1113 1353 1167; x_wconf 90' lang='lat' dir='ltr'><strong>ut</strong></span> <span class='ocrx_word' id='word_1_50' title='bbox 1405 1105 1734 1166; x_wconf 88' lang='lat' dir='ltr'><strong>declaravi.</strong></span> <span class='ocrx_word' id='word_1_51' title='bbox 1784 1102 2099 1164; x_wconf 77' lang='lat' dir='ltr'><strong>Secundus</strong></span> 
     </span>
     <span class='ocr_line' id='line_1_9' title="bbox 539 1194 2101 1279; baseline -0.01 -10"><span class='ocrx_word' id='word_1_52' title='bbox 539 1214 750 1269; x_wconf 90' lang='lat' dir='ltr'><strong>autem</strong></span> <span class='ocrx_word' id='word_1_53' title='bbox 790 1204 1004 1264; x_wconf 86' lang='lat' dir='ltr'><strong>modus</strong></span> <span class='ocrx_word' id='word_1_54' title='bbox 1046 1201 1125 1262; x_wconf 91' lang='lat' dir='ltr'><strong>ad</strong></span> <span class='ocrx_word' id='word_1_55' title='bbox 1151 1199 1631 1279; x_wconf 88' lang='lat' dir='ltr'><strong>prohibitionem</strong></span> <span class='ocrx_word' id='word_1_56' title='bbox 1661 1201 1892 1276; x_wconf 87' lang='lat' dir='ltr'><strong>spectat</strong></span> <span class='ocrx_word' id='word_1_57' title='bbox 1905 1217 1924 1269; x_wconf 82' lang='lat'>3</span> <span class='ocrx_word' id='word_1_58' title='bbox 1953 1194 2101 1273; x_wconf 90' lang='lat' dir='ltr'><strong>quia</strong></span> 
     </span>
     <span class='ocr_line' id='line_1_10' title="bbox 539 1287 2099 1378; baseline -0.009 -17"><span class='ocrx_word' id='word_1_59' title='bbox 539 1300 856 1378; x_wconf 82' lang='lat' dir='ltr'><strong>legislator</strong></span> <span class='ocrx_word' id='word_1_60' title='bbox 901 1294 1090 1355; x_wconf 88' lang='lat' dir='ltr'><strong>habet</strong></span> <span class='ocrx_word' id='word_1_61' title='bbox 1136 1297 1500 1371; x_wconf 90' lang='lat' dir='ltr'><strong>potestatem</strong></span> <span class='ocrx_word' id='word_1_62' title='bbox 1554 1287 1921 1369; x_wconf 89' lang='lat' dir='ltr'><strong>prohibendi</strong></span> <span class='ocrx_word' id='word_1_63' title='bbox 1969 1304 2099 1347; x_wconf 91' lang='lat' dir='ltr'><strong>non</strong></span> 
     </span>
     <span class='ocr_line' id='line_1_11' title="bbox 542 1380 2098 1464; baseline -0.01 -11"><span class='ocrx_word' id='word_1_64' title='bbox 542 1393 740 1453; x_wconf 88' lang='lat' dir='ltr'><strong>solum</strong></span> <span class='ocrx_word' id='word_1_65' title='bbox 767 1395 998 1464; x_wconf 88' lang='lat' dir='ltr'><strong>actum,</strong></span> <span class='ocrx_word' id='word_1_66' title='bbox 1027 1385 1132 1447; x_wconf 90' lang='lat' dir='ltr'><strong>sed</strong></span> <span class='ocrx_word' id='word_1_67' title='bbox 1160 1385 1347 1445; x_wconf 88' lang='lat' dir='ltr'><strong>etiam</strong></span> <span class='ocrx_word' id='word_1_68' title='bbox 1387 1382 1659 1454; x_wconf 83' lang='lat' dir='ltr'><strong>valorem</strong></span> <span class='ocrx_word' id='word_1_69' title='bbox 1687 1388 1899 1442; x_wconf 87' lang='lat' dir='ltr'><strong>actus:</strong></span> <span class='ocrx_word' id='word_1_70' title='bbox 1932 1380 2098 1439; x_wconf 88' lang='lat' dir='ltr'><strong>unde</strong></span> 
     </span>
     <span class='ocr_line' id='line_1_12' title="bbox 542 1472 2100 1560; baseline -0.009 -14"><span class='ocrx_word' id='word_1_71' title='bbox 542 1483 802 1546; x_wconf 87' lang='lat' dir='ltr'><strong>irritatio</strong></span> <span class='ocrx_word' id='word_1_72' title='bbox 828 1482 946 1542; x_wconf 90' lang='lat' dir='ltr'><strong>dici</strong></span> <span class='ocrx_word' id='word_1_73' title='bbox 971 1484 1170 1560; x_wconf 89' lang='lat' dir='ltr'><strong>potest</strong></span> <span class='ocrx_word' id='word_1_74' title='bbox 1191 1476 1488 1556; x_wconf 79' lang='lat' dir='ltr'><strong>specialiS,</strong></span> <span class='ocrx_word' id='word_1_75' title='bbox 1511 1482 1574 1536; x_wconf 92' lang='lat' dir='ltr'><strong>et</strong></span> <span class='ocrx_word' id='word_1_76' title='bbox 1595 1476 1770 1554; x_wconf 87' lang='lat' dir='ltr'><strong>quasi</strong></span> <span class='ocrx_word' id='word_1_77' title='bbox 1791 1472 2100 1552; x_wconf 88' lang='lat' dir='ltr'><strong>duplicata</strong></span> 
     </span>
     <span class='ocr_line' id='line_1_13' title="bbox 540 1566 2099 1658; baseline -0.01 -19"><span class='ocrx_word' id='word_1_78' title='bbox 540 1576 870 1658; x_wconf 83' lang='lat' dir='ltr'><strong>prohibitio</strong></span> <span class='ocrx_word' id='word_1_79' title='bbox 883 1590 902 1651; x_wconf 84' lang='lat'><em>3</em></span> <span class='ocrx_word' id='word_1_80' title='bbox 926 1573 1074 1653; x_wconf 90' lang='lat' dir='ltr'><strong>quia</strong></span> <span class='ocrx_word' id='word_1_81' title='bbox 1100 1589 1227 1631; x_wconf 93' lang='lat' dir='ltr'><strong>non</strong></span> <span class='ocrx_word' id='word_1_82' title='bbox 1252 1575 1498 1630; x_wconf 89' lang='lat' dir='ltr'><strong>tantum</strong></span> <span class='ocrx_word' id='word_1_83' title='bbox 1523 1575 1754 1642; x_wconf 89' lang='lat' dir='ltr'><strong>actum,</strong></span> <span class='ocrx_word' id='word_1_84' title='bbox 1779 1566 1885 1627; x_wconf 91' lang='lat' dir='ltr'><strong>sed</strong></span> <span class='ocrx_word' id='word_1_85' title='bbox 1910 1566 2099 1626; x_wconf 88' lang='lat' dir='ltr'><strong>etiam</strong></span> 
     </span>
     <span class='ocr_line' id='line_1_14' title="bbox 540 1658 2100 1745; baseline -0.01 -14"><span class='ocrx_word' id='word_1_86' title='bbox 540 1671 812 1731; x_wconf 90' lang='lat' dir='ltr'><strong>valorem</strong></span> <span class='ocrx_word' id='word_1_87' title='bbox 845 1668 976 1745; x_wconf 88' lang='lat' dir='ltr'><strong>ejus</strong></span> <span class='ocrx_word' id='word_1_88' title='bbox 1007 1663 1314 1744; x_wconf 90' lang='lat' dir='ltr'><strong>prohibet,</strong></span> <span class='ocrx_word' id='word_1_89' title='bbox 1362 1668 1424 1722; x_wconf 90' lang='lat' dir='ltr'><strong>et</strong></span> <span class='ocrx_word' id='word_1_90' title='bbox 1463 1662 1543 1722; x_wconf 92' lang='lat' dir='ltr'><strong>ad</strong></span> <span class='ocrx_word' id='word_1_91' title='bbox 1587 1662 1754 1720; x_wconf 87' lang='lat' dir='ltr'><strong>idem</strong></span> <span class='ocrx_word' id='word_1_92' title='bbox 1786 1658 2100 1719; x_wconf 82' lang='lat' dir='ltr'><strong>reducitur</strong></span> 
     </span>
     <span class='ocr_line' id='line_1_15' title="bbox 537 1750 2093 1837; baseline -0.009 -13"><span class='ocrx_word' id='word_1_93' title='bbox 537 1759 951 1824; x_wconf 89' lang='lat' dir='ltr'><strong>inhabilitatio</strong></span> <span class='ocrx_word' id='word_1_94' title='bbox 988 1775 1262 1837; x_wconf 84' lang='lat' dir='ltr'><strong>personae</strong></span> <span class='ocrx_word' id='word_1_95' title='bbox 1290 1773 1306 1817; x_wconf 75' lang='lat' dir='ltr'><strong>t</strong></span> <span class='ocrx_word' id='word_1_96' title='bbox 1337 1772 1487 1815; x_wconf 89' lang='lat' dir='ltr'><strong>nam</strong></span> <span class='ocrx_word' id='word_1_97' title='bbox 1528 1754 1746 1814; x_wconf 89' lang='lat' dir='ltr'><strong>eodem</strong></span> <span class='ocrx_word' id='word_1_98' title='bbox 1783 1751 1966 1812; x_wconf 91' lang='lat' dir='ltr'><strong>modo</strong></span> <span class='ocrx_word' id='word_1_99' title='bbox 2003 1750 2093 1811; x_wconf 86' lang='lat' dir='ltr'><strong>fit.</strong></span> 
     </span>
    </p>

    <p class='ocr_par' dir='ltr' id='par_1_2' title="bbox 529 1843 2099 3693">
     <span class='ocr_line' id='line_1_16' title="bbox 623 1843 2099 1931; baseline -0.008 -17"><span class='ocrx_word' id='word_1_100' title='bbox 623 1859 722 1915; x_wconf 79' lang='lat'><strong>10.</strong></span> <span class='ocrx_word' id='word_1_101' title='bbox 767 1852 964 1931; x_wconf 86' lang='lat' dir='ltr'><strong>Objici</strong></span> <span class='ocrx_word' id='word_1_102' title='bbox 1009 1869 1153 1911; x_wconf 91' lang='lat' dir='ltr'><strong>vero</strong></span> <span class='ocrx_word' id='word_1_103' title='bbox 1197 1854 1418 1929; x_wconf 90' lang='lat' dir='ltr'><strong>potest,</strong></span> <span class='ocrx_word' id='word_1_104' title='bbox 1450 1847 1597 1926; x_wconf 91' lang='lat' dir='ltr'><strong>quia</strong></span> <span class='ocrx_word' id='word_1_105' title='bbox 1628 1851 1774 1905; x_wconf 90' lang='lat' dir='ltr'><strong>sunt</strong></span> <span class='ocrx_word' id='word_1_106' title='bbox 1815 1843 2099 1922; x_wconf 84' lang='lat' dir='ltr'><strong>quaedam</strong></span> 
     </span>
     <span class='ocr_line' id='line_1_17' title="bbox 538 1935 2097 2027; baseline -0.01 -17"><span class='ocrx_word' id='word_1_107' title='bbox 538 1949 731 2027; x_wconf 80' lang='lat' dir='ltr'><strong>legeS,</strong></span> <span class='ocrx_word' id='word_1_108' title='bbox 770 1963 904 2024; x_wconf 82' lang='lat' dir='ltr'><strong>quae</strong></span> <span class='ocrx_word' id='word_1_109' title='bbox 943 1943 1190 2004; x_wconf 89' lang='lat' dir='ltr'><strong>irritant</strong></span> <span class='ocrx_word' id='word_1_110' title='bbox 1229 1946 1459 2016; x_wconf 89' lang='lat' dir='ltr'><strong>actum,</strong></span> <span class='ocrx_word' id='word_1_111' title='bbox 1500 1945 1562 1999; x_wconf 92' lang='lat' dir='ltr'><strong>et</strong></span> <span class='ocrx_word' id='word_1_112' title='bbox 1604 1956 1730 1998; x_wconf 93' lang='lat' dir='ltr'><strong>non</strong></span> <span class='ocrx_word' id='word_1_113' title='bbox 1767 1935 2097 2015; x_wconf 85' lang='lat' dir='ltr'><strong>prohibent</strong></span> 
     </span>
     <span class='ocr_line' id='line_1_18' title="bbox 539 2030 2093 2112; baseline -0.009 -11"><span class='ocrx_word' id='word_1_114' title='bbox 539 2041 717 2101; x_wconf 88' lang='lat' dir='ltr'><strong>illum</strong></span> <span class='ocrx_word' id='word_1_115' title='bbox 759 2038 1007 2112; x_wconf 83' lang='lat' dir='ltr'><strong>directe,</strong></span> <span class='ocrx_word' id='word_1_116' title='bbox 1038 2039 1110 2094; x_wconf 91' lang='lat' dir='ltr'><strong>ut</strong></span> <span class='ocrx_word' id='word_1_117' title='bbox 1153 2033 1284 2094; x_wconf 83' lang='lat' dir='ltr'><strong>dixi</strong></span> <span class='ocrx_word' id='word_1_118' title='bbox 1323 2033 1389 2092; x_wconf 93' lang='lat' dir='ltr'><strong>in</strong></span> <span class='ocrx_word' id='word_1_119' title='bbox 1430 2032 1588 2091; x_wconf 90' lang='lat' dir='ltr'><strong>libro</strong></span> <span class='ocrx_word' id='word_1_120' title='bbox 1630 2032 1669 2089; x_wconf 73' lang='lat'><strong>2</strong></span> <span class='ocrx_word' id='word_1_121' title='bbox 1709 2030 1785 2090; x_wconf 88' lang='lat' dir='ltr'><strong>de</strong></span> <span class='ocrx_word' id='word_1_122' title='bbox 1825 2031 2093 2104; x_wconf 70' lang='lat' dir='ltr'><strong>Juram„</strong></span> 
     </span>
     <span class='ocr_line' id='line_1_19' title="bbox 538 2121 2096 2213; baseline -0.009 -19"><span class='ocrx_word' id='word_1_123' title='bbox 538 2133 736 2213; x_wconf 91' lang='lat' dir='ltr'><strong>capite</strong></span> <span class='ocrx_word' id='word_1_124' title='bbox 774 2132 873 2190; x_wconf 69' lang='lat'><strong>24.</strong></span> <span class='ocrx_word' id='word_1_125' title='bbox 921 2130 1072 2189; x_wconf 82' lang='lat' dir='ltr'><strong>[tem</strong></span> <span class='ocrx_word' id='word_1_126' title='bbox 1113 2127 1259 2206; x_wconf 87' lang='lat' dir='ltr'><strong>quia</strong></span> <span class='ocrx_word' id='word_1_127' title='bbox 1287 2125 1617 2205; x_wconf 81' lang='lat' dir='ltr'><strong>prohibitio</strong></span> <span class='ocrx_word' id='word_1_128' title='bbox 1650 2123 1879 2183; x_wconf 82' lang='lat' dir='ltr'><strong>directe</strong></span> <span class='ocrx_word' id='word_1_129' title='bbox 1908 2121 1980 2181; x_wconf 86' lang='lat' dir='ltr'><strong>fit</strong></span> <span class='ocrx_word' id='word_1_130' title='bbox 2020 2122 2096 2182; x_wconf 88' lang='lat' dir='ltr'><strong>de</strong></span> 
     </span>
     <span class='ocr_line' id='line_1_20' title="bbox 535 2213 2095 2303; baseline -0.009 -17"><span class='ocrx_word' id='word_1_131' title='bbox 535 2231 675 2286; x_wconf 85' lang='lat' dir='ltr'><strong>actu</strong></span> <span class='ocrx_word' id='word_1_132' title='bbox 712 2221 1007 2303; x_wconf 90' lang='lat' dir='ltr'><strong>possibili,</strong></span> <span class='ocrx_word' id='word_1_133' title='bbox 1031 2239 1102 2280; x_wconf 90' lang='lat' dir='ltr'><strong>ac</strong></span> <span class='ocrx_word' id='word_1_134' title='bbox 1129 2218 1388 2280; x_wconf 86' lang='lat' dir='ltr'><strong>subinde</strong></span> <span class='ocrx_word' id='word_1_135' title='bbox 1415 2216 1785 2295; x_wconf 88' lang='lat' dir='ltr'><strong>relinquitur</strong></span> <span class='ocrx_word' id='word_1_136' title='bbox 1820 2215 1886 2275; x_wconf 94' lang='lat' dir='ltr'><strong>in</strong></span> <span class='ocrx_word' id='word_1_137' title='bbox 1920 2213 2095 2274; x_wconf 89' lang='lat' dir='ltr'><strong>abso-</strong></span> 
     </span>
     <span class='ocr_line' id='line_1_21' title="bbox 533 2307 2094 2394; baseline -0.008 -16"><span class='ocrx_word' id='word_1_138' title='bbox 533 2318 667 2378; x_wconf 90' lang='lat' dir='ltr'><strong>luta</strong></span> <span class='ocrx_word' id='word_1_139' title='bbox 697 2318 994 2394; x_wconf 83' lang='lat' dir='ltr'><strong>potestate</strong></span> <span class='ocrx_word' id='word_1_140' title='bbox 1016 2313 1182 2373; x_wconf 88' lang='lat' dir='ltr'><strong>illius</strong></span> <span class='ocrx_word' id='word_1_141' title='bbox 1202 2312 1301 2372; x_wconf 88' lang='lat' dir='ltr'><strong>cui</strong></span> <span class='ocrx_word' id='word_1_142' title='bbox 1329 2310 1401 2370; x_wconf 86' lang='lat' dir='ltr'><strong>fit</strong></span> <span class='ocrx_word' id='word_1_143' title='bbox 1424 2308 1794 2389; x_wconf 88' lang='lat' dir='ltr'><strong>prohibitio:</strong></span> <span class='ocrx_word' id='word_1_144' title='bbox 1825 2307 2094 2367; x_wconf 89' lang='lat' dir='ltr'><strong>irritatio</strong></span> 
     </span>
     <span class='ocr_line' id='line_1_22' title="bbox 532 2400 2093 2485; baseline -0.008 -14"><span class='ocrx_word' id='word_1_145' title='bbox 532 2416 742 2472; x_wconf 89' lang='lat' dir='ltr'><strong>autem</strong></span> <span class='ocrx_word' id='word_1_146' title='bbox 764 2407 967 2468; x_wconf 82' lang='lat' dir='ltr'><strong>aufert</strong></span> <span class='ocrx_word' id='word_1_147' title='bbox 988 2402 1582 2485; x_wconf 88' lang='lat' dir='ltr'><strong>potestatem·valide</strong></span> <span class='ocrx_word' id='word_1_148' title='bbox 1604 2400 1872 2460; x_wconf 88' lang='lat' dir='ltr'><strong>faciendi</strong></span> <span class='ocrx_word' id='word_1_149' title='bbox 1896 2420 1908 2461; x_wconf 92' lang='lat'>:</span> <span class='ocrx_word' id='word_1_150' title='bbox 1944 2418 2093 2478; x_wconf 84' lang='lat' dir='ltr'><strong>ergo</strong></span> 
     </span>
     <span class='ocr_line' id='line_1_23' title="bbox 531 2493 2093 2579; baseline -0.007 -15"><span class='ocrx_word' id='word_1_151' title='bbox 531 2521 659 2563; x_wconf 91' lang='lat' dir='ltr'><strong>non</strong></span> <span class='ocrx_word' id='word_1_152' title='bbox 688 2506 777 2561; x_wconf 92' lang='lat' dir='ltr'><strong>est</strong></span> <span class='ocrx_word' id='word_1_153' title='bbox 801 2498 1159 2579; x_wconf 90' lang='lat' dir='ltr'><strong>prohibitio,</strong></span> <span class='ocrx_word' id='word_1_154' title='bbox 1194 2495 1301 2557; x_wconf 90' lang='lat' dir='ltr'><strong>sed</strong></span> <span class='ocrx_word' id='word_1_155' title='bbox 1331 2495 1584 2556; x_wconf 85' lang='lat' dir='ltr'><strong>effectus</strong></span> <span class='ocrx_word' id='word_1_156' title='bbox 1618 2493 1869 2553; x_wconf 89' lang='lat' dir='ltr'><strong>alterius</strong></span> <span class='ocrx_word' id='word_1_157' title='bbox 1906 2494 2093 2553; x_wconf 88' lang='lat' dir='ltr'><strong>ratio-</strong></span> 
     </span>
     <span class='ocr_line' id='line_1_24' title="bbox 533 2584 2095 2670; baseline -0.008 -14"><span class='ocrx_word' id='word_1_158' title='bbox 533 2596 652 2656; x_wconf 80' lang='lat' dir='ltr'><strong>nis,</strong></span> <span class='ocrx_word' id='word_1_159' title='bbox 685 2593 801 2654; x_wconf 88' lang='lat' dir='ltr'><strong>Sed</strong></span> <span class='ocrx_word' id='word_1_160' title='bbox 841 2590 1247 2670; x_wconf 89' lang='lat' dir='ltr'><strong>respondetur</strong></span> <span class='ocrx_word' id='word_1_161' title='bbox 1288 2587 1698 2647; x_wconf 80' lang='lat' dir='ltr'><strong>irritationem</strong></span> <span class='ocrx_word' id='word_1_162' title='bbox 1740 2584 1853 2644; x_wconf 90' lang='lat' dir='ltr'><strong>sub</strong></span> <span class='ocrx_word' id='word_1_163' title='bbox 1885 2584 2095 2662; x_wconf 91' lang='lat' dir='ltr'><strong>prohi-</strong></span> 
     </span>
     <span class='ocr_line' id='line_1_25' title="bbox 532 2676 2090 2761; baseline -0.006 -14"><span class='ocrx_word' id='word_1_164' title='bbox 532 2687 767 2747; x_wconf 89' lang='lat' dir='ltr'><strong>bitione</strong></span> <span class='ocrx_word' id='word_1_165' title='bbox 809 2680 1282 2761; x_wconf 87' lang='lat' dir='ltr'><strong>comprehendi,</strong></span> <span class='ocrx_word' id='word_1_166' title='bbox 1326 2679 1454 2739; x_wconf 88' lang='lat' dir='ltr'><strong>sive</strong></span> <span class='ocrx_word' id='word_1_167' title='bbox 1496 2683 1663 2738; x_wconf 89' lang='lat' dir='ltr'><strong>actus</strong></span> <span class='ocrx_word' id='word_1_168' title='bbox 1699 2676 1953 2737; x_wconf 91' lang='lat' dir='ltr'><strong>omnino</strong></span> <span class='ocrx_word' id='word_1_169' title='bbox 1994 2695 2090 2737; x_wconf 88' lang='lat' dir='ltr'><strong>ca-</strong></span> 
     </span>
     <span class='ocr_line' id='line_1_26' title="bbox 532 2768 2091 2852; baseline -0.008 -13"><span class='ocrx_word' id='word_1_170' title='bbox 532 2786 780 2852; x_wconf 88' lang='lat' dir='ltr'><strong>veatur,</strong></span> <span class='ocrx_word' id='word_1_171' title='bbox 824 2775 952 2836; x_wconf 91' lang='lat' dir='ltr'><strong>sive</strong></span> <span class='ocrx_word' id='word_1_172' title='bbox 992 2774 1192 2835; x_wconf 90' lang='lat' dir='ltr'><strong>solum</strong></span> <span class='ocrx_word' id='word_1_173' title='bbox 1237 2776 1541 2832; x_wconf 81' lang='lat' dir='ltr'><strong>statuatur</strong></span> <span class='ocrx_word' id='word_1_174' title='bbox 1587 2789 1665 2830; x_wconf 84' lang='lat' dir='ltr'><strong>ne</strong></span> <span class='ocrx_word' id='word_1_175' title='bbox 1710 2769 1911 2829; x_wconf 85' lang='lat' dir='ltr'><strong>valide</strong></span> <span class='ocrx_word' id='word_1_176' title='bbox 1955 2768 2091 2829; x_wconf 87' lang='lat' dir='ltr'><strong>fieri</strong></span> 
     </span>
     <span class='ocr_line' id='line_1_27' title="bbox 532 2861 2091 2952; baseline -0.007 -21"><span class='ocrx_word' id='word_1_177' title='bbox 532 2872 746 2952; x_wconf 87' lang='lat' dir='ltr'><strong>possit,</strong></span> <span class='ocrx_word' id='word_1_178' title='bbox 773 2886 896 2949; x_wconf 89' lang='lat' dir='ltr'><strong>qua</strong></span> <span class='ocrx_word' id='word_1_179' title='bbox 921 2868 1136 2928; x_wconf 89' lang='lat' dir='ltr'><strong>saltem</strong></span> <span class='ocrx_word' id='word_1_180' title='bbox 1157 2877 1399 2926; x_wconf 75' lang='lat' dir='ltr'><strong>necesse</strong></span> <span class='ocrx_word' id='word_1_181' title='bbox 1420 2869 1511 2924; x_wconf 89' lang='lat' dir='ltr'><strong>est</strong></span> <span class='ocrx_word' id='word_1_182' title='bbox 1540 2861 1864 2942; x_wconf 87' lang='lat' dir='ltr'><strong>prohibere</strong></span> <span class='ocrx_word' id='word_1_183' title='bbox 1883 2866 2091 2921; x_wconf 89' lang='lat' dir='ltr'><strong>actum</strong></span> 
     </span>
     <span class='ocr_line' id='line_1_28' title="bbox 531 2954 2089 3033; baseline -0.008 -8"><span class='ocrx_word' id='word_1_184' title='bbox 531 2970 604 3025; x_wconf 90' lang='lat' dir='ltr'><strong>ut</strong></span> <span class='ocrx_word' id='word_1_185' title='bbox 635 2961 976 3023; x_wconf 89' lang='lat' dir='ltr'><strong>formaliter</strong></span> <span class='ocrx_word' id='word_1_186' title='bbox 1000 2959 1211 3033; x_wconf 89' lang='lat' dir='ltr'><strong>talem,</strong></span> <span class='ocrx_word' id='word_1_187' title='bbox 1242 2957 1470 3017; x_wconf 88' lang='lat' dir='ltr'><strong>scilicet</strong></span> <span class='ocrx_word' id='word_1_188' title='bbox 1498 2963 1569 3016; x_wconf 88' lang='lat' dir='ltr'><strong>ut</strong></span> <span class='ocrx_word' id='word_1_189' title='bbox 1595 2954 2089 3029; x_wconf 87' lang='lat' dir='ltr'><strong>matrimonium,</strong></span> 
     </span>
     <span class='ocr_line' id='line_1_29' title="bbox 529 3048 2091 3132; baseline -0.009 -12"><span class='ocrx_word' id='word_1_190' title='bbox 529 3057 629 3120; x_wconf 88' lang='lat' dir='ltr'><strong>vel</strong></span> <span class='ocrx_word' id='word_1_191' title='bbox 664 3060 1128 3129; x_wconf 88' lang='lat' dir='ltr'><strong>testamentum,</strong></span> <span class='ocrx_word' id='word_1_192' title='bbox 1154 3051 1302 3132; x_wconf 88' lang='lat' dir='ltr'><strong>quia</strong></span> <span class='ocrx_word' id='word_1_193' title='bbox 1331 3049 1654 3129; x_wconf 79' lang='lat' dir='ltr'><strong>prohibere</strong></span> <span class='ocrx_word' id='word_1_194' title='bbox 1682 3048 1955 3108; x_wconf 90' lang='lat' dir='ltr'><strong>valorem</strong></span> <span class='ocrx_word' id='word_1_195' title='bbox 1992 3065 2091 3107; x_wconf 87' lang='lat' dir='ltr'><strong>ac-</strong></span> 
     </span>
     <span class='ocr_line' id='line_1_30' title="bbox 530 3142 2093 3229; baseline -0.008 -15"><span class='ocrx_word' id='word_1_196' title='bbox 530 3158 656 3227; x_wconf 78' lang='lat' dir='ltr'><strong>tuS,</strong></span> <span class='ocrx_word' id='word_1_197' title='bbox 701 3157 790 3212; x_wconf 87' lang='lat' dir='ltr'><strong>est</strong></span> <span class='ocrx_word' id='word_1_198' title='bbox 831 3147 1156 3229; x_wconf 87' lang='lat' dir='ltr'><strong>prohibere</strong></span> <span class='ocrx_word' id='word_1_199' title='bbox 1195 3163 1275 3206; x_wconf 92' lang='lat' dir='ltr'><strong>ne</strong></span> <span class='ocrx_word' id='word_1_200' title='bbox 1320 3143 1547 3203; x_wconf 88' lang='lat' dir='ltr'><strong>subditi</strong></span> <span class='ocrx_word' id='word_1_201' title='bbox 1592 3143 1828 3221; x_wconf 87' lang='lat' dir='ltr'><strong>possint</strong></span> <span class='ocrx_word' id='word_1_202' title='bbox 1866 3142 2093 3202; x_wconf 88' lang='lat' dir='ltr'><strong>talibus</strong></span> 
     </span>
     <span class='ocr_line' id='line_1_31' title="bbox 529 3234 2086 3312; baseline -0.01 -5"><span class='ocrx_word' id='word_1_203' title='bbox 529 3245 764 3307; x_wconf 90' lang='lat' dir='ltr'><strong>actibus</strong></span> <span class='ocrx_word' id='word_1_204' title='bbox 790 3242 882 3303; x_wconf 90' lang='lat' dir='ltr'><strong>uti</strong></span> <span class='ocrx_word' id='word_1_205' title='bbox 901 3246 974 3301; x_wconf 89' lang='lat' dir='ltr'><strong>ut</strong></span> <span class='ocrx_word' id='word_1_206' title='bbox 1006 3238 1258 3299; x_wconf 81' lang='lat' dir='ltr'><strong>validis:</strong></span> <span class='ocrx_word' id='word_1_207' title='bbox 1293 3255 1373 3296; x_wconf 90' lang='lat' dir='ltr'><strong>an</strong></span> <span class='ocrx_word' id='word_1_208' title='bbox 1398 3253 1545 3296; x_wconf 91' lang='lat' dir='ltr'><strong>vero</strong></span> <span class='ocrx_word' id='word_1_209' title='bbox 1571 3235 1703 3295; x_wconf 84' lang='lat' dir='ltr'><strong>hoec</strong></span> <span class='ocrx_word' id='word_1_210' title='bbox 1731 3234 2086 3312; x_wconf 77' lang='lat' dir='ltr'><strong>prohibitiO,</strong></span> 
     </span>
     <span class='ocr_line' id='line_1_32' title="bbox 530 3325 2090 3418; baseline -0.008 -20"><span class='ocrx_word' id='word_1_211' title='bbox 530 3336 779 3418; x_wconf 90' lang='lat' dir='ltr'><strong>quando</strong></span> <span class='ocrx_word' id='word_1_212' title='bbox 802 3339 894 3396; x_wconf 90' lang='lat' dir='ltr'><strong>est</strong></span> <span class='ocrx_word' id='word_1_213' title='bbox 921 3351 1030 3414; x_wconf 90' lang='lat' dir='ltr'><strong>per</strong></span> <span class='ocrx_word' id='word_1_214' title='bbox 1054 3331 1223 3409; x_wconf 85' lang='lat' dir='ltr'><strong>leges</strong></span> <span class='ocrx_word' id='word_1_215' title='bbox 1241 3328 1472 3402; x_wconf 76' lang='lat' dir='ltr'><strong>civile8‚</strong></span> <span class='ocrx_word' id='word_1_216' title='bbox 1501 3344 1744 3405; x_wconf 89' lang='lat' dir='ltr'><strong>semper</strong></span> <span class='ocrx_word' id='word_1_217' title='bbox 1771 3325 2002 3404; x_wconf 80' lang='lat' dir='ltr'><strong>obliget</strong></span> <span class='ocrx_word' id='word_1_218' title='bbox 2022 3327 2090 3386; x_wconf 91' lang='lat' dir='ltr'><strong>in</strong></span> 
     </span>
     <span class='ocr_line' id='line_1_33' title="bbox 531 3418 2090 3505; baseline -0.008 -14"><span class='ocrx_word' id='word_1_219' title='bbox 531 3427 923 3501; x_wconf 87' lang='lat' dir='ltr'><strong>conscientia,</strong></span> <span class='ocrx_word' id='word_1_220' title='bbox 975 3429 1187 3505; x_wconf 88' lang='lat' dir='ltr'><strong>postea</strong></span> <span class='ocrx_word' id='word_1_221' title='bbox 1238 3421 1606 3481; x_wconf 62' lang='lat' dir='ltr'><strong>videbimus„</strong></span> <span class='ocrx_word' id='word_1_222' title='bbox 1656 3418 1852 3479; x_wconf 86' lang='lat' dir='ltr'><strong>Aliter</strong></span> <span class='ocrx_word' id='word_1_223' title='bbox 1903 3420 2090 3479; x_wconf 90' lang='lat' dir='ltr'><strong>etiam</strong></span> 
     </span>
     <span class='ocr_line' id='line_1_34' title="bbox 531 3511 2091 3602; baseline -0.005 -21"><span class='ocrx_word' id='word_1_224' title='bbox 531 3527 731 3602; x_wconf 88' lang='lat' dir='ltr'><strong>potest</strong></span> <span class='ocrx_word' id='word_1_225' title='bbox 748 3520 849 3580; x_wconf 91' lang='lat' dir='ltr'><strong>hic</strong></span> <span class='ocrx_word' id='word_1_226' title='bbox 866 3517 1117 3580; x_wconf 81' lang='lat' dir='ltr'><strong>effectus</strong></span> <span class='ocrx_word' id='word_1_227' title='bbox 1136 3513 1451 3593; x_wconf 88' lang='lat' dir='ltr'><strong>explicari,</strong></span> <span class='ocrx_word' id='word_1_228' title='bbox 1469 3521 1538 3571; x_wconf 88' lang='lat' dir='ltr'><strong>ut</strong></span> <span class='ocrx_word' id='word_1_229' title='bbox 1555 3512 1755 3572; x_wconf 88' lang='lat' dir='ltr'><strong>dicam</strong></span> <span class='ocrx_word' id='word_1_230' title='bbox 1774 3511 1843 3570; x_wconf 90' lang='lat' dir='ltr'><strong>in</strong></span> <span class='ocrx_word' id='word_1_231' title='bbox 1860 3518 2091 3589; x_wconf 88' lang='lat' dir='ltr'><strong>puncto</strong></span> 
     </span>
     <span class='ocr_line' id='line_1_35' title="bbox 529 3612 833 3693; baseline -0.013 -18"><span class='ocrx_word' id='word_1_232' title='bbox 529 3612 833 3693; x_wconf 85' lang='lat' dir='ltr'><strong>sequenti.</strong></span> 
     </span>
    </p>

    <p class='ocr_par' dir='ltr' id='par_1_3' title="bbox 528 3697 2094 5078">
     <span class='ocr_line' id='line_1_36' title="bbox 615 3697 2094 3782; baseline -0.005 -16"><span class='ocrx_word' id='word_1_233' title='bbox 615 3710 713 3766; x_wconf 82' lang='lat'><strong>11.</strong></span> <span class='ocrx_word' id='word_1_234' title='bbox 759 3703 864 3766; x_wconf 84' lang='lat' dir='ltr'><strong>Ad</strong></span> <span class='ocrx_word' id='word_1_235' title='bbox 880 3720 1044 3782; x_wconf 79' lang='lat' dir='ltr'><strong>quem</strong></span> <span class='ocrx_word' id='word_1_236' title='bbox 1069 3704 1342 3782; x_wconf 75' lang='lat' dir='ltr'><strong>effectum</strong></span> <span class='ocrx_word' id='word_1_237' title='bbox 1365 3698 1517 3778; x_wconf 71' lang='lat' dir='ltr'><strong>leyis</strong></span> <span class='ocrx_word' id='word_1_238' title='bbox 1533 3697 1832 3776; x_wconf 74' lang='lat' dir='ltr'><strong>pertineat</strong></span> <span class='ocrx_word' id='word_1_239' title='bbox 1858 3702 2094 3759; x_wconf 76' lang='lat' dir='ltr'><strong>mutare</strong></span> 
     </span>
     <span class='ocr_line' id='line_1_37' title="bbox 530 3790 2090 3865; baseline -0.005 -5"><span class='ocrx_word' id='word_1_240' title='bbox 530 3797 801 3861; x_wconf 80' lang='lat' dir='ltr'><strong>dominia</strong></span> <span class='ocrx_word' id='word_1_241' title='bbox 825 3793 1396 3865; x_wconf 62' lang='lat' dir='ltr'><strong>rerum—Quartus</strong></span> <span class='ocrx_word' id='word_1_242' title='bbox 1414 3790 1666 3852; x_wconf 84' lang='lat' dir='ltr'><strong>effectus</strong></span> <span class='ocrx_word' id='word_1_243' title='bbox 1694 3796 1825 3851; x_wconf 90' lang='lat' dir='ltr'><strong>erat</strong></span> <span class='ocrx_word' id='word_1_244' title='bbox 1847 3794 2090 3852; x_wconf 89' lang='lat' dir='ltr'><strong>mutare</strong></span> 
     </span>
     <span class='ocr_line' id='line_1_38' title="bbox 532 3882 2085 3963; baseline -0.004 -12"><span class='ocrx_word' id='word_1_245' title='bbox 532 3889 809 3951; x_wconf 88' lang='lat' dir='ltr'><strong>dominia</strong></span> <span class='ocrx_word' id='word_1_246' title='bbox 837 3903 1069 3962; x_wconf 89' lang='lat' dir='ltr'><strong>rerum,</strong></span> <span class='ocrx_word' id='word_1_247' title='bbox 1111 3891 1183 3944; x_wconf 89' lang='lat' dir='ltr'><strong>ut</strong></span> <span class='ocrx_word' id='word_1_248' title='bbox 1206 3883 1278 3944; x_wconf 84' lang='lat' dir='ltr'><strong>fit</strong></span> <span class='ocrx_word' id='word_1_249' title='bbox 1313 3884 1381 3943; x_wconf 92' lang='lat' dir='ltr'><strong>in</strong></span> <span class='ocrx_word' id='word_1_250' title='bbox 1420 3882 1557 3962; x_wconf 89' lang='grc'><strong>1838</strong></span> <span class='ocrx_word' id='word_1_251' title='bbox 1585 3884 2085 3963; x_wconf 76' lang='lat' dir='ltr'><strong>praescriptionis,</strong></span> 
     </span>
     <span class='ocr_line' id='line_1_39' title="bbox 532 3975 2089 4059; baseline -0.005 -14"><span class='ocrx_word' id='word_1_252' title='bbox 532 3990 649 4045; x_wconf 90' lang='lat' dir='ltr'><strong>etc.</strong></span> <span class='ocrx_word' id='word_1_253' title='bbox 676 3982 770 4043; x_wconf 90' lang='lat' dir='ltr'><strong>Ad</strong></span> <span class='ocrx_word' id='word_1_254' title='bbox 803 3998 991 4059; x_wconf 84' lang='lat' dir='ltr'><strong>quam</strong></span> <span class='ocrx_word' id='word_1_255' title='bbox 1020 3978 1143 4038; x_wconf 88' lang='lat' dir='ltr'><strong>dici</strong></span> <span class='ocrx_word' id='word_1_256' title='bbox 1170 3983 1367 4056; x_wconf 89' lang='lat' dir='ltr'><strong>potest</strong></span> <span class='ocrx_word' id='word_1_257' title='bbox 1393 3976 1581 4037; x_wconf 88' lang='lat' dir='ltr'><strong>etiam</strong></span> <span class='ocrx_word' id='word_1_258' title='bbox 1609 3975 1771 4037; x_wconf 88' lang='lat' dir='ltr'><strong>hunc</strong></span> <span class='ocrx_word' id='word_1_259' title='bbox 1801 3977 2089 4038; x_wconf 84' lang='lat' dir='ltr'><strong>effectum</strong></span> 
     </span>
     <span class='ocr_line' id='line_1_40' title="bbox 528 4069 2091 4153; baseline -0.003 -16"><span class='ocrx_word' id='word_1_260' title='bbox 528 4076 740 4137; x_wconf 87' lang='lat' dir='ltr'><strong>reduci</strong></span> <span class='ocrx_word' id='word_1_261' title='bbox 762 4075 839 4134; x_wconf 91' lang='lat' dir='ltr'><strong>ad</strong></span> <span class='ocrx_word' id='word_1_262' title='bbox 867 4076 1244 4153; x_wconf 75' lang='lat' dir='ltr'><strong>praeceptum</strong></span> <span class='ocrx_word' id='word_1_263' title='bbox 1271 4086 1287 4130; x_wconf 73' lang='grc' dir='ltr'>ε</span> <span class='ocrx_word' id='word_1_264' title='bbox 1314 4088 1460 4130; x_wconf 91' lang='lat' dir='ltr'><strong>nam</strong></span> <span class='ocrx_word' id='word_1_265' title='bbox 1491 4069 1593 4131; x_wconf 86' lang='lat' dir='ltr'><strong>lex</strong></span> <span class='ocrx_word' id='word_1_266' title='bbox 1620 4071 1899 4149; x_wconf 72' lang='lat' dir='ltr'><strong>praecipit</strong></span> <span class='ocrx_word' id='word_1_267' title='bbox 1920 4070 2091 4132; x_wconf 89' lang='lat' dir='ltr'><strong>bunc</strong></span> 
     </span>
     <span class='ocr_line' id='line_1_41' title="bbox 529 4162 2088 4241; baseline -0.004 -11"><span class='ocrx_word' id='word_1_268' title='bbox 529 4187 660 4230; x_wconf 91' lang='lat' dir='ltr'><strong>esse</strong></span> <span class='ocrx_word' id='word_1_269' title='bbox 695 4167 1040 4239; x_wconf 83' lang='lat' dir='ltr'><strong>domiuum,</strong></span> <span class='ocrx_word' id='word_1_270' title='bbox 1076 4169 1138 4225; x_wconf 91' lang='lat' dir='ltr'><strong>et</strong></span> <span class='ocrx_word' id='word_1_271' title='bbox 1162 4182 1289 4224; x_wconf 92' lang='lat' dir='ltr'><strong>non</strong></span> <span class='ocrx_word' id='word_1_272' title='bbox 1325 4162 1502 4222; x_wconf 91' lang='lat' dir='ltr'><strong>illum</strong></span> <span class='ocrx_word' id='word_1_273' title='bbox 1530 4179 1547 4223; x_wconf 74' lang='grc' dir='ltr'><strong>ε</strong></span> <span class='ocrx_word' id='word_1_274' title='bbox 1578 4163 1853 4241; x_wconf 88' lang='lat' dir='ltr'><strong>praecipit</strong></span> <span class='ocrx_word' id='word_1_275' title='bbox 1879 4170 2088 4224; x_wconf 87' lang='lat' dir='ltr'><strong>autem</strong></span> 
     </span>
     <span class='ocr_line' id='line_1_42' title="bbox 529 4255 2092 4336; baseline -0.003 -15"><span class='ocrx_word' id='word_1_276' title='bbox 529 4260 830 4332; x_wconf 81' lang='lat' dir='ltr'><strong>faciendo,</strong></span> <span class='ocrx_word' id='word_1_277' title='bbox 862 4258 1010 4336; x_wconf 90' lang='lat' dir='ltr'><strong>quia</strong></span> <span class='ocrx_word' id='word_1_278' title='bbox 1038 4257 1188 4317; x_wconf 89' lang='lat' dir='ltr'><strong>alias</strong></span> <span class='ocrx_word' id='word_1_279' title='bbox 1214 4273 1341 4315; x_wconf 90' lang='lat' dir='ltr'><strong>non</strong></span> <span class='ocrx_word' id='word_1_280' title='bbox 1363 4261 1564 4334; x_wconf 89' lang='lat' dir='ltr'><strong>posset</strong></span> <span class='ocrx_word' id='word_1_281' title='bbox 1587 4255 1917 4315; x_wconf 84' lang='lat' dir='ltr'><strong>efficaciter</strong></span> <span class='ocrx_word' id='word_1_282' title='bbox 1939 4274 2092 4335; x_wconf 83' lang='lat' dir='ltr'><strong>prae·</strong></span> 
     </span>
     <span class='ocr_line' id='line_1_43' title="bbox 531 4346 2093 4432; baseline -0.004 -18"><span class='ocrx_word' id='word_1_283' title='bbox 531 4353 753 4432; x_wconf 86' lang='lat' dir='ltr'><strong>cipere.</strong></span> <span class='ocrx_word' id='word_1_284' title='bbox 790 4350 952 4411; x_wconf 88' lang='lat' dir='ltr'><strong>Addi</strong></span> <span class='ocrx_word' id='word_1_285' title='bbox 986 4366 1132 4409; x_wconf 93' lang='lat' dir='ltr'><strong>vero</strong></span> <span class='ocrx_word' id='word_1_286' title='bbox 1167 4352 1388 4426; x_wconf 88' lang='lat' dir='ltr'><strong>potest,</strong></span> <span class='ocrx_word' id='word_1_287' title='bbox 1417 4346 1733 4424; x_wconf 88' lang='lat' dir='ltr'><strong>probabile</strong></span> <span class='ocrx_word' id='word_1_288' title='bbox 1766 4364 1895 4408; x_wconf 87' lang='lat' dir='ltr'><strong>esse</strong></span> <span class='ocrx_word' id='word_1_289' title='bbox 1925 4348 2093 4408; x_wconf 89' lang='lat' dir='ltr'><strong>hunc</strong></span> 
     </span>
     <span class='ocr_line' id='line_1_44' title="bbox 531 4438 2090 4518; baseline -0.003 -12"><span class='ocrx_word' id='word_1_290' title='bbox 531 4444 838 4518; x_wconf 85' lang='lat' dir='ltr'><strong>effectum,</strong></span> <span class='ocrx_word' id='word_1_291' title='bbox 864 4447 926 4502; x_wconf 93' lang='lat' dir='ltr'><strong>et</strong></span> <span class='ocrx_word' id='word_1_292' title='bbox 948 4440 1179 4501; x_wconf 90' lang='lat' dir='ltr'><strong>similes</strong></span> <span class='ocrx_word' id='word_1_293' title='bbox 1206 4439 1370 4515; x_wconf 91' lang='lat' dir='ltr'><strong>(licet</strong></span> <span class='ocrx_word' id='word_1_294' title='bbox 1389 4438 1628 4517; x_wconf 82' lang='lat' dir='ltr'><strong>legibus</strong></span> <span class='ocrx_word' id='word_1_295' title='bbox 1655 4438 2004 4514; x_wconf 82' lang='lat' dir='ltr'><strong>firmentur,</strong></span> <span class='ocrx_word' id='word_1_296' title='bbox 2028 4446 2090 4501; x_wconf 90' lang='lat' dir='ltr'><strong>et</strong></span> 
     </span>
     <span class='ocr_line' id='line_1_45' title="bbox 529 4531 2090 4610; baseline -0.003 -11"><span class='ocrx_word' id='word_1_297' title='bbox 529 4538 670 4598; x_wconf 89' lang='lat' dir='ltr'><strong>ideo</strong></span> <span class='ocrx_word' id='word_1_298' title='bbox 720 4534 975 4597; x_wconf 90' lang='lat' dir='ltr'><strong>ferendo</strong></span> <span class='ocrx_word' id='word_1_299' title='bbox 1027 4533 1193 4610; x_wconf 81' lang='lat' dir='ltr'><strong>leges</strong></span> <span class='ocrx_word' id='word_1_300' title='bbox 1247 4531 1385 4592; x_wconf 90' lang='lat' dir='ltr'><strong>fieri</strong></span> <span class='ocrx_word' id='word_1_301' title='bbox 1429 4531 1695 4606; x_wconf 86' lang='lat' dir='ltr'><strong>soleant)</strong></span> <span class='ocrx_word' id='word_1_302' title='bbox 1749 4531 2090 4594; x_wconf 87' lang='lat' dir='ltr'><strong>formaliter</strong></span> 
     </span>
     <span class='ocr_line' id='line_1_46' title="bbox 531 4623 2088 4706; baseline -0.003 -15"><span class='ocrx_word' id='word_1_303' title='bbox 531 4647 661 4691; x_wconf 92' lang='lat' dir='ltr'><strong>non</strong></span> <span class='ocrx_word' id='word_1_304' title='bbox 700 4627 835 4690; x_wconf 86' lang='lat' dir='ltr'><strong>fieri</strong></span> <span class='ocrx_word' id='word_1_305' title='bbox 869 4645 979 4706; x_wconf 88' lang='lat' dir='ltr'><strong>per</strong></span> <span class='ocrx_word' id='word_1_306' title='bbox 1022 4624 1227 4703; x_wconf 85' lang='lat' dir='ltr'><strong>legem</strong></span> <span class='ocrx_word' id='word_1_307' title='bbox 1267 4630 1338 4683; x_wconf 91' lang='lat' dir='ltr'><strong>ut</strong></span> <span class='ocrx_word' id='word_1_308' title='bbox 1377 4623 1478 4683; x_wconf 84' lang='lat' dir='ltr'><strong>lex</strong></span> <span class='ocrx_word' id='word_1_309' title='bbox 1518 4628 1630 4697; x_wconf 90' lang='lat' dir='ltr'><strong>est,</strong></span> <span class='ocrx_word' id='word_1_310' title='bbox 1669 4624 1815 4702; x_wconf 91' lang='lat' dir='ltr'><strong>quia</strong></span> <span class='ocrx_word' id='word_1_311' title='bbox 1846 4624 2088 4686; x_wconf 90' lang='lat' dir='ltr'><strong>auferre</strong></span> 
     </span>
     <span class='ocr_line' id='line_1_47' title="bbox 532 4715 2091 4795; baseline -0.003 -13"><span class='ocrx_word' id='word_1_312' title='bbox 532 4721 633 4783; x_wconf 90' lang='lat' dir='ltr'><strong>vel</strong></span> <span class='ocrx_word' id='word_1_313' title='bbox 659 4715 805 4781; x_wconf 80' lang='lat' dir='ltr'><strong>dare</strong></span> <span class='ocrx_word' id='word_1_314' title='bbox 834 4717 1180 4779; x_wconf 88' lang='lat' dir='ltr'><strong>dominium</strong></span> <span class='ocrx_word' id='word_1_315' title='bbox 1212 4735 1342 4777; x_wconf 89' lang='lat' dir='ltr'><strong>non</strong></span> <span class='ocrx_word' id='word_1_316' title='bbox 1365 4722 1459 4777; x_wconf 89' lang='lat' dir='ltr'><strong>est</strong></span> <span class='ocrx_word' id='word_1_317' title='bbox 1483 4716 1837 4795; x_wconf 61' lang='lat' dir='ltr'><strong>praecipere,</strong></span> <span class='ocrx_word' id='word_1_318' title='bbox 1863 4719 1969 4778; x_wconf 88' lang='lat' dir='ltr'><strong>sed</strong></span> <span class='ocrx_word' id='word_1_319' title='bbox 1998 4726 2091 4779; x_wconf 91' lang='lat' dir='ltr'><strong>est</strong></span> 
     </span>
     <span class='ocr_line' id='line_1_48' title="bbox 530 4808 2092 4894; baseline -0.003 -20"><span class='ocrx_word' id='word_1_320' title='bbox 530 4812 705 4894; x_wconf 87' lang='lat' dir='ltr'><strong>qnasi</strong></span> <span class='ocrx_word' id='word_1_321' title='bbox 739 4812 993 4886; x_wconf 90' lang='lat' dir='ltr'><strong>donare,</strong></span> <span class='ocrx_word' id='word_1_322' title='bbox 1035 4810 1136 4870; x_wconf 91' lang='lat' dir='ltr'><strong>vel</strong></span> <span class='ocrx_word' id='word_1_323' title='bbox 1173 4808 1433 4888; x_wconf 85' lang='lat' dir='ltr'><strong>operari.</strong></span> <span class='ocrx_word' id='word_1_324' title='bbox 1477 4810 1631 4868; x_wconf 87' lang='lat' dir='ltr'><strong>Item</strong></span> <span class='ocrx_word' id='word_1_325' title='bbox 1663 4809 1811 4887; x_wconf 91' lang='lat' dir='ltr'><strong>quia</strong></span> <span class='ocrx_word' id='word_1_326' title='bbox 1844 4808 2092 4870; x_wconf 88' lang='lat' dir='ltr'><strong>videtur</strong></span> 
     </span>
     <span class='ocr_line' id='line_1_49' title="bbox 529 4900 2090 4984; baseline -0.004 -16"><span class='ocrx_word' id='word_1_327' title='bbox 529 4925 660 4968; x_wconf 89' lang='lat' dir='ltr'><strong>esse</strong></span> <span class='ocrx_word' id='word_1_328' title='bbox 682 4925 720 4966; x_wconf 92' lang='lat' dir='ltr'><strong>a</strong></span> <span class='ocrx_word' id='word_1_329' title='bbox 743 4910 1039 4984; x_wconf 88' lang='lat' dir='ltr'><strong>potestate</strong></span> <span class='ocrx_word' id='word_1_330' title='bbox 1062 4902 1317 4963; x_wconf 83' lang='lat' dir='ltr'><strong>diversae</strong></span> <span class='ocrx_word' id='word_1_331' title='bbox 1343 4900 1597 4961; x_wconf 90' lang='lat' dir='ltr'><strong>rationis</strong></span> <span class='ocrx_word' id='word_1_332' title='bbox 1621 4918 1803 4961; x_wconf 88' lang='lat' dir='ltr'><strong>:nam</strong></span> <span class='ocrx_word' id='word_1_333' title='bbox 1831 4901 1897 4962; x_wconf 94' lang='lat' dir='ltr'><strong>in</strong></span> <span class='ocrx_word' id='word_1_334' title='bbox 1920 4902 2090 4981; x_wconf 89' lang='lat' dir='ltr'><strong>prin-</strong></span> 
     </span>
     <span class='ocr_line' id='line_1_50' title="bbox 529 4994 2089 5078; baseline -0.004 -19"><span class='ocrx_word' id='word_1_335' title='bbox 529 5001 663 5078; x_wconf 81' lang='lat' dir='ltr'><strong>cipe</strong></span> <span class='ocrx_word' id='word_1_336' title='bbox 689 4997 789 5058; x_wconf 90' lang='lat' dir='ltr'><strong>vel</strong></span> <span class='ocrx_word' id='word_1_337' title='bbox 815 4995 1126 5076; x_wconf 89' lang='lat' dir='ltr'><strong>republica</strong></span> <span class='ocrx_word' id='word_1_338' title='bbox 1147 5013 1276 5055; x_wconf 93' lang='lat' dir='ltr'><strong>non</strong></span> <span class='ocrx_word' id='word_1_339' title='bbox 1304 4994 1504 5055; x_wconf 88' lang='lat' dir='ltr'><strong>solum</strong></span> <span class='ocrx_word' id='word_1_340' title='bbox 1531 5000 1624 5054; x_wconf 92' lang='lat' dir='ltr'><strong>est</strong></span> <span class='ocrx_word' id='word_1_341' title='bbox 1655 4999 1921 5073; x_wconf 88' lang='lat' dir='ltr'><strong>potestas</strong></span> <span class='ocrx_word' id='word_1_342' title='bbox 1946 5013 2089 5073; x_wconf 90' lang='lat' dir='ltr'><strong>pro·</strong></span> 
     </span>
    </p>
   </div>
   <div class='ocr_carea' id='block_1_2' title="bbox 609 5089 984 5104">
    <p class='ocr_par' dir='ltr' id='par_1_4' title="bbox 609 5089 984 5104">
     <span class='ocr_line' id='line_1_51' title="bbox 609 5089 984 5104; baseline -0.005 -1"><span class='ocrx_word' id='word_1_343' title='bbox 609 5089 984 5104; x_wconf 66' lang='grc'><strong>.....</strong></span> 
     </span>
    </p>
   </div>
   <div class='ocr_carea' id='block_1_3' title="bbox 529 5179 2083 5259">
    <p class='ocr_par' dir='ltr' id='par_1_5' title="bbox 529 5179 2083 5259">
     <span class='ocr_line' id='line_1_52' title="bbox 529 5179 2083 5259; baseline -0.003 -16"><span class='ocrx_word' id='word_1_344' title='bbox 529 5184 704 5254; x_wconf 90' lang='lat' dir='ltr'><strong>dum,</strong></span> <span class='ocrx_word' id='word_1_345' title='bbox 739 5181 844 5241; x_wconf 90' lang='lat' dir='ltr'><strong>sed</strong></span> <span class='ocrx_word' id='word_1_346' title='bbox 873 5182 1060 5241; x_wconf 88' lang='lat' dir='ltr'><strong>etiam</strong></span> <span class='ocrx_word' id='word_1_347' title='bbox 1095 5186 1187 5242; x_wconf 90' lang='lat' dir='ltr'><strong>est</strong></span> <span class='ocrx_word' id='word_1_348' title='bbox 1229 5185 1493 5258; x_wconf 88' lang='lat' dir='ltr'><strong>potestas</strong></span> <span class='ocrx_word' id='word_1_349' title='bbox 1521 5180 1791 5259; x_wconf 87' lang='lat' dir='ltr'><strong>supremi</strong></span> <span class='ocrx_word' id='word_1_350' title='bbox 1831 5179 2083 5257; x_wconf 90' lang='lat' dir='ltr'><strong>dispen-</strong></span> 
     </span>
    </p>
   </div>
   <div class='ocr_carea' id='block_1_4' title="bbox 1527 355 2751 412">
    <p class='ocr_par' dir='ltr' id='par_1_6' title="bbox 1527 355 2751 412">
     <span class='ocr_line' id='line_1_53' title="bbox 1527 355 2751 412; baseline -0.004 0"><span class='ocrx_word' id='word_1_351' title='bbox 1527 360 1644 412; x_wconf 89' lang='lat' dir='ltr'><strong>LIB.</strong></span> <span class='ocrx_word' id='word_1_352' title='bbox 1680 360 1718 411; x_wconf 91' lang='lat'><strong>1.</strong></span> <span class='ocrx_word' id='word_1_353' title='bbox 1754 359 1834 410; x_wconf 85' lang='lat' dir='ltr'><strong>DE</strong></span> <span class='ocrx_word' id='word_1_354' title='bbox 1864 357 2120 409; x_wconf 74' lang='lat' dir='ltr'><strong>NATURA</strong></span> <span class='ocrx_word' id='word_1_355' title='bbox 2152 356 2331 409; x_wconf 84' lang='lat' dir='ltr'>LEGIS</span> <span class='ocrx_word' id='word_1_356' title='bbox 2363 356 2426 408; x_wconf 83' lang='lat' dir='ltr'><strong>IN</strong></span> <span class='ocrx_word' id='word_1_357' title='bbox 2459 355 2751 408; x_wconf 73' lang='lat' dir='ltr'><strong>connum.</strong></span> 
     </span>
    </p>
   </div>
   <div class='ocr_carea' id='block_1_5' title="bbox 2160 452 3779 5256">
    <p class='ocr_par' dir='ltr' id='par_1_7' title="bbox 2174 452 3779 2013">
     <span class='ocr_line' id='line_1_54' title="bbox 2176 452 3779 535; baseline 0.001 -21"><span class='ocrx_word' id='word_1_358' title='bbox 2176 453 2451 514; x_wconf 90' lang='lat' dir='ltr'><strong>dominia</strong></span> <span class='ocrx_word' id='word_1_359' title='bbox 2470 454 2571 514; x_wconf 90' lang='lat' dir='ltr'><strong>vel</strong></span> <span class='ocrx_word' id='word_1_360' title='bbox 2601 453 2902 532; x_wconf 91' lang='lat' dir='ltr'><strong>impedire</strong></span> <span class='ocrx_word' id='word_1_361' title='bbox 2923 452 3055 528; x_wconf 86' lang='lat' dir='ltr'><strong>illa,</strong></span> <span class='ocrx_word' id='word_1_362' title='bbox 3087 459 3149 514; x_wconf 92' lang='lat' dir='ltr'><strong>et</strong></span> <span class='ocrx_word' id='word_1_363' title='bbox 3178 454 3404 516; x_wconf 88' lang='lat' dir='ltr'><strong>similia</strong></span> <span class='ocrx_word' id='word_1_364' title='bbox 3425 456 3747 535; x_wconf 89' lang='lat' dir='ltr'><strong>pertinent</strong></span> <span class='ocrx_word' id='word_1_365' title='bbox 3773 472 3779 476; x_wconf 85' lang='grc'><em>·</em></span> 
     </span>
     <span class='ocr_line' id='line_1_55' title="bbox 2177 546 3747 628; baseline 0.001 -21"><span class='ocrx_word' id='word_1_366' title='bbox 2177 547 2254 607; x_wconf 85' lang='grc'><strong>8(1</strong></span> <span class='ocrx_word' id='word_1_367' title='bbox 2291 546 2595 606; x_wconf 91' lang='lat' dir='ltr'><strong>bonorum</strong></span> <span class='ocrx_word' id='word_1_368' title='bbox 2622 547 3244 622; x_wconf 86' lang='lat' dir='ltr'><strong>administrationem,</strong></span> <span class='ocrx_word' id='word_1_369' title='bbox 3270 553 3332 608; x_wconf 90' lang='lat' dir='ltr'><strong>et</strong></span> <span class='ocrx_word' id='word_1_370' title='bbox 3358 547 3438 607; x_wconf 91' lang='lat' dir='ltr'><strong>ad</strong></span> <span class='ocrx_word' id='word_1_371' title='bbox 3474 554 3747 628; x_wconf 89' lang='lat' dir='ltr'><strong>potesta-</strong></span> 
     </span>
     <span class='ocr_line' id='line_1_56' title="bbox 2177 639 3750 720; baseline 0.001 -22"><span class='ocrx_word' id='word_1_372' title='bbox 2177 645 2304 699; x_wconf 89' lang='lat' dir='ltr'><strong>tem</strong></span> <span class='ocrx_word' id='word_1_373' title='bbox 2335 639 2594 698; x_wconf 91' lang='lat' dir='ltr'><strong>dominii</strong></span> <span class='ocrx_word' id='word_1_374' title='bbox 2627 639 2760 712; x_wconf 90' lang='lat' dir='ltr'><strong>alti,</strong></span> <span class='ocrx_word' id='word_1_375' title='bbox 2796 640 2962 717; x_wconf 92' lang='lat' dir='ltr'><strong>quod</strong></span> <span class='ocrx_word' id='word_1_376' title='bbox 3002 639 3230 699; x_wconf 88' lang='lat' dir='ltr'><strong>dicitur</strong></span> <span class='ocrx_word' id='word_1_377' title='bbox 3274 658 3404 700; x_wconf 89' lang='lat' dir='ltr'><strong>esse</strong></span> <span class='ocrx_word' id='word_1_378' title='bbox 3446 641 3509 700; x_wconf 92' lang='lat' dir='ltr'><strong>in</strong></span> <span class='ocrx_word' id='word_1_379' title='bbox 3555 659 3750 720; x_wconf 89' lang='lat' dir='ltr'><strong>repu-</strong></span> 
     </span>
     <span class='ocr_line' id='line_1_57' title="bbox 2175 730 3747 812; baseline 0.002 -22"><span class='ocrx_word' id='word_1_380' title='bbox 2175 732 2354 791; x_wconf 85' lang='lat' dir='ltr'><strong>blica.</strong></span> <span class='ocrx_word' id='word_1_381' title='bbox 2386 732 2461 790; x_wconf 89' lang='lat' dir='ltr'><strong>Et</strong></span> <span class='ocrx_word' id='word_1_382' title='bbox 2495 731 2611 796; x_wconf 90' lang='lat' dir='ltr'><strong>hac</strong></span> <span class='ocrx_word' id='word_1_383' title='bbox 2639 736 2935 809; x_wconf 86' lang='lat' dir='ltr'><strong>potestate</strong></span> <span class='ocrx_word' id='word_1_384' title='bbox 2964 730 3307 794; x_wconf 87' lang='lat' dir='ltr'><strong>formaliter</strong></span> <span class='ocrx_word' id='word_1_385' title='bbox 3344 733 3541 793; x_wconf 89' lang='lat' dir='ltr'><strong>utitur</strong></span> <span class='ocrx_word' id='word_1_386' title='bbox 3569 734 3747 812; x_wconf 89' lang='lat' dir='ltr'><strong>prin-</strong></span> 
     </span>
     <span class='ocr_line' id='line_1_58' title="bbox 2177 824 3748 904; baseline -0.001 -19"><span class='ocrx_word' id='word_1_387' title='bbox 2177 843 2340 903; x_wconf 73' lang='lat' dir='ltr'><strong>cepS,</strong></span> <span class='ocrx_word' id='word_1_388' title='bbox 2384 824 2633 903; x_wconf 90' lang='lat' dir='ltr'><strong>quando</strong></span> <span class='ocrx_word' id='word_1_389' title='bbox 2679 825 2916 900; x_wconf 85' lang='lat' dir='ltr'><strong>statuit,</strong></span> <span class='ocrx_word' id='word_1_390' title='bbox 2959 830 3028 883; x_wconf 89' lang='lat' dir='ltr'><strong>ut</strong></span> <span class='ocrx_word' id='word_1_391' title='bbox 3067 844 3180 903; x_wconf 88' lang='lat' dir='ltr'><strong>per</strong></span> <span class='ocrx_word' id='word_1_392' title='bbox 3216 827 3748 904; x_wconf 52' lang='lat' dir='ltr'><strong>praescriptionem</strong></span> 
     </span>
     <span class='ocr_line' id='line_1_59' title="bbox 2176 916 3748 995; baseline -0.001 -17"><span class='ocrx_word' id='word_1_393' title='bbox 2176 918 2527 995; x_wconf 87' lang='lat' dir='ltr'><strong>acquiratur</strong></span> <span class='ocrx_word' id='word_1_394' title='bbox 2560 916 2908 976; x_wconf 90' lang='lat' dir='ltr'><strong>dominium</strong></span> <span class='ocrx_word' id='word_1_395' title='bbox 2933 917 3011 976; x_wconf 91' lang='lat' dir='ltr'><strong>ab</strong></span> <span class='ocrx_word' id='word_1_396' title='bbox 3050 935 3198 991; x_wconf 82' lang='lat' dir='ltr'><strong>unc,</strong></span> <span class='ocrx_word' id='word_1_397' title='bbox 3225 923 3287 977; x_wconf 90' lang='lat' dir='ltr'><strong>et</strong></span> <span class='ocrx_word' id='word_1_398' title='bbox 3313 918 3633 978; x_wconf 85' lang='lat' dir='ltr'><strong>amittatur</strong></span> <span class='ocrx_word' id='word_1_399' title='bbox 3660 918 3748 977; x_wconf 86' lang='lat' dir='ltr'><strong>ab</strong></span> 
     </span>
     <span class='ocr_line' id='line_1_60' title="bbox 2176 1009 3747 1088; baseline 0 -18"><span class='ocrx_word' id='word_1_400' title='bbox 2176 1009 2335 1070; x_wconf 90' lang='lat' dir='ltr'><strong>alio:</strong></span> <span class='ocrx_word' id='word_1_401' title='bbox 2369 1009 2499 1088; x_wconf 90' lang='lat' dir='ltr'><strong>ipse</strong></span> <span class='ocrx_word' id='word_1_402' title='bbox 2529 1009 2697 1068; x_wconf 92' lang='lat' dir='ltr'><strong>enim</strong></span> <span class='ocrx_word' id='word_1_403' title='bbox 2734 1027 2846 1068; x_wconf 91' lang='lat' dir='ltr'><strong>sua</strong></span> <span class='ocrx_word' id='word_1_404' title='bbox 2873 1009 3173 1088; x_wconf 90' lang='lat' dir='ltr'><strong>superiori</strong></span> <span class='ocrx_word' id='word_1_405' title='bbox 3200 1015 3496 1087; x_wconf 88' lang='lat' dir='ltr'><strong>potestate</strong></span> <span class='ocrx_word' id='word_1_406' title='bbox 3530 1016 3591 1070; x_wconf 90' lang='lat' dir='ltr'><strong>et</strong></span> <span class='ocrx_word' id='word_1_407' title='bbox 3633 1028 3747 1070; x_wconf 87' lang='lat' dir='ltr'><strong>vo-</strong></span> 
     </span>
     <span class='ocr_line' id='line_1_61' title="bbox 2174 1101 3745 1182; baseline 0.001 -20"><span class='ocrx_word' id='word_1_408' title='bbox 2174 1102 2414 1163; x_wconf 88' lang='lat' dir='ltr'><strong>luntate</strong></span> <span class='ocrx_word' id='word_1_409' title='bbox 2443 1101 2520 1163; x_wconf 91' lang='lat' dir='ltr'><strong>de</strong></span> <span class='ocrx_word' id='word_1_410' title='bbox 2538 1101 2699 1162; x_wconf 86' lang='lat' dir='ltr'><strong>facto</strong></span> <span class='ocrx_word' id='word_1_411' title='bbox 2726 1103 2965 1162; x_wconf 89' lang='lat' dir='ltr'><strong>confert</strong></span> <span class='ocrx_word' id='word_1_412' title='bbox 2993 1103 3362 1176; x_wconf 90' lang='lat' dir='ltr'><strong>dominium,</strong></span> <span class='ocrx_word' id='word_1_413' title='bbox 3388 1105 3550 1182; x_wconf 90' lang='lat' dir='ltr'><strong>quod</strong></span> <span class='ocrx_word' id='word_1_414' title='bbox 3576 1109 3745 1164; x_wconf 87' lang='lat' dir='ltr'><strong>certe</strong></span> 
     </span>
     <span class='ocr_line' id='line_1_62' title="bbox 2176 1194 3745 1273; baseline 0.001 -19"><span class='ocrx_word' id='word_1_415' title='bbox 2176 1194 2521 1255; x_wconf 84' lang='lat' dir='ltr'><strong>formaliter</strong></span> <span class='ocrx_word' id='word_1_416' title='bbox 2563 1213 2687 1258; x_wconf 89' lang='lat' dir='ltr'><strong>non</strong></span> <span class='ocrx_word' id='word_1_417' title='bbox 2733 1200 2824 1255; x_wconf 91' lang='lat' dir='ltr'><strong>est</strong></span> <span class='ocrx_word' id='word_1_418' title='bbox 2868 1196 3220 1273; x_wconf 78' lang='lat' dir='ltr'><strong>praecipere,</strong></span> <span class='ocrx_word' id='word_1_419' title='bbox 3264 1194 3370 1255; x_wconf 88' lang='lat' dir='ltr'><strong>sed</strong></span> <span class='ocrx_word' id='word_1_420' title='bbox 3411 1213 3631 1273; x_wconf 84' lang='lat' dir='ltr'><strong>agere,</strong></span> <span class='ocrx_word' id='word_1_421' title='bbox 3679 1201 3745 1255; x_wconf 90' lang='lat' dir='ltr'><strong>et</strong></span> 
     </span>
     <span class='ocr_line' id='line_1_63' title="bbox 2178 1286 3741 1367; baseline 0.001 -21"><span class='ocrx_word' id='word_1_422' title='bbox 2178 1286 2355 1366; x_wconf 90' lang='lat' dir='ltr'><strong>quasi</strong></span> <span class='ocrx_word' id='word_1_423' title='bbox 2383 1288 2635 1347; x_wconf 90' lang='lat' dir='ltr'><strong>donare.</strong></span> <span class='ocrx_word' id='word_1_424' title='bbox 2679 1289 2913 1347; x_wconf 90' lang='lat' dir='ltr'><strong>Tamen</strong></span> <span class='ocrx_word' id='word_1_425' title='bbox 2962 1305 3088 1346; x_wconf 93' lang='lat' dir='ltr'><strong>non</strong></span> <span class='ocrx_word' id='word_1_426' title='bbox 3135 1286 3207 1346; x_wconf 91' lang='lat' dir='ltr'><strong>fit</strong></span> <span class='ocrx_word' id='word_1_427' title='bbox 3241 1287 3372 1347; x_wconf 88' lang='lat' dir='ltr'><strong>sine</strong></span> <span class='ocrx_word' id='word_1_428' title='bbox 3411 1293 3741 1367; x_wconf 78' lang='lat' dir='ltr'><strong>praecepto,</strong></span> 
     </span>
     <span class='ocr_line' id='line_1_64' title="bbox 2180 1380 3743 1459; baseline 0.001 -20"><span class='ocrx_word' id='word_1_429' title='bbox 2180 1380 2327 1459; x_wconf 81' lang='lat' dir='ltr'><strong>quia</strong></span> <span class='ocrx_word' id='word_1_430' title='bbox 2357 1385 2597 1459; x_wconf 83' lang='lat' dir='ltr'><strong>oportet</strong></span> <span class='ocrx_word' id='word_1_431' title='bbox 2643 1385 2713 1439; x_wconf 91' lang='lat' dir='ltr'><strong>ut</strong></span> <span class='ocrx_word' id='word_1_432' title='bbox 2752 1380 2974 1439; x_wconf 86' lang='lat' dir='ltr'><strong>modus</strong></span> <span class='ocrx_word' id='word_1_433' title='bbox 3018 1380 3374 1458; x_wconf 84' lang='lat' dir='ltr'><strong>acquirendi</strong></span> <span class='ocrx_word' id='word_1_434' title='bbox 3408 1380 3545 1457; x_wconf 92' lang='grc'><strong>1838</strong></span> <span class='ocrx_word' id='word_1_435' title='bbox 3584 1399 3743 1459; x_wconf 77' lang='lat' dir='ltr'><strong>prae-</strong></span> 
     </span>
     <span class='ocr_line' id='line_1_65' title="bbox 2180 1471 3742 1550; baseline -0.001 -17"><span class='ocrx_word' id='word_1_436' title='bbox 2180 1472 2503 1547; x_wconf 86' lang='lat' dir='ltr'><strong>scribatur,</strong></span> <span class='ocrx_word' id='word_1_437' title='bbox 2525 1478 2587 1533; x_wconf 91' lang='lat' dir='ltr'><strong>et</strong></span> <span class='ocrx_word' id='word_1_438' title='bbox 2617 1478 2687 1532; x_wconf 89' lang='lat' dir='ltr'><strong>ut</strong></span> <span class='ocrx_word' id='word_1_439' title='bbox 2717 1472 2879 1532; x_wconf 89' lang='lat' dir='ltr'><strong>facta</strong></span> <span class='ocrx_word' id='word_1_440' title='bbox 2906 1473 3309 1550; x_wconf 89' lang='lat' dir='ltr'><strong>acquisitione</strong></span> <span class='ocrx_word' id='word_1_441' title='bbox 3326 1478 3537 1550; x_wconf 87' lang='lat' dir='ltr'><strong>postea</strong></span> <span class='ocrx_word' id='word_1_442' title='bbox 3558 1471 3742 1533; x_wconf 90' lang='lat' dir='ltr'><strong>firma</strong></span> 
     </span>
     <span class='ocr_line' id='line_1_66' title="bbox 2178 1563 3741 1641; baseline -0.002 -15"><span class='ocrx_word' id='word_1_443' title='bbox 2178 1571 2240 1626; x_wconf 89' lang='lat' dir='ltr'><strong>et</strong></span> <span class='ocrx_word' id='word_1_444' title='bbox 2275 1565 2466 1625; x_wconf 84' lang='lat' dir='ltr'><strong>illaesa</strong></span> <span class='ocrx_word' id='word_1_445' title='bbox 2499 1571 2914 1641; x_wconf 85' lang='lat' dir='ltr'><strong>conservetur,</strong></span> <span class='ocrx_word' id='word_1_446' title='bbox 2947 1570 3010 1625; x_wconf 87' lang='lat' dir='ltr'><strong>et</strong></span> <span class='ocrx_word' id='word_1_447' title='bbox 3034 1564 3175 1624; x_wconf 90' lang='lat' dir='ltr'><strong>ideo</strong></span> <span class='ocrx_word' id='word_1_448' title='bbox 3206 1564 3309 1624; x_wconf 88' lang='lat' dir='ltr'><strong>hic</strong></span> <span class='ocrx_word' id='word_1_449' title='bbox 3342 1563 3587 1625; x_wconf 86' lang='lat' dir='ltr'><strong>effectus</strong></span> <span class='ocrx_word' id='word_1_450' title='bbox 3627 1565 3741 1623; x_wconf 91' lang='lat' dir='ltr'><strong>tri-</strong></span> 
     </span>
     <span class='ocr_line' id='line_1_67' title="bbox 2179 1656 3741 1735; baseline 0 -18"><span class='ocrx_word' id='word_1_451' title='bbox 2179 1658 2389 1718; x_wconf 90' lang='lat' dir='ltr'><strong>buitur</strong></span> <span class='ocrx_word' id='word_1_452' title='bbox 2416 1658 2560 1735; x_wconf 87' lang='lat' dir='ltr'><strong>legi,</strong></span> <span class='ocrx_word' id='word_1_453' title='bbox 2592 1657 2753 1732; x_wconf 88' lang='lat' dir='ltr'><strong>licet,</strong></span> <span class='ocrx_word' id='word_1_454' title='bbox 2786 1663 2855 1716; x_wconf 91' lang='lat' dir='ltr'><strong>ut</strong></span> <span class='ocrx_word' id='word_1_455' title='bbox 2894 1656 3044 1732; x_wconf 84' lang='lat' dir='ltr'><strong>dixi,</strong></span> <span class='ocrx_word' id='word_1_456' title='bbox 3083 1656 3427 1716; x_wconf 86' lang='lat' dir='ltr'><strong>formaliter</strong></span> <span class='ocrx_word' id='word_1_457' title='bbox 3462 1656 3741 1717; x_wconf 88' lang='lat' dir='ltr'><strong>diversus</strong></span> 
     </span>
     <span class='ocr_line' id='line_1_68' title="bbox 2176 1747 3739 1826; baseline -0.001 -16"><span class='ocrx_word' id='word_1_458' title='bbox 2176 1750 2276 1825; x_wconf 90' lang='lat' dir='ltr'><strong>sit,</strong></span> <span class='ocrx_word' id='word_1_459' title='bbox 2301 1756 2363 1811; x_wconf 91' lang='lat' dir='ltr'><strong>et</strong></span> <span class='ocrx_word' id='word_1_460' title='bbox 2387 1750 2528 1810; x_wconf 90' lang='lat' dir='ltr'><strong>ideo</strong></span> <span class='ocrx_word' id='word_1_461' title='bbox 2556 1750 2810 1815; x_wconf 85' lang='lat' dir='ltr'><strong>fortasse</strong></span> <span class='ocrx_word' id='word_1_462' title='bbox 2837 1749 3002 1809; x_wconf 89' lang='lat' dir='ltr'><strong>inter</strong></span> <span class='ocrx_word' id='word_1_463' title='bbox 3022 1748 3274 1810; x_wconf 85' lang='lat' dir='ltr'><strong>effectus</strong></span> <span class='ocrx_word' id='word_1_464' title='bbox 3300 1747 3478 1826; x_wconf 80' lang='lat' dir='ltr'><strong>legiS,</strong></span> <span class='ocrx_word' id='word_1_465' title='bbox 3498 1756 3569 1809; x_wconf 88' lang='lat' dir='ltr'><strong>ut</strong></span> <span class='ocrx_word' id='word_1_466' title='bbox 3594 1749 3739 1809; x_wconf 88' lang='lat' dir='ltr'><strong>talis</strong></span> 
     </span>
     <span class='ocr_line' id='line_1_69' title="bbox 2179 1839 3733 1920; baseline -0.001 -17"><span class='ocrx_word' id='word_1_467' title='bbox 2179 1847 2290 1917; x_wconf 92' lang='lat' dir='ltr'><strong>est,</strong></span> <span class='ocrx_word' id='word_1_468' title='bbox 2313 1861 2440 1902; x_wconf 89' lang='lat' dir='ltr'><strong>non</strong></span> <span class='ocrx_word' id='word_1_469' title='bbox 2463 1847 2827 1902; x_wconf 90' lang='lat' dir='ltr'><strong>numeratur</strong></span> <span class='ocrx_word' id='word_1_470' title='bbox 2838 1863 2856 1915; x_wconf 86' lang='lat'>3</span> <span class='ocrx_word' id='word_1_471' title='bbox 2878 1860 3017 1920; x_wconf 83' lang='lat' dir='ltr'><strong>quae</strong></span> <span class='ocrx_word' id='word_1_472' title='bbox 3044 1840 3325 1902; x_wconf 88' lang='lat' dir='ltr'><strong>doctrina</strong></span> <span class='ocrx_word' id='word_1_473' title='bbox 3346 1839 3425 1901; x_wconf 91' lang='lat' dir='ltr'><strong>ad</strong></span> <span class='ocrx_word' id='word_1_474' title='bbox 3449 1841 3733 1902; x_wconf 81' lang='lat' dir='ltr'><strong>effectum</strong></span> 
     </span>
     <span class='ocr_line' id='line_1_70' title="bbox 2177 1933 3241 2013; baseline -0.002 -17"><span class='ocrx_word' id='word_1_475' title='bbox 2177 1936 2364 1996; x_wconf 87' lang='lat' dir='ltr'><strong>etiam</strong></span> <span class='ocrx_word' id='word_1_476' title='bbox 2391 1934 2672 1995; x_wconf 88' lang='lat' dir='ltr'><strong>irritandi</strong></span> <span class='ocrx_word' id='word_1_477' title='bbox 2700 1933 2995 2013; x_wconf 86' lang='lat' dir='ltr'><strong>applicari</strong></span> <span class='ocrx_word' id='word_1_478' title='bbox 3024 1939 3241 2012; x_wconf 88' lang='lat' dir='ltr'><strong>potest.</strong></span> 
     </span>
    </p>

    <p class='ocr_par' dir='ltr' id='par_1_8' title="bbox 2166 2026 3737 3493">
     <span class='ocr_line' id='line_1_71' title="bbox 2256 2026 3737 2108; baseline 0.001 -21"><span class='ocrx_word' id='word_1_479' title='bbox 2256 2029 2355 2089; x_wconf 73' lang='lat'><strong>12.</strong></span> <span class='ocrx_word' id='word_1_480' title='bbox 2399 2027 2505 2090; x_wconf 77' lang='lat' dir='ltr'><strong>Ad</strong></span> <span class='ocrx_word' id='word_1_481' title='bbox 2544 2045 2715 2108; x_wconf 78' lang='lat' dir='ltr'><strong>quem</strong></span> <span class='ocrx_word' id='word_1_482' title='bbox 2754 2030 3030 2108; x_wconf 79' lang='lat' dir='ltr'><strong>effectum</strong></span> <span class='ocrx_word' id='word_1_483' title='bbox 3063 2028 3215 2106; x_wconf 54' lang='grc' dir='ltr'><strong><em>ἱερὰς</em></strong></span> <span class='ocrx_word' id='word_1_484' title='bbox 3251 2026 3552 2105; x_wconf 76' lang='lat' dir='ltr'><strong>pertineat</strong></span> <span class='ocrx_word' id='word_1_485' title='bbox 3582 2027 3737 2105; x_wconf 70' lang='lat' dir='ltr'><strong>quis</strong></span> 
     </span>
     <span class='ocr_line' id='line_1_72' title="bbox 2172 2118 3735 2192; baseline -0.002 -10"><span class='ocrx_word' id='word_1_486' title='bbox 2172 2121 2463 2182; x_wconf 75' lang='lat' dir='ltr'><strong>revocatio</strong></span> <span class='ocrx_word' id='word_1_487' title='bbox 2472 2120 2834 2192; x_wconf 86' lang='lat' dir='ltr'><strong>.·-Quintus</strong></span> <span class='ocrx_word' id='word_1_488' title='bbox 2848 2118 3094 2179; x_wconf 86' lang='lat' dir='ltr'><strong>effectus</strong></span> <span class='ocrx_word' id='word_1_489' title='bbox 3107 2124 3241 2179; x_wconf 89' lang='lat' dir='ltr'><strong>erat</strong></span> <span class='ocrx_word' id='word_1_490' title='bbox 3258 2119 3333 2179; x_wconf 90' lang='lat' dir='ltr'><strong>de</strong></span> <span class='ocrx_word' id='word_1_491' title='bbox 3348 2119 3735 2179; x_wconf 86' lang='lat' dir='ltr'><strong>revocatione</strong></span> 
     </span>
     <span class='ocr_line' id='line_1_73' title="bbox 2171 2211 3735 2290; baseline 0 -19"><span class='ocrx_word' id='word_1_492' title='bbox 2171 2211 2358 2290; x_wconf 77' lang='lat' dir='ltr'><strong>legiS,</strong></span> <span class='ocrx_word' id='word_1_493' title='bbox 2397 2212 2502 2272; x_wconf 88' lang='lat' dir='ltr'><strong>sed</strong></span> <span class='ocrx_word' id='word_1_494' title='bbox 2550 2211 2653 2271; x_wconf 89' lang='lat' dir='ltr'><strong>hic</strong></span> <span class='ocrx_word' id='word_1_495' title='bbox 2695 2230 2822 2271; x_wconf 92' lang='lat' dir='ltr'><strong>non</strong></span> <span class='ocrx_word' id='word_1_496' title='bbox 2866 2211 3054 2272; x_wconf 89' lang='lat' dir='ltr'><strong>habet</strong></span> <span class='ocrx_word' id='word_1_497' title='bbox 3098 2211 3543 2286; x_wconf 88' lang='lat' dir='ltr'><strong>difficultatem,</strong></span> <span class='ocrx_word' id='word_1_498' title='bbox 3585 2211 3735 2289; x_wconf 91' lang='lat' dir='ltr'><strong>quia</strong></span> 
     </span>
     <span class='ocr_line' id='line_1_74' title="bbox 2171 2302 3734 2384; baseline -0.001 -20"><span class='ocrx_word' id='word_1_499' title='bbox 2171 2305 2476 2365; x_wconf 89' lang='lat' dir='ltr'><strong>revocatio</strong></span> <span class='ocrx_word' id='word_1_500' title='bbox 2513 2303 2669 2384; x_wconf 83' lang='lat' dir='ltr'><strong>legis</strong></span> <span class='ocrx_word' id='word_1_501' title='bbox 2712 2322 2839 2364; x_wconf 90' lang='lat' dir='ltr'><strong>non</strong></span> <span class='ocrx_word' id='word_1_502' title='bbox 2881 2310 2973 2364; x_wconf 90' lang='lat' dir='ltr'><strong>est</strong></span> <span class='ocrx_word' id='word_1_503' title='bbox 3012 2302 3339 2381; x_wconf 79' lang='lat' dir='ltr'><strong>legislatiO,</strong></span> <span class='ocrx_word' id='word_1_504' title='bbox 3383 2304 3484 2363; x_wconf 92' lang='lat' dir='ltr'><strong>sed</strong></span> <span class='ocrx_word' id='word_1_505' title='bbox 3526 2304 3734 2383; x_wconf 90' lang='lat' dir='ltr'><strong>potius</strong></span> 
     </span>
     <span class='ocr_line' id='line_1_75' title="bbox 2171 2397 3732 2476; baseline 0 -20"><span class='ocrx_word' id='word_1_506' title='bbox 2171 2397 2420 2472; x_wconf 85' lang='lat' dir='ltr'><strong>ablati0,</strong></span> <span class='ocrx_word' id='word_1_507' title='bbox 2447 2397 2605 2457; x_wconf 85' lang='lat' dir='ltr'><strong>sicut</strong></span> <span class='ocrx_word' id='word_1_508' title='bbox 2631 2397 3006 2476; x_wconf 89' lang='lat' dir='ltr'><strong>dispensatio</strong></span> <span class='ocrx_word' id='word_1_509' title='bbox 3036 2397 3212 2474; x_wconf 86' lang='lat' dir='ltr'><strong>legis,</strong></span> <span class='ocrx_word' id='word_1_510' title='bbox 3243 2397 3343 2457; x_wconf 92' lang='lat' dir='ltr'><strong>vel</strong></span> <span class='ocrx_word' id='word_1_511' title='bbox 3371 2397 3732 2475; x_wconf 86' lang='lat' dir='ltr'><strong>interpreta-</strong></span> 
     </span>
     <span class='ocr_line' id='line_1_76' title="bbox 2171 2488 3731 2568; baseline 0 -19"><span class='ocrx_word' id='word_1_512' title='bbox 2171 2493 2282 2565; x_wconf 90' lang='lat' dir='ltr'><strong>tio,</strong></span> <span class='ocrx_word' id='word_1_513' title='bbox 2311 2496 2417 2550; x_wconf 87' lang='lat' dir='ltr'><strong>aut</strong></span> <span class='ocrx_word' id='word_1_514' title='bbox 2444 2489 2781 2550; x_wconf 86' lang='lat' dir='ltr'><strong>moderatio</strong></span> <span class='ocrx_word' id='word_1_515' title='bbox 2810 2508 2937 2550; x_wconf 93' lang='lat' dir='ltr'><strong>non</strong></span> <span class='ocrx_word' id='word_1_516' title='bbox 2963 2495 3109 2549; x_wconf 90' lang='lat' dir='ltr'><strong>sunt</strong></span> <span class='ocrx_word' id='word_1_517' title='bbox 3141 2490 3390 2550; x_wconf 88' lang='lat' dir='ltr'><strong>effectus</strong></span> <span class='ocrx_word' id='word_1_518' title='bbox 3416 2488 3591 2568; x_wconf 76' lang='lat' dir='ltr'><strong>legiS,</strong></span> <span class='ocrx_word' id='word_1_519' title='bbox 3623 2490 3731 2550; x_wconf 90' lang='lat' dir='ltr'><strong>sed</strong></span> 
     </span>
     <span class='ocr_line' id='line_1_77' title="bbox 2170 2581 3732 2661; baseline 0 -19"><span class='ocrx_word' id='word_1_520' title='bbox 2170 2582 2277 2642; x_wconf 90' lang='lat' dir='ltr'><strong>alii</strong></span> <span class='ocrx_word' id='word_1_521' title='bbox 2308 2589 2480 2643; x_wconf 88' lang='lat' dir='ltr'><strong>actus</strong></span> <span class='ocrx_word' id='word_1_522' title='bbox 2518 2582 2626 2661; x_wconf 91' lang='lat' dir='ltr'><strong>qui</strong></span> <span class='ocrx_word' id='word_1_523' title='bbox 2667 2583 2828 2643; x_wconf 86' lang='lat' dir='ltr'><strong>circa</strong></span> <span class='ocrx_word' id='word_1_524' title='bbox 2867 2582 3071 2660; x_wconf 84' lang='lat' dir='ltr'><strong>legem</strong></span> <span class='ocrx_word' id='word_1_525' title='bbox 3101 2584 3299 2661; x_wconf 90' lang='lat' dir='ltr'><strong>ipsam</strong></span> <span class='ocrx_word' id='word_1_526' title='bbox 3327 2582 3509 2642; x_wconf 87' lang='lat' dir='ltr'><strong>fiunt.</strong></span> <span class='ocrx_word' id='word_1_527' title='bbox 3555 2581 3732 2656; x_wconf 92' lang='lat' dir='ltr'><strong>Quod</strong></span> 
     </span>
     <span class='ocr_line' id='line_1_78' title="bbox 2170 2674 3728 2754; baseline 0.001 -21"><span class='ocrx_word' id='word_1_528' title='bbox 2170 2674 2222 2734; x_wconf 90' lang='lat' dir='ltr'><strong>si</strong></span> <span class='ocrx_word' id='word_1_529' title='bbox 2240 2675 2553 2735; x_wconf 88' lang='lat' dir='ltr'><strong>interdum</strong></span> <span class='ocrx_word' id='word_1_530' title='bbox 2572 2675 2890 2753; x_wconf 84' lang='lat' dir='ltr'><strong>abrogatio</strong></span> <span class='ocrx_word' id='word_1_531' title='bbox 2912 2676 3098 2735; x_wconf 90' lang='lat' dir='ltr'><strong>unius</strong></span> <span class='ocrx_word' id='word_1_532' title='bbox 3115 2675 3270 2753; x_wconf 82' lang='lat' dir='ltr'><strong>legis</strong></span> <span class='ocrx_word' id='word_1_533' title='bbox 3291 2674 3362 2735; x_wconf 87' lang='lat' dir='ltr'><strong>fit</strong></span> <span class='ocrx_word' id='word_1_534' title='bbox 3383 2694 3492 2754; x_wconf 90' lang='lat' dir='ltr'><strong>per</strong></span> <span class='ocrx_word' id='word_1_535' title='bbox 3515 2675 3728 2750; x_wconf 89' lang='lat' dir='ltr'><strong>aliam,</strong></span> 
     </span>
     <span class='ocr_line' id='line_1_79' title="bbox 2174 2767 3728 2846; baseline 0.001 -20"><span class='ocrx_word' id='word_1_536' title='bbox 2174 2773 2319 2827; x_wconf 87' lang='lat' dir='ltr'><strong>tunc</strong></span> <span class='ocrx_word' id='word_1_537' title='bbox 2346 2767 2447 2828; x_wconf 88' lang='lat' dir='ltr'><strong>lex</strong></span> <span class='ocrx_word' id='word_1_538' title='bbox 2474 2786 2636 2828; x_wconf 90' lang='lat' dir='ltr'><strong>nova</strong></span> <span class='ocrx_word' id='word_1_539' title='bbox 2675 2767 2928 2829; x_wconf 87' lang='lat' dir='ltr'><strong>habebit</strong></span> <span class='ocrx_word' id='word_1_540' title='bbox 2969 2786 3111 2827; x_wconf 90' lang='lat' dir='ltr'><strong>suos</strong></span> <span class='ocrx_word' id='word_1_541' title='bbox 3148 2768 3424 2846; x_wconf 88' lang='lat' dir='ltr'><strong>proprios</strong></span> <span class='ocrx_word' id='word_1_542' title='bbox 3452 2768 3728 2844; x_wconf 78' lang='lat' dir='ltr'><strong>effectu8‚</strong></span> 
     </span>
     <span class='ocr_line' id='line_1_80' title="bbox 2170 2859 3730 2939; baseline 0.001 -20"><span class='ocrx_word' id='word_1_543' title='bbox 2170 2878 2323 2938; x_wconf 88' lang='lat' dir='ltr'><strong>quos</strong></span> <span class='ocrx_word' id='word_1_544' title='bbox 2345 2878 2456 2939; x_wconf 88' lang='lat' dir='ltr'><strong>per</strong></span> <span class='ocrx_word' id='word_1_545' title='bbox 2480 2878 2543 2920; x_wconf 90' lang='lat' dir='ltr'><strong>se</strong></span> <span class='ocrx_word' id='word_1_546' title='bbox 2566 2861 2868 2934; x_wconf 89' lang='lat' dir='ltr'><strong>intendat,</strong></span> <span class='ocrx_word' id='word_1_547' title='bbox 2898 2865 3007 2920; x_wconf 89' lang='lat' dir='ltr'><strong>aut</strong></span> <span class='ocrx_word' id='word_1_548' title='bbox 3027 2860 3244 2921; x_wconf 86' lang='lat' dir='ltr'><strong>faciat:</strong></span> <span class='ocrx_word' id='word_1_549' title='bbox 3266 2859 3494 2921; x_wconf 87' lang='lat' dir='ltr'><strong>ablatio</strong></span> <span class='ocrx_word' id='word_1_550' title='bbox 3520 2867 3730 2922; x_wconf 88' lang='lat' dir='ltr'><strong>autem</strong></span> 
     </span>
     <span class='ocr_line' id='line_1_81' title="bbox 2169 2952 3732 3031; baseline 0.002 -20"><span class='ocrx_word' id='word_1_551' title='bbox 2169 2952 2421 3012; x_wconf 90' lang='lat' dir='ltr'><strong>alterius</strong></span> <span class='ocrx_word' id='word_1_552' title='bbox 2461 2957 2554 3014; x_wconf 90' lang='lat' dir='ltr'><strong>est</strong></span> <span class='ocrx_word' id='word_1_553' title='bbox 2593 2953 2744 3031; x_wconf 90' lang='lat' dir='ltr'><strong>quid</strong></span> <span class='ocrx_word' id='word_1_554' title='bbox 2778 2970 3173 3031; x_wconf 88' lang='lat' dir='ltr'><strong>consequens,</strong></span> <span class='ocrx_word' id='word_1_555' title='bbox 3214 2953 3371 3013; x_wconf 90' lang='lat' dir='ltr'><strong>sicut</strong></span> <span class='ocrx_word' id='word_1_556' title='bbox 3413 2954 3732 3031; x_wconf 79' lang='lat' dir='ltr'><strong>generatio</strong></span> 
     </span>
     <span class='ocr_line' id='line_1_82' title="bbox 2170 3043 3732 3124; baseline 0.001 -21"><span class='ocrx_word' id='word_1_557' title='bbox 2170 3043 2356 3103; x_wconf 91' lang='lat' dir='ltr'><strong>unius</strong></span> <span class='ocrx_word' id='word_1_558' title='bbox 2391 3049 2483 3103; x_wconf 88' lang='lat' dir='ltr'><strong>est</strong></span> <span class='ocrx_word' id='word_1_559' title='bbox 2506 3046 2816 3124; x_wconf 90' lang='lat' dir='ltr'><strong>corruptio</strong></span> <span class='ocrx_word' id='word_1_560' title='bbox 2844 3044 3095 3104; x_wconf 86' lang='lat' dir='ltr'><strong>alterius</strong></span> <span class='ocrx_word' id='word_1_561' title='bbox 3108 3066 3127 3118; x_wconf 90' lang='lat'>;</span> <span class='ocrx_word' id='word_1_562' title='bbox 3162 3043 3270 3104; x_wconf 85' lang='lat' dir='ltr'><strong>vel</strong></span> <span class='ocrx_word' id='word_1_563' title='bbox 3295 3050 3456 3105; x_wconf 90' lang='lat' dir='ltr'><strong>certe</strong></span> <span class='ocrx_word' id='word_1_564' title='bbox 3484 3044 3535 3104; x_wconf 90' lang='lat' dir='ltr'><strong>si</strong></span> <span class='ocrx_word' id='word_1_565' title='bbox 3568 3063 3732 3105; x_wconf 89' lang='lat' dir='ltr'><strong>nova</strong></span> 
     </span>
     <span class='ocr_line' id='line_1_83' title="bbox 2168 3136 3730 3218; baseline 0.003 -23"><span class='ocrx_word' id='word_1_566' title='bbox 2168 3136 2270 3198; x_wconf 85' lang='lat' dir='ltr'><strong>lex</strong></span> <span class='ocrx_word' id='word_1_567' title='bbox 2310 3136 2539 3198; x_wconf 86' lang='lat' dir='ltr'><strong>directe</strong></span> <span class='ocrx_word' id='word_1_568' title='bbox 2568 3138 2831 3217; x_wconf 60' lang='lat' dir='ltr'><strong>immrat</strong></span> <span class='ocrx_word' id='word_1_569' title='bbox 2857 3156 2936 3199; x_wconf 91' lang='lat' dir='ltr'><strong>ne</strong></span> <span class='ocrx_word' id='word_1_570' title='bbox 2967 3139 3138 3217; x_wconf 91' lang='lat' dir='ltr'><strong>prior</strong></span> <span class='ocrx_word' id='word_1_571' title='bbox 3165 3143 3440 3198; x_wconf 89' lang='lat' dir='ltr'><strong>servetur</strong></span> <span class='ocrx_word' id='word_1_572' title='bbox 3474 3157 3588 3199; x_wconf 91' lang='lat' dir='ltr'><strong>nec</strong></span> <span class='ocrx_word' id='word_1_573' title='bbox 3617 3158 3730 3218; x_wconf 88' lang='lat' dir='ltr'><strong>pro</strong></span> 
     </span>
     <span class='ocr_line' id='line_1_84' title="bbox 2169 3228 3733 3309; baseline 0.002 -20"><span class='ocrx_word' id='word_1_574' title='bbox 2169 3228 2305 3306; x_wconf 89' lang='grc'><strong>1838</strong></span> <span class='ocrx_word' id='word_1_575' title='bbox 2345 3228 2668 3305; x_wconf 87' lang='lat' dir='ltr'><strong>habeatur,</strong></span> <span class='ocrx_word' id='word_1_576' title='bbox 2711 3235 2859 3290; x_wconf 91' lang='lat' dir='ltr'><strong>tunc</strong></span> <span class='ocrx_word' id='word_1_577' title='bbox 2893 3228 3000 3290; x_wconf 90' lang='lat' dir='ltr'><strong>illa</strong></span> <span class='ocrx_word' id='word_1_578' title='bbox 3035 3230 3354 3308; x_wconf 82' lang='lat' dir='ltr'><strong>abrogatio</strong></span> <span class='ocrx_word' id='word_1_579' title='bbox 3394 3231 3733 3309; x_wconf 86' lang='lat' dir='ltr'><strong>pertinebit</strong></span> 
     </span>
     <span class='ocr_line' id='line_1_85' title="bbox 2167 3321 3730 3402; baseline 0.003 -21"><span class='ocrx_word' id='word_1_580' title='bbox 2167 3321 2245 3381; x_wconf 90' lang='lat' dir='ltr'><strong>ad</strong></span> <span class='ocrx_word' id='word_1_581' title='bbox 2273 3321 2756 3401; x_wconf 89' lang='lat' dir='ltr'><strong>prohibitionem</strong></span> <span class='ocrx_word' id='word_1_582' title='bbox 2783 3322 3142 3402; x_wconf 84' lang='lat' dir='ltr'><strong>quamdam,</strong></span> <span class='ocrx_word' id='word_1_583' title='bbox 3161 3328 3222 3385; x_wconf 92' lang='lat' dir='ltr'><strong>et</strong></span> <span class='ocrx_word' id='word_1_584' title='bbox 3239 3322 3354 3383; x_wconf 87' lang='lat' dir='ltr'><strong>suh</strong></span> <span class='ocrx_word' id='word_1_585' title='bbox 3376 3321 3483 3383; x_wconf 89' lang='lat' dir='ltr'><strong>illo</strong></span> <span class='ocrx_word' id='word_1_586' title='bbox 3509 3324 3730 3385; x_wconf 84' lang='lat' dir='ltr'><strong>effectu</strong></span> 
     </span>
     <span class='ocr_line' id='line_1_86' title="bbox 2166 3414 2783 3493; baseline 0.002 -19"><span class='ocrx_word' id='word_1_587' title='bbox 2166 3414 2319 3493; x_wconf 83' lang='lat' dir='ltr'><strong>legis</strong></span> <span class='ocrx_word' id='word_1_588' title='bbox 2346 3415 2783 3475; x_wconf 87' lang='lat' dir='ltr'><strong>continebitur.</strong></span> 
     </span>
    </p>

    <p class='ocr_par' dir='ltr' id='par_1_9' title="bbox 2160 3507 3733 5256">
     <span class='ocr_line' id='line_1_87' title="bbox 2252 3507 3729 3589; baseline 0.004 -23"><span class='ocrx_word' id='word_1_589' title='bbox 2252 3507 2349 3567; x_wconf 83' lang='lat'><strong>13.</strong></span> <span class='ocrx_word' id='word_1_590' title='bbox 2379 3509 2650 3571; x_wconf 71' lang='lat' dir='ltr'><strong>Favores</strong></span> <span class='ocrx_word' id='word_1_591' title='bbox 2674 3526 2775 3571; x_wconf 74' lang='lat' dir='ltr'><strong>seu</strong></span> <span class='ocrx_word' id='word_1_592' title='bbox 2798 3511 3059 3588; x_wconf 78' lang='lat' dir='ltr'><strong>proemia</strong></span> <span class='ocrx_word' id='word_1_593' title='bbox 3089 3510 3171 3571; x_wconf 82' lang='lat' dir='ltr'><strong>ad</strong></span> <span class='ocrx_word' id='word_1_594' title='bbox 3195 3509 3378 3588; x_wconf 73' lang='lat' dir='ltr'><strong>leyem</strong></span> <span class='ocrx_word' id='word_1_595' title='bbox 3405 3511 3729 3589; x_wconf 72' lang='lat' dir='ltr'><strong>permissi-</strong></span> 
     </span>
     <span class='ocr_line' id='line_1_88' title="bbox 2166 3601 3732 3678; baseline 0.002 -18"><span class='ocrx_word' id='word_1_596' title='bbox 2166 3616 2303 3661; x_wconf 75' lang='lat' dir='ltr'><strong>vam</strong></span> <span class='ocrx_word' id='word_1_597' title='bbox 2324 3601 2746 3678; x_wconf 76' lang='lat' dir='ltr'><strong>pertinent-ne,</strong></span> <span class='ocrx_word' id='word_1_598' title='bbox 2767 3619 2847 3665; x_wconf 76' lang='lat' dir='ltr'><strong>an</strong></span> <span class='ocrx_word' id='word_1_599' title='bbox 2871 3602 3317 3664; x_wconf 58' lang='lat' dir='ltr'><strong>nom—Sextus</strong></span> <span class='ocrx_word' id='word_1_600' title='bbox 3331 3603 3581 3663; x_wconf 85' lang='lat' dir='ltr'><strong>effectus</strong></span> <span class='ocrx_word' id='word_1_601' title='bbox 3594 3610 3732 3663; x_wconf 89' lang='lat' dir='ltr'><strong>erat</strong></span> 
     </span>
     <span class='ocr_line' id='line_1_89' title="bbox 2167 3691 3730 3774; baseline 0.003 -22"><span class='ocrx_word' id='word_1_602' title='bbox 2167 3691 2410 3753; x_wconf 85' lang='lat' dir='ltr'><strong>favores</strong></span> <span class='ocrx_word' id='word_1_603' title='bbox 2433 3694 2784 3769; x_wconf 88' lang='lat' dir='ltr'><strong>concedere,</strong></span> <span class='ocrx_word' id='word_1_604' title='bbox 2810 3700 2873 3754; x_wconf 94' lang='lat' dir='ltr'><strong>et</strong></span> <span class='ocrx_word' id='word_1_605' title='bbox 2898 3694 3154 3774; x_wconf 86' lang='lat' dir='ltr'><strong>praemia</strong></span> <span class='ocrx_word' id='word_1_606' title='bbox 3185 3695 3481 3757; x_wconf 89' lang='lat' dir='ltr'><strong>conferre.</strong></span> <span class='ocrx_word' id='word_1_607' title='bbox 3507 3696 3627 3756; x_wconf 91' lang='lat' dir='ltr'><strong>Sed</strong></span> <span class='ocrx_word' id='word_1_608' title='bbox 3654 3697 3730 3757; x_wconf 89' lang='lat' dir='ltr'><strong>de</strong></span> 
     </span>
     <span class='ocr_line' id='line_1_90' title="bbox 2166 3784 3731 3865; baseline 0.003 -20"><span class='ocrx_word' id='word_1_609' title='bbox 2166 3784 2478 3846; x_wconf 88' lang='lat' dir='ltr'><strong>favoribus</strong></span> <span class='ocrx_word' id='word_1_610' title='bbox 2513 3786 2648 3865; x_wconf 85' lang='lat' dir='ltr'><strong>jam</strong></span> <span class='ocrx_word' id='word_1_611' title='bbox 2690 3787 2984 3864; x_wconf 88' lang='lat' dir='ltr'><strong>vidimus,</strong></span> <span class='ocrx_word' id='word_1_612' title='bbox 3020 3806 3097 3849; x_wconf 86' lang='lat' dir='ltr'><strong>ex</strong></span> <span class='ocrx_word' id='word_1_613' title='bbox 3128 3794 3337 3854; x_wconf 89' lang='lat' dir='ltr'><strong>mente</strong></span> <span class='ocrx_word' id='word_1_614' title='bbox 3368 3788 3583 3849; x_wconf 91' lang='lat' dir='ltr'><strong>Isidori</strong></span> <span class='ocrx_word' id='word_1_615' title='bbox 3614 3788 3731 3849; x_wconf 90' lang='lat' dir='ltr'><strong>sub</strong></span> 
     </span>
     <span class='ocr_line' id='line_1_91' title="bbox 2166 3879 3733 3962; baseline 0.001 -21"><span class='ocrx_word' id='word_1_616' title='bbox 2166 3879 2565 3960; x_wconf 83' lang='lat' dir='ltr'><strong>permissione</strong></span> <span class='ocrx_word' id='word_1_617' title='bbox 2578 3881 3039 3962; x_wconf 88' lang='lat' dir='ltr'><strong>comprehendi.</strong></span> <span class='ocrx_word' id='word_1_618' title='bbox 3053 3881 3198 3942; x_wconf 85' lang='lat' dir='ltr'><strong>Dico</strong></span> <span class='ocrx_word' id='word_1_619' title='bbox 3217 3882 3407 3944; x_wconf 90' lang='lat' dir='ltr'><strong>etiam</strong></span> <span class='ocrx_word' id='word_1_620' title='bbox 3418 3881 3586 3942; x_wconf 89' lang='lat' dir='ltr'><strong>idem</strong></span> <span class='ocrx_word' id='word_1_621' title='bbox 3599 3899 3733 3943; x_wconf 88' lang='lat' dir='ltr'><strong>esse</strong></span> 
     </span>
     <span class='ocr_line' id='line_1_92' title="bbox 2168 3974 3732 4055; baseline 0.001 -22"><span class='ocrx_word' id='word_1_622' title='bbox 2168 3974 2245 4035; x_wconf 91' lang='lat' dir='ltr'><strong>de</strong></span> <span class='ocrx_word' id='word_1_623' title='bbox 2264 3974 2574 4035; x_wconf 89' lang='lat' dir='ltr'><strong>favoribus</strong></span> <span class='ocrx_word' id='word_1_624' title='bbox 2597 3976 2759 4053; x_wconf 88' lang='lat' dir='ltr'><strong>quod</strong></span> <span class='ocrx_word' id='word_1_625' title='bbox 2788 3975 2863 4036; x_wconf 90' lang='lat' dir='ltr'><strong>de</strong></span> <span class='ocrx_word' id='word_1_626' title='bbox 2886 3975 3252 4055; x_wconf 83' lang='lat' dir='ltr'><strong>privilegiis:</strong></span> <span class='ocrx_word' id='word_1_627' title='bbox 3281 3993 3428 4035; x_wconf 91' lang='lat' dir='ltr'><strong>nam</strong></span> <span class='ocrx_word' id='word_1_628' title='bbox 3458 3976 3509 4034; x_wconf 93' lang='lat' dir='ltr'><strong>si</strong></span> <span class='ocrx_word' id='word_1_629' title='bbox 3532 3975 3732 4035; x_wconf 89' lang='lat' dir='ltr'><strong>consi-</strong></span> 
     </span>
     <span class='ocr_line' id='line_1_93' title="bbox 2168 4067 3733 4147; baseline 0.001 -20"><span class='ocrx_word' id='word_1_630' title='bbox 2168 4068 2460 4129; x_wconf 91' lang='lat' dir='ltr'><strong>derentur</strong></span> <span class='ocrx_word' id='word_1_631' title='bbox 2473 4075 2752 4147; x_wconf 89' lang='lat' dir='ltr'><strong>respectu</strong></span> <span class='ocrx_word' id='word_1_632' title='bbox 2775 4069 2907 4146; x_wconf 87' lang='lat' dir='ltr'><strong>ejus</strong></span> <span class='ocrx_word' id='word_1_633' title='bbox 2923 4070 3021 4128; x_wconf 91' lang='lat' dir='ltr'><strong>cui</strong></span> <span class='ocrx_word' id='word_1_634' title='bbox 3040 4067 3222 4142; x_wconf 89' lang='lat' dir='ltr'><strong>fiunt,</strong></span> <span class='ocrx_word' id='word_1_635' title='bbox 3250 4087 3375 4129; x_wconf 92' lang='lat' dir='ltr'><strong>non</strong></span> <span class='ocrx_word' id='word_1_636' title='bbox 3391 4075 3537 4128; x_wconf 88' lang='lat' dir='ltr'><strong>sunt</strong></span> <span class='ocrx_word' id='word_1_637' title='bbox 3551 4068 3733 4130; x_wconf 85' lang='lat' dir='ltr'><strong>effec-</strong></span> 
     </span>
     <span class='ocr_line' id='line_1_94' title="bbox 2167 4160 3730 4239; baseline -0.001 -18"><span class='ocrx_word' id='word_1_638' title='bbox 2167 4167 2267 4221; x_wconf 90' lang='lat' dir='ltr'><strong>tus</strong></span> <span class='ocrx_word' id='word_1_639' title='bbox 2301 4161 2479 4238; x_wconf 76' lang='grc'><strong>18315,</strong></span> <span class='ocrx_word' id='word_1_640' title='bbox 2510 4161 2616 4221; x_wconf 92' lang='lat' dir='ltr'><strong>sed</strong></span> <span class='ocrx_word' id='word_1_641' title='bbox 2653 4160 2904 4221; x_wconf 90' lang='lat' dir='ltr'><strong>alterius</strong></span> <span class='ocrx_word' id='word_1_642' title='bbox 2945 4161 3262 4239; x_wconf 85' lang='lat' dir='ltr'><strong>potestatis</strong></span> <span class='ocrx_word' id='word_1_643' title='bbox 3293 4160 3589 4234; x_wconf 89' lang='lat' dir='ltr'><strong>donandi,</strong></span> <span class='ocrx_word' id='word_1_644' title='bbox 3630 4160 3730 4221; x_wconf 88' lang='lat' dir='ltr'><strong>vel</strong></span> 
     </span>
     <span class='ocr_line' id='line_1_95' title="bbox 2167 4253 3730 4332; baseline 0 -19"><span class='ocrx_word' id='word_1_645' title='bbox 2167 4253 2562 4332; x_wconf 90' lang='lat' dir='ltr'><strong>dispensandi</strong></span> <span class='ocrx_word' id='word_1_646' title='bbox 2596 4255 2740 4332; x_wconf 85' lang='lat' dir='ltr'><strong>jura</strong></span> <span class='ocrx_word' id='word_1_647' title='bbox 2766 4253 3157 4332; x_wconf 75' lang='lat' dir='ltr'><strong>reipublicae:</strong></span> <span class='ocrx_word' id='word_1_648' title='bbox 3190 4254 3241 4313; x_wconf 88' lang='lat' dir='ltr'><strong>si</strong></span> <span class='ocrx_word' id='word_1_649' title='bbox 3280 4272 3426 4314; x_wconf 90' lang='lat' dir='ltr'><strong>vero</strong></span> <span class='ocrx_word' id='word_1_650' title='bbox 3455 4253 3730 4313; x_wconf 88' lang='lat' dir='ltr'><strong>conside-</strong></span> 
     </span>
     <span class='ocr_line' id='line_1_96' title="bbox 2165 4344 3728 4424; baseline -0.001 -18"><span class='ocrx_word' id='word_1_651' title='bbox 2165 4352 2380 4406; x_wconf 88' lang='lat' dir='ltr'><strong>rentur</strong></span> <span class='ocrx_word' id='word_1_652' title='bbox 2401 4363 2476 4405; x_wconf 87' lang='lat' dir='ltr'><strong>ex</strong></span> <span class='ocrx_word' id='word_1_653' title='bbox 2501 4350 2673 4424; x_wconf 90' lang='lat' dir='ltr'><strong>parte</strong></span> <span class='ocrx_word' id='word_1_654' title='bbox 2694 4346 2984 4421; x_wconf 87' lang='lat' dir='ltr'><strong>aliorum,</strong></span> <span class='ocrx_word' id='word_1_655' title='bbox 3004 4346 3229 4424; x_wconf 88' lang='lat' dir='ltr'><strong>quibus</strong></span> <span class='ocrx_word' id='word_1_656' title='bbox 3254 4344 3428 4407; x_wconf 88' lang='lat' dir='ltr'><strong>favor</strong></span> <span class='ocrx_word' id='word_1_657' title='bbox 3450 4345 3553 4406; x_wconf 90' lang='lat' dir='ltr'><strong>ille</strong></span> <span class='ocrx_word' id='word_1_658' title='bbox 3573 4363 3728 4423; x_wconf 83' lang='lat' dir='ltr'><strong>prae-</strong></span> 
     </span>
     <span class='ocr_line' id='line_1_97' title="bbox 2166 4436 3728 4517; baseline -0.001 -20"><span class='ocrx_word' id='word_1_659' title='bbox 2166 4438 2417 4497; x_wconf 89' lang='lat' dir='ltr'><strong>standus</strong></span> <span class='ocrx_word' id='word_1_660' title='bbox 2465 4444 2573 4512; x_wconf 88' lang='lat' dir='ltr'><strong>est,</strong></span> <span class='ocrx_word' id='word_1_661' title='bbox 2621 4437 2721 4498; x_wconf 88' lang='lat' dir='ltr'><strong>vel</strong></span> <span class='ocrx_word' id='word_1_662' title='bbox 2753 4438 3146 4517; x_wconf 76' lang='lat' dir='ltr'><strong>privilegium</strong></span> <span class='ocrx_word' id='word_1_663' title='bbox 3194 4436 3591 4512; x_wconf 88' lang='lat' dir='ltr'><strong>servandum,</strong></span> <span class='ocrx_word' id='word_1_664' title='bbox 3639 4437 3728 4496; x_wconf 89' lang='lat' dir='ltr'><strong>sic</strong></span> 
     </span>
     <span class='ocr_line' id='line_1_98' title="bbox 2166 4528 3723 4610; baseline -0.001 -19"><span class='ocrx_word' id='word_1_665' title='bbox 2166 4531 2516 4591; x_wconf 88' lang='lat' dir='ltr'><strong>continetur</strong></span> <span class='ocrx_word' id='word_1_666' title='bbox 2568 4529 2683 4591; x_wconf 88' lang='lat' dir='ltr'><strong>sub</strong></span> <span class='ocrx_word' id='word_1_667' title='bbox 2737 4537 3072 4610; x_wconf 81' lang='lat' dir='ltr'><strong>praecepto,</strong></span> <span class='ocrx_word' id='word_1_668' title='bbox 3125 4535 3233 4589; x_wconf 89' lang='lat' dir='ltr'><strong>aut</strong></span> <span class='ocrx_word' id='word_1_669' title='bbox 3280 4528 3723 4608; x_wconf 87' lang='lat' dir='ltr'><strong>prohibitione,</strong></span> 
     </span>
     <span class='ocr_line' id='line_1_99' title="bbox 2161 4621 3729 4701; baseline 0.001 -20"><span class='ocrx_word' id='word_1_670' title='bbox 2161 4621 2341 4699; x_wconf 85' lang='lat' dir='ltr'><strong>juxta</strong></span> <span class='ocrx_word' id='word_1_671' title='bbox 2367 4622 2532 4683; x_wconf 87' lang='lat' dir='ltr'><strong>dicta</strong></span> <span class='ocrx_word' id='word_1_672' title='bbox 2557 4622 2624 4682; x_wconf 90' lang='lat' dir='ltr'><strong>in</strong></span> <span class='ocrx_word' id='word_1_673' title='bbox 2654 4624 2851 4701; x_wconf 86' lang='lat' dir='ltr'><strong>capite</strong></span> <span class='ocrx_word' id='word_1_674' title='bbox 2878 4626 2975 4685; x_wconf 81' lang='lat'><strong>13.</strong></span> <span class='ocrx_word' id='word_1_675' title='bbox 3004 4625 3089 4683; x_wconf 91' lang='lat' dir='ltr'><strong>De</strong></span> <span class='ocrx_word' id='word_1_676' title='bbox 3112 4623 3365 4701; x_wconf 84' lang='lat' dir='ltr'><strong>praemio</strong></span> <span class='ocrx_word' id='word_1_677' title='bbox 3392 4639 3539 4682; x_wconf 89' lang='lat' dir='ltr'><strong>vero</strong></span> <span class='ocrx_word' id='word_1_678' title='bbox 3569 4622 3729 4683; x_wconf 80' lang='lat' dir='ltr'><strong>dixit</strong></span> 
     </span>
     <span class='ocr_line' id='line_1_100' title="bbox 2167 4713 3729 4793; baseline -0.001 -18"><span class='ocrx_word' id='word_1_679' title='bbox 2167 4715 2372 4776; x_wconf 88' lang='lat' dir='ltr'><strong>Castro</strong></span> <span class='ocrx_word' id='word_1_680' title='bbox 2413 4732 2623 4793; x_wconf 88' lang='lat' dir='ltr'><strong>supra,</strong></span> <span class='ocrx_word' id='word_1_681' title='bbox 2652 4715 2767 4775; x_wconf 88' lang='lat' dir='ltr'><strong>sub</strong></span> <span class='ocrx_word' id='word_1_682' title='bbox 2795 4733 2980 4793; x_wconf 89' lang='lat' dir='ltr'><strong>poena</strong></span> <span class='ocrx_word' id='word_1_683' title='bbox 3006 4713 3445 4793; x_wconf 89' lang='lat' dir='ltr'><strong>comprehendi</strong></span> <span class='ocrx_word' id='word_1_684' title='bbox 3481 4718 3542 4774; x_wconf 91' lang='lat' dir='ltr'><strong>et</strong></span> <span class='ocrx_word' id='word_1_685' title='bbox 3582 4714 3729 4774; x_wconf 87' lang='lat' dir='ltr'><strong>sub-</strong></span> 
     </span>
     <span class='ocr_line' id='line_1_101' title="bbox 2164 4806 3729 4885; baseline 0 -18"><span class='ocrx_word' id='word_1_686' title='bbox 2164 4806 2452 4885; x_wconf 74' lang='lat' dir='ltr'><strong>intelligi.</strong></span> <span class='ocrx_word' id='word_1_687' title='bbox 2476 4807 2666 4867; x_wconf 84' lang='lat' dir='ltr'><strong>Juxta</strong></span> <span class='ocrx_word' id='word_1_688' title='bbox 2700 4813 2976 4868; x_wconf 89' lang='lat' dir='ltr'><strong>mentem</strong></span> <span class='ocrx_word' id='word_1_689' title='bbox 3003 4813 3214 4868; x_wconf 87' lang='lat' dir='ltr'><strong>antem</strong></span> <span class='ocrx_word' id='word_1_690' title='bbox 3238 4806 3452 4867; x_wconf 87' lang='lat' dir='ltr'><strong>Isidori</strong></span> <span class='ocrx_word' id='word_1_691' title='bbox 3483 4806 3729 4867; x_wconf 89' lang='lat' dir='ltr'><strong>videtur</strong></span> 
     </span>
     <span class='ocr_line' id='line_1_102' title="bbox 2163 4899 3728 4979; baseline 0.001 -20"><span class='ocrx_word' id='word_1_692' title='bbox 2163 4899 2280 4959; x_wconf 89' lang='lat' dir='ltr'><strong>sub</strong></span> <span class='ocrx_word' id='word_1_693' title='bbox 2301 4899 2700 4977; x_wconf 76' lang='lat' dir='ltr'><strong>permissione</strong></span> <span class='ocrx_word' id='word_1_694' title='bbox 2718 4901 3175 4979; x_wconf 86' lang='lat' dir='ltr'><strong>comprehendi,</strong></span> <span class='ocrx_word' id='word_1_695' title='bbox 3198 4900 3345 4978; x_wconf 90' lang='lat' dir='ltr'><strong>quia</strong></span> <span class='ocrx_word' id='word_1_696' title='bbox 3363 4899 3728 4978; x_wconf 86' lang='lat' dir='ltr'><strong>petitionem</strong></span> 
     </span>
     <span class='ocr_line' id='line_1_103' title="bbox 2162 4991 3727 5071; baseline 0.001 -19"><span class='ocrx_word' id='word_1_697' title='bbox 2162 4991 2405 5070; x_wconf 73' lang='lat' dir='ltr'><strong>praemii</strong></span> <span class='ocrx_word' id='word_1_698' title='bbox 2430 4991 2605 5069; x_wconf 88' lang='lat' dir='ltr'><strong>ponit</strong></span> <span class='ocrx_word' id='word_1_699' title='bbox 2633 5010 2915 5070; x_wconf 87' lang='lat' dir='ltr'><strong>expresse</strong></span> <span class='ocrx_word' id='word_1_700' title='bbox 2943 4993 3055 5052; x_wconf 90' lang='lat' dir='ltr'><strong>sub</strong></span> <span class='ocrx_word' id='word_1_701' title='bbox 3082 4992 3503 5071; x_wconf 88' lang='lat' dir='ltr'><strong>permissione.</strong></span> <span class='ocrx_word' id='word_1_702' title='bbox 3536 4991 3727 5053; x_wconf 90' lang='lat' dir='ltr'><strong>Divus</strong></span> 
     </span>
     <span class='ocr_line' id='line_1_104' title="bbox 2162 5083 3727 5164; baseline 0.001 -21"><span class='ocrx_word' id='word_1_703' title='bbox 2162 5084 2428 5144; x_wconf 91' lang='lat' dir='ltr'><strong>Thomas</strong></span> <span class='ocrx_word' id='word_1_704' title='bbox 2453 5088 2661 5144; x_wconf 89' lang='lat' dir='ltr'><strong>autem</strong></span> <span class='ocrx_word' id='word_1_705' title='bbox 2694 5102 2822 5145; x_wconf 91' lang='lat' dir='ltr'><strong>non</strong></span> <span class='ocrx_word' id='word_1_706' title='bbox 2848 5090 3026 5164; x_wconf 89' lang='lat' dir='ltr'><strong>putat</strong></span> <span class='ocrx_word' id='word_1_707' title='bbox 3064 5085 3231 5148; x_wconf 87' lang='lat' dir='ltr'><strong>hunc</strong></span> <span class='ocrx_word' id='word_1_708' title='bbox 3269 5102 3398 5145; x_wconf 90' lang='lat' dir='ltr'><strong>esse</strong></span> <span class='ocrx_word' id='word_1_709' title='bbox 3435 5083 3727 5145; x_wconf 82' lang='lat' dir='ltr'><strong>effectum</strong></span> 
     </span>
     <span class='ocr_line' id='line_1_105' title="bbox 2160 5176 3726 5256; baseline -0.001 -19"><span class='ocrx_word' id='word_1_710' title='bbox 2160 5176 2336 5254; x_wconf 84' lang='lat' dir='ltr'><strong>legis,</strong></span> <span class='ocrx_word' id='word_1_711' title='bbox 2383 5176 2532 5254; x_wconf 86' lang='lat' dir='ltr'><strong>quia</strong></span> <span class='ocrx_word' id='word_1_712' title='bbox 2562 5193 2690 5237; x_wconf 91' lang='lat' dir='ltr'><strong>non</strong></span> <span class='ocrx_word' id='word_1_713' title='bbox 2735 5178 2998 5256; x_wconf 87' lang='lat' dir='ltr'><strong>requirit</strong></span> <span class='ocrx_word' id='word_1_714' title='bbox 3040 5182 3403 5255; x_wconf 87' lang='lat' dir='ltr'><strong>potestatem</strong></span> <span class='ocrx_word' id='word_1_715' title='bbox 3450 5177 3726 5254; x_wconf 84' lang='lat' dir='ltr'><strong>superio-</strong></span> 
     </span>
    </p>
   </div>
   <div class='ocr_carea' id='block_1_6' title="bbox 526 5267 3728 5551">
    <p class='ocr_par' dir='ltr' id='par_1_10' title="bbox 526 5267 3728 5551">
     <span class='ocr_line' id='line_1_106' title="bbox 526 5267 3728 5351; baseline -0.002 -15"><span class='ocrx_word' id='word_1_716' title='bbox 526 5272 747 5336; x_wconf 87' lang='lat' dir='ltr'><strong>satoris</strong></span> <span class='ocrx_word' id='word_1_717' title='bbox 762 5277 824 5333; x_wconf 92' lang='lat' dir='ltr'><strong>et</strong></span> <span class='ocrx_word' id='word_1_718' title='bbox 841 5272 1356 5333; x_wconf 81' lang='lat' dir='ltr'><strong>administratoris</strong></span> <span class='ocrx_word' id='word_1_719' title='bbox 1376 5273 1681 5333; x_wconf 90' lang='lat' dir='ltr'><strong>bonorum</strong></span> <span class='ocrx_word' id='word_1_720' title='bbox 1705 5270 2080 5351; x_wconf 78' lang='lat' dir='ltr'><strong>reipublicae.</strong></span> <span class='ocrx_word' id='word_1_721' title='bbox 2156 5286 2315 5343; x_wconf 89' lang='lat' dir='ltr'><strong>rem,</strong></span> <span class='ocrx_word' id='word_1_722' title='bbox 2340 5267 2447 5329; x_wconf 90' lang='lat' dir='ltr'><strong>sed</strong></span> <span class='ocrx_word' id='word_1_723' title='bbox 2474 5275 2675 5347; x_wconf 89' lang='lat' dir='ltr'><strong>potest</strong></span> <span class='ocrx_word' id='word_1_724' title='bbox 2700 5287 2738 5330; x_wconf 90' lang='lat' dir='ltr'><strong>a</strong></span> <span class='ocrx_word' id='word_1_725' title='bbox 2764 5269 3040 5347; x_wconf 86' lang='lat' dir='ltr'><strong>quolibet</strong></span> <span class='ocrx_word' id='word_1_726' title='bbox 3064 5268 3231 5345; x_wconf 77' lang='lat' dir='ltr'><strong>fieri:</strong></span> <span class='ocrx_word' id='word_1_727' title='bbox 3260 5267 3427 5328; x_wconf 89' lang='lat' dir='ltr'><strong>unde</strong></span> <span class='ocrx_word' id='word_1_728' title='bbox 3453 5269 3728 5348; x_wconf 75' lang='lat' dir='ltr'><strong>aequipa-</strong></span> 
     </span>
     <span class='ocr_line' id='line_1_107' title="bbox 526 5360 3724 5443; baseline -0.002 -15"><span class='ocrx_word' id='word_1_729' title='bbox 526 5369 651 5428; x_wconf 84' lang='lat' dir='ltr'><strong>Lex</strong></span> <span class='ocrx_word' id='word_1_730' title='bbox 678 5382 828 5442; x_wconf 82' lang='lat' dir='ltr'><strong>ergo</strong></span> <span class='ocrx_word' id='word_1_731' title='bbox 859 5382 998 5424; x_wconf 90' lang='lat' dir='ltr'><strong>cum</strong></span> <span class='ocrx_word' id='word_1_732' title='bbox 1026 5364 1150 5423; x_wconf 87' lang='lat' dir='ltr'><strong>suis</strong></span> <span class='ocrx_word' id='word_1_733' title='bbox 1175 5365 1435 5442; x_wconf 90' lang='lat' dir='ltr'><strong>propriis</strong></span> <span class='ocrx_word' id='word_1_734' title='bbox 1463 5364 1777 5425; x_wconf 86' lang='lat' dir='ltr'><strong>effectibus</strong></span> <span class='ocrx_word' id='word_1_735' title='bbox 1810 5363 2086 5443; x_wconf 89' lang='lat' dir='ltr'><strong>procedit</strong></span> <span class='ocrx_word' id='word_1_736' title='bbox 2154 5368 2252 5422; x_wconf 89' lang='lat' dir='ltr'><strong>rat</strong></span> <span class='ocrx_word' id='word_1_737' title='bbox 2270 5361 2426 5421; x_wconf 92' lang='lat' dir='ltr'><strong>illud</strong></span> <span class='ocrx_word' id='word_1_738' title='bbox 2445 5361 2720 5436; x_wconf 88' lang='lat' dir='ltr'><strong>consilio,</strong></span> <span class='ocrx_word' id='word_1_739' title='bbox 2744 5361 2910 5440; x_wconf 87' lang='lat' dir='ltr'><strong>quod</strong></span> <span class='ocrx_word' id='word_1_740' title='bbox 2931 5362 3118 5422; x_wconf 88' lang='lat' dir='ltr'><strong>etiam</strong></span> <span class='ocrx_word' id='word_1_741' title='bbox 3138 5380 3263 5422; x_wconf 91' lang='lat' dir='ltr'><strong>non</strong></span> <span class='ocrx_word' id='word_1_742' title='bbox 3287 5360 3544 5440; x_wconf 88' lang='lat' dir='ltr'><strong>requirit</strong></span> <span class='ocrx_word' id='word_1_743' title='bbox 3566 5360 3724 5439; x_wconf 82' lang='lat' dir='ltr'><strong>legis</strong></span> 
     </span>
     <span class='ocr_line' id='line_1_108' title="bbox 527 5450 3724 5551; baseline -0.002 -33"><span class='ocrx_word' id='word_1_744' title='bbox 527 5478 563 5518; x_wconf 89' lang='lat' dir='ltr'><strong>a</strong></span> <span class='ocrx_word' id='word_1_745' title='bbox 611 5462 907 5537; x_wconf 79' lang='lat' dir='ltr'><strong>potestate</strong></span> <span class='ocrx_word' id='word_1_746' title='bbox 951 5454 1396 5533; x_wconf 88' lang='lat' dir='ltr'><strong>jurisdictionis</strong></span> <span class='ocrx_word' id='word_1_747' title='bbox 1429 5472 1446 5516; x_wconf 70' lang='grc' dir='ltr'>ι</span> <span class='ocrx_word' id='word_1_748' title='bbox 1499 5455 1828 5517; x_wconf 86' lang='lat' dir='ltr'><strong>transferre</strong></span> <span class='ocrx_word' id='word_1_749' title='bbox 1875 5460 2084 5515; x_wconf 88' lang='lat' dir='ltr'><strong>autem</strong></span> <span class='ocrx_word' id='word_1_750' title='bbox 2155 5454 2604 5551; x_wconf 74' lang='lat' dir='ltr'><strong>auctoritatem,</strong></span> <span class='ocrx_word' id='word_1_751' title='bbox 2645 5460 2708 5516; x_wconf 90' lang='lat' dir='ltr'><strong>et</strong></span> <span class='ocrx_word' id='word_1_752' title='bbox 2746 5454 2885 5516; x_wconf 92' lang='lat' dir='ltr'><strong>ideo</strong></span> <span class='ocrx_word' id='word_1_753' title='bbox 2926 5454 3114 5516; x_wconf 90' lang='lat' dir='ltr'><strong>etiam</strong></span> <span class='ocrx_word' id='word_1_754' title='bbox 3160 5472 3287 5515; x_wconf 92' lang='lat' dir='ltr'><strong>non</strong></span> <span class='ocrx_word' id='word_1_755' title='bbox 3333 5458 3424 5515; x_wconf 89' lang='lat' dir='ltr'><strong>est</strong></span> <span class='ocrx_word' id='word_1_756' title='bbox 3468 5450 3724 5523; x_wconf 83' lang='lat' dir='ltr'><strong>effectus</strong></span> 
     </span>
    </p>
   </div>
  </div>
 </body>
</html>
