3976 6219
1420 344 1535 397 ΠΒ.
1572 343 1632 396 V.
1667 343 1750 396 1>ss
1781 339 2141 395 numum
2170 340 2381 396 moun
2411 338 2825 395 nummum.

2166 443 2246 504 sit
2274 442 2577 522 juridica,
2621 440 2769 521 quia
2795 443 3007 500 tamen
3043 455 3122 500 ex
3146 438 3452 502 accidenti
3490 454 3806 517 respon·

2165 537 2316 599 dens
2360 536 2722 615 impeditur,
2764 534 2907 594 licet
2947 532 3308 613 respondeat
3356 553 3423 595 se
3476 550 3647 593 non
3696 532 3801 592 fe-

2168 631 2346 705 cisse,
2378 629 2566 691 habet
2590 628 2795 689 locum
2823 626 3247 687 subintellecta
3278 626 3795 705 interpretatio,

2165 722 2421 798 scilicet,
2472 740 2600 782 non
2641 720 2731 780 ita
2769 719 2887 780 feci
2930 724 3002 779 ut
3039 724 3252 779 tenear
3282 718 3683 798 propalare,
3730 728 3797 778 et

2165 817 2256 877 ita
2299 820 2627 877 excusatur
2667 831 2709 874 a
2740 811 3065 874 mendacio
3106 817 3169 871 et
3206 812 3518 890 perjurio.
3569 812 3651 870 In
3685 810 3795 871 his

2168 911 2358 972 etiam
2383 909 2625 987 legibus
2641 909 3002 985 contingere
3027 911 3224 985 potest
3247 911 3316 966 ut
3345 906 3415 966 in
3441 923 3793 984 pm·

2168 1004 2379 1084 ptione
2395 1001 2762 1076 fundentur,
2780 1006 2843 1061 et
2867 999 3008 1060 ideo
3021 999 3201 1077 juxta
3218 998 3593 1059 doctrinam
3617 1000 3790 1059 satis

2165 1103 2500 1175 receptam,
2527 1096 2580 1156 si
2611 1096 2665 1156 is
2688 1094 2800 1174 qui
2826 1093 2979 1154 alias
3010 1109 3153 1152 vere
3183 1091 3457 1152 habebat
3477 1092 3607 1170 jus
3640 1092 3789 1152 sui·

2166 1189 2376 1267 fiagii,
2419 1187 2646 1249 habeat
2673 1187 2956 1247 animum
2989 1184 3275 1246 servandi
3302 1185 3671 1262 justitiam,
3717 1193 3785 1246 et

2168 1281 2422 1344 favendi
2460 1280 2762 1358 digniori,
2804 1278 3033 1358 poterit
3076 1278 3350 1338 excusari
3379 1277 3462 1338 ab
3508 1278 3781 1355 obliga-

2170 1374 2340 1435 tione
2377 1370 2713 1434 confitendi
2749 1388 2932 1431 suum
2961 1370 3192 1430 factum
3220 1369 3580 1442 occultum,
3616 1371 3780 1448 quia

2168 1466 2270 1528 lex
2297 1467 2362 1527 id
2387 1466 2609 1545 jubens
2635 1463 2933 1525 fundatur
2978 1463 3047 1522 in
3081 1462 3581 1540 praesumptione
3622 1480 3775 1540 quae
3887 1488 3889 1591 1

2168 1566 2318 1621 tunc
2339 1562 2557 1631 cessat,
2584 1561 2649 1618 et
2674 1556 2939 1616 intentio
2959 1554 3116 1631 legis
3140 1559 3441 1614 servatur.
3477 1555 3649 1613 Haec
3677 1561 3777 1614 ta·
3888 1598 3889 1603 η

2172 1670 2318 1714 men
2340 1652 2642 1731 posterior
2669 1648 2982 1710 excusatio
3005 1646 3320 1708 moraliter
3345 1664 3479 1706 non
3515 1654 3626 1707 est
3658 1647 3772 1707 ad-
3888 1660 3889 1663 ’

2171 1746 2494 1806 mittenda.
2520 1744 2675 1818 Quia
2693 1742 2803 1803 illa
2818 1759 2946 1802 non
2965 1747 3058 1801 est
3078 1740 3176 1801 lex
3206 1739 3458 1818 proprie
3481 1739 3772 1800 fundata

2171 1839 2238 1899 in
2272 1836 2775 1916 praesumptione,
2805 1833 2911 1895 sed
2940 1832 3200 1893 fundata
3231 1832 3298 1892 in
3330 1833 3563 1893 morali
3598 1834 3767 1911 peri-

518 448 629 510 illa
660 444 995 526 prohibitio
1020 462 1148 507 non
1175 444 1409 524 obligat
1439 444 1618 505 illum
1645 444 1763 505 nisi
1791 462 1903 524 per
1922 441 2086 523 judi-

520 558 676 615 cem,
709 544 771 599 et
790 539 879 598 ita
899 539 1128 599 directe
1160 538 1412 598 instruit
1441 537 1740 617 judicem,
1775 555 1901 597 non
1930 534 2085 597 obli-

521 637 628 711 gat
657 649 858 706 reum,
890 631 1085 691 donec
1111 631 1581 705 condemnetur,
1617 637 1803 708 atque
1840 630 1929 690 ita
1957 647 2086 690 non

520 729 729 804 peccat
749 723 930 802 juxta
957 723 1129 784 illam
1157 723 1572 798 sententiam;
1602 739 1751 799 ergo
1774 739 1887 782 nec
1914 726 2078 783 tene·

519 821 624 877 tur
649 815 1015 895 respondere
1043 815 1345 895 superiori
1360 814 1791 892 interroganti,
1810 812 1890 873 ad
1914 830 2088 873 men-

520 915 648 971 tem
678 909 731 987 ej
739 928 812 969 us
843 915 906 969 et
931 909 1237 969 occultum
1258 925 1443 969 suum
1470 907 1702 967 factum
1725 906 2085 985 aperiendo,

520 1003 643 1064 nisi
672 1002 950 1080 legitime
972 1002 1391 1080 interrogetur
1412 1002 1561 1080 quia
1592 1000 1899 1080 praecessit
1933 998 2092 1059 infa-

522 1095 651 1156 mia
675 1096 774 1155 vel
810 1094 1149 1174 semiplena
1177 1093 1481 1173 probatio.
1528 1091 1832 1153 Probatur
1874 1108 2087 1152 conse-

523 1188 800 1267 quentia,
851 1188 999 1266 quia
1037 1189 1171 1265 jam
1203 1194 1352 1247 tunc
1383 1186 1491 1246 illa
1525 1185 1929 1263 interrogatio
1960 1202 2089 1245 non

524 1279 726 1340 tendit
753 1278 831 1340 ad
857 1279 1177 1340 vitandam
1208 1279 1480 1358 culpam,
1514 1277 1613 1338 vel
1642 1278 1939 1356 injuriam
1966 1284 2090 1338 ter-

524 1374 623 1447 tii,
640 1373 791 1451 quia
808 1378 1124 1433 ostensum
1143 1378 1234 1434 est
1256 1372 1495 1433 nullam
1518 1372 1847 1448 committi,
1868 1372 2090 1432 etiam-

525 1466 578 1525 si
608 1465 711 1525 ille
742 1464 1105 1543 suffragium
1134 1465 1325 1541 ferat3
1369 1482 1519 1542 ergo
1554 1464 1754 1526 tendit
1790 1463 1868 1524 ad
1909 1464 2091 1543 puni-

526 1559 785 1634 tionem,
821 1575 972 1635 ergo
1001 1558 1184 1620 debet
1224 1559 1292 1618 in
1337 1575 1411 1618 ea
1444 1557 1747 1635 juridicus
1776 1557 1927 1617 ordo
1964 1575 2091 1617 ser-

525 1668 682 1712 vari.

608 1745 707 1804 13.
752 1744 856 1806 An
874 1744 1206 1822 pradictus
1234 1747 1504 1805 teneatur
1530 1742 1846 1804 restituere
1870 1741 2093 1804 damna

524 1853 642 1898 non
673 1837 882 1899 electo:
917 1837 1244 1914 affirmant
1273 1834 1414 1899 Soc.
1454 1841 1510 1897 ot
1536 1835 1831 1902 Lodesm.,·
1863 1836 1951 1893 est
1990 1837 2091 1892 ta-

526 1946 658 1989 men
685 1927 1337 1991 incertum—Addunt
1362 1944 1510 1988 vero
1539 1927 1685 2005 Soto
1711 1930 1775 1986 et
1811 1924 2087 1985 Ledesm.

526 2039 734 2099 supra,
761 2022 928 2100 quod
955 2022 1007 2081 si
1036 2021 1174 2099 quis
1199 2020 1468 2098 juridice
1495 2020 1932 2095 interrogetur,
1964 2034 2092 2076 non

526 2113 728 2174 solum
759 2120 992 2192 peccat,
1021 2120 1083 2173 et
1105 2119 1196 2173 est
1232 2113 1520 2192 perjurus
1548 2109 1837 2189 negando
1869 2109 2093 2169 verita-

526 2211 678 2281 tem,
708 2206 815 2267 sed
841 2206 1031 2266 etiam
1055 2210 1305 2266 tenetur
1332 2205 1654 2265 restituere
1691 2203 1923 2262 damna
1955 2217 2093 2279 quas

524 2297 782 2359 fortasse
811 2297 891 2358 ob
939 2315 1079 2358 eam
1121 2313 1369 2357 causam
1412 2296 1645 2374 patitur
1671 2312 1800 2355 non
1835 2292 2088 2353 electus.

525 2390 646 2451 Sed
672 2389 791 2450 hoc
816 2389 1157 2450 secundum
1183 2387 1362 2450 valde
1389 2389 1692 2448 incertum
1719 2392 1832 2462 cst,
1863 2391 1925 2447 et
1950 2403 2095 2445 con-

524 2482 788 2542 trarium
817 2481 1071 2543 fortasse
1094 2486 1187 2542 est
1218 2479 1624 2560 probabiliuS,
1644 2480 1958 2559 supposito
1986 2477 2094 2537 illo

525 2575 828 2654 principio
832 2620 852 2650 ,
876 2573 1044 2653 quod
1061 2574 1166 2634 ille
1185 2592 1313 2634 non
1330 2580 1423 2634 est
1443 2571 1733 2632 inhabilis
1755 2572 1885 2650 ipso
1907 2570 2087 2630 facto.

525 2669 684 2728 Nam
709 2672 860 2727 tunc
886 2667 1014 2742 ille,
1045 2666 1330 2745 negando
1358 2666 1709 2738 veritatem,
1731 2682 1860 2724 non
1882 2667 2096 2743 peccat

526 2765 744 2820 contra
775 2760 1084 2836 justitiam
1117 2757 1629 2818 commutativam
1673 2761 1955 2834 respectu
1985 2754 2096 2815 eli-

528 2851 740 2928 gendi,
785 2851 890 2911 sed
930 2856 1146 2911 contra
1173 2849 1589 2911 obedientiam
1616 2853 1899 2927 respectu
1925 2847 2093 2925 judi-

526 2943 637 3017 cia,
659 2943 760 3004 vel
780 2949 996 3004 contra
1022 2944 1328 3022 justitiam
1367 2941 1632 3020 legalem
1659 2946 1943 3020 respectu
1971 2939 2092 3000 rei-

528 3035 813 3116 publicae,
863 3036 963 3098 vel
998 3041 1211 3096 contra
1251 3036 1677 3112 juramentum
1733 3038 1795 3095 et
1834 3033 2093 3112 religio-

529 3147 699 3190 nem.
754 3132 965 3209 Neque
1010 3131 1199 3192 etiam
1245 3129 1500 3190 ferendo
1544 3128 1908 3207 suffragium
1951 3137 2092 3207 post

525 3228 815 3300 negatam
837 3223 1159 3285 veritatem
1173 3222 1278 3283 ille
1297 3227 1507 3301 peccat
1525 3227 1740 3283 contra
1759 3221 2086 3299 justitiam,

526 3315 676 3394 quia
718 3333 849 3375 non
884 3315 1091 3376 amisit
1124 3316 1257 3394 ipso
1292 3315 1453 3375 facto
1485 3315 1581 3392 jus
1611 3313 1850 3374 ferendi
1874 3312 2091 3372 suffra-

527 3408 727 3485 gium,
757 3409 946 3468 etiam
972 3413 1297 3486 postquam
1321 3406 1648 3467 veritatem
1680 3405 1958 3482 negavit,
1982 3405 2092 3464 do-

528 3519 642 3561 nec
685 3502 889 3580 reipsa
936 3501 1404 3576 condemnetur,
1453 3500 1600 3578 quia
1640 3499 1750 3559 illa
1777 3504 1868 3560 est
1908 3515 2094 3577 poena

525 3591 806 3667 ferenda,
837 3598 909 3651 ut
937 3593 1328 3671 supponitur,
1353 3592 1494 3651 talis
1520 3595 1732 3650 autem
1754 3607 1938 3668 poena
1964 3605 2095 3648 non

526 3683 707 3743 aliter
753 3683 1115 3743 incurritur.
1163 3685 1242 3742 Et
1280 3683 1421 3743 ideo
1464 3698 1609 3742 reus
1636 3681 1767 3759 qui,
1805 3679 2093 3758 negando

526 3774 740 3853 inique
765 3774 1113 3849 veritatem,
1144 3775 1337 3835 evitat
1365 3773 1945 3835 condemnationem
1964 3788 2094 3851 poe-

527 3883 625 3926 noe
643 3866 794 3926 alias
810 3865 1106 3942 terendoe,
1132 3885 1260 3928 non
1279 3873 1528 3928 tenetur
1548 3866 1721 3927 illam
1743 3865 2090 3938 restituere,

523 3959 703 4039 juxta
745 3958 1223 4038 probabiliorem
1252 3959 1646 4033 sententiam,
1696 3975 1885 4037 quam
1924 3974 2096 4017 nunc

531 4069 814 4131 suppono
841 4070 919 4113 ex
942 4054 1164 4114 Navar.
1187 4054 1256 4115 in
1283 4055 1551 4130 summ„
1576 4070 1713 4132 cap.
1752 4052 1853 4127 18,
1882 4069 1946 4113 n.
1984 4052 2090 4126 49,

528 4149 592 4205 et
617 4144 756 4205 aliis
784 4144 1121 4207 modernis.

609 4240 710 4298 14.
753 4240 807 4300 J
807 4239 1037 4301 zm‘dioe
1064 4239 1476 4319 interf-offatm·
1496 4243 1727 4301 tenetur
1747 4238 2096 4315 respondere

527 4329 657 4392 nisi
702 4331 787 4392 sit
833 4330 1170 4408 periculum
1217 4331 1429 4410 maqni
1471 4329 1778 4403 scandali,
1815 4329 2097 4406 infamia!

521 4421 818 4500 proprioe,
847 4422 938 4483 vol
970 4422 1334 4496 inimicitioe,
1385 4422 1476 4484 vel
1512 4422 1655 4483 alioe
1685 4420 1915 4483 similis
1939 4436 2095 4500 yra-

525 4516 624 4576 vie
648 4513 1295 4592 jactare-Alterum
1324 4531 1471 4574 vero
1491 4513 1570 4574 de
1591 4513 1771 4592 culpa
1797 4511 2097 4590 regulari-

529 4611 628 4667 ter
666 4623 886 4667 verum
926 4612 1040 4682 est,
1073 4607 1388 4685 supposita
1424 4605 1909 4684 interrogatione
1945 4604 2096 4683 legi-

529 4698 709 4773 tima,
742 4699 890 4778 quia
935 4716 1064 4759 non
1093 4704 1290 4778 potoet
1311 4698 1448 4759 dari
1488 4698 1722 4760 bellum
1752 4699 1993 4775 justum
2022 4716 2099 4759 ex

532 4795 798 4870 utraque
820 4796 1018 4870 parte,
1044 4797 1106 4852 et
1126 4791 1275 4869 quia
1291 4791 1393 4852 lex
1418 4791 1527 4852 illa
1550 4792 1719 4870 justa
1749 4797 1861 4867 est,
1888 4797 1950 4853 et
1968 4809 2098 4851 non

529 4884 598 4944 in
630 4901 865 4944 vanum
888 4883 1041 4944 tales
1067 4883 1581 4963 interrogationes
1606 4883 1908 4965 praecipit,
1946 4901 2096 4961 ergo

533 4975 791 5054 obligat,
822 4975 1042 5036 saltem
1064 4977 1313 5055 quando
1336 4975 1601 5056 juridice
1627 4975 1808 5037 fiunt.
1838 4977 1967 5038 Hoc
1986 4993 2099 5035 au-

529 5074 661 5129 tem
685 5068 930 5130 videtur
949 5069 1425 5147 intelligendum
1448 5087 1559 5149 per
1590 5086 1688 5130 se:
1719 5086 1868 5129 nam
1891 5086 1968 5129 ex
1998 5085 2098 5129 ac-

529 5161 766 5222 cidenti
792 5168 993 5240 posset
1014 5180 1054 5223 a
1075 5161 1258 5241 culpa
1284 5161 1583 5237 excusari,
1606 5161 1713 5240 qui
1737 5177 1866 5221 non
1898 5164 2099 5239 potest

529 5251 902 5331 respondere
943 5271 1161 5314 verum
1200 5254 1334 5314 sine
1380 5271 1611 5332 magno
1654 5252 1966 5327 scanda10,
1998 5250 2098 5312 vel

531 5345 796 5408 infamia
824 5346 1093 5423 propria,
1124 5347 1224 5407 vel
1249 5346 1601 5421 inimicitia,
1625 5344 1726 5407 vel
1751 5345 1875 5407 alia
1909 5345 2099 5406 simili

532 5437 710 5522 gravi
728 5439 1002 5522 jacmra3
1029 5443 1094 5502 et
1111 5445 1262 5505 tunc
1280 5438 1424 5504 licet
1447 5439 1851 5522 interrogatio
1888 5457 2001 5522 per
2032 5457 2100 5506 sc

2172 1932 2335 2005 culo,
2357 1929 2523 2008 quod
2548 1929 2836 1990 imminet
2856 1925 3213 2005 reipublicae
3247 1943 3358 1985 seu
3395 1926 3763 1986 Academia:

2171 2044 2250 2087 ex
2273 2022 2633 2103 hujusmodi
2661 2019 3228 2092 subornationihus,
3253 2025 3317 2080 et
3344 2020 3760 2094 munerihuS,

2171 2118 2397 2197 quibus
2424 2116 2716 2177 electores
2742 2118 3245 2191 corrumpuntur,
3278 2118 3343 2172 et
3363 2113 3553 2190 justae
3596 2113 3765 2173 clec-

2170 2211 2372 2271 tiones
2410 2208 2860 2288 impediuntur,
2888 2206 3057 2285 quod
3088 2204 3580 2265 fundamentum
3630 2225 3760 2266 non

2174 2309 2268 2365 est
2298 2305 2767 2382 praesumptum,
2793 2298 2899 2360 sed
2925 2314 3168 2370 verum,
3198 2306 3260 2358 et
3284 2296 3436 2357 licet
3464 2299 3532 2357 in
3562 2300 3760 2376 parti-

2174 2395 2372 2457 culari
2390 2399 2579 2455 cesset
2596 2391 2848 2453 effectus
2866 2391 2920 2469 ej
2928 2409 3026 2464 us,
3048 2407 3173 2450 non
3195 2389 3335 2449 ideo
3359 2395 3567 2450 cessat
3599 2390 3757 2450 obli-

2175 2487 2344 2566 gatio
2393 2486 2567 2565 legis.
2628 2484 2893 2563 Ideoque
2936 2500 3065 2543 non
3108 2487 3443 2542 excusatur
3481 2483 3634 2562 quis
3677 2482 3755 2542 ab

2174 2580 2551 2657 obligatione
2578 2575 2991 2655 respondendi
3009 2592 3245 2649 verum,
3269 2575 3516 2634 etiamsi
3536 2576 3759 2635 inten-

2172 2674 2406 2734 tionem
2428 2671 2654 2733 habeat
2675 2669 2939 2731 faciendi
2955 2668 3272 2746 justitiam.
3297 2669 3382 2727 Eo
3398 2667 3506 2727 vel
3531 2668 3756 2727 maxi-

2173 2782 2297 2839 me,
2350 2763 2514 2843 quod
2559 2762 2739 2823 facile
2780 2760 2849 2821 hi
2887 2760 3299 2839 decipiuntur,
3351 2765 3414 2820 et
3461 2759 3754 2819 formant

2172 2855 2611 2917 conscientiam
2635 2856 2820 2932 juxta
2842 2870 3023 2913 suum
3052 2851 3376 2925 affectum,
3403 2870 3592 2929 quem
3634 2852 3747 2911 ha-

2172 2948 2323 3010 bent
2372 2947 2452 3008 ad
2498 2947 2756 3007 alteram
2809 2951 3052 3025 partem
3102 2961 3493 3024 propensum.
3552 2944 3747 3004 Prior

2171 3042 2361 3102 etiam
2408 3039 2745 3112 excusatio,
2797 3038 2942 3099 licet
2981 3039 3048 3099 in
3099 3038 3308 3116 rigore
3358 3036 3642 3109 sufficiat,
3679 3042 3748 3096 et

2173 3134 2533 3211 contingere
2559 3133 2772 3211 possit,
2796 3138 3032 3206 tamen,
3063 3130 3380 3191 moraliter
3404 3129 3741 3208 loquendo,

2169 3227 2488 3287 rarissima
2540 3231 2658 3299 est,
2713 3231 2847 3285 tum
2893 3225 3039 3302 quia
3083 3224 3212 3284 fere
3252 3241 3501 3301 semper
3544 3228 3743 3301 potest

2169 3319 2307 3398 quis
2338 3336 2402 3379 se
2429 3317 2794 3392 subducere,
2820 3321 2883 3377 et
2909 3333 3117 3377 coram
3144 3320 3383 3375 rectore
3402 3332 3534 3374 non
3556 3332 3741 3393 appa-

2169 3428 2339 3485 rere3
2369 3417 2506 3471 tum
2539 3409 2728 3470 etiam
2753 3409 2902 3487 quia
2927 3412 3130 3487 potest
3155 3407 3244 3467 ita
3266 3406 3583 3467 moderari
3612 3425 3735 3467 res·

2172 3502 2559 3582 ponsionem,
2604 3506 2676 3561 ut
2715 3499 3284 3561 ad.inhabilitatem
3320 3497 3740 3559 confitendam

2173 3593 2459 3668 sufficiat,
2492 3599 2555 3652 et
2582 3591 2907 3653 infamiam
2930 3609 3058 3653 non
3080 3592 3355 3665 inducat,
3386 3609 3517 3669 qua
3541 3590 3740 3650 subla·

2174 3691 2262 3761 ta,
2286 3685 2410 3745 alia
2431 3684 2826 3745 incommoda
2849 3684 3011 3746 levia
3033 3702 3165 3745 esse
3189 3683 3409 3745 solent.

2255 3780 2353 3839 15.
2388 3777 2605 3841 Teucri
2629 3777 2891 3839 absoluto
2911 3778 3210 3841 scholares
3237 3779 3559 3856 offerentes
3583 3793 3646 3837 se
3667 3776 3741 3836 ad

2173 3871 2492 3950 suffraqia
2517 3870 2830 3932 veritatem
2851 3870 3067 3945 fateri,
3098 3870 3224 3931 sivo
3244 3867 3552 3947 praecedat
3575 3867 3738 3942 insa·

2173 3965 2324 4038 mia,
2371 3963 2498 4024 sivo
2539 3981 2678 4024 non.
2726 3995 2809 4008 —
2847 3963 3144 4041 Denique,
3186 3963 3424 4022 sincere
3468 3966 3739 4040 spectato

2172 4060 2387 4116 tenore
2411 4059 2787 4115 statutorum
2806 4068 2869 4115 et
2883 4054 3123 4132 legum,
3145 4059 3208 4116 et
3228 4054 3541 4133 praecipue
3560 4054 3738 4130 hujus

2172 4148 2542 4223 Academioe,
2571 4147 2769 4208 sentio
2794 4147 2993 4208 teneri
3024 4147 3358 4222 scholares,
3384 4147 3497 4226 qui
3517 4146 3595 4206 ad
3616 4145 3736 4204 suf-

2172 4240 2373 4319 fragia
2416 4239 2671 4301 ferenda
2705 4258 2771 4300 se
2817 4239 3112 4314 offerunt,
3155 4246 3218 4299 et
3255 4257 3468 4300 coram
3513 4246 3732 4299 rectore

2174 4339 2646 4414 praesentantur,
2677 4333 3003 4395 veritatem
3033 4333 3241 4406 fateri,
3271 4336 3404 4394 sive
3442 4331 3733 4411 praecedat

2175 4426 2458 4502 infamia,
2490 4427 2620 4487 sive
2652 4441 2818 4503 non;
2848 4431 2986 4485 tum
3023 4426 3172 4504 quia
3199 4425 3308 4485 illa
3340 4425 3733 4503 interrogatio

2175 4536 2304 4579 non
2327 4524 2420 4579 est
2448 4519 2744 4598 primario
2768 4524 3019 4597 propter
3037 4517 3446 4597 punitionem.
3472 4516 3582 4577 sed
3609 4534 3735 4595 pro-

2178 4618 2313 4690 pter
2347 4612 2580 4673 morale
2619 4611 2857 4673 bonum
2898 4628 3229 4672 commune
3269 4608 3651 4689 reipublicoe,
3681 4615 3735 4669 et

2179 4705 2271 4780 (ut
2314 4705 2404 4764 ita
2445 4722 2579 4764 rem
2624 4703 2949 4782 explicem)
2993 4721 3122 4764 non
3162 4704 3358 4763 oritur
3398 4720 3477 4763 ex
3522 4703 3735 4762 affectu

2171 4795 2427 4873 justitiae
2467 4794 2860 4857 vindicativae
2876 4840 2898 4871 ,
2947 4795 3055 4857 sed
3102 4814 3182 4857 ex
3220 4795 3451 4856 affectu
3487 4795 3736 4873 justitia

2176 4885 2584 4947 distributivoe
2606 4892 2669 4947 et
2699 4886 2940 4966 legalis,
2958 4893 3021 4948 et
3038 4885 3157 4949 hoc
3184 4893 3276 4948 est
3296 4889 3445 4948 satis
3468 4894 3547 4947 ut
3562 4888 3736 4948 inter·

2176 4979 2418 5057 rogatio
2429 4979 2509 5039 sit
2525 4980 2715 5058 justa,
2733 4980 2978 5041 etiamsi
2990 4980 3250 5042 infamia
3262 4999 3393 5041 non
3416 4980 3733 5061 pracedat.

2179 5071 2335 5144 Quia
2363 5089 2491 5131 non
2524 5077 2615 5133 est
2650 5090 2919 5148 necesse,
2953 5078 3027 5134 ut
3067 5090 3311 5154 semper
3338 5072 3739 5150 interrogatio

2177 5162 2287 5224 fiat
2318 5163 2399 5224 ad
2431 5164 2900 5244 impediendum
2941 5171 3265 5245 peccatum
3304 5166 3613 5240 futurum,
3644 5166 3739 5227 sed

2177 5258 2324 5318 satis
2351 5262 2444 5318 est
2462 5264 2532 5318 ut
2554 5258 2663 5319 fiat
2686 5264 2936 5338 propter
2964 5277 3360 5321 communem
3384 5260 3737 5332 utilitatem,

2178 5356 2241 5412 et
2269 5350 2348 5413 ad
2375 5351 2709 5413 tollendam
2739 5353 3088 5431 materiam,
3134 5360 3195 5415 et
3236 5371 3608 5415 communes
3651 5372 3739 5415 oc·

2179 5444 2454 5511 casioncs
2480 5450 2875 5530 peccatorum
2897 5491 2921 5526 ‚
2954 5453 3027 5512 ut
3057 5447 3217 5512 bene
3242 5445 3486 5513 notavit
3522 5446 3741 5513 Navar.
