3976 6219
588 384 706 444 324
1599 388 1715 440 Lm.
1752 387 1836 441 111.
1871 387 1952 439 DE
1982 386 2145 440 LEGE
2176 387 2437 441 nUuANA
2468 389 2548 441 ET
2581 385 2784 442 civim.

580 491 796 564 simus,
837 492 1100 550 attamen
1125 484 1355 563 leyibus
1379 485 1640 547 vivimus
1653 509 1681 555 ,·
1712 484 1824 544 ubi
1856 502 1983 545 non
2010 502 2147 565 pos-
2227 492 2412 551 torem
2451 490 2654 565 solvit,
2674 487 2839 550 nihil
2865 492 3061 550 tamen
3086 491 3214 549 tam
3252 489 3611 569 proprium
3646 489 3836 571 impe-

582 588 728 643 sunt
776 580 885 641 illa
935 579 1125 641 verba
1174 577 1431 638 limitari
1477 578 1557 639 ad
1604 578 1733 638 sola
1776 584 2147 640 testamenta
2226 581 2426 643 ratori
2454 588 2564 658 est,
2586 598 2765 661 quam
2784 580 3015 659 leqibus
3045 580 3258 641 vivere.

581 675 962 754 imperfecta,
1015 671 1113 732 vel
1141 670 1368 732 similia
1407 670 1634 750 legata,
1668 689 1933 750 quorum
1973 690 2148 732 occa-
2306 675 2405 735 28.
2438 676 2600 736 Vera
2636 691 2782 752 ergo
2822 680 2915 732 est
2952 673 3297 734 communis
3338 673 3829 754 interpretatio,

579 769 750 829 sione
779 767 866 827 ibi
900 765 1268 840 afferuntur,
1299 782 1443 825 cum
1472 764 1820 824 referantur
1845 769 2146 843 tanquam
2226 784 2363 845 quae
2391 767 2557 846 leges
2589 767 2701 826 has
2725 763 3019 843 intelligit
3044 765 3121 825 de
3149 767 3563 845 exemptione
3602 771 3831 847 princi·

577 861 910 940 saepissime
945 859 1011 919 in
1040 858 1346 937 rescriptis
1374 858 1821 937 imperatorum
1855 860 2139 936 repetita.
2225 861 2318 938 pis
2345 878 2380 921 a
2413 861 2477 919 vi
2498 861 2708 939 legum
2727 857 3029 934 coactiva,
3064 875 3102 918 a
3128 877 3253 937 qua
3274 878 3402 921 non
3424 866 3535 921 est
3571 880 3828 943 exemp-

577 957 669 1016 Ita
722 972 871 1032 ergo
918 952 1120 1031 potuit
1159 952 1515 1029 contingere
1553 950 1624 1011 in
1674 946 1925 1028 l‘lpiani
1956 949 2138 1010 libro.
2222 958 2288 1013 ta
2314 954 2556 1031 regina,
2580 971 2689 1014 seu
2721 956 3010 1030 augusta,
3031 951 3179 1030 quia
3200 952 3593 1032 simpliciter
3616 962 3717 1016 oet
3744 957 3825 1016 in-

576 1050 749 1124 ltem,
787 1047 933 1107 inde
961 1045 1183 1123 colligo
1215 1044 1586 1105 sententiam
1619 1043 1817 1119 illam,
1846 1048 2143 1121 tanquam
2220 1045 2429 1121 ferior,
2462 1052 2524 1107 et
2550 1049 2748 1125 potest
2773 1063 2885 1124 per
2914 1043 3255 1124 principem
3282 1047 3421 1124 cogi
3449 1053 3525 1107 et
3560 1049 3786 1127 puniri
3800 1067 3820 1127 ,·

574 1139 990 1202 universalem
1018 1183 1039 1213 ,
1110 1143 1171 1198 et
1215 1155 1342 1198 non
1400 1136 1730 1197 limitatam
1777 1135 1858 1195 ad
1908 1141 2140 1195 certam
2218 1142 2428 1199 tamen
2443 1139 2673 1217 gaudet
2693 1135 3158 1216 illoprivilegiO,
3175 1136 3479 1199 beneficio
3499 1142 3816 1222 principis

571 1233 906 1314 quamdam
936 1232 1162 1309 legem,
1185 1234 1496 1309 receptam
1526 1229 1736 1305 fuisse,
1753 1228 2140 1308 quandoqui-
2218 1242 2469 1311 propter
2496 1231 2880 1311 singularem
2902 1230 3290 1310 dignitatem,
3318 1237 3380 1293 et
3409 1235 3811 1312 conjunctio-

571 1327 713 1387 dem
751 1324 832 1386 ab
873 1322 1349 1404 imperatoribus
1379 1322 1713 1401 saepissime
1750 1319 2141 1400 repetebatur
2218 1342 2365 1386 nem
2410 1343 2554 1385 cum
2595 1325 2909 1404 principe3
2942 1341 3086 1384 cum
3132 1330 3343 1385 autem
3394 1326 3466 1386 in
3520 1330 3808 1406 proxime

568 1435 957 1500 quacumque
1017 1414 1224 1476 oblata
1276 1416 1612 1477 occasione.
1654 1413 1887 1475 Deinde
1915 1413 2138 1491 colligo
2218 1417 2421 1478 citatis
2440 1417 2686 1496 juribus
2738 1418 3143 1496 imperatores
3174 1417 3415 1479 addunt
3442 1436 3461 1479 z
3513 1420 3804 1485 Attamen
3883 1459 3884 1472 ι

567 1513 1007 1591 imperatorem
1041 1508 1413 1570 intellexisse
1441 1525 1507 1569 se
1534 1525 1664 1569 esse
1682 1506 1956 1568 solutum
1978 1504 2134 1584 legi-
2217 1509 2450 1589 leyibus
2470 1511 2753 1586 vivimus,
2778 1516 3226 1588 recognoscunt
3242 1511 3630 1573 directivam
3659 1514 3798 1576 ohli-

564 1603 703 1679 buS,
733 1623 860 1665 non
903 1602 1224 1683 privilegio
1251 1607 1362 1662 aut
1388 1599 1686 1661 beneficio
1717 1604 1987 1673 senatuS,
2024 1597 2131 1659 sed
2215 1602 2532 1679 gationem
2559 1602 2792 1681 legum,
2829 1608 2890 1663 et
2924 1602 3065 1662 ideo
3091 1620 3193 1663 eas
3224 1621 3288 1663 se
3321 1622 3585 1666 servare
3617 1607 3794 1686 profi·

565 1714 677 1757 suo
715 1698 882 1774 jure,
932 1701 995 1756 et
1022 1713 1098 1755 ex
1127 1695 1187 1754 vi
1219 1711 1521 1772 supremae
1550 1692 1866 1772 potestatis
1897 1709 2046 1767 suae,
2073 1696 2135 1752 et
2213 1697 2465 1754 tentur:
2497 1694 2667 1755 unde
2695 1694 2761 1754 in
2791 1693 2832 1752 1.
2852 1695 2964 1756 Em
2984 1695 3355 1772 imperfecte,
3376 1695 3447 1757 ff.
3473 1697 3554 1758 de
3580 1699 3784 1778 Legat.

562 1788 824 1848 subinde
868 1787 1237 1848 sententiam
1275 1786 1449 1847 illam
1490 1786 1738 1865 Ulpiani
1779 1783 2131 1863 intelligen-
2216 1786 2275 1862 3,
2307 1786 2395 1847 sic
2435 1785 2663 1847 dicitur
2691 1806 2707 1845 ε
2757 1786 2867 1847 Em
2884 1785 3233 1864 imperfecto
3252 1792 3608 1852 testamento
3633 1792 3788 1870 lefa-

563 1880 708 1941 dam
736 1899 864 1941 esse
892 1880 969 1941 de
1013 1898 1298 1958 supremo
1343 1881 1643 1959 principe,
1693 1878 1800 1957 qui
1851 1895 1928 1939 ex
1964 1895 2030 1937 se
2070 1881 2132 1938 et
2214 1884 2303 1955 ta,
2357 1880 2452 1941 vel
2490 1879 2954 1956 fideicommissa
3005 1878 3423 1956 imperatorem
3477 1884 3782 1946 vindicare

560 1974 693 2034 sine
709 1972 1030 2053 privilegio
1046 1971 1280 2033 solutus
1301 1971 1541 2051 legibus
1559 1988 1688 2032 esse
1706 1970 1949 2044 dicitur,
1964 1968 2131 2047 quod
2212 1973 2598 2035 verecundum
2623 1977 2733 2046 est,
2762 1971 2917 2032 decet
2939 1971 3096 2032 enim
3120 1976 3306 2034 tantoe
3324 1975 3625 2053 majestati
3638 1976 3780 2054 ᾔει
3883 1995 3884 1998 ’

558 2067 626 2125 in
656 2066 851 2127 altera
873 2071 1047 2145 parte
1067 2065 1119 2143 ej
1130 2064 1345 2125 usdem
1365 2065 1517 2144 legis
1545 2061 1954 2142 significatur,
1977 2061 2130 2121 dum
2210 2082 2450 2126 servare
2481 2065 2654 2142 leae-5,
2688 2062 2904 2142 quibus
2931 2062 3059 2140 ipse
3100 2063 3328 2126 solutus
3347 2083 3458 2126 esse
3488 2067 3754 2128 vedetur.

559 2158 785 2219 dicitur
818 2157 1187 2237 Ammonem,
1219 2158 1354 2219 lieet
1383 2158 1612 2236 leyibus
1649 2156 1848 2218 soluta
1873 2172 1993 2215 non
2017 2154 2124 2229 eit,
2209 2158 2285 2216 Et
2308 2156 2399 2217 ita
2412 2154 2853 2216 intellexerunt
2879 2153 3054 2214 illam
3080 2153 3285 2233 legem
3303 2175 3423 2215 non
3448 2156 3654 2217 solum
3676 2160 3762 2221 D.

559 2250 772 2330 utique
795 2269 872 2312 ex
898 2250 959 2310 vi
983 2267 1111 2310 suae
1132 2249 1476 2327 dignitatis,
1496 2247 1898 2311 nihilominus
1920 2247 2127 2323 benefi-
2208 2248 2476 2309 Thomas
2509 2252 2571 2308 et
2619 2246 2912 2325 theologi,
2939 2246 3042 2307 sed
3084 2248 3275 2308 etiam
3311 2248 3654 2328 jurisperiti
3700 2252 3772 2313 in

558 2346 646 2407 oio
682 2345 988 2423 principis
1019 2343 1446 2405 esse-solutam.
1479 2342 1753 2419 Denique
1780 2338 1899 2399 hoc
1927 2339 2126 2398 maxi-
2206 2341 2507 2421 principio
2522 2339 3136 2419 allegati.Supererat
3148 2339 3265 2402 hoc
3290 2340 3424 2401 loco
3444 2342 3772 2404 dicendum

555 2453 656 2498 me
674 2436 1044 2496 confirmant
1063 2433 1253 2495 verba
1270 2434 1424 2512 legis
1442 2435 1551 2495 Ex
1568 2434 1915 2511 imperfecto
1918 2476 1939 2506 ,
1962 2449 2019 2490 c.
2043 2430 2121 2492 de
2201 2434 2279 2494 de
2307 2433 2648 2494 mutatione
2675 2432 2831 2511 legis
2860 2432 3076 2493 civilis·
3104 2433 3225 2507 Sed
3246 2433 3364 2494 hoc
3385 2435 3767 2497 commodius

554 2529 999 2591 Testamentis:
1036 2529 1171 2592 licet
1191 2529 1286 2590 lece
1318 2528 1563 2605 imperii
1580 2525 1666 2603 (id
1683 2529 1795 2599 est,
1822 2523 2116 2602 dignitas,
2198 2526 2564 2587 tractabitur
2606 2525 2771 2586 infra
2818 2525 2931 2586 lib.
2968 2526 3007 2586 6
3055 2527 3431 2605 generaliter
3477 2528 3556 2589 de
3600 2530 3765 2590 omni

554 2627 619 2683 et
647 2638 935 2701 suprema
965 2621 1251 2700 potestas)
1275 2619 1631 2683 solemnibus
1643 2616 1821 2696 jwrie
1848 2617 2117 2696 impera-
2196 2618 2334 2698 lege
2365 2618 2681 2694 humana„

1860 2900 2014 2951 mus
2055 2901 2207 2951 mm
2245 2901 2465 2950 'rr-nm.
2511 2899 2526 2910 ”
