3976 6219
673 413 807 466 CAP.
834 413 1007 466 xvln.
1036 414 1247 468 unum
1276 413 1472 469 LEGES
1498 411 1897 467 ‘rnnm‘romm
1920 414 2225 472 OBLIGENT
2248 420 2311 472 IN
2333 420 2751 489 CONSCIENTIA‚
2775 425 2917 483 ETC.

192 517 541 591 peratorem
590 511 819 574 habere
872 532 1226 593 supremam
1281 520 1645 596 potestatem
1697 522 1759 579 et

194 604 537 666 absolutam
570 606 931 685 imponendi
971 608 1136 685 justa
1162 608 1415 687 tributa,
1455 616 1518 669 et
1548 616 1759 689 postea

194 698 481 758 subditur
507 700 668 759 hanc
705 705 1070 779 potestatem
1100 700 1169 761 in
1194 701 1290 762 his
1316 702 1524 780 regnis
1558 708 1758 763 trans-

194 789 385 850 latam
414 810 542 852 esse
575 792 640 852 in
668 811 901 871 regem.
939 793 1239 854 Similiter
1277 794 1344 853 in
1390 794 1434 854 l.
1465 796 1528 869 9,
1563 796 1659 856 tit.
1692 796 1751 871 8,

195 902 260 962 p.
299 888 358 959 5,
386 885 515 945 haec
538 891 806 964 potestas
831 885 945 946 soli
967 887 1101 964 regi
1119 887 1438 959 tribuitur,
1470 888 1757 968 idemque

196 977 565 1054 supponitur
614 978 680 1038 in
714 978 759 1038 l.
792 980 853 1053 5,
884 980 981 1038 tit.
1012 982 1110 1055 10,
1153 999 1215 1059 p.
1259 983 1318 1040 7.
1363 980 1758 1061 Relinquitur

194 1086 344 1146 ergo
371 1088 740 1132 concursum
780 1072 981 1150 regni,
1015 1090 1124 1133 seu
1152 1073 1364 1153 populi
1388 1092 1753 1137 consensum

193 1178 306 1239 per
328 1180 417 1236 se,
438 1163 536 1223 vel
557 1182 665 1243 per
688 1169 1109 1243 procuratores
1132 1183 1293 1241 su08,
1315 1185 1444 1227 non
1461 1185 1589 1229 esse
1607 1186 1754 1228 con-

196 1253 494 1316 ditionem
517 1258 921 1318 necessariam
940 1258 1020 1318 ad
1035 1259 1338 1337 justitiam
1359 1258 1600 1321 tributi.
1625 1262 1755 1323 Imo

197 1348 385 1408 etiam
414 1350 692 1428 sequitur
714 1351 1018 1430 justitiam
1053 1352 1271 1413 tributi
1304 1371 1435 1415 esse
1460 1355 1754 1433 priorem,

198 1458 275 1499 ex
327 1446 551 1501 natura
578 1443 691 1517 rei,
738 1443 848 1503 tali
892 1461 1191 1505 consensu
1225 1446 1463 1525 populi,
1497 1448 1755 1527 ideoque

198 1551 557 1611 supremum
592 1535 932 1613 principem
968 1554 1079 1596 sua
1107 1543 1403 1614 potestate
1435 1558 1612 1618 posse
1638 1541 1755 1601 im-

200 1644 429 1703 ponere
472 1627 776 1687 tributum
799 1628 1064 1705 justum,
1099 1629 1236 1708 lege
1262 1632 1410 1708 lata,
1453 1638 1516 1694 et
1547 1651 1756 1695 conse·

199 1725 460 1796 quenter
478 1739 652 1799 posse
670 1721 942 1799 obligare
960 1723 1260 1801 populum
1279 1726 1357 1785 ad
1373 1729 1756 1788 consentien-

200 1811 374 1886 dum,
406 1818 468 1872 et
499 1815 940 1892 acceptandum
968 1814 1293 1891 tributum,
1334 1819 1519 1879 modo
1547 1819 1758 1899 expli-

201 1904 398 1963 cando
427 1905 494 1965 in
522 1906 720 1984 capite
749 1909 1050 1986 sequenti.
1085 1909 1251 1970 Alias
1286 1910 1590 1972 tributum
1632 1932 1759 1974 non

200 2002 401 2074 posset
428 1998 723 2076 imperari
749 2017 858 2077 per
882 1999 1135 2061 modum
1171 2004 1459 2082 praecepti
1489 2010 1552 2066 et
1577 2004 1754 2083 legis,

198 2088 322 2147 nisi
354 2091 524 2167 prius
563 2099 985 2170 acceptaretur
1019 2113 1058 2154 a
1083 2094 1341 2157 subditis
1367 2116 1477 2176 per
1504 2099 1758 2161 modum

199 2182 347 2241 novi
377 2184 540 2260 pacti
567 2192 628 2244 et
655 2186 1027 2261 donationis,
1058 2188 1222 2267 quod
1247 2207 1376 2249 non
1403 2196 1601 2269 potest
1627 2209 1757 2252 esse

199 2293 417 2335 verum
444 2295 520 2337 ex
553 2283 776 2339 natura
802 2280 915 2354 rei,
952 2299 1095 2341 cum
1124 2282 1428 2343 tributum
1456 2285 1763 2362 pertineat

199 2367 279 2427 ad
313 2367 754 2446 obligationem
786 2372 1062 2450 justitiae,
1106 2392 1234 2434 non
1272 2375 1340 2435 in
1381 2394 1543 2437 nova
1583 2383 1646 2438 et
1681 2377 1756 2437 li-

199 2460 395 2522 berali
435 2463 765 2525 donatione
808 2466 1167 2543 fundatam,
1218 2469 1326 2530 sed
1374 2470 1442 2530 in
1490 2471 1760 2533 naturali

193 2555 360 2633 jure,
389 2575 512 2636 quo
552 2563 841 2619 tenemur
866 2558 1013 2619 dare
1041 2559 1347 2622 laboranti
1384 2564 1759 2643 mercedem,

201 2653 265 2707 et
287 2648 659 2726 gubernanti
693 2650 1035 2713 subsidium
1057 2652 1137 2714 ad
1160 2673 1353 2717 onera
1369 2658 1645 2720 muneris
1663 2657 1761 2720 sui

198 2742 616 2806 sustentanda.

285 2836 341 2895 7.
388 2835 514 2894 Lex
536 2852 683 2914 ergo
704 2836 812 2897 illa
830 2842 893 2898 et
915 2841 1294 2901 consuetudo
1327 2842 1635 2921 Hispanias
1664 2862 1760 2905 re-

202 2925 486 3004 quirendi
511 2945 877 2990 consensum
900 2932 1079 3009 regni
1104 2932 1354 3010 quando
1382 2934 1617 2995 tributa
1638 2936 1760 2996 im-

200 3017 490 3096 ponenda
523 3024 690 3095 sunt,
720 3022 998 3100 specialis
1027 3023 1335 3084 institutio
1369 3043 1591 3103 regum
1618 3026 1759 3103 fuit,

202 3129 280 3171 ex
298 3109 548 3171 illorum
566 3112 973 3191 benignitate,
998 3135 1126 3177 non
1146 3135 1224 3177 ex
1251 3119 1611 3181 necessitate
1635 3121 1763 3198 jus-

202 3205 354 3264 titiae
368 3223 671 3282 concessa,
689 3213 833 3269 ante
841 3208 1137 3270 ducentos
1151 3229 1369 3287 annos,
1379 3211 1482 3273 vel
1498 3213 1756 3274 circiter.

203 3297 278 3355 Et
305 3297 443 3357 ideo
490 3317 618 3359 non
644 3305 737 3360 est
780 3301 1169 3363 extendenda
1193 3302 1273 3364 ad
1306 3305 1517 3365 omnia
1543 3323 1759 3384 regna,

203 3390 307 3449 sed
340 3391 409 3450 in
438 3409 809 3472 unoquoque
859 3395 1161 3456 servanda
1204 3396 1323 3457 erit
1363 3415 1474 3458 sua
1508 3398 1630 3474 lex,
1663 3398 1764 3460 vel

203 3485 601 3560 consuetudo,
629 3491 692 3547 et
710 3486 817 3548 ubi
835 3488 1010 3549 nulla
1030 3489 1307 3568 specialis
1328 3490 1763 3554 determinatio

200 3574 411 3652 fuerit,
450 3579 752 3640 servanda
780 3586 872 3641 est
897 3581 1214 3660 {equalitas
1233 3582 1489 3660 justitiae
1512 3589 1763 3644 natura-

202 3666 300 3728 lis,
324 3669 433 3730 Illa
447 3688 594 3732 vero
617 3673 925 3753 Hispaniae
951 3675 1256 3736 institutio
1277 3676 1346 3735 in
1366 3675 1482 3736 hoc
1503 3676 1761 3738 fundata

202 3763 470 3837 videtur,
504 3766 665 3844 quod
698 3785 772 3827 eo
800 3773 1076 3848 tempore
1103 3770 1172 3830 in
1196 3788 1319 3849 quo
1352 3770 1459 3831 illa
1492 3770 1764 3856 stabilita

201 3861 319 3930 est,
349 3857 485 3935 jam
512 3864 690 3919 erant
717 3860 784 3921 in
808 3862 1102 3942 Hispania
1128 3863 1416 3943 imposita
1437 3863 1633 3924 multa
1655 3865 1764 3924 tri-

199 3948 371 4024 buta,
417 3970 555 4030 quae
601 3953 680 4013 ad
718 3971 909 4016 onera
943 3957 1125 4034 regni
1160 3956 1560 4016 sustentanda
1592 3957 1763 4016 vide-

199 4041 430 4105 bantur
471 4045 783 4123 sufficere,
825 4054 888 4108 et
933 4049 1072 4110 ideo
1121 4067 1201 4110 ne
1251 4048 1428 4109 novis
1471 4049 1758 4110 oneribus

201 4145 561 4214 gravaretur
614 4141 877 4220 populus
934 4142 1068 4202 sine
1120 4159 1350 4220 magna
1397 4149 1459 4201 et
1508 4142 1756 4221 publiea

201 4247 405 4306 causa,
445 4238 507 4291 et
536 4238 606 4291 ut
633 4233 855 4312 majori
881 4251 953 4293 ac
978 4234 1245 4295 suaviori
1281 4234 1668 4314 providentia
1693 4234 1758 4296 id

201 4319 398 4397 fieret,
431 4325 676 4401 quando
705 4325 842 4385 fieri
878 4333 1208 4405 oporteret,
1247 4328 1385 4388 ideo
1419 4328 1757 4389 rectissime

200 4413 264 4474 id
308 4414 660 4475 institutum
688 4423 799 4478 est.
843 4419 920 4478 Et
944 4427 1081 4498 post
1106 4421 1558 4481 concessionem
1584 4420 1758 4481 illam

200 4524 239 4566 a
285 4506 535 4584 regibus
579 4508 828 4586 factam,
877 4516 940 4571 et
981 4512 1256 4574 moribus
1301 4512 1754 4589 confirmatam,

200 4600 504 4660 servanda
534 4608 645 4662 est.
682 4603 820 4664 Non
845 4609 936 4665 est
976 4611 1186 4669 autem
1225 4607 1314 4669 ita
1355 4607 1759 4686 intelligenda

200 4697 269 4750 ut
298 4692 379 4752 sit
408 4693 474 4753 in
511 4694 768 4756 arbitrio
805 4706 1268 4775 procuratorum
1296 4718 1478 4761 suum
1508 4717 1760 4759 consen-

202 4803 342 4844 sum
369 4804 494 4846 non
515 4794 828 4867 praestare,
853 4792 1095 4852 etiamsi
1110 4793 1352 4872 justitia
1370 4792 1585 4853 tributi
1606 4791 1762 4870 ejus-

201 4895 320 4956 que
350 4881 679 4941 necessitas
706 4889 855 4943 nota
889 4885 967 4943 sit
984 4907 1003 4960 ;
1034 4890 1183 4946 tunc
1210 4887 1378 4946 enim
1415 4885 1761 4947 consentire

198 4977 511 5047 tenentur,
532 4974 691 5034 sicut
709 4977 896 5037 etiam
915 4982 1205 5039 tenentur
1221 4979 1461 5041 fortiter
1473 4979 1755 5041 resistere

200 5063 451 5142 quando
500 5065 804 5143 injustitia
852 5069 1069 5130 tributi
1120 5077 1214 5133 est
1260 5072 1608 5148 manifesta,
1655 5071 1755 5132 vel

201 5156 449 5234 quando
480 5175 556 5217 ex
590 5160 990 5223 multitudine
1034 5164 1409 5225 tributorum
1452 5170 1581 5226 tam
1621 5183 1758 5244 gra-

199 5249 358 5309 viter
406 5260 743 5313 onerantur
795 5257 1032 5336 populi,
1084 5264 1156 5318 ut
1208 5259 1563 5338 {equitatem
1604 5258 1761 5337 justi

202 5341 495 5420 stipendii
519 5350 581 5405 et
607 5347 823 5407 auxilii
853 5349 1119 5430 principi
1141 5350 1336 5412 debiti
1357 5351 1634 5414 excedat.

885 5497 1095 5519 —000—

3280 425 3401 485 493

2378 601 2624 663 CAPUT
2663 604 2869 667 XVIII.

1838 805 2039 851 unum
2070 805 2254 851 13st
2286 806 2658 853 'rmu'roltuu
2686 808 2965 857 013me
3003 813 3064 858 m
3099 813 3402 863 consumu-

1919 898 2022 944 m
2064 899 2147 945 Al>
2177 900 2424 947 mmmm
2452 902 2833 963 somnonnu,
2872 906 3113 953 mlum
3151 908 3265 955 NON
3301 912 3402 955 1³13-

1921 991 2178 1038 unm.

1921 1163 1980 1220 1.
2029 1160 2293 1234 Quaestio
2310 1159 2441 1222 haec
2457 1161 2664 1223 locum
2693 1162 2919 1226 habere
2941 1173 3140 1245 potest
3161 1169 3402 1232 etiamsi

1841 1253 1943 1314 lex
1966 1254 2182 1316 tributi
2212 1255 2471 1336 poenalis
2496 1274 2626 1316 non
2654 1258 2756 1332 sit,
2787 1264 2858 1318 ut
2889 1259 3192 1339 diximus;
3231 1264 3398 1342 quia,

1837 1342 1979 1407 licet
2008 1348 2313 1409 tributum
2341 1366 2467 1408 non
2501 1349 2582 1409 sit
2621 1367 2823 1430 poena,
2858 1357 2921 1412 et
2952 1352 3092 1414 ideo
3123 1356 3202 1415 ad
3238 1356 3403 1418 illius

1839 1440 2211 1502 solutionem
2249 1460 2375 1502 non
2417 1442 2497 1503 sit
2535 1445 2877 1504 necessaria
2914 1449 3219 1507 sententia
3258 1468 3403 1510 con-

1838 1533 2245 1610 demnatoria,
2267 1535 2395 1596 imo
2418 1554 2531 1596 nec
2554 1536 2977 1614 declaratoria,
2998 1539 3404 1603 nihilominus

1841 1633 2041 1707 potest
2062 1628 2296 1707 requiri
2322 1629 2584 1704 exactio,
2612 1630 2698 1690 ita
2724 1636 2796 1691 ut
2815 1632 2947 1692 sine
2970 1632 3078 1692 illa
3099 1652 3285 1696 nemo
3305 1654 3403 1696 co-

1839 1726 2027 1799 gatur
2053 1726 2390 1800 spontanee
2417 1721 2638 1783 offerre
2664 1723 3004 1802 tributum3
3035 1727 3190 1787 sicut
3217 1729 3403 1789 etiam

1838 1832 2024 1894 poena
2053 1816 2413 1894 pecuniaria
2447 1816 2602 1895 legis
2629 1822 2767 1895 post
2794 1820 3165 1880 sententiam
3195 1822 3404 1883 debita

1839 1912 1932 1967 est
1975 1906 2109 1967 sine
2153 1907 2278 1967 alia
2317 1926 2477 1968 nova
2521 1909 2849 1984 sententia,
2894 1915 2957 1970 et
2996 1911 3402 1974 nihilominus

1839 1998 2054 2060 Covar.
2078 2004 2140 2060 et
2161 1999 2269 2060 alii
2297 2000 2572 2060 sentiunt
2601 2019 2724 2061 non
2753 2001 2964 2062 deberi
2986 2004 3106 2063 nisi
3133 2010 3396 2082 petatur:

1841 2092 2030 2152 simili
2072 2110 2221 2171 ergo
2266 2093 2449 2153 modo
2490 2099 2689 2172 potest
2719 2095 2992 2156 accidere
3028 2097 3094 2156 in
3131 2096 3399 2173 tributiS,

1844 2190 1906 2246 et
1927 2185 2044 2246 hoc
2061 2191 2153 2246 est
2170 2185 2336 2265 quod
2357 2185 2751 2264 inquirimus.
2774 2188 2844 2248 In
2864 2206 2985 2267 qua
3007 2189 3195 2250 etiam
3209 2209 3403 2269 quaes-

1845 2279 2013 2339 tione
2032 2278 2285 2339 adverto
2304 2296 2430 2338 non
2448 2296 2622 2356 posse
2646 2279 2873 2340 habere
2896 2284 3401 2359 controversiam,

1841 2372 1894 2431 si
1922 2371 1999 2432 de
2026 2370 2298 2451 possibili
2326 2370 2673 2450 loquamur.
2707 2372 2867 2445 Quid
2895 2375 3065 2434 enim
3091 2381 3259 2436 vetat
3294 2376 3405 2436 tri-

1839 2462 2064 2524 butum
2090 2463 2326 2543 imponi
2354 2482 2498 2524 cum
2524 2464 2641 2525 hac
2667 2465 3111 2542 moderatione,
3143 2474 3212 2527 ut
3257 2487 3402 2548 pos-

1841 2555 2111 2617 tulatum
2142 2556 2438 2632 solvatur,
2482 2562 2545 2616 et
2582 2575 2712 2617 non
2738 2558 2926 2618 alias?
2964 2561 3099 2620 Non
3137 2566 3229 2621 est
3255 2579 3403 2639 ergo

1840 2650 2103 2712 dubium
2142 2651 2297 2730 quin
2323 2651 2516 2730 possit
2553 2651 2669 2713 hoc
2719 2653 2903 2714 modo
2945 2654 3115 2732 ferri,
3146 2663 3209 2716 et
3237 2657 3403 2735 quod

1841 2742 1929 2805 sic
1977 2743 2103 2806 lata
2135 2744 2239 2806 lex
2278 2762 2406 2805 non
2447 2744 2587 2823 plus
2626 2744 2881 2823 obliget,
2924 2748 3070 2826 quia
3108 2749 3403 2827 obligatio

1841 2855 1970 2898 non
2000 2844 2091 2898 est
2118 2838 2319 2916 major
2335 2854 2525 2915 quam
2551 2835 2704 2915 legis
2724 2838 2912 2899 verba
2936 2840 3269 2919 postulent,
3294 2861 3405 2921 per

1840 2947 1978 3008 quae
2006 2931 2254 2990 animus
2274 2930 2635 3008 imperantis
2655 2933 3064 3008 cognoscitur.
3090 2936 3166 2994 Et
3186 2935 3405 2995 simili·

1841 3028 1936 3083 ter
1972 3022 2256 3083 dubitare
2289 3040 2474 3083 nemo
2495 3028 2695 3101 potest
2729 3026 2880 3102 quin
2906 3027 3192 3107 princeps
3217 3030 3407 3108 possit

1843 3117 2149 3195 imperare
2188 3116 2555 3177 solutionem
2595 3117 2832 3192 tributi,
2874 3119 3048 3179 nulla
3086 3128 3406 3200 expectata

1845 3209 2143 3288 petitione
2179 3208 2280 3269 vel
2324 3208 2688 3285 monitione,
2720 3212 2887 3288 quia,
2928 3212 3170 3273 etiamsi
3208 3215 3404 3295 impo-

1845 3309 2031 3364 natur
2057 3303 2173 3364 hoc
2200 3303 2408 3377 modo,
2440 3308 2501 3362 et
2528 3321 2673 3364 cum
2712 3304 2830 3364 hac
2875 3323 3157 3385 expressa
3196 3310 3407 3371 condi-

1842 3398 2034 3469 tione,
2066 3402 2265 3476 potest
2305 3414 2435 3456 esse
2464 3396 2699 3475 justum
2736 3397 3037 3459 tributum
3063 3403 3404 3464 secundum

1843 3508 2059 3551 omnes
2099 3490 2481 3551 conditiones
2507 3508 2693 3569 supra
2731 3498 3109 3568 numeratas,
3138 3501 3208 3554 ut
3234 3502 3404 3575 pate-

1843 3584 1935 3644 bit
1956 3584 2137 3644 facile
2164 3584 2562 3644 discurrendo
2592 3601 2703 3662 per
2729 3602 2831 3644 eas
2844 3599 2866 3661 3
2898 3603 3046 3663 ergo
3083 3587 3248 3665 juste
3294 3607 3404 3667 po-

1842 3682 1960 3738 test
1985 3677 2072 3737 sic
2102 3675 2341 3755 imponi
2353 3692 2373 3752 3
2399 3694 2550 3754 ergo
2575 3677 2660 3736 sic
2683 3677 2872 3736 etiam
2889 3677 3224 3756 obligabit:
3253 3699 3401 3741 nam

1843 3770 2045 3849 quoad
2072 3769 2190 3830 hoc
2218 3775 2419 3830 totum
2448 3768 2550 3829 lex
2594 3768 2703 3829 illa
2742 3772 3135 3849 est'moralis,
3166 3780 3228 3834 et
3259 3792 3399 3853 pro-

1842 3864 2071 3925 cedunt
2114 3863 2326 3924 omnia
2370 3863 2534 3923 dicta
2567 3863 2635 3923 in
2668 3880 2720 3924 c.
2765 3866 2863 3925 11.
2909 3866 3063 3927 Item
3094 3867 3398 3930 tributum

1841 3956 2183 4035 imponitur
2201 3962 2272 4016 ut
2292 3955 2669 4034 stipendium
2683 3956 2924 4034 justum
2948 3965 3009 4019 et
3026 3959 3301 4021 debitum
3323 3982 3401 4024 ex

1841 4047 1980 4126 lege
1998 4048 2285 4126 -justitioe3
2319 4047 2426 4108 sed
2458 4048 2784 4126 praecipere
2812 4048 3181 4112 solutionem
3209 4054 3400 4116 debiti

1841 4160 1970 4202 non
1997 4146 2266 4220 spectata
2292 4139 2589 4218 petitione
2615 4157 2743 4201 non
2770 4146 2862 4202 est
2887 4161 3044 4204 onus
3069 4145 3394 4225 injustum,

1843 4234 1972 4294 imo
2018 4252 2132 4294 nec
2177 4233 2364 4294 nimis
2409 4250 2636 4310 grave:
2686 4251 2837 4311 ergo
2874 4235 3014 4295 talis
3040 4236 3141 4298 lex
3178 4258 3257 4300 ex
3281 4241 3399 4302 hoc

1843 4327 2042 4407 capite
2068 4344 2181 4387 nec
2207 4326 2436 4404 injusta
2462 4344 2576 4386 nec
2595 4325 2783 4386 nimis
2810 4329 3014 4405 gravis
3032 4333 3267 4393 censeri
3292 4352 3400 4413 po-

1840 4425 1997 4480 test:
2031 4439 2142 4480 cur
2168 4437 2317 4497 ergo
2344 4436 2472 4478 non
2501 4418 2711 4478 statim
2742 4417 3079 4498 obligabit?

1921 4513 1983 4573 Ξ.
2005 4513 2189 4592 Leyes
2207 4512 2569 4573 tributor-uam
2589 4529 2707 4573 non
2728 4512 2816 4572 ob.
2846 4531 2995 4592 §.tre
3014 4516 3081 4576 in
3107 4519 3399 4582 conscion-

1843 4605 1935 4668 tia
1956 4607 2041 4668 ad
2058 4605 2172 4667 illa
2184 4605 2482 4680 solvenda,
2494 4604 2938 4683 nisipetantur,
2958 4611 3224 4672 sentiunt
3243 4613 3398 4674 mul-

1843 4700 1895 4762 ti
1905 4723 1934 4770 ,·
1957 4699 2079 4760 imo
2099 4716 2202 4761 neo
2234 4698 2498 4776 obliyare
2521 4698 2603 4762 ad
2624 4716 2741 4759 uon
2767 4699 3173 4764 occultandum
3199 4706 3399 4769 simile

1841 4791 2124 4866 debitum,
2146 4791 2409 4853 sentiunt
2427 4790 2606 4852 multi
2628 4791 2695 4851 ob
2714 4793 3398 4859 consuetudinem—His

1840 4900 1991 4962 ergo
2030 4881 2432 4944 existentibus
2457 4882 2663 4958 certia,
2693 4882 2893 4944 solum
2934 4885 3011 4946 de
3057 4905 3174 4948 usu
3213 4895 3277 4950 et
3319 4891 3398 4953 de

1841 4978 2112 5039 efficacia
2149 4977 2361 5056 legum
2407 4976 2858 5056 imponentium
2899 4979 3154 5056 tributa,
3185 5001 3294 5044 seu
3321 4985 3409 5046 de‘
3471 5006 3475 5010 ·

1841 5091 2024 5134 sensu
2073 5071 2403 5133 verborum
2453 5071 2675 5151 quibus
2721 5076 2982 5132 utuntur
3026 5092 3155 5136 esse
3197 5083 3399 5156 potest

1839 5166 2275 5227 controversia.
2302 5166 2372 5224 In
2397 5182 2520 5243 qua
2545 5164 2748 5224 varias
2775 5165 3024 5225 invenio
3053 5169 3393 5246 opiniones.

1842 5259 2048 5320 Prima
2067 5265 2253 5337 negat
2268 5257 2435 5336 leges
2445 5257 2822 5317 tributorum
2840 5257 3115 5337 obligare
3133 5263 3199 5323 in
3220 5283 3398 5327 cons-

1841 5353 2067 5414 cientia
2089 5353 2169 5412 ad
2188 5351 2296 5411 illa
2314 5350 2627 5426 solvenda,
2657 5351 2781 5411 nisi
2803 5357 3115 5430 petantur,
3139 5357 3267 5419 imo
3291 5379 3399 5422 ne-

1837 5462 1960 5524 que
1991 5445 2072 5504 ad
2099 5443 2534 5504 declarandum
2562 5449 2943 5504 contractum
2966 5453 3074 5508 aut
3102 5454 3363 5514 vectatio

1837 5555 1985 5599 nem
2030 5537 2357 5613 mercium,
2412 5542 2522 5597 aut
2566 5537 2753 5599 aliam
2788 5536 3056 5601 similem
3089 5546 3397 5608 actionem
