3976 6219
505 400 627 463 496

506 521 669 565 unus
695 499 804 581 qui
831 497 1202 579 generaliter
1224 496 1538 576 loquatur,
1565 494 1672 554 sed
1700 494 1828 554 fere
1855 510 2072 553 omnes

507 595 607 657 vel
644 593 880 655 addunt
915 592 1315 652 limitationes
1341 589 1572 668 plureS,
1608 586 1707 647 vel
1733 585 2073 671 loquuntur

506 688 618 749 sub
665 684 1040 760 conditione,
1081 691 1143 744 et
1181 683 1269 743 ita
1301 683 1404 741 vix
1439 686 1638 761 potest
1669 678 1950 739 absoluta
1975 695 2073 737 re-

507 779 730 841 solutio
755 797 831 838 ex
857 777 976 837 illis
1005 776 1235 854 colligi.
1263 775 1480 835 Varios
1512 791 1659 851 ergo
1687 771 1915 851 gradus
1936 771 2070 849 jus-

505 860 659 934 titi'ae
679 871 745 931 in
766 870 861 931 1113
879 869 1121 948 legibus
1137 868 1471 945 distinguo.
1497 866 1738 927 Primus
1757 864 1836 924 sit
1854 864 2070 941 legum

506 965 583 1026 de
611 981 877 1043 quarum
903 961 1150 1040 justitia
1193 980 1269 1022 ex
1315 959 1489 1020 omni
1529 964 1703 1038 parte
1733 962 1899 1018 certo
1928 975 2072 1016 con·

507 1063 650 1140 stat,
704 1055 1017 1117 moraliter
1057 1053 1385 1134 loquendo.
1436 1050 1751 1113 Secundus
1796 1056 2071 1110 extreme

508 1150 853 1212 contrarius
880 1167 1093 1210 earum
1116 1148 1351 1226 legum,
1377 1145 1455 1205 (18
1482 1162 1742 1224 quarum
1768 1143 2074 1222 injustitia

509 1249 697 1317 certe,
725 1241 827 1303 vel
851 1240 1370 1321 probabilioribus
1404 1237 1770 1318 conjecturis
1810 1241 2068 1310 constat,

508 1337 656 1416 quia
684 1336 983 1397 nimirum
1028 1339 1264 1394 constat
1292 1331 1552 1393 deficere
1591 1331 1657 1390 in
1698 1330 1932 1390 tributo
1960 1328 2073 1388 ali-

509 1448 696 1509 quam
720 1447 793 1489 ex
819 1426 1273 1489 conditionibus
1291 1424 1651 1486 necessariis
1673 1424 1752 1484 ad
1765 1421 2070 1502 justitiam

509 1524 662 1602 ejuS.
695 1523 837 1582 Haec
864 1520 1034 1581 enim
1062 1526 1154 1580 est
1181 1518 1530 1578 differentia
1571 1518 1733 1577 inter
1770 1515 2071 1595 justitiam

509 1620 571 1676 et
614 1615 982 1693 injustitiam
1013 1632 1151 1692 quae
1181 1612 1336 1672 solet
1379 1629 1508 1671 esse
1544 1610 1707 1670 inter
1748 1608 1981 1669 bonum
2011 1613 2074 1668 et

510 1708 768 1783 malum,
794 1707 942 1785 quia
963 1706 1198 1766 bonum
1221 1724 1296 1766 ex
1325 1704 1567 1782 integra
1596 1722 1801 1778 causa,
1834 1702 2074 1761 malum

511 1818 588 1861 ex
605 1818 992 1879 quocumque
1019 1798 1258 1859 defectu
1272 1820 1289 1873 ;
1315 1805 1377 1857 et
1406 1797 1494 1856 ita
1521 1801 1591 1855 ιιι
1614 1800 1850 1856 80113ι8ι
1871 1795 2075 1873 legem

510 1891 728 1953 tributi
755 1909 886 1952 esse
909 1892 1162 1970 justam,
1193 1908 1438 1950 necesse
1461 1895 1553 1949 est
1580 1893 1650 1947 ιιι
1676 1893 1912 1948 80113ι8ι
1940 1905 2074 1946 0111-

511 2003 621 2045 1183
657 1984 1038 2045 8011(11ι101183
1087 1985 1153 2043 111
1202 1983 1309 2042 1Πο
1351 1997 1710 2057 occurrere;
1745 1987 1815 2040 ut
1859 1986 2072 2040 autem

461 2086 468 2091 “
510 2082 746 2138 constet
766 2095 894 2137 esse
912 2077 1228 2155 injustam,
1252 2075 1397 2135 satis
1416 2080 1508 2135 est
1530 2080 1600 2134 ιιι
1624 2079 1858 2134 constet
1880 2091 2074 2134 unam

511 2171 791 2233 deficere.
826 2173 1068 2232 Tertius
1104 2171 1330 2249 gradus
1377 2175 1467 2231 est
1509 2169 1773 2243 mediuS,
1821 2169 2071 2244 scilicet,

512 2264 760 2343 quando
789 2283 916 2324 non
944 2269 1179 2324 constat
1199 2263 1276 2323 de
1294 2263 1597 2341 injustitia
1623 2281 1824 2340 neque
1853 2262 1929 2321 de
1948 2262 2077 2340 jus-

509 2357 650 2417 titia
672 2356 910 2430 tributi,
936 2356 1096 2435 quod
1123 2361 1322 2435 potest
1341 2355 1700 2433 contingere
1722 2354 2072 2433 dupliciter,

511 2449 757 2525 scilicet,
782 2448 883 2509 vel
906 2449 1194 2527 negative
1226 2448 1505 2523 omnin0,
1531 2448 1676 2526 quia
1706 2466 1821 2507 1188
1848 2452 1938 2507 83ι
1965 2465 2074 2506 ra-

510 2542 598 2603 tio
626 2542 705 2603 ad
732 2541 1222 2623 praesumendam
1244 2541 1639 2621 injustitiam,
1663 2558 1861 2619 neque
1885 2540 2074 2600 etiam

511 2636 588 2696 de
612 2636 852 2715 justitia
878 2641 1139 2712 constat,
1177 2635 1275 2696 vel
1298 2633 1445 2714 quia
1470 2652 1582 2714 pro
1612 2640 1872 2713 utraque
1898 2639 2076 2713 parte

510 2735 656 2789 sunt
684 2730 1048 2808 conjecturas
1076 2733 1139 2790 et
1158 2727 1505 2809 probabiles
1533 2728 1824 2803 rationes,
1851 2733 2075 2789 neutra

509 2827 720 2882 tamen
749 2826 1002 2883 constat.

597 2917 693 2975 11.
719 2915 904 2993 Leyes
927 2910 1285 2991 simpliciter
1307 2911 1669 2989 imponentes
1688 2911 1921 2972 tributa
1934 2912 2077 2990 jus-

511 3012 575 3070 ta
596 3007 863 3086 obliqant
882 3007 964 3067 ad
977 3003 1315 3067 solvendum
1336 3005 1628 3065 tributum
1657 3023 1772 3065 non
1794 3005 2075 3083 petitum,

511 3101 742 3182 quando
791 3100 858 3161 de
890 3099 1150 3179 justitia
1178 3097 1330 3176 Zeyis
1359 3102 1586 3160 constat
1619 3098 1950 3160 moraliter.
1996 3131 2078 3143 —

510 3195 656 3255 Dico
697 3211 845 3271 ergo
883 3192 1117 3271 primo:
1152 3191 1320 3268 leges
1350 3191 1532 3270 justae
1573 3191 1933 3270 simpliciter
1961 3194 2078 3251 im-

510 3292 812 3368 ponentes
830 3285 1084 3359 tributa,
1105 3283 1250 3344 licet
1273 3301 1398 3343 non
1422 3283 1739 3344 declarent
1764 3284 2077 3362 quomodo

512 3380 805 3441 solvenda
837 3380 982 3453 sint,
1008 3396 1118 3456 per
1144 3395 1207 3438 se
1227 3385 1287 3437 et
1310 3381 1532 3436 natura
1563 3395 1675 3436 sua
1697 3375 1976 3455 obligant
1998 3375 2072 3435 ad

513 3474 877 3534 solvendum
933 3471 1239 3531 tributum
1259 3515 1280 3545 ,
1348 3469 1537 3529 etiam
1594 3487 1722 3529 non
1779 3471 2075 3549 petitum,

512 3567 761 3647 quando
807 3565 884 3625 de
927 3565 1164 3644 justitia
1213 3564 1369 3642 legis
1413 3563 1792 3624 sufficienter
1838 3569 2078 3624 constat

512 3659 734 3720 morali
780 3658 985 3730 mod0.
1039 3658 1210 3717 Hanc
1263 3656 1719 3716 conclusionem
1769 3657 2078 3736 praecipue

513 3751 848 3812 intendunt
868 3755 1148 3809 auctores
1172 3747 1450 3808 secunda}
1480 3748 1819 3823 sententiae,
1847 3755 1909 3809 ct
1938 3767 2079 3810 eam

481 3899 482 3902 ,
513 3845 695 3923 plane
724 3841 1097 3925 confitentur
1113 3859 1186 3901 88
1211 3840 1598 3920 praemittunt
1620 3841 1840 3920 cajet„
1861 3841 2073 3917 Gabr.,

514 3936 807 4016 Sylvest„
843 3935 1012 4008 Soto,
1043 3933 1277 4009 Dried.,
1312 3933 1576 3994 Cordub.
1610 3939 1673 3994 et
1699 3934 1969 4014 Aragon.
2001 3936 2078 3995 Et

513 4028 903 4090 convincitur
954 4025 1297 4087 rationibus
1350 4026 1525 4087 factis
1585 4026 1653 4087 in
1714 4027 2080 4106 probatione

511 4122 711 4183 tertiae
743 4120 1102 4182 sententiae:
1151 4137 1355 4198 neque
1384 4125 1597 4179 contra
1630 4118 1802 4180 illam
1842 4119 2081 4199 aliquid

515 4215 805 4294 objicitur
830 4214 898 4274 in
921 4213 1113 4293 priori
1131 4211 1446 4292 opinione,
1474 4211 1640 4292 quod
1662 4212 1922 4291 alicujus
1945 4231 2079 4274 mo-

515 4310 712 4370 menti
756 4308 858 4382 sit,
901 4306 1143 4386 quodve
1191 4306 1355 4366 inter
1401 4305 1785 4385 probandam
1831 4307 2082 4367 tertiam

515 4400 889 4463 sententiam
920 4417 1048 4459 non
1075 4399 1155 4459 sit
1181 4399 1476 4458 solutum.
1522 4399 1651 4457 Imo
1689 4406 1851 4459 certe
1891 4400 2083 4461 etiam

517 4494 767 4573 Angel.,
803 4494 1026 4554 Navar.
1079 4498 1141 4552 et
1188 4492 1296 4552 alii
1340 4509 1468 4551 non
1513 4492 1804 4552 videntur
1843 4491 1960 4552 1108
1978 4492 2083 4571 jus

517 4606 771 4666 negare,
802 4586 950 4666 quia
981 4604 1108 4645 non
1135 4589 1367 4665 negant
1403 4584 1469 4644 in
1496 4583 1774 4664 principe
1809 4589 2083 4664 potesta-

517 4686 646 4741 tem
693 4680 772 4741 ad
817 4676 1303 4758 praecipiendum
1353 4675 1469 4736 hoc
1508 4676 1691 4736 modo
1736 4677 2075 4741 tributum:

519 4792 634 4835 nec
661 4773 849 4833 etiam
874 4770 1090 4830 dicunt
1120 4769 1467 4829 absolutum
1494 4768 1846 4848 imperium,
1871 4777 1944 4830 ut
1965 4771 2085 4831 sol·

519 4873 703 4929 vatur
727 4866 1060 4938 tributum,
1091 4881 1217 4923 non
1247 4863 1522 4923 sufficere
1562 4864 1763 4943 quoad
1791 4865 1919 4925 vim
1948 4883 2087 4926 ver-

519 4961 745 5022 borum
772 4959 850 5018 ad
879 4957 1041 5018 hanc
1067 4955 1534 5033 obligationem,
1552 4957 1777 5035 quasin
1799 4957 1933 5036 ipsa
1954 4976 2089 5019 ma-

520 5054 681 5114 teria
721 5051 860 5113 talis
896 5049 1144 5129 imperii
1187 5049 1513 5108 intrinsece
1547 5048 1786 5109 inclusa
1813 5055 1926 5126 est,
1963 5051 2087 5111 nisi

523 5145 603 5207 ob
630 5163 769 5206 eam
797 5160 1044 5204 causam
1072 5140 1320 5201 aliunde
1355 5139 1682 5200 excedatur
1705 5141 1772 5200 in
1798 5142 2085 5220 aequitate

518 5238 792 5318 justitiae.
825 5238 900 5296 Et
926 5235 1055 5295 haec
1077 5238 1170 5294 est
1192 5232 1352 5294 ratio
1381 5251 1418 5292 a
1439 5233 1632 5311 priori
1655 5234 1840 5313 liujus
1867 5237 2082 5314 partis,

521 5330 828 5403 videlicet,
872 5328 1076 5406 legem
1116 5325 1276 5386 hanc
1317 5325 1675 5405 simpliciter
1707 5327 1896 5388 latam
1929 5330 2085 5389 sim-

521 5421 763 5503 pliciter
791 5419 1089 5498 obligare,
1135 5420 1448 5497 supposita
1493 5425 1789 5497 potestate
1828 5422 2087 5482 ferentis

521 5516 724 5595 legem
753 5520 815 5574 et
843 5514 1132 5592 aequitate
1169 5530 1246 5572 ex
1275 5519 1452 5591 parte
1484 5515 1792 5590 materiae;
1828 5533 1976 5575 nam
2010 5534 2087 5576 ex

1409 400 1524 452 LIB.
1563 399 1621 449 V.
1658 398 1738 449 DE
1772 394 2126 448 VAmss'rATE
2158 394 2366 447 Lacum
2398 395 2808 450 nummum,

2148 498 2324 571 parte
2349 493 2682 554 verborum
2720 489 2880 552 nihil
2917 489 3181 571 amplius
3208 491 3570 571 requiritur,
3610 511 3724 553 ne-

2149 604 2270 665 que
2311 606 2386 647 ex
2413 588 2478 648 vi
2505 585 2975 664 significationis
3016 603 3231 645 eorum
3273 585 3396 645 alia
3440 586 3721 645 conditio

2150 680 2543 758 intelligitur,
2592 698 2707 740 nec
2744 697 2821 739 ex
2863 678 3274 739 declaratione
3295 679 3481 757 juris,
3512 697 3721 757 neque

2149 791 2226 833 ex
2249 774 2311 833 vi
2348 774 2608 853 alicujus
2631 771 3093 834 consuetudinis
3113 772 3319 849 justae,
3345 777 3406 831 et
3439 772 3723 832 toleratae

2148 885 2187 927 a
2214 866 2514 945 principe,
2552 866 2823 926 maxime
2852 865 2918 924 in
2945 864 3042 925 his
3062 863 3317 924 tributis
3338 864 3416 924 de
3445 883 3721 943 quorum

2144 959 2384 1039 justitia
2412 964 2668 1020 constat.
2700 960 2909 1038 Neque
2946 958 3013 1017 in
3035 957 3319 1017 terminis
3346 957 3529 1035 hujus
3558 976 3719 1017 con-

2148 1052 2435 1113 clusionis
2459 1052 2711 1113 invenio
2735 1051 2922 1111 aliam
2958 1049 3369 1111 differentiam
3408 1049 3571 1111 inter
3603 1070 3721 1111 811-

2148 1145 2322 1224 tiqua
2345 1152 2406 1207 et
2433 1164 2596 1206 nova
2617 1144 2873 1220 tributa,
2913 1144 3036 1204 nisi
3071 1144 3237 1223 quod
3270 1144 3527 1222 antiqua
3562 1162 3719 1223 quo-

2148 1257 2291 1299 rum
2319 1239 2571 1299 initium
2594 1239 2939 1316 ignoratur,
2961 1242 3395 1316 supponuntur
3417 1254 3545 1297 esse
3566 1236 3721 1297 talia

2151 1336 2223 1390 ut
2248 1331 2324 1392 de
2352 1349 2566 1392 eorum
2592 1330 2832 1411 justitia
2860 1332 3006 1390 satis
3032 1336 3291 1406 constet,
3325 1348 3440 1390 nec
3482 1330 3720 1409 possint

2150 1424 2598 1485 rationabiliter
2609 1424 2676 1484 in
2697 1423 2956 1484 dubium
2974 1423 3275 1496 revocari,
3298 1423 3446 1501 quia
3463 1440 3575 1501 pro
3598 1422 3719 1481 illis

2154 1523 2274 1578 stat
2318 1517 2717 1597 praesumptio
2753 1517 2911 1595 juris
2958 1521 3019 1577 et
3054 1517 3131 1576 de
3156 1516 3321 1593 jure.
3355 1515 3486 1575 Imo
3514 1516 3720 1593 potius

2151 1612 2441 1672 videntur
2479 1612 2613 1690 ipso
2656 1612 2800 1689 jure
2834 1610 3175 1689 approbata
3212 1610 3280 1669 in
3314 1609 3475 1668 dicto
3518 1609 3720 1687 capite

2160 1705 2326 1779 Quod
2356 1723 2536 1783 super
2562 1704 2685 1778 Itis,
2718 1722 2867 1764 nam
2891 1722 3012 1782 qua
3042 1702 3284 1764 ratione
3313 1707 3456 1762 sunt
3497 1719 3721 1779 appro-

2154 1797 2299 1857 bata
2316 1797 2520 1876 quoad
2534 1796 2987 1870 auctoritatem,
3009 1794 3225 1857 eadem
3244 1794 3479 1855 censeri
3492 1794 3722 1854 debent

2157 1891 2497 1971 approbata
2531 1889 2734 1971 quoad
2764 1908 3014 1952 causam
3055 1895 3118 1950 et
3151 1890 3440 1950 formam.
3472 1888 3550 1948 At
3571 1906 3719 1949 vero

2154 1984 2388 2044 tributa
2418 2002 2599 2057 nova,
2631 1984 2840 2063 qualia
2868 1988 3194 2045 censentur
3219 1982 3432 2044 omnia
3454 1999 3719 2060 quorum

2156 2076 2408 2136 initium
2437 2077 2848 2154 cognoscitur,
2896 2095 3023 2136 non
3065 2081 3210 2135 sunt
3249 2092 3490 2153 semper
3525 2075 3713 2153 justa,

2154 2189 2267 2231 nec
2291 2188 2421 2231 esse
2451 2176 2905 2249 supponuntur,
2918 2170 3038 2230 nisi
3056 2169 3415 2249 probentur:
3440 2168 3491 2227 si
3507 2173 3718 2227 tamen

2155 2262 2231 2323 de
2254 2263 2342 2323 eis
2371 2268 2609 2323 constet
2631 2263 3001 2324 sufficienter
3021 2281 3147 2323 esse
3168 2262 3357 2339 justa,
3382 2260 3449 2319 in
3470 2261 3558 2320 813
3580 2278 3720 2339 pro-

2155 2357 2319 2416 cedit
2345 2356 2601 2417 assertio
2650 2358 2867 2417 eodem
2901 2356 3106 2432 modo,
3151 2356 3298 2435 quia
3344 2354 3616 2433 procedit
3655 2355 3722 2414 in

2154 2451 2243 2511 eis
2276 2452 2494 2512 eadem
2528 2451 2711 2511 ratio.

2236 2546 2332 2606 12..
2378 2546 2561 2625 Leyes
2595 2544 2958 2608 tributorum
3001 2543 3273 2623 injustae,
3314 2541 3548 2623 quando
3590 2559 3723 2603 con-

2152 2644 2277 2702 stat
2307 2639 2375 2701 de
2398 2638 2736 2716 injustitia,
2767 2655 2885 2698 non
2922 2637 3187 2715 obliyant
3223 2652 3485 2714 unquam
3528 2636 3615 2696 ad
3636 2652 3728 2696 so-

2157 2732 2462 2797 lutionem.
2493 2763 2577 2776 —
2597 2731 2740 2791 Dico
2768 2730 3071 2791 secundo:
3106 2729 3273 2807 leges
3312 2727 3723 2802 tributorum,

2155 2824 2405 2905 quando
2431 2828 2668 2884 constat
2696 2840 2829 2884 esse
2856 2823 3138 2901 injustas,
3169 2840 3296 2882 non
3329 2820 3610 2900 obligant
3646 2821 3727 2880 ad

2154 2917 2448 2978 solvenda
2470 2916 2727 2991 tributa,
2758 2933 2884 2976 non
2918 2914 3119 2977 solum
3146 2920 3479 2992 antequam
3502 2918 3729 2991 petan-

2153 3016 2280 3085 tur,
2303 3009 2409 3070 sed
2449 3008 2690 3069 etiamsi
2718 3009 3069 3086 exigantur.
3102 3009 3172 3068 In
3200 3007 3318 3067 1108
3343 3023 3552 3065 01111183
3573 3023 3729 3064 8011-

2156 3103 2459 3180 veniunt3
2492 3108 2554 3164 et
2584 3102 2745 3163 ratio
2786 3107 2875 3163 est
2902 3100 3088 3177 clara,
3119 3101 3269 3181 quia
3300 3099 3478 3160 silex
3503 3103 3596 3159 est
3626 3098 3728 3157 iu-

2148 3197 2339 3275 justa,
2374 3196 2563 3257 etiam
2609 3195 2825 3275 petitio
2856 3194 3097 3256 tributi:
3150 3213 3305 3273 ergo
3352 3211 3480 3253 non
3526 3196 3728 3271 potest

2155 3290 2355 3367 magis
2384 3290 2659 3367 obligare
2685 3289 2902 3368 petitio
2931 3306 3118 3367 quam
3137 3288 3261 3348 lex.
3292 3288 3421 3346 Imo
3452 3285 3597 3345 hinc
3623 3303 3725 3345 se·-

2156 3383 2367 3461 quitur
2412 3382 2614 3462 primo
2668 3399 2920 3460 peccare
2966 3380 3241 3459 graviter
3283 3384 3346 3440 et
3393 3378 3591 3438 teneri
3645 3377 3725 3436 ad

2153 3475 2605 3536 restitutionem
2628 3520 2649 3550 ,
2697 3493 2825 3535 non
2867 3474 3068 3534 solum
3110 3473 3416 3552 principes
3456 3472 3725 3531 ferentes

2155 3568 2307 3629 tales
2324 3568 2492 3646 leges
2506 3573 2568 3628 et
2590 3566 2957 3646 accipientes
2978 3566 3130 3626 talia
3147 3565 3401 3639 tributa,
3419 3564 3726 3624 sedetiam

2157 3661 2473 3721 ministros
2507 3660 2614 3720 illa
2650 3660 2989 3739 exigenteS,
3028 3659 3080 3719 si
3109 3657 3230 3718 illis
3267 3662 3507 3717 constat
3533 3657 3608 3717 de
3630 3657 3726 3714 in-

2152 3754 2405 3835 justitia¹
2438 3753 2652 3832 legum
2681 3770 2703 3830 ;
2740 3754 3019 3832 sequitur
3044 3751 3315 3813 secundo
3342 3767 3559 3810 omnes
3586 3748 3726 3808 illos

2157 3848 2472 3909 incurrere
2518 3847 2588 3906 in
2625 3864 2950 3907 censuram
3000 3845 3194 3905 Bulla}
3226 3844 3425 3905 Coenae
3454 3841 3725 3915 Domini,

2156 3946 2228 4001 ut
2276 3941 2437 4002 circa
2480 3939 2651 4000 illam
2695 3938 3143 3999 declaravimus
3170 3938 3239 3997 in
3281 3939 3318 3997 5
3344 3943 3537 4011 tomo,
3563 3934 3722 4012 disp.

2157 4034 2259 4108 21,
2292 4038 2434 4095 sect.
2470 4034 2531 4108 2,
2578 4051 2644 4093 n.
2698 4033 2775 4093 35
2804 4038 2866 4091 et
2902 4033 3011 4108 433
3050 4030 3235 4091 tertio
3263 4029 3539 4108 sequitur
3586 4045 3730 4106 per·

2158 4145 2337 4187 sonas
2370 4125 2508 4186 illas
2558 4144 2597 4185 a
2638 4124 2864 4204 quibus
2906 4123 3055 4185 talia
3106 4124 3341 4184 tributa
3389 4121 3731 4199 exiguntur

2159 4236 2333 4298 posse
2359 4217 2527 4279 licite
2568 4235 2696 4277 non
2738 4216 2973 4277 solvere
3019 4216 3347 4290 tributum,
3382 4221 3517 4275 tum
3537 4232 3601 4274 se
3629 4231 3730 4272 oc-

2160 4311 2475 4385 cultando,
2511 4316 2648 4371 tum
2677 4310 2867 4370 etiam
2894 4308 3238 4370 resistendo
3274 4308 3484 4387 aliquo
3516 4306 3725 4380 modo,

2159 4410 2465 4484 quantum
2509 4403 2643 4463 sine
2672 4403 2846 4482 gravi
2874 4401 3012 4462 rixa
3051 4408 3115 4462 et
3144 4400 3434 4462 scandalo
3467 4399 3730 4478 possint,

2160 4498 2308 4576 quia
2318 4497 2423 4575 jus
2438 4496 2812 4557 defensionis
2828 4494 3109 4556 naturale
3128 4502 3241 4555 est.
3261 4494 3522 4554 Possunt
3539 4492 3734 4553 etiam

2159 4590 2255 4649 uti
2282 4587 2760 4668 amphibologiis
2795 4587 2874 4649 ad
2912 4606 3041 4648 non
3068 4586 3469 4647 revelandam
3506 4584 3738 4644 verita·

2160 4686 2313 4757 tem,
2344 4681 2491 4760 quia
2514 4681 2742 4760 injuste
2764 4681 3254 4758 interrogantur,
3283 4685 3345 4739 et
3365 4697 3494 4739 non
3518 4684 3740 4737 tenen-

2161 4779 2268 4834 tur
2294 4774 2664 4853 respondere
2690 4774 2770 4834 ad
2792 4778 3065 4834 mentem
3085 4772 3547 4849 interrogantis
3562 4770 3740 4830 Men-

2162 4868 2270 4928 tiri
2295 4873 2504 4928 autem
2537 4887 2665 4929 non
2693 4872 2971 4948 possunt,
3003 4872 3065 4927 et
3086 4865 3285 4926 multo
3320 4866 3529 4925 minus
3571 4865 3740 4942 peje-

2160 4978 2341 5039 18183
2373 4963 2425 5021 31
2457 4961 2751 5022 autemid
2775 4961 3031 5034 faciant,
3068 4959 3213 5019 licet
3239 4964 3494 5038 peccent
3520 4962 3742 5017 contra

2162 5055 2487 5114 veritatem
2514 5054 2616 5114 vel
2668 5053 3059 5132 religionem,
3108 5071 3238 5112 non
3269 5057 3482 5111 tamen
3521 5055 3744 5110 contra

2159 5145 2465 5226 justitiam
2485 5191 2506 5222 ,
2555 5151 2617 5205 et
2657 5146 2795 5207 ideo
2845 5145 3005 5205 nihil
3053 5145 3373 5205 restituere
3421 5148 3738 5203 tenentur.

2167 5239 2460 5318 Sequitur
2482 5243 2701 5317 quarto
2744 5256 2847 5299 eos
2874 5238 2981 5316 qui
3023 5242 3331 5315 coguntur
3371 5235 3606 5295 solvere
3649 5239 3745 5292 ta-

2163 5332 2250 5393 lia
2293 5332 2523 5393 tributa
2568 5352 2742 5412 posse
2777 5333 2899 5394 alia
2939 5332 3042 5393 via
3082 5350 3368 5410 reparare
3407 5331 3740 5400 damnum,

2161 5425 2261 5485 vel
2290 5444 2417 5486 non
2452 5425 2746 5487 solvendo
2774 5426 2896 5486 alia
2924 5425 3158 5485 tributa
3193 5425 3385 5503 justa,
3417 5424 3470 5483 si
3501 5421 3744 5481 occasio

2163 5518 2364 5595 detur,
2390 5519 2489 5581 vel
2529 5520 2652 5579 alio
2686 5520 2875 5580 simili
2905 5518 3092 5579 modo
3125 5518 3385 5593 occulto,
3427 5515 3561 5576 sine
3592 5515 3748 5575 vict
