3976 6219
819 390 955 444 CAP.
991 392 1095 444 vll.
1132 393 1346 445 trram!
1377 393 1691 447 POTESTAS
1724 393 2035 447 CONDENDI
2068 392 2262 446 LEGES
2294 391 2822 455 ECCLESIASTICAS,
2856 389 2991 442 ETC.

293 488 464 564 dere,
507 492 581 548 ut
608 487 661 549 si
688 487 966 549 Prolatus
1008 487 1291 550 Ecclesiae
1333 490 1730 570 (quicumque
1756 489 1860 549 ille

3389 388 3509 448 359

1941 490 2199 551 stantias
2243 507 2483 551 eorum.
2515 490 2792 551 Primum
2835 493 2927 549 est
2971 486 3134 565 quod
3173 486 3509 548 intendunt

292 583 394 658 sit,
444 581 631 642 etiam
679 599 960 642 summus
1001 582 1303 662 Pontifex)
1349 583 1581 644 incidat
1626 584 1693 644 in
1738 582 1862 643 hae-
1938 582 2236 657 haeretici,
2286 587 2348 642 et
2387 601 2461 643 eo
2505 583 2770 643 tendunt
2822 598 3038 642 eorum
3066 580 3370 654 rationes;
3416 586 3507 641 est

290 677 502 750 resim,
554 692 628 736 eo
663 675 799 754 ipso
845 680 1209 755 potestatem
1268 682 1330 738 et
1383 678 1750 756 dignitatem
1795 694 1859 736 a-

292 768 522 830 mittat.
572 769 746 828 Hanc
781 768 1136 847 opinionem
1163 769 1365 829 tenuit
1389 770 1698 844 Turrecr.,
1745 768 1853 830 lib.

295 863 335 921 4
363 862 537 922 Sum.
546 905 567 935 ,
589 878 702 939 cap
722 864 751 920 1
786 871 849 921 et
875 878 1006 939 cap.
1034 863 1136 936 ΞΟ,
1158 881 1417 941 eamque
1438 863 1561 924 late
1585 860 1860 923 defendit

292 954 525 1029 Castro,
550 952 657 1015 lib.
691 955 730 1014 2
757 954 832 1014 de
849 954 1025 1015 Justa
1050 954 1484 1016 haereticorum
1510 956 1855 1035 punitione,

291 1066 425 1126 cap.
470 1048 550 1106 23
592 1052 653 1107 et
682 1048 762 1107 24
791 1069 810 1122 3
855 1052 917 1107 et
943 1052 1162 1126 praeter
1187 1048 1454 1109 rationes
1484 1048 1675 1109 factas
1715 1065 1859 1108 con-

289 1139 524 1201 firmari
556 1145 777 1218 potest,
825 1140 973 1219 quia
997 1140 1141 1217 jure
1188 1140 1403 1201 divino
1442 1146 1730 1201 tenemur
1765 1140 1857 1200 vi-

288 1238 421 1294 tare
449 1233 765 1294 haereticos
768 1277 789 1308 ,
818 1237 882 1294 et
898 1251 1026 1293 non
1049 1235 1504 1295 communicare
1531 1251 1673 1295 cum
1696 1232 1817 1294 illis
1828 1249 1849 1310 3

289 1343 437 1405 ergo
487 1327 675 1387 etiam
721 1325 1120 1405 prohibemur
1180 1325 1304 1387 illis
1357 1326 1604 1388 obedire
1638 1348 1656 1401 3
1707 1343 1852 1405 ergo

289 1418 489 1478 multo
540 1418 741 1496 magis
779 1418 873 1478 illi
928 1418 1252 1497 privantur
1308 1424 1603 1497 potestate
1642 1418 1851 1497 praeci-

289 1511 526 1591 piendi,
557 1511 785 1590 alioqui
812 1517 969 1573 esset
994 1511 1364 1591 perplexitas
1389 1511 1455 1571 in
1483 1511 1764 1586 subditis,
1791 1516 1854 1570 et

289 1602 523 1664 bellum
548 1603 788 1681 justum
812 1622 888 1664 ex
919 1609 1181 1683 utraque
1208 1609 1401 1682 parte.
1443 1603 1854 1664 Confirmatur

289 1695 578 1770 secundo,
636 1696 783 1774 quia
819 1694 972 1758 fides
1006 1702 1097 1757 est
1140 1695 1621 1757 fundamentum
1665 1697 1855 1756 totius

290 1788 628 1866 spiritualis
654 1787 931 1864 oedificii3
977 1807 1127 1867 ergo
1154 1790 1343 1851 etiam
1373 1788 1560 1869 huJus
1589 1795 1855 1869 potesta-

288 1881 397 1941 tis:
442 1899 590 1941 nam
633 1881 742 1960 qui
786 1888 953 1943 caret
987 1881 1130 1958 fide,
1169 1901 1284 1944 nec
1316 1883 1561 1958 Christi,
1604 1901 1719 1943 nec
1742 1883 1854 1943 Ec-

287 1971 487 2033 clesiae
522 1973 875 2034 membrum
921 1980 1034 2049 est,
1065 1980 1128 2036 et
1154 1975 1293 2036 ideo
1330 1994 1444 2036 nec
1479 1980 1704 2054 caput,
1740 1992 1855 2034 nec

285 2071 494 2143 pastor
504 2066 785 2127 Ecclesiae
812 2085 941 2128 esse
968 2073 1166 2146 potest
1178 2091 1196 2143 ;
1219 2087 1333 2129 nec
1349 2086 1461 2148 per
1481 2068 1659 2129 illum
1682 2067 1854 2128 Chri-

285 2164 416 2218 stus
446 2157 697 2235 inssuit3
741 2177 889 2239 ergo
915 2179 1030 2221 nec
1056 2167 1422 2239 potestatem
1470 2161 1855 2241 spiritualem

284 2249 514 2311 habere
542 2255 761 2328 potest.
793 2253 1071 2313 Tandem
1090 2252 1512 2328 confirmatur,
1534 2254 1682 2331 quia
1703 2252 1856 2313 alias

285 2342 553 2404 Ecclesia
598 2344 842 2404 nullum
886 2345 1233 2406 remedium
1260 2345 1488 2407 habere
1521 2351 1723 2424 posset
1749 2345 1856 2405 ad-

287 2453 496 2496 versus
525 2453 840 2496 summum
880 2436 1242 2498 Pontificem
1269 2427 1652 2512 haeretieum,
1683 2438 1851 2516 quia,

289 2547 417 2588 non
445 2528 725 2589 obstante
752 2529 994 2604 haeresi,
1028 2548 1340 2590 summam
1361 2529 1855 2607 jurisdictionem

286 2622 619 2697 retineret3
664 2640 811 2701 ergo
857 2622 1064 2682 nullus
1110 2622 1290 2682 illum
1316 2622 1602 2683 cohibere
1628 2628 1853 2702 posset,

290 2721 733 2796 cogereturque
774 2716 1037 2777 Ecclesia
1073 2734 1317 2795 semper
1348 2715 1578 2776 habere
1606 2715 1730 2776 tale
1756 2734 1855 2775 ca-

288 2814 425 2887 put,
455 2809 618 2887 quod
645 2814 803 2870 esset
829 2809 1483 2869 incommodissimum.

374 2903 433 2961 3.
483 2899 812 2963 Contraria
865 2902 1157 2962 sententia
1213 2906 1396 2962 certa.
1433 2933 1515 2945 —
1539 2899 1857 2961 Contraria

291 3011 442 3053 vero
473 2993 777 3053 sententia
816 3010 964 3054 vera
1012 2999 1141 3066 est3
1192 3010 1320 3052 non
1369 3009 1516 3052 vero
1557 2998 1648 3052 est
1686 3011 1859 3071 aeque

294 3091 465 3147 certa
488 3086 695 3165 quoad
722 3085 936 3160 fidem,
965 3091 1029 3146 et
1068 3085 1272 3165 quoad
1311 3084 1695 3146 honestatem
1726 3103 1858 3146 mo-

291 3197 457 3254 rum,
501 3184 565 3240 et
600 3179 739 3239 ideo
787 3179 863 3239 de
890 3178 989 3238 his
1034 3178 1351 3257 sigillatim
1379 3179 1672 3239 dicemus.
1710 3178 1858 3239 Dico

292 3290 439 3349 ergo
466 3272 667 3351 primo
689 3275 1057 3350 potestatem
1083 3271 1245 3331 hano
1272 3289 1400 3332 esse
1421 3288 1616 3350 posse,
1643 3276 1706 3332 et
1722 3290 1860 3351 per·

290 3381 542 3423 manere
570 3365 639 3423 in
667 3363 921 3424 homine
948 3362 1119 3424 fideli
1145 3369 1207 3424 et
1228 3363 1559 3443 baptizato,
1575 3363 1720 3425 licet
1741 3364 1860 3425 ini-

289 3456 623 3535 quissimus
647 3456 749 3531 sit,
783 3460 847 3516 et
871 3456 938 3516 in
966 3455 1083 3516 hoc
1119 3473 1302 3516 sensu
1332 3472 1461 3517 non
1486 3457 1755 3534 pendere
1782 3474 1857 3518 ex

289 3549 470 3610 bonis
509 3549 802 3611 moribus,
846 3550 974 3609 Hoc
1000 3554 1092 3610 est
1118 3555 1355 3611 certum
1384 3549 1460 3611 de
1488 3549 1630 3625 fide,
1661 3556 1725 3610 et
1750 3568 1860 3628 op-

289 3644 561 3723 positum
610 3643 975 3703 damnatum
1028 3648 1122 3704 est
1165 3642 1232 3702 in
1271 3642 1540 3705 Concilio
1567 3644 1860 3704 Constan-

290 3737 494 3797 tiensi.
528 3735 780 3797 Probari
805 3741 1016 3797 autem
1057 3741 1256 3815 potest
1301 3753 1379 3796 ex
1409 3735 1612 3796 verbis
1656 3736 1856 3797 Chris-

289 3830 339 3890 ti
377 3830 593 3891 Matth.
624 3829 928 3906 vigesimo
976 3828 1159 3889 tertio
1200 3850 1214 3888 :
1258 3828 1461 3907 Super
1495 3826 1856 3891 Cathedram

290 3923 497 4001 Moysi
522 3922 797 3984 sederunt
826 3920 1064 3984 Scriboe
1086 3926 1141 3983 et
1168 3921 1505 3996 Pharisoei,
1548 3925 1666 3981 etc.
1700 3921 1856 3981 Nam

288 4014 376 4074 ibi
422 4015 598 4074 docet
632 4012 907 4073 Christus
940 4013 1211 4074 Praelatis
1241 4011 1400 4074 bene
1447 4013 1855 4092 praecipienti-

288 4105 403 4167 bus
426 4105 842 4167 obediendum
869 4123 1023 4182 esse,
1043 4105 1188 4166 licet
1212 4123 1399 4184 opera
1420 4105 1695 4184 ipsorum
1728 4124 1855 4166 non

290 4201 415 4261 sint
443 4198 746 4259 imitanda
771 4221 790 4273 3
823 4198 955 4273 ubi,
996 4198 1138 4258 licet
1175 4197 1462 4276 loquatur
1493 4198 1571 4258 de
1605 4198 1854 4259 Pontifi-

296 4292 471 4353 cibus
522 4291 676 4369 legis
718 4291 967 4366 veteris,
1023 4296 1234 4352 tamen
1284 4308 1412 4351 non
1458 4290 1669 4366 refert,
1715 4295 1854 4351 tum

292 4385 438 4463 quia
464 4401 593 4443 non
616 4389 747 4443 tam
775 4382 1142 4463 loquebatur
1173 4388 1423 4462 propter
1450 4384 1637 4462 ipsos,
1666 4402 1856 4462 quam

291 4483 543 4557 propter
570 4476 705 4554 nos,
726 4482 799 4538 ut
824 4495 1041 4538 omnes
1059 4477 1266 4539 Sancti
1289 4476 1646 4555 intelligunt
1678 4494 1694 4539 ε
1720 4482 1857 4537 tum

291 4572 502 4645 etiam,
553 4570 701 4650 quia
747 4590 826 4633 ex
865 4570 1271 4632 similitudine
1306 4570 1564 4632 rationis
1590 4571 1856 4631 sumitur

291 4664 507 4725 efficax
553 4669 1019 4742 argumentum.
1049 4662 1224 4724 Unde
1266 4662 1607 4742 Cyprianus
1635 4663 1703 4724 in
1731 4681 1853 4724 ser-

295 4774 480 4817 mone
507 4757 583 4817 de
602 4757 915 4836 Baptismo
934 4755 1180 4830 Christi,
1208 4772 1286 4816 ex
1301 4754 1573 4815 hocloco
1594 4756 1848 4835 colligit,

291 4850 361 4909 in
379 4849 631 4910 homine
652 4850 869 4929 iniquo
895 4867 1148 4910 manere
1174 4847 1422 4928 plenam
1442 4853 1806 4926 potestatem
1828 4895 1848 4926 ,

291 4948 354 5003 et
382 4942 447 5002 in
475 4959 549 5002 eo
576 4941 868 5004 honorari
887 4942 1180 5017 officium,
1211 4959 1340 5001 non
1369 4941 1584 5002 vitam.

372 5036 433 5094 4.
478 5035 787 5098 Proediota
805 5040 1072 5114 potestas
1104 5052 1223 5095 non
1248 5033 1420 5095 habet
1446 5033 1853 5096 connexionem

292 5145 422 5190 oum
451 5126 881 5190 sanctitate.—
900 5127 1159 5189 Ratione
1180 5125 1548 5201 declaratur,
1579 5125 1727 5205 quia
1753 5127 1854 5188 vel

288 5220 422 5282 hoec
450 5225 718 5299 potestas
743 5221 1074 5296 amittitur,
1103 5219 1327 5282 amissa
1344 5218 1545 5297 gratia
1576 5219 1854 5280 sanctifi-

290 5318 489 5388 cante,
512 5319 699 5393 atque
724 5314 878 5375 adeo
889 5332 999 5393 per
1016 5312 1334 5393 quodlibet
1349 5316 1671 5391 peccatum
1691 5328 1856 5372 mor·

289 5406 437 5483 tale,
464 5407 565 5470 vel
586 5425 697 5487 per
716 5408 928 5489 aliqua
967 5406 1256 5488 specialia
1281 5410 1528 5486 peccata
1547 5450 1568 5480 ,
1608 5407 1708 5467 vel
1745 5423 1857 5486 per

289 5498 758 5565 multitudinem
774 5546 797 5580 ,
845 5499 1355 5564 consuetudinem
1358 5543 1380 5575 ,
1432 5504 1542 5560 aut
1592 5499 1857 5562 circum-

1940 679 2151 735 tamen
2178 693 2426 754 prorsus
2452 675 2791 735 absurdum
2836 681 2898 734 et
2926 671 3309 746 incredibile,
3356 673 3508 733 alio·

1942 768 2051 846 qui
2081 786 2192 847 per
2219 773 2468 846 peccata
2490 767 2786 828 mentalia
2821 766 3208 828 amitteretur
3234 763 3366 823 haec
3393 782 3507 843 po-

1943 864 2151 935 testas,
2177 864 2323 939 quia
2351 878 2462 939 per
2485 860 2593 921 illa
2609 860 2916 920 amittitur
2953 856 3174 936 gratia,
3201 863 3386 935 atque
3419 857 3507 916 ita

1939 953 2153 1013 omnia
2196 959 2395 1014 essent
2436 954 2670 1014 incerta
2704 958 2768 1013 et
2810 950 3084 1012 confusa.
3117 949 3348 1010 Deinde
3374 949 3507 1010 haec

1940 1052 2210 1125 potestas
2237 1064 2365 1106 11011
2391 1045 2580 1107 habet
2618 1045 3067 1107 connexionem
3106 1058 3251 1104 cum
3288 1042 3507 1102 sancti-

1941 1144 2093 1215 tate,
2134 1139 2282 1218 quia
2325 1157 2452 1199 non
2487 1138 2670 1199 datur
2712 1139 2781 1198 in
2819 1134 3367 1198 sanctificationem
3407 1133 3507 1194 vel

1941 1231 2277 1292 utilitatem
2307 1231 2613 1307 habentiS,
2642 1231 2747 1291 sed
2775 1230 3064 1302 aliorum,
3094 1232 3157 1287 et
3197 1226 3283 1285 ita
3303 1225 3508 1304 potius

1941 1322 2222 1383 imitatur
2237 1323 2466 1400 gratias
2483 1323 2673 1402 gratis
2692 1323 2887 1396 datas,
2915 1338 3053 1400 quae
3081 1336 3207 1379 non
3234 1318 3508 1397 pendent

1942 1433 2186 1494 semper
2218 1433 2294 1475 ex
2337 1416 2585 1495 propria
2630 1415 2983 1488 sanctitate,
3027 1417 3098 1471 ut
3143 1415 3380 1471 constat
3428 1427 3504 1470 ex

1938 1507 2191 1586 propria
2231 1508 2511 1568 materia.
2554 1507 2909 1569 Secundum
2955 1522 3103 1567 vero
3129 1521 3258 1565 non
3295 1501 3504 1562 minus

1936 1597 2278 1660 absurdum
2323 1605 2458 1662 est:
2508 1620 2647 1680 quas
2680 1600 2850 1661 enim
2906 1602 3051 1658 sunt
3087 1596 3193 1655 illa
3229 1601 3499 1675 peccata,

1938 1710 2076 1770 quae
2109 1692 2466 1770 multitudo,
2515 1692 2917 1766 consuetud0,
2962 1694 3071 1751 aut
3101 1689 3502 1749 circumstan-

1935 1784 2063 1860 tiae,
2108 1803 2247 1863 quas
2274 1804 2352 1846 ex
2387 1805 2453 1848 se
2493 1787 2622 1847 vim
2649 1785 2921 1846 habeant
2960 1782 3040 1844 ad
3076 1779 3503 1861 expellendam

1937 1876 2099 1937 hanc
2127 1882 2539 1957 potestatem?
2566 1877 2731 1939 Nihil
2763 1893 2910 1938 sane
2934 1894 3077 1936 cum
3096 1873 3502 1934 fundamento

1936 1971 2294 2049 responderi
2333 1976 2549 2051 potest.
2584 1973 2662 2032 Et
2702 1975 2999 2049 praeterea
3024 1967 3169 2028 inde
3196 1964 3498 2044 sequitur,

1937 2069 2011 2123 ut
2060 2063 2291 2124 subditi
2323 2064 2559 2143 possint
2604 2064 2880 2143 judicare
2935 2061 3246 2135 Praelatos,
3298 2062 3362 2119 et
3411 2057 3498 2118 eis

1937 2155 2353 2217 obedientiam
2380 2175 2630 2236 negare,
2658 2174 2762 2217 eos
2774 2156 2852 2215 de
2879 2172 3068 2234 prava
3089 2153 3218 2214 vita
3234 2167 3501 2230 arguen-

1936 2250 2018 2310 do
2038 2250 2217 2328 juxta
2247 2251 2347 2310 sui
2377 2250 2618 2311 arbitrii
2655 2265 3032 2311 mensuram.

2019 2344 2080 2402 5.
2125 2342 2399 2421 Denique
2420 2343 2560 2403 talis
2586 2360 2770 2422 poena
2794 2359 2920 2400 non
2945 2344 3035 2399 est
3053 2339 3195 2416 jure
3222 2337 3498 2397 humano

1938 2435 2248 2496 ordinarie
2288 2437 2594 2517 imposita.
2633 2434 2807 2509 Quod
2836 2434 2888 2493 si
2934 2429 3265 2510 aliquando
3304 2430 3500 2489 fertur

1936 2526 2147 2605 aliqua
2186 2528 2404 2589 similis
2448 2547 2562 2608 pro
2608 2529 2816 2607 aliquo
2868 2526 3112 2599 delict0‚
3155 2522 3500 2603 praecedere

1936 2619 2248 2681 ordinarie
2276 2621 2459 2682 debet
2480 2620 2785 2681 sententia
2799 2618 3024 2697 judicis
3055 2615 3272 2676 saltem
3300 2614 3499 2676 decla-

1935 2713 2188 2787 ratoria,
2228 2719 2298 2774 ut
2341 2714 2507 2774 infra
2533 2713 2937 2790 attingemuS,
2972 2716 3226 2789 agentes
3254 2709 3331 2770 de
3362 2709 3499 2787 lege

1934 2806 2189 2885 poenali,
2216 2813 2279 2868 et
2316 2807 2502 2868 latius
2532 2811 2832 2867 tractatur
2860 2808 2927 2866 in
2956 2804 3218 2865 materia
3238 2803 3315 2863 de
3348 2803 3504 2864 Cen·

1937 2899 2120 2960 311113.
2153 2901 2361 2979 Neque
2393 2901 2582 2961 etiam
2610 2899 2751 2960 talis
2780 2917 2964 2978 poena
2993 2903 3085 2959 est
3114 2898 3257 2976 jure
3287 2897 3500 2957 divino

1936 2993 2249 3071 imposita,
2293 2994 2518 3054 nullibi
2550 2994 2720 3054 enim
2753 2999 2845 3053 est
2880 2992 3026 3052 tale.
3068 2992 3191 3051 Nec
3220 2997 3502 3070 peccator

1937 3085 2220 3166 privatur
2242 3087 2450 3148 statim
2477 3086 2766 3147 omnibus
2792 3086 2970 3147 donis
3003 3084 3109 3154 Dei
3138 3089 3504 3163 supernatu-

1938 3178 2215 3256 ralibus3
2246 3181 2474 3242 retinet
2497 3181 2664 3241 enim
2687 3180 2877 3240 fidem
2898 3184 2960 3239 et
2986 3195 3183 3256 spem,
3211 3182 3274 3237 et
3300 3176 3500 3237 multo

1940 3270 2143 3348 magis
2196 3278 2398 3351 potest
2448 3273 2714 3334 retinere
2761 3271 2870 3332 illa
2914 3288 3051 3348 quae
3104 3269 3183 3330 ad
3235 3269 3500 3329 aliorum

1940 3365 2336 3426 commodum
2365 3366 2756 3426 ordinantur.
2774 3365 2986 3442 Neque
3006 3367 3098 3422 est
3114 3361 3238 3421 Deo
3256 3361 3502 3422 difficile

1938 3456 2033 3516 uti
2064 3455 2317 3518 homine
2335 3457 2456 3518 sibi
2482 3458 2741 3518 inimico
2760 3463 3057 3535 tanquam
3089 3456 3502 3514 instrumento

1937 3546 2018 3608 ab
2047 3548 2205 3610 bene
2231 3550 2584 3612 faciendum
2612 3550 2823 3612 amicis
2846 3549 2992 3610 suis.
3024 3549 3102 3608 Et
3135 3547 3276 3608 ideo
3308 3547 3500 3607 etiam

1937 3659 2067 3702 non
2090 3643 2368 3720 sequitur
2390 3649 2754 3722 potestatem
2785 3643 2948 3703 hanc
2977 3659 3105 3702 esse
3132 3640 3199 3700 in
3226 3640 3504 3702 destruc-

1938 3734 2196 3810 tionem,
2235 3736 2288 3795 si
2329 3736 2396 3796 in
2439 3741 2757 3816 peccatore
2798 3738 3070 3809 maneat,
3118 3731 3266 3811 quia
3303 3737 3502 3810 potest

1931 3825 2104 3903 justa
2130 3827 2485 3906 praecipere,
2515 3828 2757 3889 etiamsi
2781 3828 2909 3907 ipse
2935 3825 3202 3904 injustus
3228 3824 3327 3896 sit,
3368 3840 3500 3883 ma-

1932 3919 2154 3997 jorque
2202 3920 2533 3981 destructio
2579 3927 2642 3981 et
2688 3920 2968 3981 confusio
3017 3921 3399 3996 sequeretur,
3449 3916 3501 3975 si

1937 4011 2150 4075 liceret
2189 4030 2317 4072 non
2358 4011 2606 4073 obedire
2641 4011 2915 4073 Praelatis
2947 4009 3213 4084 discolis,
3258 4007 3503 4069 etiamsi

1938 4104 2101 4182 justa
2133 4105 2558 4183 praeciperent.
2585 4106 2661 4164 Et
2680 4103 2820 4164 ideo
2838 4103 3002 4164 Petr.
3036 4104 3096 4176 1,
3121 4119 3260 4161 can.
3286 4102 3349 4175 2,
3374 4118 3500 4161 ser-

1935 4197 2031 4255 vis
2047 4196 2326 4276 praecipit
2342 4195 2592 4257 obedire
2612 4195 2902 4269 dominiS,
2920 4212 3037 4256 non
3054 4199 3291 4255 tamum
3309 4193 3498 4269 bonis,

1937 4290 2042 4383 aec}
2065 4295 2249 4353 ettam
2281 4290 2525 4352 discolis
2542 4337 2563 4360 ,
2612 4288 2759 4367 quia
2794 4287 3095 4348 nimirum
3134 4303 3247 4365 per
3279 4303 3501 4364 pravos

1936 4399 2141 4442 mores
2166 4400 2295 4444 non
2339 4382 2637 4443 amittunt
2664 4380 3012 4443 dominium
3051 4396 3257 4453 suum,
3302 4395 3502 4456 neque

1937 4474 2017 4534 ad
2044 4475 2281 4535 malum
2318 4475 2644 4550 inducunt,
2675 4475 2729 4535 si
2766 4474 2935 4553 justa
2974 4471 3356 4552 praecipiant.
3388 4472 3502 4532 Ea-

1938 4566 2082 4628 dem
2109 4574 2319 4629 autem
2343 4570 2505 4630 ratio
2527 4575 2620 4630 est
2648 4568 2725 4630 de
2753 4565 3178 4629 ecclesiasticis
3201 4565 3500 4641 Praelatis,

1941 4660 2204 4740 ideoque
2248 4660 2600 4722 obedientia
2645 4661 3044 4724 Proelatorum
3093 4657 3392 4733 absolute,
3441 4661 3506 4718 et

1941 4753 2076 4814 sine
2101 4753 2492 4815 distinctione
2521 4754 2684 4815 inter
2706 4754 2900 4815 bonos
2928 4759 2991 4814 et
3012 4751 3207 4813 malos
3224 4750 3506 4830 praecipi-

1940 4852 2045 4906 tur
2056 4845 2244 4907 Hebr.
2273 4848 2373 4908 13.
2394 4848 2596 4926 Atque
2615 4848 2704 4908 ita
2724 4846 3099 4908 sufficienter
3115 4848 3353 4905 constat
3369 4842 3503 4902 haec

1939 4939 2192 5013 veritas,
2234 4939 2543 5019 simulque
2590 4957 2950 5019 responsum
2997 4943 3090 5001 est
3139 4937 3218 4998 ad
3266 4933 3502 5014 priores

1938 5032 2211 5094 rationes
2239 5032 2586 5094 dubitandi.
2991 5107 3014 5113 ..

2019 5127 2081 5188 6.
2125 5125 2428 5202 Secundo,
2470 5125 2803 5188 dicendum
2830 5130 2924 5186 est
2950 5126 3313 5200 potestatem
3337 5121 3500 5183 hanc

1937 5236 2067 5280 non
2092 5219 2362 5298 pendere
2395 5217 2799 5281 essentialiter
2831 5235 2910 5278 ex
2948 5215 3071 5276 fide
3107 5213 3407 5301 habentis
3427 5214 3501 5279 il—

1937 5312 2089 5386 lam,
2119 5311 2225 5372 sed
2253 5310 2426 5372 illam
2448 5312 2737 5385 retinere,
2763 5309 3006 5371 etiamsi
3022 5306 3212 5368 fidem
3230 5308 3499 5383 amittat,

1939 5404 2159 5481 donec,
2192 5402 2504 5464 mediante
2545 5401 2835 5479 Ecclesia,
2874 5400 2984 5462 illa
3026 5400 3334 5481 privetur..
3356 5401 3501 5461 Haec

1933 5515 2067 5561 non
2112 5502 2205 5559 est
2245 5500 2377 5558 tam
2413 5501 2582 5560 certa
2617 5495 2903 5558 doctrina
2928 5495 3088 5557 sicut
3125 5492 3495 5574 praecedens,
