3976 6219
847 341 982 391 CAP.
1016 341 1099 390 vl.
1135 339 1220 390 AN
1252 339 1373 390 LEX
1408 339 1756 390 NATURALIS
1787 339 1883 391 sn·
1917 340 2039 390 LEX
2073 341 2305 392 DEVlNA
2339 341 2804 394 PRAECEPTWAT.

219 445 413 519 potest
431 440 762 515 sufficiens,
784 446 855 500 ut
879 440 979 500 lex
1008 438 1306 498 naturalis
1332 438 1572 497 dicatur
1588 437 1785 497 inclu-

219 532 359 592 dere
389 533 709 611 proprium
733 535 1110 610 praeceptum
1152 530 1280 603 Dei,
1313 530 1459 607 quia
1481 529 1581 589 lex
1605 534 1785 588 natu-

218 623 364 683 ralis
391 630 485 684 est
511 643 648 702 quae
675 632 768 685 est
791 622 1124 684 conformis
1157 621 1392 681 naturis
1420 639 1649 682 rerum.

298 719 397 777 21.
425 716 706 779 Secunda
734 716 934 793 opinio
957 731 1183 793 noyans
1204 715 1310 775 hoc
1336 731 1457 775 esse
1476 714 1781 791 possibile.

223 808 392 870 Alter
426 808 649 868 modus
702 806 949 868 dicendi
996 823 1126 867 esse
1165 810 1363 884 potest
1390 804 1563 865 illam
1590 805 1789 884 hypo-

223 901 447 962 thesim
498 919 627 961 esse
664 901 922 961 omnino
970 897 1449 977 impossibilem,
1487 898 1636 976 quia
1661 916 1789 959 non

226 999 425 1073 potest
447 994 608 1054 Deus
632 1011 760 1052 non
785 991 1113 1071 prohibere
1150 991 1214 1050 id
1242 991 1408 1069 quod
1436 996 1529 1051 est
1567 993 1791 1051 intrin-

228 1104 358 1147 sece
377 1085 636 1159 malum,
660 1090 723 1145 01
749 1083 1171 1144 inordinatum
1189 1083 1257 1141 in
1275 1087 1499 1142 natura
1519 1082 1790 1142 rationa-

225 1179 293 1253 li,
323 1179 424 1240 vel
454 1196 581 1239 non
608 1177 941 1256 proecipere
960 1174 1361 1240 contrarium.
1381 1175 1523 1235 Haec
1545 1179 1792 1235 senten-

227 1270 315 1331 tia
353 1277 445 1332 est
473 1276 681 1350 aperte
709 1273 780 1330 D.
822 1269 1098 1342 Thomae,
1129 1268 1191 1328 d.
1224 1285 1284 1346 q.
1321 1269 1422 1342 72,
1461 1272 1577 1328 011.
1629 1268 1689 1342 6,
1729 1273 1792 1328 et

230 1361 452 1422 clarius
484 1381 544 1440 q.
579 1365 717 1436 100,
749 1368 865 1422 art.
897 1363 959 1436 8,
1004 1360 1083 1420 ad
1111 1362 1174 1433 2,
1207 1365 1511 1439 quatenus
1557 1359 1643 1420 ait
1687 1359 1793 1420 de-

234 1460 472 1514 cretum
501 1454 727 1514 divinae
759 1454 1010 1532 justitiae
1041 1452 1201 1513 circa
1250 1452 1412 1512 hanc
1431 1452 1630 1530 legem
1660 1469 1788 1513 esse

234 1546 644 1607 immutabile.
677 1547 849 1620 Quod
872 1564 996 1606 non
1028 1550 1227 1625 potest
1256 1543 1519 1622 intelligi
1549 1544 1625 1605 de
1660 1544 1790 1604 sola

239 1638 743 1699 immutabilitate
779 1657 856 1699 ex
892 1637 1302 1717 suppositione
1341 1635 1600 1697 decreti:
1639 1653 1788 1696 nam

235 1730 352 1791 hoc
390 1730 573 1790 modo
600 1730 912 1808 quodlibet
934 1730 1245 1791 decretum
1273 1728 1379 1788 Dei
1404 1729 1470 1788 in
1496 1744 1790 1806 quacum-

235 1841 356 1902 que
371 1822 509 1901 lege
523 1823 782 1902 positiva
801 1828 892 1883 est
917 1820 1302 1881 immutabile
1319 1839 1336 1881 t
1352 1820 1627 1899 loquitur
1644 1836 1792 1898 ergo

235 1915 306 1973 D.
322 1915 588 1975 Thomas
603 1914 678 1975 de
693 1914 1191 1975 immutabilitate
1213 1913 1569 1992 simpliciter
1582 1929 1602 1989 ;
1627 1913 1794 1973 unde

233 2006 322 2065 ita
357 2014 566 2067 censet
588 2025 716 2066 non
744 2024 915 2085 posse
938 2007 1131 2066 Deum
1168 2006 1235 2064 in
1264 2005 1382 2065 hoc
1410 2005 1652 2064 auferre
1675 2020 1798 2063 suae

228 2096 486 2175 ,iustitiae
510 2097 813 2171 ordinem,
846 2098 1002 2157 sicut
1028 2116 1153 2157 non
1172 2101 1371 2176 potest
1396 2114 1623 2173 negare
1643 2095 1799 2173 seip-

231 2208 393 2264 sum,
428 2190 528 2250 vel
569 2189 728 2250 sicut
755 2208 883 2251 non
911 2195 1108 2268 potest
1143 2207 1272 2250 non
1319 2207 1448 2250 esse
1486 2188 1684 2248 fidelis
1731 2188 1800 2248 in

231 2283 568 2363 promissis.
601 2283 898 2342 Eamdem
927 2283 1285 2360 opinionem
1314 2281 1607 2360 supponit
1635 2280 1800 2341 clare

235 2376 500 2450 Medina,
527 2393 735 2453 supra,
748 2380 811 2435 et
836 2375 1021 2435 latius
1047 2375 1279 2434 Victor.
1300 2374 1367 2433 in
1398 2374 1559 2434 dicta
1585 2373 1795 2434 relect.

236 2469 312 2530 de
336 2468 838 2529 Pervenientibus
860 2468 938 2527 ad
960 2484 1142 2527 usum
1162 2466 1440 2542 101101115,
1457 2484 1523 2525 11.
1551 2468 1589 2528 9
1609 2472 1669 2526 01
1693 2470 1793 2541 10,

238 2561 347 2620 11111
377 2580 493 2622 nec
519 2560 832 2640 probabile
860 2579 974 2620 nec
1011 2558 1400 2637 intelligibile
1432 2576 1560 2619 esse
1593 2563 1799 2619 censet

239 2653 509 2733 aliquem
529 2671 706 2733 posse
727 2671 1001 2731 peccare,
1032 2658 1095 2713 et
1121 2671 1247 2712 non
1273 2652 1502 2712 habere
1525 2652 1797 2730 superio-

238 2765 397 2820 rem,
413 2752 475 2807 et
495 2750 865 2824 praeceptum
883 2763 990 2805 seu
1012 2745 1214 2822 legem
1233 2745 1387 2823 ejuS.
1410 2744 1586 2804 Unde
1609 2761 1798 2822 quam

236 2837 614 2917 impossibile
642 2843 735 2899 est
765 2837 1082 2897 hominem
1112 2842 1390 2897 utentem
1414 2838 1651 2896 ratione
1671 2855 1799 2897 non

237 2948 413 3010 posse
440 2947 712 3008 peccare,
742 2929 841 2990 vel
869 2947 996 2989 non
1009 2929 1235 2989 habere
1254 2930 1800 3008 superiorem,tam

237 3022 615 3102 impossibile
633 3022 827 3083 credit
853 3040 1003 3097 esse,
1026 3039 1199 3100 posse
1221 3023 1417 3081 Deum
1438 3039 1565 3081 non
1592 3027 1802 3081 vetare

238 3114 347 3175 illa
369 3134 510 3193 quae
538 3115 876 3176 secundum
907 3133 970 3175 se
990 3115 1155 3175 mala
1179 3120 1346 3192 sunt,
1379 3120 1486 3174 aut
1508 3132 1633 3174 non
1649 3132 1804 3193 prae-

239 3207 443 3285 cipere
496 3226 569 3268 ea
613 3226 752 3287 quae
792 3213 939 3268 sunt
970 3207 1309 3269 necessaria
1337 3206 1416 3267 ad
1457 3206 1805 3267 naturalem

240 3299 629 3361 honestatem
655 3318 671 3362 ε
733 3300 892 3361 ratio
942 3300 1208 3378 denique
1242 3318 1365 3378 qua
1409 3298 1806 3378 probavimus

244 3392 321 3454 de
353 3393 513 3453 facto
540 3395 732 3454 Deum
751 3393 913 3453 serre
941 3393 1100 3453 hanc
1128 3393 1354 3470 legem,
1384 3391 1605 3470 probat
1634 3390 1808 3452 illam

244 3502 374 3545 esse
402 3476 759 3564 simpliciter
807 3485 1240 3560 necessariam,
1272 3486 1420 3562 quia
1450 3501 1579 3543 non
1610 3487 1812 3562 potest

247 3596 378 3638 non
406 3578 722 3656 displicere
749 3579 872 3639 Deo
895 3577 1036 3639 talis
1060 3583 1253 3652 001115,
1284 3577 1467 3636 1110ᾶο
1496 3582 1811 3637 0011501110-

248 3687 369 3731 neo
396 3688 523 3730 suae
551 3669 833 3745 bonitati,
854 3682 915 3730 et
937 3670 1190 3749 justitiae
1217 3687 1288 3730 ac
1316 3668 1736 3748 providentiae.

330 3764 432 3823 22.
478 3761 1200 3842 obstacula-Aliquorum
1225 3762 1464 3824 solutio.
1482 3762 1811 3824 —E'oeolu-

251 3857 422 3918 ditur
448 3855 937 3934 asponam—Ut
953 3873 1099 3916 vero
1116 3854 1246 3914 haec
1266 3855 1424 3914 ratio
1444 3854 1809 3931 declaretur,

251 3947 546 4026 objicitur
591 3947 739 4026 quia
776 3953 1148 4026 praeceptum
1189 3947 1474 4007 divinum
1519 3952 1612 4006 est
1642 3951 1814 4007 actus

251 4040 608 4114 voluntatiS,
649 4041 749 4102 vel
794 4041 1175 4101 voluntatem
1203 4041 1514 4118 supponit,
1554 4043 1616 4098 et
1640 4038 1719 4098 ab
1741 4057 1815 4099 ea

253 4134 425 4194 ducit
452 4134 797 4211 originem:
834 4133 940 4193 sed
963 4132 1173 4192 divina
1200 4131 1483 4190 voluntas
1513 4135 1605 4190 est
1620 4129 1818 4190 libera

253 4226 326 4286 in
369 4225 657 4286 omnibus
679 4252 682 4255 “
706 4225 1051 4285 actionibus
1079 4223 1159 4283 ad
1199 4218 1413 4283 extraz'
1456 4239 1603 4300 ergo
1631 4222 1818 4282 etiam

256 4323 351 4380 est
374 4317 570 4378 libem
602 4318 670 4378 in
698 4317 807 4377 illa
836 4316 1155 4377 voluntate
1181 4331 1200 4377 z
1239 4333 1389 4394 ergo
1410 4320 1611 4394 potest
1645 4313 1819 4375 illam

256 4428 386 4471 non
430 4410 692 4472 habere:
733 4427 883 4487 ergo
928 4414 1127 4488 potest
1164 4425 1292 4468 nou
1335 4408 1653 4486 imponere
1694 4406 1818 4469 tale

255 4509 650 4583 praeceptum.
685 4502 1073 4582 Respondent
1098 4501 1290 4580 aliqui
1316 4500 1392 4561 ad
1412 4501 1613 4579 legem
1637 4505 1819 4560 natu-

257 4597 454 4658 ralem
488 4597 769 4657 sufficere
817 4596 1099 4657 naturale
1140 4595 1451 4655 dictamen
1478 4593 1823 4654 intellectus

260 4690 479 4764 divini,
517 4708 643 4768 quo
676 4690 908 4768 judicat
931 4689 1063 4750 haec
1088 4689 1252 4748 mala
1286 4705 1414 4748 esse
1445 4686 1722 4761 vitanda,
1761 4690 1824 4746 et

258 4782 393 4842 11ωο
418 4782 580 4842 110110
605 4782 911 4843 facienda.
931 4783 1084 4842 Nam
1108 4781 1272 4840 circa
1290 4797 1364 4839 ea
1393 4796 1530 4857 quae
1557 4796 1743 4857 perse
1763 4782 1826 4838 et

260 4875 591 4935 intrinsece
639 4874 788 4934 talia
834 4879 999 4948 sunt,
1030 4873 1183 4933 illud
1210 4871 1520 4931 dictamen
1569 4889 1696 4930 non
1733 4874 1827 4930 est

261 4966 529 5027 liberum
552 4967 658 5027 sed
686 4966 1095 5027 necessarium
1125 4981 1141 5025 ε
1175 4969 1238 5024 01
1260 4981 1336 5023 ex
1364 4962 1470 5023 illo
1494 4962 1828 5022 dictamine

263 5059 421 5137 legis
450 5059 675 5120 divinae
706 5065 767 5120 et
795 5068 1040 5120 aeternae
1069 5058 1136 5117 in
1177 5056 1288 5117 tali
1332 5056 1593 5117 materia
1622 5072 1828 5115 neces-

262 5153 426 5212 sario
478 5152 755 5212 dimanat
800 5150 1082 5230 quaedam
1137 5150 1270 5227 ejus
1321 5147 1710 5227 participatio
1750 5145 1830 5206 ad

264 5250 613 5305 creaturam
654 5244 1041 5317 rationalem,
1067 5241 1381 5320 supposita
1410 5241 1542 5318 ejus
1571 5240 1832 5299 creatio-

266 5353 380 5397 11οε
405 5342 563 5396 etex
590 5337 707 5397 hac
725 5334 1188 5414 participatione
1211 5339 1273 5394 et
1294 5332 1671 5393 derivatione
1700 5331 1831 5391 sine

263 5429 391 5490 alio
414 5434 558 5489 actu
585 5428 919 5489 voluntatis
945 5427 1171 5488 divinae
1209 5424 1517 5487 redundat
1556 5422 1835 5502 specialis

3313 337 3422 395 111

1864 437 2159 516 obligatio
2205 439 2273 498 in
2311 440 2678 500 rationalem
2715 446 3079 514 creaturam,
3112 440 3290 518 quasi
3320 459 3431 519 per

1865 531 2209 590 naturalem
2239 531 2576 609 sequelam,
2606 533 2843 592 ratione
2866 533 3040 610 cujus
3066 537 3315 592 tenetur
3338 550 3431 592 se-

1864 623 1972 701 qui
2001 628 2229 683 rectam
2271 623 2601 698 rationem,
2633 630 2704 683 ut
2742 625 3125 684 indicantem·
3144 625 3429 702 regulam

1867 720 2163 776 aeternam
2205 733 2339 793 quae
2375 724 2467 776 est
2493 716 2561 775 in
2598 717 2721 777 Deo
2753 731 2769 775 :
2809 722 2993 795 atque
3020 717 3107 777 ita
3130 716 3432 796 quidquid

1870 808 1950 868 sit
1976 808 2053 868 de
2080 806 2275 867 libero
2303 813 2444 868 actu
2484 807 2710 868 divinae
2747 808 3105 884 voluntatis,
3136 807 3434 887 obligatio

1869 900 2002 961 haec
2033 907 2095 960 et
2134 899 2469 978 prohibitio
2498 900 2755 960 omnino
2791 901 3132 961 necessario
3159 901 3437 979 sequitur

1872 1011 1950 1053 ex
1981 993 2221 1052 ratione
2248 992 2479 1053 divina.
2514 993 2631 1053 Sed
2658 992 2788 1053 haec
2817 993 3134 1072 responsio
3169 993 3437 1071 intelligi

1868 1102 1997 1144 non
2025 1090 2251 1164 potest,
2288 1085 2434 1163 quia
2469 1085 2669 1145 solum
2707 1085 3039 1146 dictamem
3091 1085 3437 1146 intellectus

1869 1178 2001 1238 sine
2045 1177 2364 1238 voluntate
2414 1194 2543 1238 non
2605 1184 2802 1257 potest
2854 1177 3081 1238 habere
3131 1179 3439 1238 rationem

1869 1270 2161 1349 praecepti
2184 1275 2463 1349 respectu
2492 1269 2765 1345 alteriuS,
2801 1288 2915 1330 nec
2941 1270 3236 1330 inducere
3262 1270 3328 1330 in
3364 1269 3438 1329 il-

1870 1362 2004 1422 lum
2052 1360 2377 1440 specialem
2424 1360 2888 1439 obligationem.
2936 1362 3092 1436 Quia
3140 1362 3438 1440 obligatio

1869 1459 1961 1515 est
1980 1455 2171 1514 motio
2198 1454 2484 1532 quaedam
2515 1452 2766 1514 moralis
2800 1453 2877 1514 ad
2915 1454 3265 1532 agendum:
3306 1472 3439 1514 mo·

1868 1564 2015 1607 vere
2036 1552 2244 1606 autem
2274 1545 2469 1606 alium
2494 1546 2573 1607 ad
2600 1545 3007 1625 operandum,
3037 1564 3192 1625 opus
3218 1546 3439 1606 volun-

1867 1637 2012 1699 tatis
2057 1644 2167 1699 est.
2220 1640 2375 1699 Item
2424 1639 2572 1716 quia
2626 1644 2757 1699 tota
2807 1638 2914 1698 illa
2967 1638 3261 1716 obligatio
3309 1657 3440 1699 non

1867 1731 2249 1791 transcendit
2267 1732 2395 1791 vim
2423 1730 2645 1808 objecti
2674 1750 2784 1810 per
2816 1751 2879 1792 se
2908 1731 3055 1792 boni
3079 1731 3179 1792 vel
3204 1732 3375 1803 mali,
3400 1751 3442 1792 a

1872 1840 1997 1901 quo
2035 1822 2222 1883 habet
2266 1823 2424 1883 actio
2469 1828 2541 1883 ut
2585 1842 2695 1903 per
2725 1843 2788 1884 se
2821 1824 2984 1884 bona
3010 1823 3108 1884 vel
3146 1825 3312 1884 mala
3335 1825 3437 1899 sit,

1874 1918 1935 1974 et
1959 1913 2261 1991 judicium
2280 1914 2539 1974 rationis
2567 1915 2766 1975 solum
2791 1915 2979 1977 habet
2998 1917 3306 1977 rationem
3329 1935 3436 1995 ap-

1877 2006 2183 2084 plicantis,
2225 2005 2324 2066 vel
2375 2006 2752 2066 ostendentis
2797 2008 2918 2069 tale
2980 2008 3318 2087 objectum.
3358 2011 3443 2069 Ac

1880 2097 2146 2176 denique
2197 2098 2354 2158 ratio
2397 2098 2699 2158 naturalis
2741 2100 3065 2160 ostendens
3104 2100 3339 2160 bonum
3382 2106 3445 2161 et

1880 2189 2119 2250 malum
2146 2208 2270 2250 nou
2292 2189 2429 2268 plus
2447 2189 2549 2250 vcl
2570 2191 2768 2269 magis
2795 2191 3048 2269 obligat,
3077 2209 3150 2252 eo
3179 2192 3344 2270 quod
3364 2193 3445 2252 sit

1880 2283 2269 2361 participatio
2320 2284 2578 2343 rationis
2632 2283 2881 2359 divinae,
2913 2303 3100 2363 quam
3143 2284 3446 2363 obligaret

1879 2377 2220 2436 secundum
2248 2394 2312 2436 se
2342 2382 2616 2454 spectata
2640 2395 2711 2437 ac
2737 2378 2789 2437 si
2818 2397 2855 2438 a
2884 2395 2947 2437 se
2985 2384 3161 2439 esset.

1959 2470 2060 2528 23.
2120 2468 2271 2532 Vera
2300 2471 2604 2546 responsio
2637 2471 2718 2531 ad
2742 2471 3137 2548 objectionem,
3169 2476 3224 2532 et
3253 2476 3448 2532 osten-

1879 2561 2051 2621 ditur
2072 2562 2377 2639 quomodo,
2392 2565 2588 2622 stante
2600 2561 2878 2624 libertate
2894 2562 3127 2638 divina,
3150 2564 3314 2625 Deus
3330 2582 3447 2625 non

1871 2653 2067 2732 possit
2088 2671 2205 2713 non
2214 2653 2528 2731 prohibere
2546 2671 2615 2715 ea
2635 2671 2766 2733 quoe
2783 2660 2926 2715 sunt
2943 2656 3262 2717 intrinsece
3280 2656 3445 2717 mala

1869 2764 1982 2824 per
2001 2746 2270 2824 aliquam
2292 2746 2496 2824 leyem.
2524 2779 2607 2792 —
2631 2747 2777 2806 Dico
2802 2747 2997 2825 igitur
3023 2765 3101 2808 ex
3128 2749 3442 2825 Cajetan0,

1880 2838 2046 2899 dicto
2074 2856 2132 2898 0.
2172 2839 2234 2909 8,
2260 2838 2537 2898 divinam
2564 2839 2971 2914 voluntatem,
2993 2840 3137 2901 licet
3155 2840 3448 2919 simplici·

1881 2937 1974 2992 ter
1997 2930 2194 2991 libera
2220 2931 2300 2991 sit
2328 2932 2406 2991 ad
2448 2937 2642 3006 extra,
2689 2938 2897 2993 tamen
2927 2951 3005 2993 ex
3028 2934 3447 3012 suppositione

1881 3025 2064 3084 unius
2100 3033 2270 3083 actus
2314 3023 2493 3083 liberi
2526 3041 2699 3101 posse
2751 3025 3100 3085 necessitati
3123 3026 3202 3085 ad
3225 3025 3442 3101 alium,

1882 3122 1951 3176 ut
1974 3117 2028 3176 si
2053 3116 2188 3176 vult
2213 3117 2573 3195 promittere
2608 3116 2904 3193 absolute,
2935 3120 3336 3178 necessitatur
3367 3119 3447 3180 ad

1885 3208 2270 3287 implendum
2300 3208 2701 3286 promissum:
2758 3215 2818 3269 et
2868 3210 2920 3269 si
2966 3211 3099 3270 vult
3140 3210 3310 3288 loqui
3339 3216 3449 3270 0111

1886 3301 2185 3375 revelare,
2225 3301 2568 3361 necessario
2596 3300 2776 3362 debet
2802 3302 3075 3363 revelare
3100 3321 3340 3363 verum.
3372 3305 3448 3363 Et

1889 3411 2032 3454 cum
2081 3393 2298 3454 eadem
2344 3394 2757 3472 proportione,
2789 3394 2841 3454 si
2868 3395 3001 3455 vult
3028 3414 3233 3456 creare
3268 3413 3448 3454 mun-

1890 3485 2065 3559 dum,
2105 3491 2167 3546 et
2197 3485 2375 3545 illum
2407 3503 2765 3546 conservare
2788 3486 2856 3546 in
2889 3487 3103 3548 ordine
3140 3487 3217 3548 ad
3256 3487 3448 3548 talem

1891 3577 2105 3654 finem,
2157 3595 2286 3637 non
2335 3583 2533 3656 potest
2567 3596 2694 3638 non
2727 3578 2957 3640 habere
2996 3580 3449 3658 providentiam

1888 3670 2078 3747 illius,
2126 3675 2188 3731 et
2219 3671 2533 3749 supposita
2560 3671 2923 3749 providendi
2950 3671 3288 3747 voluntate,
3322 3690 3450 3732 non

1888 3769 2088 3842 potest
2114 3780 2242 3822 non
2275 3762 2501 3824 habere
2528 3764 2978 3841 providentiam
2998 3764 3357 3842 perfectam,
3389 3770 3452 3825 et

1890 3860 2365 3915 consentaneam
2393 3872 2517 3914 suae
2542 3855 2804 3915 bonitati
2830 3861 2891 3916 et
2903 3856 3218 3934 sapientiae
3243 3874 3259 3916 t
3282 3856 3451 3916 ideo-

1892 3963 2013 4025 que
2057 3947 2371 4026 supposita
2407 3945 2723 4007 voluntate
2767 3948 3018 4007 creandi
3046 3954 3333 4009 naturam
3353 3965 3452 4008 ra-

1893 4038 2191 4098 tionalem
2245 4056 2388 4097 cum
2438 4037 2765 4097 sufficienti
2801 4039 3153 4116 cognitione
3193 4041 3273 4100 ad
3311 4058 3454 4119 ope-

1894 4131 2162 4191 randum
2187 4128 2424 4189 bonum
2455 4136 2518 4187 et
2554 4129 2820 4203 malum,
2866 4136 2927 4189 et
2955 4148 3098 4190 cum
3126 4133 3455 4194 sufficienti

1898 4240 2197 4284 concursu
2225 4239 2303 4281 ex
2330 4226 2503 4299 parte
2552 4221 2661 4280 Dei
2698 4221 2777 4281 ad
2804 4228 3160 4302 utrumque,
3193 4243 3322 4286 non
3348 4245 3455 4305 po-

1897 4315 2086 4376 tuisse
2115 4315 2311 4374 Deum
2339 4331 2467 4374 non
2491 4312 2650 4375 velle
2679 4313 3005 4394 prohibere
3024 4315 3136 4376 tali
3162 4324 3458 4380 creatura)

1897 4413 2068 4469 actus
2085 4407 2418 4467 intrinsece
2442 4407 2656 4482 malos,
2690 4405 2791 4468 vel
2813 4407 2976 4470 nolle
2995 4410 3320 4489 praecipere
3346 4410 3457 4471 ho·

1898 4506 2104 4562 nestos
2129 4500 2519 4561 necessarios
2556 4500 2711 4574 Quia
2743 4501 2900 4561 sicut
2924 4519 3053 4562 non
3080 4507 3278 4581 potest
3304 4503 3460 4564 Deus

1902 4593 2176 4669 mentiri,
2219 4592 2307 4652 ita
2337 4611 2465 4653 non
2482 4598 2680 4672 potest
2703 4592 3088 4672 insipienter,
3113 4595 3213 4657 vel
3232 4595 3460 4674 injuste

1903 4687 2250 4766 gubernare
2255 4702 2274 4763 3
2300 4692 2456 4746 esset
2483 4692 2692 4746 autem
2720 4686 3106 4764 providentia
3122 4688 3299 4749 valde
3317 4687 3462 4749 alie-

1904 4799 1987 4840 na
2014 4798 2052 4839 a
2080 4779 2291 4839 divina
2327 4779 2627 4857 sapientia
2659 4783 2721 4839 et
2762 4778 3058 4856 bonitate,
3103 4800 3230 4842 non
3257 4781 3465 4859 probi·

1905 4872 2048 4933 bere
2077 4870 2176 4932 vel
2193 4871 2521 4950 praecipere
2540 4871 2666 4931 suis
2688 4870 2947 4932 subditis
2968 4891 3106 4952 quae
3126 4875 3278 4934 talia
3295 4880 3462 4934 sunt.

1905 4965 2006 5025 Sic
2033 4967 2198 5043 {ergo
2224 4962 2303 5023 ad
2329 4952 2768 5040 argumentum
2795 4962 3196 5041 distinguitur
3222 4965 3458 5027 minor:

1908 5074 2057 5116 nam
2098 5054 2373 5115 absolute
2415 5059 2615 5132 posset
2638 5056 2796 5114 Deus
2823 5053 2983 5113 nihil
3017 5057 3342 5135 proecipere
3369 5059 3467 5119 vel

1910 5147 2271 5227 prohibere3
2301 5150 2510 5205 tamen
2540 5163 2616 5205 ex
2647 5145 3063 5223 suppositione
3082 5148 3246 5225 quod
3274 5150 3471 5210 voluit

1910 5240 2137 5300 habere
2183 5236 2457 5295 subditos
2495 5236 2733 5297 ratione
2770 5241 3011 5297 utentes
3030 5283 3050 5312 ,
3086 5258 3214 5301 non
3268 5243 3472 5320 potuit

1914 5349 2041 5391 non
2059 5346 2188 5389 essc
2207 5327 2522 5405 legislator
2543 5345 2776 5401 eorum,
2794 5327 3011 5389 saltem
3028 5331 3097 5391 in
3118 5333 3215 5392 his
3238 5351 3373 5411 quae
3392 5333 3472 5394 ad

1911 5423 2302 5483 honestatem
2323 5418 2672 5482 naturalem
2691 5436 2936 5481 morum
2945 5424 3290 5488 necessaria
3303 5429 3469 5488 sunt.
