3976 6219
490 395 612 457 220

490 503 644 564 alias
688 502 1199 582 circumstantias,
1236 524 1372 586 quae
1419 527 1547 569 non
1593 509 1895 571 cadebant
1941 510 2055 570 sub

490 595 690 672 legem
720 594 1020 673 divinam,
1051 617 1163 677 per
1202 601 1548 661 naturalem
1576 617 1590 661 :
1628 609 1691 662 et
1716 602 1819 663 hic
1844 621 2056 664 sensus

491 686 843 748 insinuatur
882 708 920 749 a
960 691 1226 753 Gersone
1260 695 1297 753 3
1340 700 1500 773 part.
1533 695 1728 775 alph.,
1758 695 1879 756 litt.
1912 697 1961 757 G
1995 702 2058 757 et

491 797 619 858 seq.
639 825 660 855 ,
705 780 1072 862 videturque
1109 785 1482 864 probabilis:
1533 806 1679 847 nam
1723 789 1773 848 si
1815 787 1925 849 fiat
1960 789 2056 848 in-

493 870 722 947 ducti0,
751 872 878 934 fere
909 893 1121 936 omnes
1146 877 1314 955 leges
1341 878 1631 940 humanae
1661 881 2058 942 invenientur

492 981 621 1025 oese
649 962 1027 1043 hujusmodi,
1066 969 1221 1029 sicut
1250 972 1316 1030 in
1345 972 1762 1033 ecclesiasticis
1788 973 2051 1052 legibus,

492 1058 641 1136 quia
662 1057 763 1119 lex
790 1059 1002 1121 divina
1027 1063 1303 1141 praecipit
1332 1065 1772 1127 confessionem
1799 1073 1861 1127 et
1888 1086 2054 1128 com-

493 1150 889 1212 munionem:
932 1154 1032 1214 lex
1073 1156 1478 1218 ecclesiastica
1521 1160 1800 1239 praecipit
1836 1167 1905 1221 ut
1943 1159 2056 1221 tali

493 1248 768 1322 tempore
809 1243 940 1307 fiat.
986 1247 1084 1308 Sic
1129 1266 1276 1327 ergo
1314 1249 1380 1309 in
1427 1250 1729 1323 civilibus,
1763 1254 1908 1333 quia
1950 1254 2055 1332 jus

490 1341 730 1397 naturae
759 1339 1035 1419 praecipit
1062 1341 1167 1401 Dei
1195 1341 1454 1418 cultum,
1487 1344 1584 1404 vel
1610 1345 1914 1407 honorare
1948 1365 2056 1426 pa-

490 1434 716 1504 remea,
762 1430 857 1491 vel
900 1451 1142 1494 servare
1182 1436 1533 1514 aequitatem
1576 1437 1643 1497 in
1687 1438 1910 1500 rebus:
1955 1440 2056 1500 lex

492 1518 766 1583 humana
797 1524 1165 1587 determinat
1187 1533 1257 1588 ιιι
1283 1528 1414 1589 haec
1435 1528 1590 1591 fiant
1618 1530 1729 1591 tali
1751 1536 2052 1613 tempore,

493 1615 592 1675 vel
619 1616 727 1676 tali
758 1619 963 1679 modo.
1004 1622 1091 1681 Ea
1134 1640 1278 1683 vero
1310 1641 1447 1703 quae
1490 1630 1732 1685 tantum
1769 1632 1915 1687 sunt
1952 1646 2055 1687 su-

493 1711 975 1787 pererogationis
992 1731 1066 1774 ex
1089 1714 1151 1773 vi
1179 1714 1333 1792 legis
1358 1715 1581 1776 divinoe
1603 1717 1703 1778 vel
1729 1713 2052 1795 naturalis,

493 1817 622 1859 non
648 1809 905 1880 possunt
930 1807 1177 1886 praecipi
1203 1825 1316 1887 per
1356 1808 1560 1887 legem
1600 1810 1869 1888 civilem,
1907 1813 2055 1892 quia

494 1911 624 1954 non
648 1895 957 1974 recipiunt
985 1898 1172 1959 talem
1208 1901 1809 1964 determinationem.

576 1990 675 2049 15.
727 1990 1029 2054 Proediota
1055 1996 1289 2073 requla,
1321 1995 1456 2057 licet
1476 2014 1640 2071 vera,
1677 2016 1795 2059 non
1837 2003 2054 2061 tamem

496 2082 731 2143 omnino
758 2083 1170 2162 satisfaciens.
1200 2122 1278 2133 —
1316 2088 1435 2149 Sed
1482 2088 1627 2150 licet
1678 2089 1809 2150 haec
1837 2092 2054 2170 regula

494 2173 804 2236 ordinarie
826 2194 971 2237 vera
998 2178 1097 2254 sit,
1127 2186 1339 2242 tamen
1366 2199 1490 2242 non
1533 2183 1789 2244 omnino
1816 2184 2056 2245 satisfa-

492 2268 597 2347 cit,
641 2267 787 2345 quia
829 2268 934 2330 illa
974 2274 1163 2335 etiam
1206 2293 1342 2354 quae
1386 2274 1728 2352 generatim
1757 2283 2056 2357 praecepta

491 2371 635 2426 sunt
666 2364 801 2444 lege
845 2366 1056 2428 divina
1099 2368 1198 2429 vel
1244 2369 1516 2431 naturali
1562 2376 1818 2450 possunt
1863 2370 2052 2431 variis

490 2457 692 2518 modis
752 2459 949 2536 magis
1014 2460 1114 2521 vel
1168 2462 1377 2522 minus
1425 2462 1710 2542 perfectis
1762 2462 2054 2524 determi-

491 2551 656 2625 nari,
708 2556 770 2612 et
821 2551 923 2612 lex
970 2552 1248 2614 humana
1291 2573 1418 2615 non
1474 2561 1672 2635 potest
1725 2556 2052 2635 praecipere

491 2660 951 2724 quamcumque
1007 2642 1630 2724 determinationem)
1690 2654 1761 2709 ut
1818 2653 2055 2728 tempe-

489 2737 759 2798 rantiam
808 2756 919 2816 per
968 2740 1277 2817 jejunium
1328 2742 1394 2801 in
1436 2760 1596 2821 pane
1624 2748 1686 2803 et
1725 2760 1910 2821 aqua,
1950 2741 2051 2803 vel

492 2831 643 2910 quid
669 2831 898 2908 simile3
926 2849 1075 2910 ergo
1101 2834 1223 2894 alia
1246 2833 1461 2912 regula
1489 2835 1829 2896 necessaria
1858 2842 1948 2896 est
1969 2835 2048 2896 ad

492 2923 963 2984 discernendum
992 2927 1128 3005 quis
1156 2928 1375 2987 modus
1411 2927 1722 2988 observari
1767 2929 1955 3007 possit
1979 2947 2050 2990 ac

491 3016 710 3077 debeat
737 3018 804 3077 in
847 3018 962 3079 hac
999 3018 1512 3081 determinatione
1556 3019 1711 3099 legis
1754 3020 2052 3081 naturalis

491 3113 600 3168 aut
630 3107 853 3171 divinae
877 3129 893 3172 ι
918 3121 979 3173 et
1000 3119 1294 3192 praeterea
1322 3114 1653 3193 positivum
1679 3120 2051 3194 praeceptum

489 3218 616 3261 non
663 3219 905 3282 semper
939 3210 1029 3265 est
1071 3223 1182 3284 per
1220 3207 1475 3267 modum
1518 3206 2052 3267 determinationis

487 3292 749 3372 alicujus
770 3297 1058 3376 proecepti
1086 3297 1303 3373 divini,
1344 3304 1453 3359 aut
1499 3299 1819 3373 naturaliS,
1850 3299 2053 3359 solum

488 3386 690 3465 quoad
716 3387 1227 3466 circumstantias,
1261 3391 1365 3451 sed
1395 3391 1581 3451 etiam
1619 3391 1823 3469 quoad
1850 3398 2052 3452 totum

489 3483 719 3552 actum,
740 3480 890 3557 quia
914 3481 1016 3540 lex
1049 3481 1324 3541 humana
1351 3500 1475 3541 non
1500 3483 1791 3562 supponit
1812 3501 2054 3564 semper

490 3568 774 3630 naturale
800 3571 900 3631 vel
930 3572 1212 3632 divinum
1254 3580 1624 3652 praeceptum
1672 3574 1837 3635 illius
1881 3583 2051 3637 actus

491 3680 675 3740 quem
705 3662 837 3740 ipsa
867 3665 1165 3743 praecipit,
1195 3665 1296 3725 sed
1322 3665 1400 3724 ad
1424 3684 1737 3727 summum
1761 3670 2053 3748 supponit

491 3753 806 3833 generalia
838 3755 1159 3836 principia,
1194 3763 1264 3817 ut
1296 3757 1520 3819 delicta
1551 3777 1680 3821 esse
1713 3761 2050 3839 punienda,

492 3847 692 3927 pretia
735 3864 944 3907 rerum
973 3846 1193 3910 debere
1235 3867 1365 3911 esse
1398 3852 1588 3929 justa,
1637 3852 1734 3913 vel
1778 3853 2046 3915 similia:

491 3938 592 3999 lex
616 3956 696 3998 au
704 3944 825 3999 tem
841 3939 1130 4017 humana,
1149 3943 1444 4023 prudenti
1465 3944 1722 4006 arbitrio
1725 3992 1745 4022 ,
1764 3946 2052 4007 determi-

490 4038 602 4092 nat
627 4049 823 4110 genus
842 4051 1061 4112 poenoe,
1084 4035 1182 4095 vel
1202 4041 1412 4097 taxam
1428 4039 1634 4117 pretii,
1657 4045 1769 4100 etc.
1795 4040 1923 4100 Hoc
1941 4058 2052 4101 au-

492 4130 618 4184 tem
630 4125 813 4185 modo
827 4127 1027 4187 omnis
1039 4129 1313 4208 operatio
1327 4131 1597 4191 studiosa
1610 4132 1676 4191 in
1696 4132 2051 4211 particulari

492 4218 940 4281 determinatur
952 4238 1063 4299 per
1080 4223 1385 4285 rationem
1401 4228 1461 4284 et
1483 4223 1810 4285 arbitrium
1829 4224 2053 4286 huma-

492 4329 669 4386 num,
687 4318 748 4372 et
765 4318 971 4374 tamen
989 4332 1113 4374 non
1131 4333 1374 4395 semper
1387 4322 1586 4396 potest
1600 4317 1739 4377 talis
1763 4318 2051 4379 determi-

491 4406 663 4467 natio
691 4405 824 4466 fieri
844 4424 955 4486 per
977 4408 1175 4486 legem
1199 4409 1563 4486 humanam,
1587 4410 1732 4472 licet
1753 4411 2053 4472 honestis-

491 4499 645 4560 sime
676 4498 807 4576 fiat,
839 4501 1090 4579 proprio
1126 4500 1404 4577 arbitri0,
1434 4507 1505 4562 ut
1551 4521 1662 4581 per
1690 4521 1753 4564 se
1787 4509 2048 4565 constat.

575 4593 673 4653 16.
717 4593 1059 4653 Dicendum
1099 4594 1292 4672 igitur
1328 4613 1544 4656 censeo
1583 4596 1821 4657 nullam
1863 4597 2052 4658 aliam

492 4686 773 4764 regulam
819 4687 885 4746 in
932 4685 1051 4746 hoc
1090 4687 1393 4766 assignari
1420 4706 1618 4768 posse,
1663 4696 1884 4770 praeter
1913 4709 2051 4753 eam

491 4797 629 4858 quae
663 4797 739 4839 ex
761 4778 1217 4840 conditionibus
1237 4780 1393 4859 legis
1416 4799 1602 4861 supra
1624 4783 1690 4844 in
1721 4801 2053 4846 commune

490 4873 705 4953 positis
735 4873 942 4952 colligi
968 4873 1170 4935 valeat
1213 4895 1228 4934 ε
1274 4875 1596 4952 nimirum,
1633 4876 1810 4936 illum
1843 4883 2053 4938 actum

490 4966 739 5027 virtutis
772 4984 947 5046 posse
992 4984 1123 5027 esse
1174 4967 1498 5028 materiam
1541 4969 1698 5047 legis
1738 4968 2050 5047 humanae,

492 5059 601 5139 qui
632 5060 711 5120 ad
748 5059 985 5120 bonum
1026 5059 1217 5121 finem
1243 5061 1382 5121 talis
1408 5060 1562 5139 legis
1603 5062 1920 5123 moraliter
1945 5080 2056 5126 ne·

494 5153 815 5228 cessarius,
840 5161 903 5214 et
934 5153 1013 5214 ad
1043 5172 1368 5215 commune
1401 5153 1634 5214 bonum
1657 5155 1837 5216 valde
1858 5156 2052 5232 utilis,

494 5251 557 5308 et
585 5246 1014 5307 communitati
1051 5247 1399 5321 hominum,
1439 5266 1777 5328 eorumque
1812 5249 2058 5310 ordina·

493 5340 605 5401 riae
627 5337 908 5399 facultati
929 5341 1424 5402 accommodatus
1446 5342 1525 5403 sit
1548 5363 1560 5405 :
1590 5342 1703 5403 has
1725 5343 1893 5404 enim
1912 5361 2056 5404 con-

495 5432 761 5493 ditiones
787 5432 1054 5492 diximus
1081 5451 1211 5495 esse
1238 5437 1612 5497 necessarias
1638 5437 1716 5497 ad
1741 5436 1967 5515 legem,
1993 5443 2055 5497 et

496 5525 637 5587 ideo
668 5524 748 5589 ab
773 5524 897 5586 illis
924 5525 1113 5586 etiam
1139 5529 1439 5591 sumenda
1476 5535 1569 5590 est
1596 5547 1908 5604 mensura,
1944 5547 2054 5590 seu

1503 406 1617 458 Lm.
1650 407 1734 460 1¹1.
1771 408 1850 459 DE
1883 407 2042 460 LEGE
2075 408 2335 462 numm.
2367 410 2446 462 ET
2479 409 2681 462 cn'lu.

2133 512 2352 592 regula
2369 512 2643 574 materiae
2667 510 2960 571 humanas
2987 526 3058 569 ac
3080 507 3277 569 civilis
3297 508 3469 590 legis,
3504 511 3713 571 [dem-

2136 624 2256 686 que
2284 624 2424 667 cum
2458 604 2850 685 proportione
2877 601 3207 662 dicendum
3247 608 3337 662 est
3372 603 3449 664 de
3487 603 3712 683 prohi-

2135 699 2366 760 bitione
2392 699 2686 760 vitiorum
2719 719 2732 756 :
2771 695 2879 756 illa
2918 695 3087 755 enim
3114 694 3378 756 vetanda
3418 702 3564 756 sunt
3592 714 3715 774 per

2137 792 2381 853 civilem
2440 791 2643 868 legem
2712 806 2850 868 quae
2914 787 3345 848 communitati
3405 787 3711 849 humanas

2136 884 2324 945 noxia
2351 890 2517 960 sunt,
2539 888 2602 943 et
2623 899 2765 942 cum
2795 879 3014 940 morali
3048 879 3314 941 utilitate
3342 880 3710 960 reipublicae

2135 978 2446 1057 prohiberi
2473 977 2708 1058 possint
2734 981 2796 1036 et
2814 974 3044 1054 puniri.
3086 973 3342 1047 Quando
3369 981 3579 1036 autem
3609 976 3709 1035 vi-

2133 1072 2223 1132 tia
2266 1089 2392 1131 non
2422 1076 2566 1131 sunt
2585 1068 2772 1129 noxia
2807 1066 3261 1142 communitati,
3292 1067 3388 1127 vel
3417 1085 3496 1128 cx
3532 1068 3705 1146 rigo-

2134 1182 2274 1224 rosa
2297 1163 2615 1243 punitione
2644 1160 2895 1222 illorum
2923 1160 3160 1237 majora
3182 1157 3349 1218 mala
3369 1159 3700 1235 timentur,

2136 1255 2549 1336 permittenda
2581 1254 2784 1334 potius
2815 1258 2959 1313 sunt
2990 1268 3172 1331 quam
3203 1250 3548 1312 cohibenda
3587 1270 3704 1332 per

2135 1352 2301 1429 leges
2340 1349 2568 1410 civiles.
2599 1348 2983 1427 Quapropter
3006 1346 3072 1405 in
3102 1344 3456 1424 particulari
3482 1346 3561 1407 ad
3586 1364 3703 1425 ap-

2135 1443 2491 1526 plicandam
2520 1442 2683 1503 hanc
2717 1439 2997 1519 regulam
3033 1438 3372 1501 necessaria
3415 1445 3508 1499 est
3551 1458 3704 1519 pru-

2136 1537 2345 1598 dentia
2390 1534 2799 1615 legislatoris:
2834 1551 3037 1612 neque
3086 1531 3321 1612 aquuid
3349 1531 3517 1592 aliud
3566 1551 3703 1593 cer-

2135 1636 2270 1690 tum
2321 1630 2390 1689 in
2433 1628 2551 1690 hoc
2591 1632 2818 1708 puncto
2867 1625 2989 1687 dici
3035 1630 3144 1686 aut
3186 1624 3483 1686 affirmari
3520 1643 3702 1705 posse

2135 1724 2437 1786 existimo.

2218 1820 2314 1878 Π.
2346 1817 2634 1894 Superest
2659 1829 2807 1873 vcro
2839 1809 3165 1872 difficultas
3202 1810 3281 1871 de
3325 1810 3559 1872 actibus
3597 1812 3700 1873 in—

2134 1908 2555 1971 differentibus
2579 1925 2595 1969 t
2619 1924 2765 1967 nam
2785 1924 2859 1966 ex
2882 1904 3059 1966 dictis
3077 1904 3355 1985 sequitur
3372 1923 3498 1965 non
3519 1924 3699 1985 posse

2134 2020 2265 2064 esse
2290 2002 2610 2064 materiam
2627 1999 2781 2078 legis
2797 1997 3110 2072 humanae,
3126 2015 3241 2057 nec
3259 1998 3696 2077 praecipientis,

2132 2114 2247 2156 nec
2295 2094 2581 2155 vetantis.
2613 2092 2891 2152 Primum
2923 2095 3115 2169 patet,
3146 2089 3293 2169 quia
3323 2107 3449 2150 non
3482 2109 3699 2154 omnes

2134 2195 2305 2250 actus
2325 2186 2654 2248 moralium
2675 2187 2973 2244 virtutum
2996 2200 3108 2262 per
3133 2181 3297 2242 hanc
3318 2180 3519 2262 legem
3543 2202 3700 2263 prae-

2135 2282 2258 2362 cipi
2312 2283 2565 2360 possunt
2612 2295 2628 2338 z
2676 2294 2823 2356 ergo
2881 2275 3079 2335 multo
3139 2275 3347 2336 minus
3401 2284 3701 2355 poterunt

2135 2373 2382 2455 praecipi
2409 2376 2581 2432 actus
2609 2369 3049 2444 indifferente8‚
3094 2367 3240 2447 quia
3271 2369 3479 2430 minus
3513 2371 3699 2433 utiles

2133 2472 2278 2527 sunt
2303 2467 2377 2526 ad
2410 2481 2739 2525 commune
2767 2461 3002 2522 bonum
3031 2467 3203 2521 actus
3243 2461 3692 2542 indifferentes,

2133 2577 2318 2640 quam
2349 2564 2522 2619 actus
2547 2555 2696 2617 boni
2723 2561 2786 2616 et
2808 2553 2986 2615 valde
3006 2553 3261 2632 perfecti
3290 2576 3304 2614 ε
3339 2555 3442 2616 sed
3466 2556 3533 2616 hi
3555 2575 3697 2636 pro-

2133 2660 2268 2734 pter
2290 2670 2464 2713 suam
2486 2648 2911 2711 excellentiam
2933 2665 3060 2708 non
3078 2647 3308 2707 cadunt
3329 2647 3445 2708 sub
3472 2649 3695 2710 huma-

2130 2763 2277 2807 nam
2303 2745 2548 2822 legem3
2580 2759 2726 2820 ergo
2769 2739 2863 2800 illi
2900 2744 3147 2820 propter
3167 2758 3341 2801 suam
3387 2741 3690 2803 inutilita-

2127 2846 2259 2900 tem
2285 2856 2408 2898 non
2440 2840 2732 2917 poterunt
2757 2852 2868 2914 per
2894 2833 3095 2912 legem
3123 2833 3367 2896 civilem
3399 2837 3645 2916 praecipi
3660 2853 3683 2915 3

2130 2936 2191 2991 et
2219 2929 2641 3003 confirmatur,
2672 2927 2818 3006 quia
2851 2925 2954 2987 lex
2984 2944 3111 2986 non
3139 2932 3336 3005 potest
3361 2929 3686 3008 praecipere

2130 3029 2202 3084 ut
2229 3023 2331 3083 isti
2372 3027 2544 3082 actus
2586 3019 2761 3096 fiant,
2793 3024 3111 3079 manentes
3133 3019 3226 3095 (ut
3253 3019 3340 3079 sic
3363 3019 3589 3097 dicam)
3620 3020 3688 3080 in

2132 3136 2245 3180 sua
2277 3115 2716 3189 indifferentia,
2745 3114 2893 3193 quia
2918 3114 3002 3173 sic
3033 3118 3235 3173 essent
3264 3112 3410 3173 mali
3434 3114 3501 3174 in
3524 3115 3688 3175 indi-

2132 3209 2344 3286 vidu03
2380 3208 2545 3288 quod
2586 3213 2796 3267 autem
2844 3205 3077 3265 malum
3125 3211 3237 3282 est,
3280 3207 3531 3286 praecipi
3563 3225 3687 3268 non

2133 3308 2363 3382 potest:
2391 3319 2504 3362 nec
2526 3300 2712 3361 etiam
2741 3304 2940 3378 potest
2961 3298 3063 3359 lex
3088 3299 3418 3377 praecipere
3448 3304 3519 3359 ut
3537 3298 3690 3360 fiant

2131 3401 2381 3476 propter
2401 3394 2670 3473 aliquem
2690 3392 2878 3453 finem
2899 3393 3313 3452 extrinsecum
3334 3391 3687 3471 honestum;

2130 3506 2280 3549 narn
2299 3487 2442 3548 finis
2457 3485 2829 3565 operationis
2845 3502 2972 3545 non
2998 3483 3159 3544 cadit
3179 3483 3294 3544 sub
3316 3491 3690 3565 praeceptum

2131 3580 2503 3655 humanum,
2528 3579 2633 3640 sed
2657 3584 2897 3639 tantum
2922 3577 3196 3656 operatio
3226 3578 3380 3657 ipsa,
3409 3584 3480 3638 ut
3508 3579 3689 3657 paulo

2131 3681 2268 3754 post
2295 3674 2586 3735 dicemus.
2636 3672 2985 3734 Secundum
3018 3689 3163 3732 vero
3209 3672 3284 3732 de
3318 3671 3457 3750 lege
3486 3673 3690 3752 prohi-

2131 3765 2313 3827 bente
2369 3771 2559 3846 patet,
2609 3765 2754 3845 quia
2802 3771 2930 3825 no‘n
2980 3769 3177 3843 potest
3222 3763 3537 3843 prohiberi
3575 3765 3691 3824 nisi

2131 3859 2365 3918 malum
2399 3875 2415 3918 ε
2448 3857 2515 3918 ἰιι
2541 3856 2640 3917 his
2686 3861 2896 3917 autem
2928 3855 3162 3916 actibus
3196 3855 3691 3917 indifferentibus

2130 3949 2231 4011 vel
2258 3950 2432 4010 nulla
2467 3954 2560 4010 est
2591 3949 2851 4024 malitia,
2880 3947 2980 4009 vel
3024 3948 3076 4008 si
3126 3948 3191 4008 in
3225 3947 3545 4008 individuo
3578 3948 3690 4008 ali*-

2130 4062 2320 4124 quam
2338 4043 2570 4104 habent
2591 4048 2659 4102 ut
2679 4041 3102 4102 indifferentes
3127 4045 3267 4101 sunt
3288 4045 3348 4100 et
3369 4039 3553 4114 fiunt,
3578 4039 3687 4100 illa

2132 4143 2224 4198 est
2250 4136 2514 4197 minima
2541 4153 2679 4214 quae
2713 4152 2838 4194 non
2889 4138 3089 4214 potest
3127 4130 3432 4213 prohiberi
3459 4149 3569 4210 per
3600 4132 3687 4194 le-

2132 4247 2275 4308 gem
2304 4229 2666 4302 humanam,
2704 4245 2845 4287 cum
2876 4226 3115 4287 dictum
3139 4225 3219 4285 sit
3255 4242 3379 4286 non
3401 4243 3576 4304 posse
3601 4224 3690 4286 le-

2132 4341 2273 4401 gem
2322 4322 2663 4382 humanam
2711 4319 3038 4401 prohibere
3065 4337 3316 4380 omnem
3365 4318 3686 4380 malitiam.

2132 4416 2522 4494 Consequens
2555 4419 2766 4474 autem
2818 4413 3068 4475 videtur
3093 4431 3223 4473 esse
3267 4417 3483 4472 contra
3511 4430 3691 4472 usum

2128 4507 2340 4586 legum
2371 4506 2811 4582 humanarum,
2854 4523 2993 4586 quae
3029 4504 3225 4566 multa
3278 4504 3693 4566 indifferentia

2131 4604 2344 4661 vetant
2402 4598 2501 4659 vel
2552 4598 2936 4678 praecipiunt.
2992 4596 3165 4671 Quod
3214 4596 3461 4658 videtur
3507 4603 3691 4659 ettam

2132 4708 2477 4773 supponere
2498 4689 2852 4751 Aristoteles
2884 4690 2948 4750 in
2979 4689 3388 4768 descriptione
3415 4689 3571 4769 justi
3607 4688 3693 4750 le-

2133 4784 2290 4864 galis
2340 4802 2526 4864 supra
2560 4783 2773 4844 relata.
2831 4785 2985 4844 Item
3027 4782 3146 4843 hac
3189 4782 3431 4843 ratione
3481 4782 3693 4843 dicunt

2134 4877 2405 4955 theologi
2434 4875 2717 4957 quaedam
2768 4893 2898 4936 esse
2946 4874 3132 4951 mala,
3186 4875 3337 4955 quia
3382 4873 3694 4954 prohibita

2135 4988 2245 5048 per
2289 4969 2494 5047 legem
2519 4969 2886 5042 humanam,
2916 4985 3054 5047 quae
3100 4984 3213 5047 per
3256 4985 3320 5028 se
3369 4967 3520 5027 talia
3567 4985 3693 5028 non

2135 5067 2351 5139 erant3
2378 5061 2571 5140 igitur
2611 5067 2755 5122 ante
2782 5061 2986 5139 legem
3013 5065 3192 5122 erant
3235 5058 3689 5121 indifferentia:

2135 5174 2283 5216 nam
2307 5155 2359 5215 si
2378 5154 2635 5215 fuissent
2658 5154 2840 5228 bona,
2865 5172 2993 5215 non
3011 5154 3358 5234 potuissent
3374 5152 3508 5213 fieri
3532 5153 3696 5214 mala

2135 5268 2245 5330 per
2275 5251 2477 5329 legem
2505 5267 2522 5311 t
2555 5255 2617 5310 et
2653 5249 2870 5311 eadem
2900 5251 3140 5311 ratione
3184 5247 3469 5328 quaedam
3513 5254 3698 5309 erunt

2133 5342 2297 5404 bona
2334 5343 2480 5422 quia
2524 5348 2828 5422 praecepta
2867 5363 2882 5402 τ
2929 5360 3077 5421 ergo
3125 5350 3271 5403 ante
3318 5345 3695 5420 praeceptum

2134 5455 2260 5497 non
2295 5442 2439 5496 sunt
2465 5436 2650 5512 bona,
2683 5448 2866 5496 erunt
2894 5454 3041 5514 crgo
3074 5434 3515 5510 indifferentia,
3550 5433 3698 5514 qnia

2133 5529 2469 5591 sifuissent
2496 5529 2662 5591 mala
2687 5527 2934 5610 praecipi
2969 5547 3092 5590 non
3127 5528 3492 5608 potuissent:
