3976 6219
947 381 1083 434 CAP.
1117 382 1289 434 xvm.
1327 383 1407 434 DE
1439 385 1725 440 'tl-:monn
1758 386 1822 437 IN
1853 384 1975 448 QUO
2007 384 2131 435 LEX
2164 384 2388 435 INCIPIT
2421 383 2744 445 onLchRE,
2779 383 2916 435 ETC.

317 486 547 550 referre
596 484 675 546 ad
720 489 968 565 tempus
1020 491 1157 564 post
1202 487 1575 566 completum
1616 488 1884 568 spatium

318 581 585 642 duorum
614 579 947 652 mensium,
983 578 1129 656 quia
1156 583 1247 639 est
1276 579 1673 641 favorabilior
1699 597 1885 660 expo-

317 674 459 735 sitio
487 679 549 734 et
573 678 665 733 est
701 689 973 733 consona
1018 671 1146 750 juri
1186 674 1525 749 communi,
1571 675 1881 754 evitatque

317 768 784 844 derogationem
815 764 1004 824 illius.
1051 764 1463 826 Nihilominus
1496 772 1707 827 tamen
1738 785 1880 846 pro-

315 860 584 921 babilius
625 865 717 919 est
754 857 922 934 leges
965 857 1051 917 sic
1090 858 1406 936 loquentes
1434 858 1727 938 derogare
1748 858 1880 938 juri

316 953 657 1028 communi,
683 957 747 1012 et
773 950 982 1011 statim
1010 950 1308 1029 obligare,
1327 958 1397 1011 ut
1414 952 1603 1013 verba
1630 956 1876 1026 sonant,

315 1047 465 1126 quia
490 1046 569 1105 ad
602 1045 718 1105 hoc
750 1048 1070 1123 ponuntur
1083 1059 1104 1120 ;
1144 1043 1297 1104 alias
1319 1044 1630 1124 superflua
1656 1050 1800 1106 sunt
1818 1050 1880 1105 et

314 1139 560 1200 nullum
613 1137 848 1198 habent
889 1136 1200 1212 effectum,
1248 1139 1394 1217 quia
1443 1139 1576 1200 sine
1622 1139 1745 1199 illis
1778 1138 1881 1198 lex

314 1231 619 1310 obligaret
646 1240 783 1310 post
814 1230 967 1290 duos
984 1247 1225 1292 menses
1246 1231 1476 1306 statim,
1499 1238 1563 1292 et
1588 1231 1721 1291 sine
1752 1248 1883 1291 mo-

313 1342 406 1386 ra.
441 1325 612 1397 Quod
636 1330 769 1385 erat
795 1330 927 1384 tam
955 1323 1379 1400 manifestum,
1411 1329 1483 1385 ut
1512 1343 1640 1385 non
1672 1325 1753 1385 sit
1778 1342 1879 1385 ve-

314 1418 573 1478 risimile
622 1418 766 1477 addi
815 1417 950 1476 illas
998 1416 1329 1495 particulas
1383 1424 1631 1496 propter
1681 1417 1876 1479 solam

315 1512 618 1590 majorem
666 1510 1164 1586 declarationem,
1196 1516 1259 1571 et
1294 1511 1433 1572 ideo
1486 1512 1733 1590 quando
1764 1513 1878 1573 ad-

318 1603 575 1678 duntur,
608 1604 740 1663 sine
759 1602 946 1662 dubio
969 1602 1031 1662 id
1050 1601 1121 1662 fit
1144 1603 1222 1662 ad
1249 1603 1703 1665 accelerandam
1723 1604 1875 1665 obli-

318 1694 655 1772 gationem.
705 1694 961 1767 Quando
988 1712 1130 1756 vero
1157 1696 1257 1756 lex
1287 1695 1646 1775 simpliciter
1678 1698 1876 1778 loqui-

317 1792 443 1862 tur,
489 1786 792 1866 generalis
835 1788 1052 1867 regula
1091 1788 1356 1850 duorum
1401 1791 1709 1851 mensium
1750 1810 1877 1853 ser-

314 1881 519 1941 vanda
544 1888 655 1942 est.

394 1974 453 2033 4.
480 1974 599 2034 Sed
617 1976 766 2053 quid
790 1976 843 2037 si
864 1983 1008 2038 ante
1030 1977 1322 2039 bimestre
1341 1983 1583 2058 tempus
1602 1977 1877 2059 elapsum

311 2063 506 2143 aliqui
530 2067 730 2129 sciant
769 2069 974 2147 legem
1006 2089 1136 2131 esse
1166 2072 1231 2131 in
1268 2072 1440 2132 curia
1465 2071 1873 2151 imperatoris,

309 2158 408 2219 vel
459 2158 528 2219 in
592 2162 920 2241 metropoli
966 2163 1324 2225 solemniter
1377 2166 1877 2245 promulgatam?

309 2251 520 2331 Aliqui
544 2253 760 2314 dicunt
778 2254 915 2316 illos
942 2255 1203 2333 obhgari
1227 2257 1387 2336 lege,
1414 2265 1478 2318 et
1508 2259 1668 2320 male
1694 2277 1875 2337 agere

310 2344 483 2406 illam
516 2364 643 2407 11011
671 2348 998 2423 servandO,
1043 2348 1191 2410 licet
1235 2368 1349 2428 per
1377 2351 1483 2431 jus
1523 2353 1701 2414 civile
1747 2373 1875 2415 non

312 2439 671 2518 puniantur.
698 2442 789 2502 lta
800 2442 987 2502 sentit
1002 2443 1228 2504 Bartol.
1252 2444 1318 2503 in
1338 2443 1380 2504 l.
1409 2444 1621 2508 Omnes
1638 2448 1871 2525 populi,

314 2530 391 2592 de
414 2533 619 2593 Justit.
654 2540 715 2594 et
730 2535 859 2613 jur.
868 2579 889 2609 ,
913 2553 973 2613 q.
1009 2537 1071 2609 5,
1096 2554 1163 2595 11.
1209 2537 1285 2596 37
1315 2559 1331 2610 ;
1360 2543 1422 2596 et
1450 2536 1680 2597 ibidem
1698 2537 1871 2599 Bald.

311 2629 375 2684 et
396 2624 521 2685 inl.
543 2627 747 2706 Leyes,
771 2629 835 2689 C.
853 2628 929 2688 de
947 2626 1069 2707 leg.
1095 2630 1249 2690 Item
1268 2629 1437 2690 Bald.
1465 2630 1674 2691 Perusi
1686 2636 1866 2691 tract.

308 2717 385 2778 de
413 2718 663 2795 Statut.,
694 2720 731 2800 5
761 2722 1153 2800 Iynorantia,
1183 2742 1248 2783 11.
1280 2725 1355 2800 2;
1393 2724 1649 2802 Sylvest.
1693 2725 1867 2788 verb.

307 2811 455 2885 Lete,
485 2829 545 2891 q.
580 2813 641 2888 6,
676 2813 839 2874 dicto
867 2816 927 2888 3,
963 2815 1031 2874 in
1053 2814 1179 2876 fine
1205 2832 1225 2893 3
1258 2816 1506 2894 Augei„
1529 2835 1594 2878 n.
1630 2819 1870 2880 12.Nec

308 2903 590 2965 dissentit
635 2907 782 2967 Soto
822 2907 985 2967 dicto
1030 2913 1148 2969 art.
1179 2910 1264 2983 4;
1313 2917 1372 2969 81
1399 2910 1565 2969 idem
1596 2911 1873 2974 sentiunt

307 2997 493 3059 multi
523 2999 843 3078 loquentes
868 3000 945 3060 de
971 3000 1388 3062 ecclesiasticis
1420 3001 1683 3079 legibuS,
1725 3004 1874 3082 quia

308 3092 512 3171 major
537 3093 696 3153 ratio
740 3098 833 3154 est
859 3092 934 3155 de
961 3093 1261 3154 civilibus.
1292 3095 1382 3155 Ita
1404 3093 1613 3156 Glossa
1636 3095 1705 3155 in
1745 3115 1798 3157 0.
1837 3100 1874 3159 2

308 3185 387 3245 de
417 3184 621 3246 Rebus
669 3185 947 3248 Ecclesiae
967 3205 1095 3247 non
1130 3187 1442 3248 alienand.
1478 3188 1543 3248 in
1587 3190 1648 3264 6,
1698 3190 1868 3251 verb.

307 3277 644 3353 Hactenus,
683 3296 873 3357 quam
894 3281 1307 3342 communiter
1328 3286 1670 3360 sequuntur
1695 3300 1875 3343 cano-

308 3369 488 3430 nistae
515 3370 582 3430 in
604 3371 778 3432 rubr.
806 3378 868 3433 et
886 3373 952 3433 in
975 3391 1112 3451 cap.
1143 3374 1183 3432 2
1211 3373 1287 3434 de
1315 3373 1592 3449 Constit.,
1626 3374 1733 3434 ubi
1763 3376 1874 3436 Pa-

307 3463 591 3540 normit.,
619 3482 794 3525 num.
830 3468 891 3540 7,
922 3466 1301 3544 conjecturas
1337 3471 1400 3527 et
1419 3468 1566 3545 jura
1596 3466 1867 3529 adducit.

309 3557 538 3632 Primo,
577 3558 725 3637 quia
763 3557 992 3618 frustra
1036 3563 1392 3638 expectatur
1417 3566 1671 3621 eventus
1698 3563 1872 3640 cujus

309 3648 522 3709 nullus
562 3656 653 3711 est
695 3651 966 3727 effectus,
1023 3670 1158 3732 cap.
1214 3651 1366 3714 Cum
1419 3654 1748 3732 eontinyat,
1797 3654 1873 3715 de

310 3741 522 3803 Officio
552 3742 751 3822 deleg.
792 3745 1092 3821 Secundo,
1142 3745 1312 3824 quia,
1363 3750 1437 3806 ut
1474 3745 1576 3805 lex
1616 3746 1867 3825 obliget,

312 3835 535 3896 sufficit
579 3855 707 3899 esse
739 3837 1093 3900 solemniter
1129 3838 1360 3899 editam
1406 3856 1478 3898 ac
1520 3839 1873 3919 promulga-

309 3933 463 4006 tam,
495 3947 629 4009 cap.
662 3933 693 3990 1
727 3930 803 3991 de
845 3931 1073 3991 Postul.
1106 3931 1339 4011 proelat.
1377 3932 1608 4007 Tertio,
1630 3949 1706 3992 ex
1730 3950 1864 4011 cap.

316 4020 467 4085 Cum
492 4023 763 4102 sinynla,
788 4023 865 4084 de
896 4024 1214 4085 Praebend.
1251 4024 1317 4084 in
1348 4029 1409 4100 6,
1425 4026 1642 4103 juncta
1663 4025 1874 4086 Glossa

310 4112 399 4174 ibi
420 4114 607 4176 verbo
635 4117 1002 4179 Pervenerit.
1030 4117 1280 4193 Quarto,
1305 4117 1475 4196 quia,
1495 4118 1672 4196 juxta
1694 4135 1874 4196 regu-

310 4208 436 4271 lam
459 4211 577 4285 Qui
596 4217 812 4288 certus,
835 4211 910 4272 de
936 4212 1088 4289 Reg.
1117 4212 1245 4290 jur.
1275 4212 1343 4272 in
1364 4214 1426 4287 6,
1453 4230 1595 4272 811111
1619 4213 1726 4292 qui
1748 4231 1873 4273 cer-

309 4307 414 4364 tus
439 4310 531 4364 est
556 4321 686 4365 non
732 4311 824 4366 est
863 4322 1109 4366 necesse
1147 4305 1473 4367 certiorem
1511 4304 1683 4383 fieri3
1722 4323 1872 4385 ergo

311 4396 617 4472 similiter,
650 4405 768 4460 etc.

393 4491 451 4550 5.
498 4489 880 4553 Probabilius
924 4497 1133 4553 autem
1164 4496 1276 4567 aet,
1304 4491 1615 4571 supposita
1641 4493 1873 4554 consti—

307 4583 549 4644 tutione
577 4583 962 4645 Authenticae
1000 4587 1081 4648 Ut
1111 4587 1294 4659 factoe
1318 4603 1481 4646 πονιτ
1502 4587 1875 4649 constitutio-

306 4693 411 4739 nes
430 4721 451 4751 ,
502 4682 565 4736 et
595 4677 871 4755 generali
906 4679 1039 4758 ejus
1072 4678 1579 4756 interpretatione
1606 4725 1626 4755 ,
1670 4679 1872 4758 legem

307 4768 700 4848 imperatoris
715 4772 1029 4832 neminem
1046 4771 1320 4850 obligare
1334 4771 1496 4832 infra
1516 4772 1668 4833 duos
1697 4790 1872 4835 men-

308 4879 404 4923 ses
428 4881 468 4922 8
506 4863 943 4942 publicatione,
975 4866 1102 4925 sive
1129 4864 1417 4926 notitiam
1443 4866 1712 4927 habeant
1735 4885 1873 4946 pro-

308 4954 710 5034 mulgationis
729 4958 886 5036 ejuS,
923 4959 1050 5020 sive
1085 4976 1233 5019 non.
1265 4959 1357 5018 Ita
1382 4963 1552 5019 tenet
1586 4961 1867 5021 Turrecr.

306 5047 428 5128 in§
448 5049 722 5127 Leyes,d.
740 5052 801 5125 4,
824 5070 888 5111 11.
910 5053 973 5124 4,
992 5069 1130 5111 811111
1143 5051 1372 5125 Α111011,
1404 5069 1458 5113 8.
1494 5054 1531 5112 2
1548 5052 1623 5112 de
1633 5054 1866 5130 const„

309 5141 419 5203 ubi
442 5141 609 5201 idem
636 5147 803 5203 tenet
826 5145 1062 5218 Decius,
1095 5149 1159 5204 et
1184 5144 1253 5203 111
1293 5161 1427 5223 cap.
1462 5146 1494 5204 1
1528 5144 1604 5205 de
1638 5146 1864 5206 Postul.

309 5236 578 5315 praelat„
614 5255 680 5296 11.
715 5239 834 5315 19;
868 5239 1088 5299 Navar.
1114 5239 1181 5297 in
1207 5256 1452 5299 summa
1478 5257 1527 5300 c.
1549 5240 1648 5314 23,
1669 5259 1734 5301 11.
1765 5243 1866 5317 44,

308 5335 372 5388 et
393 5329 559 5389 dicto
593 5348 757 5392 cons,
808 5334 836 5390 1
872 5331 949 5391 de
972 5331 1249 5406 constit„
1286 5349 1348 5409 q.
1381 5333 1444 5407 4,
1474 5350 1541 5391 11.
1571 5334 1667 5393 17.
1702 5334 1868 5394 Idem

308 5428 482 5484 tenet
506 5422 798 5484 valencia
816 5425 855 5484 2
881 5429 1060 5500 tom.,
1083 5424 1145 5483 d.
1182 5424 1243 5500 ’1,
1269 5443 1331 5503 q.
1364 5425 1425 5496 5,
1450 5443 1510 5504 p.
1542 5425 1767 5500 5,duh.
1792 5430 1871 5507 33

311 5521 374 5581 81
394 5516 586 5580 sentit
618 5516 846 5602 Medin.
878 5536 941 5601 q.
964 5520 1066 5596 90,
1096 5535 1156 5581 8.
1185 5521 1263 5597 4;
1293 5536 1407 5583 1180
1431 5518 1709 5584 dissentit
1740 5524 1867 5588 Sot.

3404 379 3526 439 247

1960 504 2169 566 supra,
2198 486 2305 547 sed
2337 485 2452 547 sub
2477 485 2869 546 distinctione
2895 482 3204 563 loquitur3
3233 500 3361 543 non
3388 489 3523 546 erat

1959 585 2172 640 tamen
2202 580 2561 654 necessaria,
2598 579 2745 657 quia
2780 577 3151 640 Authentica
3188 576 3333 637 satis
3360 576 3521 639 clare

1960 671 2253 750 loquitur.
2281 671 2780 732 Fundamentum
2833 687 2979 748 ergo
3020 674 3134 744 est,
3184 668 3331 746 quia
3371 669 3524 731 illud

1963 770 2209 844 tempus
2241 765 2506 825 duorum
2553 765 2863 826 mensium
2907 780 3035 823 non
3071 761 3417 839 assignatur
3446 762 3525 823 ab

1963 858 2333 936 imperatore
2360 858 2560 919 solum
2586 876 2700 936 pro
2730 858 2863 918 foro
2893 862 3149 917 externo
3178 857 3271 932 (ut
3296 855 3525 917 scilicet

1959 969 2073 1031 pro
2100 950 2223 1010 11113
2245 950 2484 1010 duobus
2503 950 2815 1010 mensibus
2838 949 3224 1023 admittatur,
3253 947 3350 1007 vel
3371 967 3525 1026 prae-

1960 1049 2243 1103 sumatur
2264 1043 2615 1122 ignorantia
2640 1042 2830 1120 legis;
2863 1059 2991 1101 non
3011 1058 3160 1100 vero
3187 1040 3352 1101 ultra
3386 1041 3523 1102 illos

1960 1138 2226 1213 menses)
2255 1151 2271 1195 z
2302 1137 2406 1196 sed
2434 1135 2688 1217 ponitur
2710 1134 2789 1194 ad
2827 1133 3319 1212 suspendendam
3360 1134 3524 1193 obli-

1961 1229 2277 1307 gationem
2297 1228 2473 1305 legis,
2504 1233 2575 1289 ut
2612 1232 2757 1287 ante
2785 1225 3162 1304 completum
3189 1226 3343 1286 illud
3368 1231 3524 1286 tem-

1962 1340 2079 1401 pus
2110 1339 2237 1382 non
2277 1322 2578 1383 habeatur
2603 1327 2898 1399 tanquam
2930 1318 3304 1380 sufficienter
3329 1319 3526 1379 sanci-

1963 1422 2068 1493 ta3
2096 1433 2243 1495 ergo
2266 1415 2429 1476 intra
2455 1415 2608 1476 illud
2628 1421 2870 1494 tempus
2898 1432 3025 1474 11011
3063 1412 3297 1491 obligat
3331 1413 3526 1473 scien-

1960 1514 2073 1569 tes.
2103 1509 2273 1568 Patet
2305 1508 2764 1587 consequentia,
2798 1506 2946 1584 quia
2975 1505 3077 1565 lex
3104 1522 3230 1565 11011
3262 1504 3520 1582 obligat,

1957 1607 2294 1680 antequam
2321 1601 2402 1663 sit
2428 1601 2685 1675 sancita,
2720 1606 2781 1661 et
2799 1598 3195 1677 alegislatore
3216 1598 3527 1678 proposita

1957 1693 2033 1755 ad
2064 1694 2254 1755 talem
2282 1694 2587 1755 effectum.
2622 1693 3006 1755 Antecedens
3028 1698 3236 1753 autem
3255 1697 3425 1772 patet
3445 1709 3525 1751 ex

1954 1786 2162 1847 verbis
2189 1787 2616 1848 Autbenticae:
2659 1788 2740 1850 Ut
2785 1790 2981 1848 antem
3022 1786 3214 1846 adnue
3251 1785 3523 1862 apertius

1957 1900 2141 1945 causa
2170 1883 2523 1956 declaretur,
2574 1883 2901 1957 sancimus,
2939 1880 2998 1942 si
3045 1880 3277 1958 scripta
3325 1879 3520 1954 suerit

1956 1975 2304 2054 hujusmodi
2331 1977 2446 2052 len,
2482 1977 2634 2038 Itane
2647 1979 2786 2054 post
2815 1976 2960 2036 duos
2984 1991 3209 2036 menses
3236 1972 3366 2034 dati
3390 1972 3522 2051 ejus

1956 2069 2242 2146 temporis
2262 2069 2477 2131 valere.
2509 2069 2665 2130 Nam
2691 2067 2952 2129 verbum
2996 2067 3190 2128 valere
3226 2065 3400 2125 nulla
3423 2082 3520 2125 ra-

1955 2161 2127 2221 tione
2156 2161 2427 2221 admittit
2458 2162 2920 2223 distinctionem
2952 2159 3104 2234 Soti,
3132 2158 3384 2232 scilicet,
3413 2176 3518 2218 va-

1956 2254 2086 2315 lere
2114 2255 2181 2316 111
2207 2274 2295 2332 38,
2337 2256 2435 2318 vel
2468 2257 2673 2317 valere
2707 2258 2775 2316 in
2795 2255 3054 2335 judicio,
3096 2258 3206 2313 aut
3224 2271 3517 2331 1118138111-

1955 2349 2166 2427 ptione
2214 2349 2609 2428 reipublicae:
2674 2367 2822 2411 nam
2875 2347 3153 2408 absolute
3207 2346 3517 2425 prolatum

1954 2447 2163 2519 aperte
2190 2442 2457 2502 refertur
2482 2442 2562 2502 ad
2591 2441 2972 2503 validitatem
3001 2446 3212 2517 actus3
3240 2458 3389 2518 ergo
3438 2457 3516 2500 ex

1953 2534 2298 2595 intentione
2345 2535 2501 2612 legis
2536 2541 2681 2595 ante
2710 2534 2862 2595 illud
2892 2539 3134 2612 tempus
3169 2552 3296 2593 non
3329 2532 3516 2609 valet,

1953 2626 2018 2686 id
2042 2633 2154 2701 est,
2186 2644 2314 2687 11011
2342 2625 2529 2687 habet
2557 2628 2685 2687 vim
2719 2632 2781 2687 et
2807 2626 3137 2687 efficaciam
3158 2624 3341 2703 legis;
3368 2641 3516 2702 ergo

1953 2719 2230 2797 obligare
2258 2738 2384 2780 non
2414 2726 2634 2799 potest,
2666 2739 2792 2780 non
2820 2719 3021 2780 solum
3069 2722 3308 2782 ratione
3341 2721 3518 2798 igno-

1952 2813 2194 2888 rantiae,
2215 2812 2323 2873 sed
2349 2814 2587 2873 ratione
2615 2830 2742 2887 suae
2762 2811 3153 2886 conditionis,
3185 2813 3334 2891 quia
3360 2831 3516 2874 non-

1952 2905 2104 2966 dum
2132 2905 2396 2984 perfecte
2418 2906 2749 2967 constituta
2775 2912 2890 2981 est,
2926 2906 3092 2984 quod
3109 2906 3366 2968 inferius
3382 2925 3512 2968 ma-

1953 2999 2048 3076 gis
2075 3000 2372 3077 expressit
2397 2999 2732 3079 imperator
2758 2998 2990 3059 addens
3029 2999 3367 3076 sufficienti
3409 3003 3517 3065 hoe

1952 3095 2208 3170 tempore
2230 3092 2498 3153 omnibns
2522 3092 2910 3167 manifestam
2943 3109 3071 3153 eam
3119 3092 3472 3156 constituere
3490 3119 3514 3154 .-

1954 3189 2139 3244 antea
2160 3184 2328 3244 enim
2352 3202 2478 3243 non
2510 3189 2792 3245 censetur
2818 3184 3195 3244 sufficienter
3220 3185 3511 3246 manifes-

1950 3281 2084 3336 tata
2105 3322 2126 3352 ,
2187 3295 2295 3338 seu
2337 3277 2726 3356 promulgata
2745 3321 2766 3351 ,
2805 3281 2869 3337 81
2912 3283 3354 3356 consequenter
3395 3295 3513 3340 nec

1949 3370 2218 3450 perfecte
2245 3371 2595 3431 constituta.

2030 3464 2091 3523 6.
2137 3462 2569 3539 Confirmatur,
2601 3464 2749 3543 quia
2778 3463 2830 3523 si
2869 3463 2937 3522 in
2973 3461 3330 3542 particulari
3373 3464 3512 3542 lege

1949 3556 2179 3618 diceret
2204 3556 2554 3634 legislator:
2584 3558 2878 3619 Nolumus
2900 3558 3105 3636 legem
3128 3559 3288 3619 hanc
3307 3558 3513 3623 valere

1948 3668 2141 3729 usque
2185 3649 2262 3710 ad
2304 3650 2428 3712 tale
2475 3656 2738 3730 tempus,
2787 3658 2950 3713 certe
2995 3657 3141 3712 81118
3186 3652 3341 3713 illud
3383 3673 3512 3716 non

1949 3743 2253 3821 obligaret
2272 3745 2530 3805 scientes
2541 3760 2561 3822 3
2589 3751 2653 3805 et
2673 3746 2725 3805 si
2751 3746 2890 3824 quis
2910 3752 3160 3807 voveret
3186 3745 3514 3809 intendens

1949 3844 2022 3898 ut
2063 3855 2245 3897 suum
2288 3827 2502 3899 votum
2536 3857 2662 3899 non
2699 3838 2931 3900 valeret
2967 3858 3162 3919 usque
3208 3841 3284 3900 ad
3325 3842 3512 3902 talem

1950 3932 2140 4007 diem,
2183 3951 2311 3993 non
2343 3932 2655 4010 obligatur
2680 3938 2903 4010 antea;
2942 3933 3109 3993 idem
3147 3952 3295 4013 ergo
3316 3942 3408 3996 est
3447 3936 3514 3996 in

1948 4023 2153 4085 verbis
2176 4024 2297 4084 illis
2312 4025 2472 4104 juris
2495 4025 2875 4086 communis:
2903 4042 3050 4085 nam
3073 4044 3150 4086 ex
3173 4027 3236 4086 vi
3263 4027 3514 4088 illorum

1952 4117 2370 4195 promulgatio
2394 4117 2550 4194 legis
2567 4123 2695 4177 tota
2722 4117 2989 4178 refertur
3014 4117 3094 4178 ad
3118 4123 3359 4198 tempus
3376 4126 3514 4199 post

1951 4210 2107 4270 duos
2139 4226 2401 4284 menses,
2442 4214 2504 4269 et
2537 4209 2616 4269 ad
2655 4209 2773 4270 hoc
2815 4209 3017 4270 solum
3057 4212 3511 4291 promulgatur,

1951 4308 2022 4363 ut
2047 4308 2186 4381 post
2206 4303 2361 4363 duos
2384 4321 2625 4364 menses
2652 4302 2930 4382 obligare
2961 4304 3236 4381 incipiat.
3265 4307 3342 4366 Et
3369 4324 3515 4367 con·

1952 4395 2238 4458 firmatur
2265 4397 2539 4473 tandem,
2569 4397 2718 4477 quia
2752 4396 2903 4458 alias
2931 4396 3060 4457 fere
3089 4397 3317 4459 nullius
3351 4399 3514 4461 fruc-

1952 4496 2054 4553 tus
2093 4491 2310 4552 fuisset
2348 4491 2502 4552 illud
2542 4492 2875 4566 indultum,
2904 4492 3051 4570 quia
3079 4491 3132 4551 si
3170 4492 3336 4553 intra
3362 4494 3516 4554 duos

1954 4604 2195 4647 menses
2227 4584 2330 4646 lex
2355 4585 2591 4665 obligat
2617 4586 2896 4658 scienteS,
2939 4590 3002 4646 et
3036 4591 3175 4665 post
3213 4586 3350 4647 illos
3386 4605 3516 4648 non

1953 4680 2189 4760 obligat
2215 4680 2595 4758 ignorantes,
2635 4679 2785 4759 quid
2814 4679 3091 4740 concedit
3117 4679 3224 4741 illa
3250 4679 3387 4741 lex?
3413 4682 3515 4741 Di-

1952 4793 2075 4850 ces,
2098 4774 2559 4835 immunitatem
2581 4773 2649 4833 in
2675 4773 2910 4851 judicio
2938 4774 3318 4835 contentioso
3323 4819 3342 4850 ,
3368 4792 3515 4853 pro—

1952 4873 2090 4947 pter
2108 4873 2545 4947 praesumptam
2569 4884 2646 4926 ex
2663 4866 2727 4926 vi
2745 4866 2910 4928 illius
2920 4868 3080 4946 juris
3098 4868 3516 4947 ignorantiam

1953 4978 2066 5040 pro
2088 4960 2195 5021 illo
2218 4966 2513 5040 tempore.
2539 4959 2657 5020 Sed
2686 4965 2847 5021 certe
2874 4960 2991 5021 hoc
3014 4961 3190 5040 parvi
3213 4962 3514 5021 momenti

1952 5058 2113 5113 esset
2155 5053 2209 5112 si
2254 5053 2626 5114 conscientia
2657 5059 2938 5114 maneret
2979 5053 3192 5131 ligata,
3237 5061 3299 5114 et
3341 5061 3513 5116 actus

1950 5148 2204 5207 fortasse
2243 5146 2489 5207 nullus:
2535 5147 2969 5224 immeritoque
3004 5146 3092 5206 ita
3120 5148 3516 5226 restringitur

1952 5240 2052 5301 lex
2080 5258 2214 5319 quoe
2241 5239 2517 5300 absolute
2536 5239 2813 5317 loquitur
2845 5244 2908 5300 et
2940 5238 3215 5300 favorem
3241 5240 3480 5303 inducit
3490 5265 3510 5317 3

1954 5335 2292 5412 praesertim
2331 5334 2477 5413 quia
2502 5334 2601 5394 lex
2639 5334 2859 5410 civiliS,
2888 5334 3029 5395 licet
3054 5334 3368 5397 interdum
3408 5354 3516 5397 va-

1950 5429 2077 5489 leat
2115 5428 2182 5489 in
2222 5427 2362 5506 foro
2397 5434 2652 5488 externo
2692 5432 2756 5488 et
2795 5445 2922 5488 non
2948 5430 3018 5490 in
3054 5429 3324 5504 intern0,
3365 5429 3513 5508 quia

1952 5539 2083 5584 non
2129 5526 2333 5604 potest
2376 5521 2642 5607 amplius
2684 5522 2963 5602 extendi,
3010 5523 3256 5607 quando
3301 5529 3512 5589 autem
