3976 6219
855 411 2856 487 CAP-X.Ummmfflmm-ssmm

252 517 321 576 in
359 515 503 576 dict.
549 531 685 594 cap.
739 515 918 577 Inter
960 516 1159 591 verba,
1208 517 1401 579 concl.
1448 520 1512 595 6,
1573 538 1639 583 n.
1681 520 1824 595 258,

255 611 375 670 264
403 613 464 668 et
489 608 609 668 265
629 624 650 684 ;
667 613 803 668 tum
826 610 1020 671 etiam
1048 609 1197 688 quia
1212 608 1313 670 lex
1340 611 1447 671 illa
1468 612 1826 674 indifferen-

255 708 352 763 ter
367 702 644 781 praecipit
666 702 915 779 exigere
930 703 1382 780 juramentum,
1396 711 1458 766 et
1474 705 1589 766 sub
1604 706 1824 767 eodem

257 801 469 855 tenore
491 794 559 853 in
586 794 876 854 omnibus
904 794 1025 854 illis
1045 795 1339 870 articuIiS,
1367 798 1494 859 sive
1517 799 1825 876 pertineat

257 888 334 948 ad
366 886 751 947 conditiones
779 886 956 966 quasi
984 887 1416 949 substantiales
1444 890 1522 951 ad
1557 893 1662 970 jus
1690 891 1824 951 suf-

256 979 440 1057 fragii
472 979 855 1055 habendum,
899 980 1029 1040 sive
1074 979 1154 1040 ad
1185 980 1337 1041 alias
1383 1000 1522 1062 quoe
1555 982 1825 1044 tendunt

258 1071 337 1131 ad
366 1072 639 1132 cavenda
670 1072 857 1147 mala,
889 1077 951 1133 et
982 1073 1329 1139 occasiones
1359 1075 1680 1155 injustitia».
1709 1093 1823 1156 pu-

258 1164 430 1224 blicoe
475 1170 538 1225 et
577 1165 945 1243 acceptionis
971 1182 1396 1244 personarum.
1429 1169 1504 1227 Et
1535 1169 1822 1230 similiter

257 1263 577 1336 ponuntur
601 1276 715 1336 pro
756 1257 1045 1318 omnibus
1079 1260 1372 1338 personiS,
1411 1260 1586 1321 nulla
1609 1261 1823 1322 habita

255 1353 494 1411 ratione
511 1350 808 1425 infamiae,
826 1368 941 1412 nec
964 1350 1217 1412 alterius
1234 1353 1468 1414 ordinis
1477 1353 1818 1432 judicialis3

257 1461 406 1521 ergo
434 1443 725 1523 supponit
757 1444 865 1504 illa
892 1443 1019 1519 lex,
1058 1445 1611 1524 interrogationem
1650 1446 1821 1507 illam

259 1554 386 1597 esse
412 1538 668 1614 justam,
701 1542 763 1597 et
808 1555 981 1616 aeque
1012 1555 1187 1616 posse
1221 1556 1436 1601 omnes
1478 1545 1541 1600 et
1581 1540 1649 1598 in
1690 1556 1821 1599 om-

259 1629 444 1689 nibus
475 1629 714 1690 casibus
742 1628 1040 1707 obligare,
1054 1630 1204 1691 alias
1229 1630 1330 1692 lex
1354 1632 1485 1711 ipsa
1509 1649 1636 1691 non
1663 1637 1823 1693 esset

251 1722 444 1800 justa,
478 1722 644 1800 quod
669 1722 792 1782 dici
818 1740 945 1782 non
973 1728 1172 1802 potest
1186 1738 1207 1800 3
1239 1741 1388 1802 ergo
1419 1723 1576 1785 sicut
1602 1729 1820 1785 tenen-

259 1819 364 1874 tur
383 1832 599 1874 omnes
622 1814 990 1894 respondere
1018 1816 1436 1877 veritatem-in
1465 1816 1820 1878 inhabilita-

259 1906 426 1966 tibus
470 1906 651 1984 juriS,
709 1924 819 1967 seu
864 1907 1391 1984 substantialibus,
1423 1910 1820 1987 quantumvis

256 1999 506 2059 occultoe
525 2001 669 2072 sint,
690 2000 777 2059 ita
800 2000 866 2060 in
879 2001 1130 2080 reliquis
1149 2017 1170 2078 3
1192 2007 1326 2062 tum
1349 2008 1645 2080 praeterea
1675 2003 1821 2080 quia

258 2091 372 2154 sub
399 2092 516 2151 hac
535 2091 673 2170 lege
695 2099 758 2154 et
783 2094 1135 2155 conditione
1163 2096 1577 2156 admittuntur
1605 2113 1820 2158 omnes

258 2186 336 2246 ad
367 2185 734 2264 suffragium
757 2187 1110 2262 ferendum,
1139 2193 1210 2248 ιιι
1241 2188 1364 2249 illis
1389 2189 1819 2267 interrogatio—

256 2278 441 2340 nibus
475 2296 620 2339 vere
652 2281 1065 2359 respondeant
1100 2282 1282 2359 juxta
1313 2287 1587 2343 mentem
1623 2282 1821 2344 inter-

256 2372 533 2449 rogantis
560 2372 712 2449 (haec
736 2373 904 2432 enim
937 2374 1070 2434 sine
1105 2373 1294 2434 dubio
1327 2379 1422 2435 est
1442 2373 1704 2435 intentio
1732 2376 1818 2436 le-

259 2466 399 2544 gis),
427 2470 487 2525 et
504 2466 617 2526 has
635 2465 1018 2526 conditiones
1037 2466 1347 2544 accipiunt
1374 2465 1665 2527 electores
1685 2467 1819 2528 sine

257 2557 384 2618 ulla
410 2557 804 2633 limitatione,
825 2556 925 2618 vel
951 2557 1304 2617 discrimine
1319 2579 1336 2632 3
1354 2575 1503 2635 ergo
1525 2563 1820 2621 tenentur

258 2650 393 2710 illas
421 2668 690 2725 servare,
715 2650 814 2711 vel
853 2668 982 2710 non
1010 2649 1158 2711 dare
1188 2649 1574 2728 suffragium.

340 2745 438 2803 16.
480 2743 846 2805 Consuetudo
883 2743 1191 2805 contraria
1231 2743 1412 2805 dictis
1451 2748 1538 2805 est
1577 2760 1820 2822 com-up·

259 2836 399 2898 tela.
424 2870 502 2880 —
522 2836 698 2896 Unde
722 2841 816 2896 est
841 2852 1071 2912 magna
1101 2834 1453 2895 differentia
1470 2836 1632 2896 inter
1659 2837 1822 2898 hanc

258 2929 814 3006 interrogationem
841 2932 904 2987 et
943 2926 1113 2986 illam
1154 2944 1291 3004 quae
1334 2926 1535 2987 tendit
1570 2926 1651 2987 ad
1682 2929 1821 2989 vin-

258 3020 519 3098 dictam3
546 3020 785 3080 namin
811 3020 928 3080 hac
957 3019 1300 3098 posteriori,
1329 3019 1732 3098 interrogatio
1758 3027 1822 3082 et

257 3116 574 3194 responsio
602 3122 691 3174 est
718 3113 893 3193 quasi
920 3117 1151 3187 coacta,
1182 3118 1244 3172 et
1269 3113 1337 3172 in
1368 3113 1601 3173 malum
1629 3114 1819 3176 inter-

261 3209 498 3286 rogati3
526 3207 636 3268 illa
656 3224 803 3267 vero
827 3206 997 3285 prior
1022 3211 1116 3266 est
1143 3205 1343 3283 magis
1372 3205 1720 3266 voluntaria
1760 3207 1819 3268 ei

258 3302 367 3380 qui
394 3301 531 3361 vult
566 3301 727 3362 ferre
758 3299 1147 3377 suffragium,
1178 3304 1239 3359 et
1270 3317 1381 3378 per
1411 3316 1474 3358 se
1498 3298 1821 3359 ordinatur

258 3394 337 3455 ad
368 3393 706 3455 cavendam
725 3392 1028 3470 justitiam
1054 3392 1121 3451 in
1150 3390 1571 3465 electionibus,
1594 3396 1657 3451 et
1681 3391 1820 3451 ideo

258 3505 383 3546 non
407 3493 497 3547 est
525 3483 901 3546 necessarius
934 3482 1091 3543 alius
1119 3482 1269 3543 ordo
1292 3482 1591 3561 juridicus
1611 3482 1679 3542 in
1702 3481 1820 3543 hac

256 3578 760 3656 interrogatione,
781 3581 1003 3654 praeter
1018 3573 1199 3634 illum
1211 3591 1397 3653 quem
1425 3580 1653 3635 statuta
1667 3592 1818 3654 proe-

255 3670 556 3743 scribunt,
604 3670 706 3729 cui
732 3668 1022 3729 electores
1062 3666 1410 3727 voluntarie
1443 3666 1813 3728 subduntur.

256 3765 380 3825 Nec
409 3764 595 3824 etiam
619 3762 798 3823 facile
820 3759 1199 3821 admittenda
1217 3766 1310 3820 est
1334 3761 1647 3821 excusatio
1673 3778 1818 3821 con-

257 3855 626 3930 suetudiniS,
663 3872 773 3933 per
812 3870 997 3932 quam
1031 3851 1153 3912 dici
1196 3851 1348 3912 solet
1383 3851 1486 3911 hic
1524 3853 1690 3930 rigor
1726 3857 1819 3913 ta-

256 3947 412 4007 lium
443 3947 656 4024 legum
687 3948 1084 4022 temperatus.
1126 3944 1279 4004 Nam
1307 3941 1689 4002 consuetudo
1711 3941 1820 4001 illa

254 4039 502 4100 videtur
527 4037 733 4117 potius
754 4034 1125 4114 corruptela,
1167 4033 1317 4112 quia
1347 4037 1438 4093 est
1465 4039 1680 4093 contra
1708 4032 1818 4093 bo-

255 4149 368 4192 nos
404 4148 630 4205 mores,
675 4134 737 4189 et
775 4126 1006 4206 praebet
1044 4126 1430 4185 occasionem
1471 4125 1818 4186 innumeris

255 4223 458 4299 malis,
470 4241 586 4284 nec
601 4219 947 4283 etiamtalis
970 4217 1352 4279 consuetudo
1375 4218 1607 4278 censeri
1619 4222 1821 4297 potest

254 4318 514 4378 tolerata
540 4333 579 4376 a
609 4313 887 4393 principe
913 4312 1140 4372 sciente
1164 4311 1335 4371 illam
1360 4328 1375 4372 z
1401 4329 1548 4372 nam
1576 4328 1820 4390 semper

254 4405 730 4487 reprehenditur
770 4409 833 4465 et
871 4403 1257 4483 reprobatur,
1298 4409 1361 4465 et
1400 4404 1455 4464 si
1502 4404 1820 4481 contingat

179 4541 188 4550 ·
255 4502 525 4581 aliquem
555 4500 835 4562 convinci
855 4500 932 4560 de
951 4496 1297 4573 mendacio,
1322 4498 1613 4577 punitur:
1634 4504 1820 4577 atque

254 4594 373 4656 hoc
413 4595 685 4655 maxime
720 4592 1169 4654 observandum
1212 4597 1303 4652 est
1340 4592 1408 4652 in
1434 4590 1819 4670 gravioribus

255 4687 493 4748 actibus
521 4692 582 4748 et
604 4684 1212 4764 transgressionibus,
1236 4689 1307 4743 ut
1332 4689 1478 4744 sunt
1503 4683 1737 4762 emptio
1756 4688 1820 4743 et

253 4779 530 4840 venditio
569 4778 1037 4855 suffragiorum,
1066 4783 1128 4837 et
1155 4775 1278 4837 alia
1305 4776 1519 4837 illicita
1551 4782 1730 4855 pacta
1757 4780 1819 4836 et

255 4872 502 4946 similia,
542 4889 679 4949 quae
723 4870 903 4931 valde
953 4875 1359 4948 corrumpunt
1396 4868 1703 4946 justitiam
1754 4872 1818 4927 et

256 4981 458 5024 mores
494 4963 804 5043 publicos3
853 4962 921 5022 in
958 4961 1142 5023 rebus
1174 4979 1321 5022 vero
1353 4958 1710 5035 levioribus,
1749 4964 1820 5019 ut

256 5062 400 5116 sunt
418 5051 612 5134 loqui,
637 5054 882 5133 ingredi
904 5055 1182 5130 domum,
1209 5059 1270 5115 et
1296 5052 1550 5120 similes,
1576 5051 1820 5112 facilius

255 5148 504 5208 admitti
549 5166 655 5253 pos
656 5153 747 5207 set
787 5145 1185 5226 probabilitas
1221 5145 1544 5207 contrariae
1576 5149 1820 5205 senten·

254 5241 381 5316 tiae,
406 5241 677 5301 maxime
707 5239 952 5299 favente
971 5238 1439 5312 consuetudine,
1457 5254 1597 5316 quse
1615 5233 1820 5316 quoad

255 5333 388 5394 hoec
413 5333 645 5447 leviora
667 5332 866 5410 magis
889 5331 1146 5391 tolerata
1167 5348 1299 5392 esse
1325 5330 1589 5392 videtur.

993 5479 1095 5496 “-

3346 421 3467 484 459

2507 617 2757 679 CAPUT
2797 619 2872 679 X.

1901 814 2104 859 mnu
2132 814 2310 861 OMNIS
2340 816 2455 861 mx
2486 816 2748 863 Poemns
2774 817 3014 863 onnam·
3042 819 3207 864 natm
3236 819 3318 865 An
3346 821 3467 867 POE-

1979 906 2075 952 NAE
2115 908 2528 955 mamona
2551 939 2572 969 ,
2622 909 2854 956 sumt
2900 910 3038 957 POST
3083 911 3465 960 sumnum

1985 1000 2211 1046 sumum.

1988 1169 2048 1226 1.
2087 1167 2230 1227 Haec
2263 1166 2520 1245 quaestio
2546 1166 2745 1228 videri
2775 1172 2976 1247 potest
3013 1168 3323 1248 pertinere
3362 1189 3469 1251 po-

1899 1258 2022 1318 tius
2048 1257 2128 1318 ad
2171 1264 2537 1338 potestatem
2581 1264 2644 1320 et
2677 1260 2808 1320 vim
2850 1262 3247 1340 praecipiendi
3274 1264 3469 1343 expli-

1900 1351 2163 1412 candam
2185 1352 2252 1411 in
2278 1351 2512 1429 judice,
2542 1370 2732 1430 quam
2759 1353 2827 1413 in
2857 1352 3033 1431 lege:
3061 1359 3295 1429 tamen,
3323 1356 3470 1435 quia

1900 1461 2060 1522 saepe
2084 1443 2314 1524 pendet
2338 1462 2416 1505 ex
2450 1444 2579 1505 sola
2615 1444 2773 1522 lege,
2806 1450 2870 1506 et
2893 1464 3136 1526 semper
3174 1449 3254 1508 ad
3294 1448 3470 1510 illam

1902 1542 2266 1615 cooperatur
2287 1535 2413 1612 leX,
2438 1538 2578 1598 ideo
2605 1537 2874 1600 breviter
2898 1539 3171 1601 hocloco
3198 1540 3470 1620 explica-

1901 1629 2087 1690 bitur.
2122 1631 2255 1689 Duo
2293 1630 2489 1708 igitur
2531 1630 2830 1710 distingui
2880 1638 3135 1711 possunt
3181 1633 3249 1693 in
3295 1633 3470 1694 omni

1898 1740 2121 1801 poena:
2151 1721 2399 1798 scilicet,
2426 1723 2554 1800 pati
2582 1727 2644 1784 et
2674 1740 2880 1800 agere.
2902 1726 2970 1784 In
2996 1725 3472 1803 passione-vide-

1900 1820 2008 1875 tur
2051 1814 2380 1875 consistere
2406 1832 2592 1894 poena
2622 1833 2735 1894 per
2767 1833 2856 1892 se,
2901 1834 2970 1877 ac
3014 1816 3358 1878 formaliter
3391 1817 3470 1879 de

1900 1907 2009 1968 illa
2044 1906 2378 1986 loquendo,
2408 1913 2480 1967 ut
2523 1926 2708 1986 poena
2735 1914 2847 1983 est,
2898 1909 3046 1987 quia
3090 1909 3366 1970 consistit
3401 1909 3472 1971 in

1903 2001 2252 2103 privatione
2288 1999 2550 2079 alicujus
2577 2001 2925 2061 commodi·
2906 2045 2928 2078 ,
2957 2001 3222 2080 privatio
3257 2007 3469 2063 autem

1901 2098 1971 2151 ut
1998 2109 2110 2165 sic,
2135 2092 2203 2152 in
2229 2092 2514 2171 passione
2532 2092 2633 2153 vel
2665 2093 2841 2171 quasi
2863 2095 3143 2171 passione
3166 2095 3464 2156 consistit.

1901 2186 2074 2258 Quod
2102 2186 2156 2245 si
2182 2184 2517 2265 aliquando
2543 2204 2743 2265 poenae
2770 2188 3046 2264 positivae
3085 2205 3216 2248 esse
3250 2187 3468 2249 viden-

1898 2284 2028 2353 tur,
2083 2284 2155 2339 ut
2201 2279 2572 2355 verberatio,
2603 2285 2665 2340 et
2709 2279 3073 2355 combustio,
3117 2286 3179 2341 et
3206 2280 3461 2356 similes,

1899 2389 2029 2432 non
2058 2371 2290 2433 habent
2328 2372 2635 2433 rationem
2666 2389 2889 2451 poenae,
2916 2371 3037 2432 nisi
3059 2378 3127 2432 ut
3153 2372 3464 2451 passiones

1899 2468 1962 2525 et
1986 2464 2364 2543 receptiones
2384 2464 2668 2543 quaedam
2700 2469 2867 2539 sunt,
2897 2464 3010 2525 tali
3035 2464 3170 2542 subj
3178 2469 3311 2525 ecto
3341 2464 3464 2524 dis-

1898 2557 2359 2633 convenientes,
2396 2563 2458 2618 et
2483 2557 2622 2618 ideo
2649 2556 2823 2617 nulla
2849 2564 2941 2618 est
2971 2575 3155 2635 poena
3181 2559 3317 2618 sine
3343 2557 3464 2617 ali·

1897 2667 2023 2728 qua
2040 2650 2320 2728 passione
2341 2651 2475 2728 eJus
2498 2651 2604 2728 qui
2625 2651 2879 2728 patitur.
2900 2650 3077 2710 Actio
3094 2668 3241 2711 vero
3258 2650 3465 2729 requi-

1898 2741 1954 2801 ri
1982 2740 2136 2802 solet
2160 2742 2336 2820 quasi
2363 2742 2798 2803 antecedenter
2834 2743 2913 2802 ad
2938 2760 3211 2821 poenam,
3236 2748 3299 2803 et
3325 2743 3465 2803 ideo

1898 2832 2213 2894 interdum
2260 2833 2477 2895 inferri
2523 2839 2722 2913 potest
2764 2852 2949 2913 poena
3001 2852 3113 2915 per
3157 2836 3465 2896 actionem

1896 2930 2324 2986 transeuntem
2346 2926 2599 2987 alterius
2620 2926 2753 2986 sine
2780 2927 3208 3007 cooperatione
3229 2928 3465 3006 patien-

1899 3018 2001 3092 tis,
2033 3017 2346 3077 interdum
2374 3017 2513 3078 fieri
2534 3023 2733 3098 potest
2763 3036 2801 3077 a
2826 3019 2958 3080 solo
2991 3019 3261 3098 patiente
3287 3020 3465 3096 quasi

1897 3107 2317 3171 immanenter
2368 3111 2434 3170 in
2487 3129 2552 3171 se
2596 3117 2888 3189 operante
2927 3156 2949 3187 ,
2998 3113 3331 3192 aliquando
3385 3113 3464 3173 ab

1898 3207 2184 3280 utroque,
2214 3202 2278 3262 id
2305 3207 2419 3276 est,
2444 3203 2672 3280 partim
2703 3222 2742 3264 a
2766 3204 3062 3282 patiente,
3109 3205 3337 3282 partim
3381 3204 3463 3264 ab

1898 3292 2043 3354 alio.
2081 3292 2268 3354 Addit
2310 3296 2499 3354 etiam
2529 3295 2717 3373 Cajet.
2749 3297 2809 3357 Ξ.
2843 3298 2905 3370 2,
2945 3302 3161 3374 quaest.
3195 3298 3298 3371 62,
3336 3302 3458 3358 art.

1901 3387 1962 3461 3,
1992 3386 2326 3465 aliquando
2355 3386 2492 3447 fieri
2513 3388 2648 3449 sine
2670 3388 2800 3448 ulla
2834 3389 3097 3464 actione,
3128 3394 3198 3449 ut
3224 3390 3293 3449 iu
3320 3408 3462 3450 cen-

1900 3479 2081 3553 suris,
2102 3479 2686 3557 irregularitatibus,
2708 3486 2825 3541 etc.
2848 3483 2924 3542 Et
2942 3482 3030 3542 ita
3051 3482 3465 3544 communiter

1897 3569 2238 3648 loquuntur
2255 3571 2384 3632 alii.
2408 3572 2472 3633 Si
2508 3573 2649 3651 quis
2670 3579 2881 3634 autem
2902 3580 3068 3634 recte
3095 3575 3459 3647 consideret,

1897 3663 2057 3724 sicut
2082 3662 2171 3722 ibi
2195 3681 2322 3724 non
2351 3669 2444 3724 est
2466 3665 2629 3725 actio
2667 3665 2946 3745 physica,
2970 3667 3060 3727 ita
3086 3684 3291 3745 neque
3325 3685 3465 3746 pas-

1895 3758 2010 3830 sio,
2039 3761 2101 3817 et
2146 3757 2301 3817 sicut
2346 3763 2438 3818 est
2479 3757 2679 3836 passio
2723 3759 3006 3837 quasdam
3053 3760 3325 3836 moralis,
3374 3760 3466 3820 ita

1898 3848 2089 3908 etiam
2119 3854 2212 3908 est
2248 3849 2411 3909 actio
2438 3849 2711 3925 moralis,
2742 3869 2880 3929 quoe
2910 3856 3002 3912 est
3040 3851 3463 3912 excommuni-

1899 3940 2059 3999 catio
2103 3940 2328 4015 activa,
2374 3940 2548 4001 verbi
2591 3943 2815 4018 gratia,
2844 3942 2945 4003 vel
2991 3943 3291 4004 immissio
3321 3943 3461 4004 talis

1897 4031 2333 4108 inhabilitatis,
2379 4037 2522 4108 etc„
2565 4051 2704 4112 quae
2748 4035 2818 4093 in
2852 4034 3082 4095 virtute
3125 4042 3219 4096 est
3265 4035 3456 4097 veluti

1897 4123 2210 4202 quoddam
2232 4131 2608 4204 praeceptum
2633 4124 2811 4203 legis,
2835 4125 2935 4186 vel
2961 4125 3233 4187 hominis
3255 4127 3459 4207 impo-

1897 4216 2104 4276 nentis
2130 4215 2574 4295 obligationem
2599 4217 2948 4278 abstinendi
2973 4218 3054 4278 ab
3080 4218 3201 4279 hoc
3229 4218 3330 4279 vel
3354 4219 3463 4279 illo

1898 4325 2183 4383 munere,
2200 4308 2432 4384 fructu,
2444 4309 2545 4370 vel
2562 4310 3142 4386 communicatione,
3159 4311 3260 4372 vel
3272 4312 3461 4373 etiam

1898 4400 2349 4462 inhabilitantis
2383 4420 2710 4482 personam
2737 4403 2818 4464 ad
2846 4403 3101 4482 aliquid.
3132 4405 3211 4465 Et
3239 4403 3462 4466 melius

1897 4492 2154 4555 fortasse
2205 4493 2450 4570 dicitur,
2494 4495 2656 4556 hanc
2701 4512 2949 4573 poenam
2985 4514 3110 4557 non
3154 4496 3463 4576 postulare

1899 4586 2089 4647 aliam
2117 4587 2422 4648 actionem
2442 4593 2692 4668 propter
2714 4588 2885 4649 illam
2914 4606 3102 4667 quam
3127 4589 3229 4651 lex
3242 4596 3305 4652 et
3325 4608 3464 4651 sen-

1898 4679 2097 4740 tentia
2118 4678 2321 4739 facere
2347 4686 2566 4760 potest.

1977 4775 2039 4833 2.
2073 4771 2278 4833 Primo
2310 4791 2481 4852 ergo,
2512 4775 2677 4853 quod
2725 4777 2949 4837 attinet
2992 4775 3068 4836 ad
3114 4774 3462 4855 passionem

1896 4882 2120 4944 poenae,
2148 4865 2322 4926 nulla
2340 4872 2431 4927 est
2458 4867 2805 4929 difficultas.
2818 4867 3159 4929 Dicendum
3179 4874 3270 4928 est
3292 4867 3462 4929 enim

1897 4956 2104 5035 legem
2135 4958 2321 5019 etiam
2351 4964 2487 5038 post
2511 4961 2881 5021 sententiam
2909 4960 3101 5021 latam
3142 4979 3269 5021 non
3312 4959 3466 5021 obli-

1898 5067 2046 5128 gare
2082 5066 2190 5128 per
2217 5068 2281 5111 se
2314 5057 2376 5111 et
2407 5051 2766 5114 immediate
2799 5054 2879 5115 ad
2906 5054 3277 5132 passionem,
3307 5051 3462 5113 obli·

1899 5160 2048 5222 gare
2075 5148 2310 5217 tamen,
2339 5160 2450 5223 per
2476 5162 2541 5204 se
2565 5143 2898 5223 loquendo,
2932 5145 3009 5205 ad
3034 5146 3460 5208 sustinendam

1899 5236 2246 5316 passionem
2275 5253 2473 5314 poenae
2501 5237 2826 5315 patienter,
2852 5244 2914 5300 et
2938 5238 3071 5299 sine
3098 5239 3347 5318 propria
3366 5258 3464 5301 re·

1899 5328 2200 5404 sistentia,
2238 5327 2338 5388 vel
2364 5327 2638 5407 obligare
2664 5331 2745 5390 ad
2773 5348 2848 5391 ea
2876 5349 3013 5410 quae
3039 5349 3249 5392 secum
3285 5332 3464 5393 affert
3514 5341 3521 5346 ’

1898 5420 2164 5499 privatio
2190 5420 2452 5500 poenalis
2479 5422 2669 5482 semel
2700 5422 2889 5484 illata.
2916 5424 3190 5485 Priorem
3219 5429 3462 5503 partem

1897 5530 2064 5594 pono
2089 5513 2399 5594 praecipue
2425 5520 2675 5596 propter
2699 5532 2939 5597 poenas,
2962 5534 3102 5599 quae
3121 5516 3464 5582 consistunt
