3976 6219
503 385 584 446 58

503 491 672 570 qiam
711 507 832 552 esse
862 507 1065 551 veram
1093 491 1297 569 leym..
1349 524 1432 539 —-
1483 492 1652 552 Circa
1692 492 1948 551 tertium
1981 490 2058 549 de

503 583 869 662 privilegiiS,
906 584 1087 643 multi
1117 591 1365 664 propter
1406 585 1577 645 illam
1615 587 1920 645 rationem
1950 601 2058 642 ne-

503 681 654 754 gant
676 675 1068 754 privilegium
1086 695 1213 737 esse
1228 696 1438 738 veram
1458 678 1683 755 legem,
1706 677 1810 736 sed
1834 682 1944 736 aut
1965 694 2058 735 se-

504 767 778 826 cundum
814 769 960 846 quid
1001 774 1243 828 tantum
1264 815 1284 844 ,
1321 776 1391 829 ut
1423 771 1609 830 sentit
1640 770 1849 830 Glossa
1880 770 1947 828 in
1990 769 2052 828 d.

503 876 637 936 cap.
675 860 1081 937 Privileyium
1108 908 1122 932 ,
1163 868 1270 921 aut
1297 862 1469 921 nullo
1509 863 1694 922 modo
1717 908 1735 937 ,
1778 867 1847 920 01
1874 861 2060 920 sentit

504 948 752 1023 Castro,
798 949 905 1010 lib.
954 955 979 1009 1
1038 952 1113 1011 de
1146 954 1306 1030 Lege
1340 954 1607 1031 poenali,
1663 971 1795 1031 cap.
1834 955 1890 1012 1.
1929 953 2059 1028 Ego

502 1057 647 1100 vero
671 1042 978 1116 existimo,
1007 1044 1058 1102 si
1079 1045 1473 1122 privilegium
1502 1064 1640 1105 cum
1666 1043 2060 1123 proportione

502 1139 804 1207 sumatur,
837 1152 963 1193 non
998 1136 1203 1195 minus
1237 1154 1410 1215 posse
1435 1137 1596 1196 inter
1617 1137 1784 1214 leges
1811 1153 2061 1212 compu-

502 1225 622 1283 tari
653 1244 841 1301 quam
871 1228 1357 1303 permissionem.
1391 1229 1536 1301 Quae
1564 1235 1655 1288 est
1686 1234 1900 1307 aperta
1927 1245 2062 1286 sen-

504 1316 701 1375 tentia
727 1318 796 1375 D.
826 1317 1059 1392 Isidori,
1091 1321 1129 1378 5
1156 1320 1452 1398 Etymol„
1490 1340 1624 1399 cap.
1666 1322 1761 1390 19,
1793 1325 1864 1378 ut
1891 1318 2062 1377 vide-

504 1406 713 1467 bimus
740 1426 874 1487 cap.
908 1412 1212 1488 sequenti.
1250 1413 1395 1472 Dico
1424 1419 1630 1473 autem
1659 1431 1789 1475 cum
1813 1429 2063 1490 propor-

507 1501 685 1574 tione,
709 1502 854 1578 quia
872 1501 923 1560 si
944 1520 1146 1562 sermo
1169 1505 1246 1564 sit
1266 1504 1341 1564 (10
1362 1505 1689 1583 privilegio
1708 1502 2058 1583 temporali,

505 1592 605 1652 vel
633 1611 915 1654 concesso
942 1596 1052 1654 uni
1074 1615 1379 1674 personae,
1402 1605 1473 1659 ut
1501 1617 1644 1658 cum
1676 1600 1808 1676 ejus
1835 1598 1962 1656 vita
1990 1596 2062 1655 fi-

505 1684 737 1758 niatur,
760 1686 910 1745 illud
931 1687 1135 1748 deficit
1158 1708 1196 1748 a
1211 1694 1450 1750 ratione
1470 1691 1646 1768 legis,
1667 1709 1792 1750 non
1811 1690 2063 1767 praecise

506 1795 579 1837 ex
616 1795 689 1837 00
716 1780 880 1856 quod
910 1781 1300 1858 privilegium
1335 1789 1425 1843 est
1447 1830 1466 1857 ,
1513 1784 1616 1843 sed
1644 1783 1791 1862 quia
1822 1800 1948 1841 non
1972 1787 2065 1842 est

505 1870 654 1948 quid
683 1871 898 1930 stabile
928 1878 1037 1931 aut
1060 1872 1335 1950 firmum,
1365 1877 1530 1953 quod
1549 1876 1819 1935 diximus
1835 1893 1964 1934 esse
1990 1875 2065 1933 de

503 1962 745 2023 ratione
759 1964 931 2041 legis:
949 1972 1013 2024 at
1031 1967 1427 2045 privilegium
1446 1976 1808 2048 perpetuum
1825 1986 2065 2029 conces-

504 2071 642 2113 sum
659 2061 767 2115 aut
786 2058 1216 2117 communitati
1231 2059 1414 2119 alicui
1431 2069 1539 2120 aut
1555 2061 1806 2122 familiae
1825 2062 1975 2120 utin
1990 2078 2065 2120 ea

505 2163 748 2224 semper
781 2147 982 2225 duret,
1016 2151 1325 2229 propriam
1353 2154 1655 2213 rationem
1679 2154 1833 2231 10315
1851 2153 2060 2213 habet.

585 2241 645 2299 9.
692 2240 783 2301 De
833 2242 1061 2318 duplici
1102 2244 1427 2323 privileqio
1460 2290 1480 2319 ,
1546 2252 1600 2307 et
1659 2265 1778 2324 qua
1829 2247 2065 2306 ratione

502 2336 820 2409 utrumque
858 2351 1060 2394 veram
1092 2338 1386 2398 rationem
1436 2338 1588 2415 ἱερεῖς
1637 2339 1954 2399 contineat.
1982 2369 2065 2383 -

504 2422 755 2501 Oportet
777 2430 986 2485 tamen
1009 2427 1282 2505 duplicia
1302 2429 1680 2507 distinguere
1699 2430 2025 2509 privilegia
2043 2446 2062 2506 ;

504 2515 787 2592 quaedam
829 2524 974 2577 sunt
1014 2537 1297 2582 concessa
1343 2523 1573 2581 intuitu
1613 2522 1873 2601 alicujus
1918 2523 2066 2582 boni

505 2610 873 2682 0010100015,
895 2611 1117 2688 quibus
1135 2614 1390 2690 privatae
1410 2633 1681 2693 personae
1699 2616 2067 2675 renunciare

506 2718 634 2759 non
664 2708 915 2778 possunt
934 2704 1117 2780 juxta
1139 2752 1154 2776 ‚
1199 2724 1332 2786 cap.
1372 2707 1452 2769 Si
1482 2708 1762 2785 diliqenti
1807 2708 1882 2766 de
1911 2708 2067 2766 Foro

508 2795 924 2870 competenti,
957 2796 1081 2856 etl.
1112 2799 1240 2859 Jus
1258 2799 1595 2876 pubiicum,
1629 2798 1694 2860 fi.
1729 2800 1804 2859 de
1830 2800 2062 2874 PactiS,

508 2891 579 2944 ut
607 2890 699 2944 est
724 2887 1119 2966 111-1111031001
1147 2890 1290 2965 fori,
1326 2892 1499 2951 verbi
1528 2893 1751 2968 gratia,
1787 2898 2067 2970 respectu

509 2978 738 3053 clerici,
789 2982 886 3039 cui
916 2982 1045 3059 ipse
1087 2985 1449 3044 renunciare
1492 3004 1617 3044 non
1650 2991 1870 3063 potest,
1920 2986 2068 3063 quia

510 3089 637 3132 non
660 3072 891 3133 intuitu
919 3093 1194 3153 personae
1223 3096 1371 3153 suae,
1408 3078 1514 3139 sed
1542 3078 1862 3156 dignitatis
1890 3078 2067 3138 cleri-

509 3165 657 3225 calis
689 3184 1046 3229 concessum
1079 3176 1190 3230 est.
1239 3172 1315 3230 Et
1348 3171 1464 3230 hoc
1499 3171 1897 3251 privilegium
1929 3190 2067 3249 pro-

508 3257 812 3334 priissime
839 3266 927 3319 051
954 3261 1078 3335 lex,
1108 3279 1235 3321 non
1263 3263 1463 3322 solum
1491 3269 1770 3342 respectu
1799 3263 2066 3322 aliorum

509 3350 732 3428 quibus
769 3354 1122 3432 praecipitur
1149 3361 1219 3414 111
1258 3355 1378 3415 1010
1413 3356 1809 3433 privilegium
1850 3355 2069 3415 clerico

510 3441 861 3517 observent,
910 3446 1016 3504 sed
1061 3448 1248 3505 etiam
1281 3452 1561 3526 respectu
1608 3448 1798 3525 ipsius
1840 3447 2067 3520 clerici,

511 3534 609 3593 cui
636 3536 991 3614 praecipitur
1022 3544 1092 3596 01
1122 3539 1229 3598 1110
1259 3546 1492 3599 utatur.
1521 3541 1591 3599 In
1619 3540 1727 3599 illa
1756 3540 1921 3599 enim
1950 3540 2071 3598 dis-

510 3627 815 3704 positione
834 3631 1164 3708 superioris
1183 3633 1498 3692 invenitur
1515 3633 1785 3711 perfecta
1806 3632 1898 3692 vis
1919 3632 2070 3691 obli-

512 3719 702 3796 gandi
731 3736 746 3778 1
779 3721 939 3780 nihil
962 3739 1109 3799 ergo
1136 3722 1228 3782 illi
1256 3724 1423 3784 deest
1451 3725 1529 3783 ad
1560 3725 1864 3785 rationem
1889 3724 2064 3802 legis.

512 3810 650 3871 Alia
690 3819 834 3871 sunt
859 3813 1200 3891 (privilegia
1248 3834 1533 3876 concessa
1568 3818 1801 3876 intuitu
1842 3817 2069 3894 privati

514 3904 823 3963 commodi
852 3906 1129 3984 ipsarum
1159 3926 1585 3987 personarum,
1620 3910 1695 3969 (10
1724 3909 1948 3987 quibus
1976 3914 2071 3969 est

515 4013 715 4055 sermo
769 3997 835 4057 in
886 4000 1050 4059 dicto
1103 4002 1301 4078 capite
1365 4001 1515 4064 Cum
1571 4004 1949 4063 accessissent
1995 4001 2071 4060 de

514 4088 759 4149 Probat.
784 4135 804 4165 ‚
846 4098 907 4152 et
932 4094 998 4152 in
1021 4094 1239 4171 regula
1269 4095 1436 4168 Quod
1460 4096 1526 4155 ob
1560 4096 1831 4173 qratiam
1857 4095 1932 4154 de
1957 4096 2075 4155 Re-

515 4182 677 4259 30115
699 4183 853 4261 jur„
891 4186 959 4245 10
990 4187 1049 4260 6,
1099 4187 1209 4246 ubi
1250 4187 1461 4248 Glossa
1503 4194 1564 4248 et
1594 4188 1722 4262 alii,
1765 4189 2077 4266 Sylvester

450 4284 468 4295 ·
513 4274 703 4334 verbo
726 4276 1155 4356 Privileqium.
1209 4280 1337 4339 Hoc
1364 4299 1512 4358 ergo
1540 4281 1967 4359 privilegium,
2024 4281 2077 4339 si

516 4374 907 4444 comparetur
935 4370 1012 4429 ad
1040 4372 1244 4448 ipsum
1273 4372 1373 4430 cui
1397 4374 1772 4447 conceditur,
1803 4374 1935 4431 sine
1963 4373 2077 4431 du-

514 4457 619 4517 bio
647 4478 773 4519 non
809 4461 995 4522 habet
1022 4463 1327 4522 rationem
1355 4463 1532 4541 legia,
1580 4469 1650 4523 ut
1672 4464 1892 4542 probat
1919 4465 2077 4524 ratio

514 4550 698 4626 facta,
731 4553 878 4630 quia
905 4572 1032 4613 non
1060 4560 1150 4614 est
1177 4562 1548 4635 praeceptum
1580 4556 1669 4615 illi
1690 4557 2074 4633 impositum,

515 4662 718 4723 neque
742 4645 976 4724 obligat
999 4647 1200 4722 illum,
1228 4666 1368 4707 cum
1399 4649 1585 4727 possit
1609 4649 1665 4707 ei
1686 4648 2071 4709 renunciare.

516 4737 597 4798 At
624 4755 769 4797 vero
798 4744 1076 4817 respectu
1105 4739 1367 4799 aliorum
1397 4740 1504 4819 qui
1532 4740 1655 4800 tale
1679 4741 2078 4819 privilegium

516 4828 900 4890 observaturi
919 4837 1086 4905 sunt,
1112 4849 1324 4892 veram
1347 4832 1534 4892 habet
1561 4834 1866 4892 rationem
1889 4832 2073 4910 legis:

517 4923 789 4982 continet
812 4923 979 4983 enim
1001 4930 1380 5003 praeceptum
1410 4930 1773 5002 perpetuum
1792 4924 2075 5001 obligans

518 5015 597 5073 ad
645 5015 831 5074 talem
878 5016 1338 5076 immunitatem
1392 5018 1758 5077 servandam
1781 5033 1801 5093 3
1844 5017 2076 5095 alioqui

520 5106 696 5166 valde
745 5107 1028 5168 inefficax
1076 5115 1232 5168 esset
1284 5109 1421 5182 tale
1454 5109 1840 5186 privilegium
1876 5130 1890 5167 :
1930 5127 2077 5187 ergo

1497 393 1613 444 LlB.
1649 393 1688 444 1.
1724 392 1805 443 DE
1836 389 2090 441 NATURA
2121 389 2298 444 LEGIS
2330 393 2394 444 m
2426 390 2719 444 commum.

2220 497 2316 555 10.
2369 494 2706 555 Consilium
2766 491 3061 552 rationem
3115 491 3267 567 leyis
3315 507 3432 550 non
3490 489 3699 552 habere
3777 495 3782 500 “

2139 587 2301 647 ratio
2330 605 2368 647 a
2397 587 2598 664 priori
2639 585 2913 646 ostendit.
2958 615 3040 629 —
3080 582 3252 642 Circa
3282 587 3575 659 quartum
3621 583 3698 642 de

2139 678 2416 752 consili0,
2465 677 2674 737 Glossa
2707 721 2727 750 ,
2770 676 2836 734 in
2883 675 3046 734 dicta
3072 673 3209 751 lege
3251 675 3431 750 Layis
3475 675 3696 749 virtus,

2137 778 2388 851 propter
2405 771 2559 830 illud
2584 770 2821 829 censuit
2839 769 3027 828 etiam
3049 767 3372 827 consilium
3392 766 3699 845 pertinere

2141 867 2217 926 ad
2241 867 2546 938 ,virtutem
2587 864 2763 939 10315.
2815 861 2991 921 111010
3032 867 3241 920 tamen
3287 860 3701 919 communiter

2140 958 2475 1037 reprobant
2500 955 2982 1016 Bartholomaeus
3016 958 3077 1012 et
3100 953 3321 1011 caeteri.
3357 951 3499 1010 Soto
3519 949 3626 1008 lib.
3662 953 3691 1007 ·1

2141 1051 2217 1110 de
2264 1050 2495 1122 ι105111,
2536 1048 2855 1127 quaestion.
2907 1048 2968 1120 2,
3012 1051 3127 1104 art.
3173 1046 3234 1118 2,
3281 1061 3418 1102 eam
3459 1041 3698 1116 irridet,

2141 1142 2434 1221 quoniam
2484 1140 2802 1200 consilinm
2855 1138 3058 1215 potius
3107 1134 3624 1209 condistinguitur
3662 1150 3703 1191 a

2141 1239 2468 1313 praecepto,
2496 1238 2557 1292 et
2589 1235 3035 1308 consequenter
3064 1247 3102 1287 a
3129 1228 3290 1304 lege,
3323 1225 3487 1304 quod
3517 1224 3703 1284 sentit

2144 1328 2332 1387 etiam
2364 1327 2434 1384 D.
2468 1325 2758 1396 ThomaS,
2801 1322 2946 1382 dict.
2985 1321 3306 1399 quaestion.
3342 1321 3455 1391 92,
3487 1324 3603 1377 art.
3636 1320 3698 1391 2,

2144 1420 2223 1480 ad
2246 1420 2285 1478 2
2305 1463 2325 1493 ‚
2366 1423 2427 1478 et
2454 1421 2668 1495 quaest.
2719 1418 2791 1475 17
2827 1414 2903 1473 de
2931 1414 3122 1473 Verit.
3143 1457 3162 1486 ‚
3192 1417 3309 1471 art.
3344 1413 3405 1486 3,
3436 1409 3515 1469 ad
3549 1411 3611 1483 2,
3641 1415 3704 1468 et

2141 1513 2276 1573 haec
2300 1510 2607 1571 sententia
2631 1509 2698 1568 in
2722 1508 2923 1585 rigore
2943 1512 3005 1566 et
3020 1506 3396 1584 proprietate
3419 1521 3561 1562 vera
3587 1507 3700 1576 est,

2142 1611 2214 1665 ut
2248 1620 2434 1683 supra
2471 1602 2660 1661 etiam
2689 1599 2817 1659 dixi
2862 1620 2876 1658 ε
2929 1604 2991 1659 01
3026 1598 3184 1657 10110
3221 1599 3290 1657 D.
3335 1595 3587 1655 Thomae
3613 1599 3707 1654 est

2144 1696 2401 1776 optima,
2434 1693 2580 1772 quia
2620 1692 2941 1752 consilium
2983 1708 3109 1750 non
3155 1689 3416 1768 requirit
3441 1693 3708 1767 potesta-

2143 1795 2271 1850 tem
2294 1785 2645 1866 superioriS‚
2667 1785 2772 1844 sed
2792 1802 2830 1844 a
2855 1784 3090 1861 privato
3115 1783 3302 1842 etiam
3323 1781 3456 1841 dari
3479 1785 3701 1859 potest;

2147 1900 2295 1960 ergo
2318 1899 2428 1961 per
2451 1899 2515 1940 se
2541 1897 2668 1938 non
2697 1877 2959 1955 requirit
2986 1876 3416 1935 auctoritatem
3444 1873 3619 1950 legis.

2230 1978 2326 2036 11.
2378 1973 2656 2050 Objeotio.
2688 2002 2771 2016 -
2801 1969 3063 2031 Solutio.
3090 1999 3172 2013 —
3193 1967 3388 2043 Objici
3416 1983 3563 2025 vero
3595 1983 3706 2043 po·

2145 2073 2285 2140 test,
2334 2065 2482 2144 quia
2513 2064 2678 2123 idem
2711 2064 2780 2122 D.
2820 2061 3086 2120 Thomas
3118 2063 3174 2120 1.
3209 2062 3272 2133 2,
3303 2079 3363 2138 q.
3408 2060 3547 2133 108,
3583 2065 3699 2118 art.

2144 2162 2207 2234 4,
2239 2157 2493 2218 consilia
2518 2155 2876 2231 evangeliea
2914 2153 3089 2232 ponit
3119 2152 3280 2211 inter
3315 2157 3519 2229 partes
3551 2150 3707 2227 legis

2146 2251 2383 2329 gratiae.
2430 2247 2854 2326 Respondetur
2881 2244 3108 2323 primo,
3139 2244 3394 2303 nominc
3420 2242 3575 2320 10315
3601 2242 3706 2300 10-

2144 2343 2389 2403 tardum
2445 2338 2885 2419 comprehendi
2946 2342 3139 2396 totam
3188 2335 3650 2413 dispositionem
3683 2378 3704 2407 ,

2147 2453 2253 2494 500
2291 2433 2743 2512 providentiam
2786 2429 3157 2507 legislatoris
3206 2428 3366 2488 circa
3397 2427 3708 2503 guberua-

2149 2527 2382 2586 tionem
2414 2524 2826 2595 subditorum,
2872 2527 2933 2581 et
2974 2521 3061 2580 sic
3101 2519 3182 2579 ad
3230 2520 3406 2579 illum
3438 2518 3710 2596 pertinet

2149 2635 2276 2677 non
2299 2624 2545 2677 tantum
2573 2620 2881 2693 praecepta
2904 2614 3074 2686 dare,
3105 2612 3212 2672 sed
3241 2612 3429 2671 etiam
3455 2610 3711 2669 consilia

2148 2710 2224 2769 de
2274 2709 2350 2768 iis
2402 2726 2539 2785 quae
2584 2706 2841 2766 meliora
2886 2710 3032 2765 sunt
3061 2721 3081 2781 3
3138 2704 3302 2782 quod
3362 2702 3711 2762 observavit

2150 2802 2423 2862 Christus
2438 2801 2732 2860 Dominus
2761 2800 2826 2858 10
2855 2799 2991 2875 1030
3011 2796 3401 2875 Evangelica,
3415 2801 3477 2855 et
3490 2795 3710 2873 injure

2129 2895 2335 2956 ‘etiam
2360 2894 2659 2967 human0,
2691 2892 3032 2972 praesertim
3067 2889 3385 2961 canonico,
3416 2906 3573 2965 saepe
3601 2887 3710 2947 ob-

2147 2992 2447 3060 servatur,
2475 2991 2546 3045 ut
2566 2990 2733 3064 patet
2752 2985 2817 3043 in
2842 3003 2976 3062 cap.
3005 2982 3396 3044 Commissum
3418 2981 3494 3040 de
3517 2982 3712 3058 Spon-

2148 3080 2399 3154 salibuS,
2435 3078 2559 3138 ibi:
2598 3077 2822 3139 Tutius
2854 3082 2959 3139 est.
2994 3077 3069 3136 Et
3099 3075 3294 3135 multa
3315 3079 3460 3133 sunt
3487 3073 3715 3134 similia

2141 3174 2307 3251 jura,
2340 3172 2414 3232 ad
2448 3189 2585 3249 quae
2612 3168 3014 3246 intelligenda
3043 3173 3134 3227 est
3163 3167 3280 3227 hoc
3308 3185 3468 3245 saepe
3501 3185 3709 3226 00005-

2146 3265 2399 3323 sarium.
2437 3264 2504 3322 In
2532 3262 2648 3321 hoc
2677 3279 2825 3338 ergo
2854 3278 3034 3320 50050
3071 3277 3197 3318 000
3227 3258 3386 3319 10010
3415 3259 3572 3318 dixit
3603 3259 3714 3318 illa

2149 3357 2356 3418 Glossa
2377 3356 2578 3433 legem
2599 3373 2725 3414 non
2751 3359 2998 3413 tantum
3018 3354 3369 3432 praecipere,
3392 3352 3498 3412 sed
3523 3353 3712 3412 etiam

2152 3449 2493 3522 consulere,
2525 3448 2809 3526 quamvis
2836 3466 2903 3507 re
2939 3464 3085 3506 vera
3112 3446 3174 3504 id
3207 3463 3334 3505 non
3376 3444 3563 3505 faciat
3589 3445 3714 3504 for·

2152 3541 2420 3615 maliter,
2452 3545 2523 3598 nt
2550 3541 2672 3614 lex,
2698 3540 2803 3599 sed
2827 3540 3332 3599 concomitanter.
3362 3539 3534 3598 Addo
3561 3556 3714 3616 prae-

2151 3639 2342 3706 terea,
2395 3632 2643 3709 qnando
2694 3632 2795 3691 lex
2842 3632 3104 3691 consulit
3153 3648 3350 3690 unum
3393 3631 3711 3703 effectum,

2152 3725 2324 3803 sequi
2348 3723 2564 3799 alium,
2592 3725 2915 3798 nimirum,
2942 3723 3186 3783 utillud
3211 3742 3364 3801 opus
3382 3723 3542 3802 quod
3570 3741 3716 3781 con-

2151 3817 2371 3877 sulitur
2390 3817 2535 3893 jure
2559 3816 2869 3895 prohiberi
2890 3834 3017 3875 0011
3039 3816 3251 3893 possit,
3278 3833 3393 3875 nec
3417 3821 3717 3892 tanquam

2151 3909 2387 3969 malum
2417 3908 2711 3982 refutari,
2753 3913 2815 3968 et
2850 3908 3051 3984 quoad
3080 3907 3196 3966 hoc
3232 3907 3355 3965 (1101
3387 3912 3585 3985 potest
3610 3905 3718 3965 illa

2152 4001 2255 4061 lex
2302 4001 2569 4060 retinere
2608 4000 2738 4059 vim
2778 3999 2932 4076 legis
2953 4044 2973 4073 ,
3024 4006 3086 4058 et
3131 3998 3428 4075 obligare.
3480 4000 3557 4057 Et
3601 3998 3719 4057 hoc

2155 4093 2338 4152 modo
2366 4110 2509 4150 cum
2538 4092 2758 4169 majori
2786 4091 3159 4169 proprietate
3187 4090 3481 4150 dicuntur
3509 4090 3716 4149 consi-

2154 4186 2240 4246 lia
2267 4184 2624 4262 evangelica
2651 4185 2958 4262 pertinere
2988 4184 3064 4243 ad
3099 4183 3300 4260 legem
3331 4184 3545 4260 gratiae
3582 4188 3720 4242 tan-
3819 4231 3830 4234 -

2155 4295 2343 4358 quam
2372 4278 2711 4356 approbata
2739 4285 2800 4337 et
2827 4276 3097 4336 stabilita
3118 4294 3230 4356 pcr
3256 4276 3449 4336 illam.
3501 4277 3575 4335 Et
3601 4275 3719 4334 hac

2155 4371 2396 4431 ratione
2441 4388 2552 4448 pro
2601 4370 2870 4430 consiliis
2930 4369 3303 4446 evangelicis
3352 4369 3722 4427 damnamus

2157 4462 2498 4536 haereticoS,
2537 4463 2643 4540 qui
2675 4467 3104 4541 paupertatem
3135 4467 3244 4521 aut
3279 4461 3724 4521 continentiam

2157 4554 2619 4633 reprehendunt
2676 4560 2976 4632 tanquam
3022 4559 3262 4614 naturae
3322 4552 3717 4612 contrariam.

2159 4649 2249 4707 Ita
2276 4665 2422 4723 ergo
2451 4646 2623 4706 nulla
2651 4646 2753 4706 lex
2781 4654 2892 4720 est,
2924 4647 3023 4706 vel
3050 4646 3365 4724 dispositio
3393 4645 3725 4723 superioris

2159 4758 2294 4818 quae
2314 4738 2637 4817 participet
2663 4739 2969 4798 rationem
2989 4740 3163 4817 legis,
3195 4740 3312 4799 nisi
3331 4739 3396 4798 in
3419 4743 3725 4817 quantum

2160 4832 2603 4908 obligationem
2630 4830 2891 4890 inducit.

2241 4926 2336 4985 12.
2389 4923 2666 4986 Secunda
2723 4925 2995 4985 assertio.
3013 4957 3096 4970 —
3123 4924 3554 5002 Obliyationem
3606 4940 3729 4986 esse

2161 5019 2539 5095 adaequatum
2560 5018 2835 5096 effectum
2865 5016 3037 5094 leqis.
3057 5016 3296 5075 —Dico
3322 5015 3623 5076 secundo:
3662 5016 3728 5075 Si

2163 5109 2457 5186 obligatio
2480 5108 2725 5186 proprie
2753 5113 2815 5167 et
2838 5126 2981 5167 cum
3004 5109 3399 5187 proportione
3422 5114 3727 5180 sumatur,

521 5198 683 5257 sicut
720 5197 796 5257 de
841 5200 1244 5275 promissione
1296 5201 1599 5275 diximus,
1648 5201 1748 5260 vel
1787 5201 1975 5261 etiam
2006 5201 2082 5260 de
2173 5205 2415 5279 semp'er
2438 5201 2635 5259 oritur
2662 5218 2738 5260 ex
2766 5199 2973 5278 aliquo
2996 5201 3135 5277 jure
3160 5205 3220 5258 et
3247 5200 3404 5277 lege,
3433 5204 3619 5277 atque
3644 5199 3736 5258 ita

524 5289 666 5365 lege
714 5290 1015 5366 punitiva,
1074 5300 1381 5369 quatenus
1431 5293 1667 5370 obligat
1706 5293 1985 5370 judicem
2025 5298 2096 5351 ut
2176 5293 2241 5351 in
2270 5283 2387 5351 hoc
2412 5310 2595 5351 sensu
2617 5292 2735 5351 dici
2755 5298 2955 5370 potest
2978 5291 3079 5351 hic
3102 5291 3352 5352 effectus
3378 5292 3736 5369 adaequatus

522 5382 643 5440 tale
676 5382 915 5459 justum
946 5390 1392 5442 nocumentum
1429 5385 1678 5460 inferat,
1713 5387 1799 5445 ita
1828 5386 1896 5445 in
1938 5403 2097 5464 prae-
2178 5384 2354 5461 10315.
2388 5384 2738 5443 Declaratur
2764 5384 3074 5443 breviter:
3113 5401 3260 5443 nam
3288 5384 3593 5461 imprim1s
3626 5402 3738 5443 ne-

521 5476 679 5536 senti
707 5473 1037 5538 dicendum
1062 5482 1173 5539 est.
2181 5494 2344 5539 cesse
2393 5483 2484 5536 est
2532 5475 2703 5557 loqui
2747 5477 2824 5538 de
2876 5476 3250 5556 obligatione
3305 5477 3740 5537 communitati
