3976 6219
797 429 933 483 m.
960 430 1092 484 xm.
1125 429 1341 484 mm!
1370 431 1497 484 mx
1526 428 1835 484 (mmmm
1865 430 2079 486 Possm
2109 430 2646 499 concoummssn,
2677 433 2815 488 ETC.

202 524 373 607 cipit
389 525 752 589 exercitium
774 527 942 590 illius
962 536 1133 592 actus
1146 531 1467 594 exterioris
1486 530 1554 593 in
1566 531 1783 594 ordine

202 619 303 680 ad
345 619 535 681 talem
559 618 777 696 finem,
810 627 874 682 et
915 629 1066 684 tunc
1096 630 1473 704 praeceptum
1500 625 1783 686 divinum

157 749 164 754 ⁴
202 712 326 772 vel
371 712 653 774 naturale
694 713 929 794 obligat
961 716 1041 777 ad
1077 717 1462 795 operandum
1495 734 1639 778 cum
1672 715 1783 776 tali

204 803 594 882 intentione,
631 806 732 868 vel
768 825 1093 885 consensu,
1137 815 1254 871 etc.
1299 809 1381 872 At
1416 809 1535 870 hoc
1580 826 1782 888 neque

207 897 658 960 universaliter
682 916 901 960 verum
919 906 1033 976 est,
1071 918 1186 963 nec
1213 902 1281 962 111
1313 900 1524 981 aliquo
1554 919 1633 963 ex
1653 901 1784 962 dic-

207 988 306 1050 tis
328 990 624 1069 exemplis
649 992 937 1054 sustineri
959 997 1181 1072 potest.
1213 993 1492 1056 Primum
1519 999 1690 1074 patet
1713 993 1784 1054 in

211 1089 391 1160 actu,
416 1083 592 1145 verbi
622 1085 844 1164 gratia,
881 1086 1187 1148 recitandi
1214 1086 1397 1149 horas
1417 1088 1778 1151 canonicas:

212 1193 375 1236 nam
400 1176 606 1255 legere
635 1178 848 1240 omnia
874 1177 984 1241 illa
1022 1197 1160 1260 quoe
1181 1180 1542 1257 recitantur,
1572 1181 1784 1242 auimo

214 1267 600 1346 addiscendi,
629 1269 730 1332 vel
760 1271 1090 1334 retricandi
1117 1273 1504 1349 memoriam,
1543 1291 1672 1335 non
1694 1280 1787 1336 est

217 1378 337 1440 per
362 1379 427 1422 se
447 1362 711 1439 malum,
741 1381 857 1425 nec
890 1372 1105 1427 contra
1123 1366 1228 1445 jus
1253 1365 1537 1430 naturale
1562 1372 1673 1427 aut
1690 1365 1783 1426 di-

221 1453 469 1531 vinum,
492 1460 565 1515 ut
590 1473 699 1535 per
718 1474 784 1518 se
813 1463 1092 1536 constat3
1126 1464 1189 1520 et
1212 1464 1424 1522 tamen
1451 1459 1562 1539 qui
1585 1459 1670 1520 sic
1695 1459 1782 1520 le-

224 1553 403 1624 geret
420 1548 605 1609 horas
622 1553 685 1609 et
704 1547 886 1610 aliter
915 1567 1043 1611 non
1077 1552 1384 1628 recitaret,
1416 1569 1546 1613 non
1568 1552 1786 1632 imple·

224 1645 325 1700 ret
373 1640 653 1702 Ecclesiae
707 1647 1083 1722 praeceptum
1136 1645 1474 1706 secundum
1524 1662 1780 1720 omnes;

227 1749 381 1811 ergo
398 1732 694 1811 obligatio
715 1735 1015 1796 recitandi
1037 1753 1181 1797 cum
1201 1736 1310 1798 illa
1327 1737 1673 1799 intentione
1695 1743 1787 1799 est

225 1843 306 1886 ex
333 1831 637 1904 praecepto
661 1825 963 1889 Ecclesiae.
994 1829 1164 1891 Idem
1201 1835 1292 1890 est
1331 1831 1408 1892 de
1440 1830 1787 1892 intentione

221 1918 565 1996 recipiendi
590 1919 872 1981 ordinem
890 1938 1134 1982 sacrum
1151 1922 1283 1984 sine
1306 1923 1514 1984 animo
1535 1941 1788 1985 servan-

219 2009 291 2069 di
317 2010 684 2086 castitatem,
712 2012 813 2073 vel
838 2014 919 2074 ad
947 2013 1123 2076 illam
1159 2032 1223 2076 se
1266 2014 1582 2094 obligandi
1608 2033 1625 2077 z
1669 2014 1789 2076 hoc

219 2100 346 2162 hoc
372 2102 542 2163 enim
567 2121 693 2164 non
727 2109 819 2165 est
837 2104 1171 2169 intrinsece
1196 2107 1454 2184 malum,
1489 2114 1600 2169 aut
1643 2126 1789 2170 con-

217 2199 324 2256 tra
349 2195 449 2273 jus
477 2196 788 2273 divinum,
828 2203 891 2259 et
917 2204 1128 2261 tamen
1159 2217 1325 2260 nunc
1349 2205 1439 2261 est
1473 2206 1791 2278 peccatum

219 2287 487 2350 mortale
528 2305 608 2350 ex
650 2289 716 2350 vi
766 2291 1057 2371 praecepti
1101 2291 1400 2354 Ecclesiae.
1435 2293 1606 2353 Idem
1646 2290 1793 2353 licet

221 2381 613 2442 considerare
660 2383 727 2442 in
775 2388 1076 2462 praecepto
1118 2383 1309 2445 dandi
1350 2385 1548 2464 gratis
1575 2385 1789 2445 titulos

224 2473 487 2548 ordinis,
527 2479 636 2536 aut
679 2475 950 2536 officium
991 2477 1332 2555 temporale
1362 2477 1664 2552 Ecclesiae,
1688 2476 1791 2539 vel

223 2564 466 2644 aliquid
496 2566 697 2628 simile
724 2566 889 2646 quod
916 2585 1045 2628 11011
1072 2569 1154 2629 sit
1179 2569 1563 2648 prohibitum
1599 2568 1789 2630 vendi

214 2657 366 2736 jure
407 2659 699 2736 naturali,
746 2666 856 2721 aut
890 2660 1124 2736 divino,
1167 2662 1273 2722 sed
1317 2665 1565 2721 tantum
1597 2660 1789 2722 eccle·

224 2750 473 2812 siastico
495 2773 513 2825 3
550 2769 699 2812 nam
723 2752 990 2814 intentio
1009 2752 1201 2814 dandi
1228 2754 1420 2833 gratis
1444 2752 1633 2814 talem
1653 2770 1789 2814 rem

226 2861 400 2905 1111110
427 2845 767 2906 necessaria
798 2850 891 2906 est
912 2845 991 2905 ad
1007 2845 1329 2906 vitandum
1354 2851 1698 2924 peccatum,
1724 2850 1788 2905 et

228 2954 360 2996 11011
413 2955 490 2998 ex
532 2937 673 3015 jure
722 2937 967 3013 divin03
1019 2953 1167 3015 ergo
1213 2954 1293 2997 ex
1346 2936 1752 2998 ecclesiastico
1763 2952 1785 3013 3

229 3045 380 3106 ergo
408 3028 816 3090 ecclesiastica
838 3029 937 3090 lex
954 3034 1156 3108 potest
1190 3028 1463 3108 obligare
1503 3029 1583 3088 ad
1621 3028 1791 3089 simi-

229 3121 360 3183 lem
407 3123 841 3185 intentionem.
896 3124 1025 3183 Imo
1069 3123 1137 3182 in
1181 3122 1299 3183 hoc
1323 3129 1385 3183 et
1420 3122 1791 3200 praecedenti

233 3215 517 3294 exemplo
543 3214 647 3276 lex
688 3214 970 3276 Ecclesiae
1005 3231 1134 3274 non
1172 3212 1409 3292 obligat
1432 3213 1793 3293 simpliciter

231 3306 315 3367 ad
340 3305 480 3382 hoc,
501 3307 600 3368 vel
613 3307 768 3369 illud
788 3307 1057 3368 exterius
1079 3305 1493 3382 efficiendum,
1511 3306 1618 3367 sed
1637 3305 1792 3366 obli-

233 3403 345 3477 gat
366 3405 459 3476 ut,
486 3399 538 3460 si
558 3398 689 3476 fiat,
718 3399 909 3479 gratis
929 3397 1063 3474 fiat,
1093 3398 1257 3478 quod
1279 3397 1507 3477 pendet
1532 3399 1790 3460 omnino

230 3508 311 3552 ex
336 3492 679 3553 intentione
707 3492 977 3567 interna,
1006 3509 1146 3570 quoe
1167 3507 1296 3551 non
1314 3495 1409 3552 est
1427 3489 1793 3569 simpliciter

229 3585 582 3646 neccssaria
606 3584 682 3647 ad
713 3596 920 3646 actum
945 3589 1298 3658 externum,
1328 3599 1442 3643 nec
1470 3600 1582 3662 per
1607 3581 1790 3643 illum

232 3678 607 3740 sufficienter
632 3677 1060 3739 manifestatur
1073 3690 1095 3752 3
1127 3692 1277 3736 nam
1303 3679 1508 3754 posset
1525 3691 1655 3735 osse
1682 3674 1790 3735 da-

230 3771 346 3846 tio,
373 3776 436 3832 et
455 3770 747 3849 receptio,
768 3776 830 3831 et
860 3775 1125 3848 utraque
1152 3768 1344 3847 gratis
1372 3765 1529 3829 fieri.
1558 3767 1628 3828 In
1649 3766 1788 3829 aliis

232 3863 424 3924 etiam
451 3862 745 3942 exemplis
771 3861 973 3923 allatis
1006 3878 1134 3921 non
1167 3864 1366 3940 potest
1402 3859 1648 3921 admitti
1678 3859 1790 3921 illa

230 3956 570 4035 responsio,
590 3960 727 4016 tum
745 3955 893 4035 quia
912 3972 1072 4033 saepe
1098 3959 1191 4015 est
1205 3953 1390 4031 longe
1417 3952 1618 4031 major
1635 3950 1790 4012 obli-

231 4049 401 4127 gatio
438 4047 708 4110 habendi
730 4047 923 4110 talem
959 4052 1171 4108 actum
1204 4045 1522 4106 internum
1549 4044 1790 4107 ratione

231 4142 518 4220 praecepti
546 4140 958 4215 ecclesiastici,
989 4156 1179 4219 quam
1209 4142 1367 4198 esset
1393 4136 1525 4197 sine
1556 4135 1685 4211 illo,
1717 4140 1792 4198 ut

232 4233 552 4294 interdum
579 4230 719 4293 ficte
744 4230 1128 4305 contrahere,
1159 4229 1260 4290 vel
1284 4227 1560 4309 proferre
1580 4225 1793 4306 aliqua

237 4325 448 4401 verba,
491 4330 651 4387 esset
685 4329 933 4385 tantum
956 4323 1197 4384 veniale
1224 4326 1547 4402 peccatum
1575 4338 1653 4381 ex
1682 4337 1793 4381 na·

239 4422 383 4478 tura
417 4417 532 4493 rei,
571 4424 635 4479 et
674 4417 871 4496 posita
911 4415 1049 4494 lege
1081 4414 1359 4475 humana
1401 4412 1795 4492 praecipiente

239 4509 428 4571 talem
460 4515 862 4584 contractum,
904 4509 1025 4569 erit
1051 4524 1240 4586 grave
1265 4511 1628 4587 peccatum:
1658 4510 1795 4565 tum

240 4605 424 4666 etiam
456 4605 603 4684 quia
629 4608 947 4684 peccatum
974 4601 1138 4682 quod
1180 4601 1268 4662 ibi
1304 4600 1458 4661 solet
1489 4598 1796 4661 committi

238 4702 450 4757 contra
475 4698 576 4776 jus
592 4695 897 4770 naturale,
927 4694 1080 4755 solet
1113 4711 1244 4755 esse
1271 4698 1593 4772 peccatum
1625 4708 1790 4752 com·

240 4789 570 4865 missionis,
615 4788 715 4849 vel
754 4787 1084 4863 mendacii,
1114 4790 1224 4847 aut
1249 4785 1540 4860 fictionis,
1569 4783 1668 4845 vel
1702 4785 1798 4844 in-

234 4880 417 4959 juriae
446 4881 512 4941 in
538 4881 916 4960 proximum,
953 4879 1054 4940 vel
1087 4879 1157 4939 111
1190 4879 1409 4954 Deum,
1441 4875 1588 4956 quia
1625 4880 1797 4937 actus

241 4973 503 5034 exterior
549 4973 636 5034 sic
684 4973 887 5035 factus
934 4970 1198 5032 involvit
1239 4969 1608 5050 injustitiam
1628 5012 1649 5044 ,
1700 4966 1798 5028 vel

242 5065 428 5127 aliam
456 5064 724 5127 similem
745 5065 1084 5127 malitiam:
1130 5068 1197 5124 at
1234 5081 1405 5136 vero,
1437 5066 1636 5122 stante
1661 5060 1799 5139 lege

240 5159 499 5239 positiva
528 5159 925 5240 praecipiente
963 5158 1155 5218 talem
1188 5162 1420 5232 actum,
1469 5160 1685 5215 contra
1727 5152 1802 5213 il-

240 5252 365 5313 lam
392 5258 679 5332 peccatur
696 5269 810 5333 per
828 5251 1249 5326 omissionem,
1273 5255 1348 5311 ut
1370 5247 1579 5309 statim
1600 5245 1803 5307 decla-

243 5351 436 5407 ratur.

319 5438 382 5498 8.
425 5438 721 5502 Proedicti
746 5444 919 5503 actm
946 5443 1090 5501 sunt
1125 5434 1446 5501 ”massarii
1481 5433 1564 5496 ad
1584 5432 1803 5495 huma-

241 5550 382 5597 nm
417 5533 747 5597 convictum
773 5578 790 5608 ,
831 5533 925 5597 vol
959 5532 1043 5597 ad
1075 5530 1302 5598 ouum
1343 5526 1689 5610 micioni-5.
1719 5553 1804 5571 —

1862 529 2044 592 Ratio
2068 541 2280 594 autem
2306 549 2346 593 a
2373 533 2564 613 priori
2591 533 2944 596 assertionis
2976 550 3105 596 esse
3130 535 3376 599 videtur
3392 583 3415 615 ,

1863 623 2011 703 quia
2050 623 2154 684 isti
2189 629 2362 686 actus
2397 626 2628 688 interni
2670 633 2816 688 sunt
2841 627 3167 688 necessarii
3199 630 3275 690 ad
3301 630 3420 690 hu-

1863 733 2125 777 manum
2165 717 2538 794 convictum,
2589 718 2691 781 vel
2715 719 2795 780 ad
2833 720 3070 781 cultum
3099 720 3420 800 religionis

1861 808 1930 869 in
1956 809 2227 870 Ecclesia
2252 811 2685 884 necessarium,
2712 829 2840 872 non
2862 813 3061 873 solum
3088 814 3422 875 materiali-

1863 906 1959 962 ter
1976 901 2210 979 sumpti
2228 902 2568 963 secundum
2587 921 2717 965 esse
2733 903 3081 983 physicum,
3103 905 3210 966 sed
3231 906 3421 967 etiam

1862 990 2208 1053 formaliter
2241 994 2475 1073 accepti
2509 1000 2583 1055 ut
2613 1000 2758 1057 sunt
2788 995 2945 1058 tales
2965 1003 3139 1058 actus
3158 999 3420 1060 morales

1866 1085 1967 1146 vel
2009 1087 2183 1165 quasi
2226 1085 2576 1149 artificiales
2590 1134 2611 1164 ,
2647 1089 2712 1150 id
2752 1093 2846 1150 est
2869 1136 2886 1162 ,
2931 1096 3232 1168 quatenus
3276 1098 3422 1153 sunt

1867 1183 2239 1255 contractus,
2264 1185 2742 1257 sacramentum,
2767 1181 3163 1259 sacrificium,
3195 1183 3419 1261 cultus»,

1869 1271 2098 1346 oratio,
2135 1275 2198 1333 et
2237 1271 2467 1334 similes
2502 1293 2518 1332 ε
2563 1290 2713 1351 ergo
2758 1273 2838 1334 ad
2873 1280 3107 1337 rectam
3145 1276 3424 1338 Ecclesioe

1868 1362 2384 1442 gubernationem
2407 1366 2752 1427 necessaria
2781 1365 2876 1426 illi
2905 1366 3025 1428 fuit
3050 1373 3318 1448 potestas
3342 1368 3422 1430 ad

1869 1455 2354 1535 praecipiendum
2381 1474 2565 1518 usum
2594 1462 2655 1518 et
2686 1458 3049 1520 exercitium
3075 1460 3296 1521 talium
3325 1479 3424 1522 ac-

1865 1551 2069 1623 tuum,
2098 1547 2439 1609 secundum
2464 1548 2618 1610 talos
2641 1549 2932 1611 formales
2959 1553 3251 1614 rationes.
3287 1554 3424 1614 Non

1864 1650 2119 1719 possunt
2140 1645 2353 1702 autem
2375 1641 2465 1702 ita
2489 1642 2737 1722 praecipi
2755 1688 2776 1719 ,
2815 1644 2967 1722 quin
2990 1646 3426 1725 praecipiantur

1864 1738 2035 1794 actus
2054 1733 2309 1810 interni,
2342 1734 2477 1796 sine
2504 1734 2729 1814 quibus
2757 1738 3029 1798 rationes
3052 1738 3176 1799 11100
3198 1740 3425 1800 consis-

1863 1830 1994 1886 tere
2018 1844 2149 1887 non
2174 1831 2431 1907 possunt
2456 1843 2473 1887 ε
2499 1845 2650 1906 ergo
2674 1827 2783 1888 illo
2807 1830 2991 1889 modo
3012 1831 3263 1910 praecipi
3286 1850 3424 1910 pos-

1865 1923 2033 1994 sunt,
2055 1919 2184 1980 sive
2203 1935 2315 2002 per
2330 1924 2502 1980 actus
2523 1929 2807 1981 externos
2829 1921 3206 1983 sufficienter
3224 1924 3426 1984 mani-

1862 2009 2188 2089 festentur,
2208 2011 2337 2072 sive
2355 2028 2506 2087 non,
2527 2013 2696 2091 quia,
2718 2018 2790 2074 ut
2801 2014 3260 2093 praecipiantur,
3278 2016 3425 2077 satis

1864 2107 1957 2163 est
1978 2100 2087 2163 illa
2108 2102 2456 2164 necessaria
2474 2105 2799 2180 connexio,
2829 2106 2977 2183 quia
2999 2124 3127 2166 non
3145 2109 3426 2187 praccipi-

1864 2199 2058 2254 untur
2078 2212 2190 2275 per
2215 2212 2305 2270 se,
2337 2194 2445 2256 sed
2481 2197 3079 2276 compraecipiuntur,
3106 2216 3221 2259 nec
3247 2199 3427 2262 aliter

1865 2291 2121 2364 possunt
2150 2286 2402 2366 praecipi
2427 2286 2756 2348 efficaciter
2785 2286 2937 2349 tales
2968 2295 3139 2350 actus
3162 2292 3422 2352 externi.

1866 2377 2280 2439 Confirmatur
2306 2395 2378 2439 ac
2403 2377 2782 2455 declaratur,
2824 2381 2972 2458 quia
2998 2382 3158 2442 ratio
3184 2383 3426 2462 potissi-

1865 2487 1993 2542 ma,
2009 2470 2092 2531 ob
2107 2488 2297 2551 quam
2315 2476 2515 2549 potest
2533 2471 2721 2531 simul
2738 2490 2881 2532 cum
2892 2473 3130 2533 actione
3144 2476 3428 2536 materia·

1863 2563 1904 2624 li
1932 2570 2190 2626 externa
2209 2565 2456 2644 praecipi
2483 2564 2769 2626 voluntas
2793 2563 3057 2625 faciendi
3088 2566 3283 2642 illam,
3311 2575 3425 2645 est,

1864 2657 2013 2735 quia
2042 2656 2150 2716 illa
2173 2657 2337 2717 actio
2369 2660 2626 2717 externa
2652 2660 2745 2716 est
2768 2657 3113 2718 necessaria
3149 2659 3228 2719 ad
3262 2677 3429 2721 com-

1866 2765 2058 2809 mune
2075 2747 2311 2809 bonum
2328 2746 2705 2827 reipublicae,
2718 2752 2781 2808 et
2788 2766 2917 2809 non
2933 2754 3138 2829 potest
3150 2750 3428 2813 humano

1865 2841 2052 2901 modo
2078 2840 2332 2919 praecipi
2346 2884 2367 2917 ,
2420 2856 2547 2900 non
2575 2844 2881 2918 praecepta
2906 2839 3268 2917 voluntate3
3319 2843 3427 2904 sed

1864 2932 2056 2992 etiam
2077 2932 2145 2992 hi
2169 2937 2340 2992 actus
2368 2932 2611 2993 externi
2638 2936 2784 2992 sunt
2807 2933 3131 2994 necessarii
3153 2951 3427 2996 eommu-

1866 3023 2050 3084 nitati
2080 3024 2369 3084 humanae
2402 3022 2742 3085 secundum
2777 3024 2969 3085 dictas
3003 3026 3272 3087 rationes
3294 3044 3427 3088 mo-

1870 3116 2053 3191 rales,
2074 3121 2136 3176 et
2153 3116 2496 3177 secundum
2514 3115 2653 3177 illas
2674 3115 3003 3178 subsistere
3022 3135 3150 3180 non
3171 3126 3428 3198 possunt

1869 3208 2003 3269 sine
2016 3208 2298 3269 internis:
2314 3226 2462 3287 ergo
2471 3207 2539 3267 hi
2550 3208 2739 3268 etiam
2749 3209 3130 3290 compraecipi
3144 3217 3424 3290 possunt.

1947 3301 2012 3361 9.
2057 3299 2339 3377 Accedit,
2373 3300 2539 3380 quod
2566 3299 2944 3380 ubicumque
2971 3308 3144 3363 actus
3170 3303 3431 3367 interior

1867 3390 1982 3453 hoc
2010 3392 2198 3454 modo
2224 3392 2623 3471 conjungitur
2644 3409 2787 3452 cum
2811 3399 3091 3469 externo,
3121 3394 3346 3456 morali
3368 3402 3432 3457 et

1867 3482 2148 3547 humano
2193 3485 2379 3546 modo
2419 3502 2532 3564 per
2571 3484 2753 3545 illum
2789 3486 3246 3563 manifestatur,
3283 3489 3431 3568 quia

1866 3579 2263 3657 praesumitur
2278 3577 2467 3639 homo
2479 3576 2707 3639 habere
2725 3577 2999 3640 debitam
3016 3579 3430 3643 intentionem

1867 3688 2014 3731 cum
2035 3675 2357 3749 operatur,
2387 3670 2531 3732 licet
2557 3685 2687 3731 11011
2711 3672 2790 3732 sit
2819 3670 3167 3732 infallibilis
3191 3672 3431 3734 indica-

1865 3763 1977 3839 tio,
2017 3764 2165 3843 quia
2195 3768 2397 3843 potest
2421 3763 2613 3825 homo
2647 3780 2779 3826 esse
2806 3763 2989 3825 fictus
3023 3770 3089 3826 et
3112 3766 3427 3828 mendax:

1866 3873 2015 3935 ergo
2036 3855 2190 3917 illud
2222 3855 2467 3930 sufficit,
2497 3860 2569 3915 ut
2593 3855 2736 3917 talis
2758 3862 2935 3918 actus
2956 3857 3217 3920 interior
3241 3859 3434 3939 possit

1867 3948 2106 4009 involvi
2149 3948 2243 4025 (ut
2285 3947 2372 4008 sic
2413 3946 2641 4023 dicam)
2687 3964 2798 4018 seu
2838 3949 3275 4029 comprehendi
3315 3950 3431 4011 sub

1869 4038 2194 4120 adoequata
2224 4037 2488 4100 materia
2514 4042 2579 4098 et
2610 4037 2987 4118 obligatione
3017 4040 3173 4119 legis
3202 4039 3433 4102 huma-

1870 4149 1988 4194 nae.
2047 4131 2324 4210 Denique
2372 4127 2774 4190 confirmatur
2821 4149 2861 4191 a
2902 4133 3237 4208 contrari0,
3285 4133 3434 4213 quia

1873 4243 2034 4305 saepe
2060 4224 2343 4305 superior
2365 4227 2564 4303 potest
2584 4221 2860 4301 obligare
2884 4224 2964 4285 ad
2983 4226 3218 4306 aliquid
3246 4244 3435 4305 agen-

1872 4315 2026 4377 dum
2036 4361 2057 4392 ,
2106 4315 2390 4395 quamvis
2425 4314 2713 4376 honestas
2748 4314 2849 4377 vel
2894 4317 3127 4378 utilitas
3175 4319 3433 4381 actionis

1875 4408 2196 4469 exterioris
2208 4416 2527 4488 praeceptae
2548 4411 2678 4467 tota
2699 4407 2965 4487 pendeat
2987 4427 3065 4471 ex
3086 4411 3433 4474 intentione

1873 4500 2307 4581 preacipientis,
2336 4504 2706 4579 argumento
2736 4499 2884 4561 dicti
2914 4518 2970 4563 c.
3010 4502 3429 4580 Venorabilem,

1875 4591 1912 4672 ἓ
1958 4592 2197 4672 penult.
2247 4593 2324 4654 de
2369 4594 2646 4655 Sentent.
2695 4609 2934 4655 excom.
2962 4637 2985 4668 ,
3034 4594 3101 4654 in
3148 4595 3208 4656 6.
3252 4595 3435 4674 juxta

1875 4684 2099 4761 Gloss.,
2127 4684 2301 4747 verb.
2326 4686 2381 4748 J
2379 4686 2600 4748 ustitia
2621 4730 2643 4761 ,
2675 4686 2823 4764 quia
2844 4703 2972 4746 non
2999 4703 3242 4767 semper
3264 4694 3435 4750 tene-

1875 4782 1980 4838 tur
2029 4778 2309 4857 superior
2350 4776 2659 4838 rationem
2708 4778 2806 4838 sui
2850 4779 3144 4858 praecepti
3188 4779 3435 4840 subdito

1874 4870 2170 4931 reddere:
2201 4887 2348 4949 ergo
2370 4869 2588 4930 eadem
2614 4869 2856 4932 ratione
2875 4878 3080 4952 potest
3104 4872 3436 4952 praecipere

1877 4969 2083 5025 actum
2105 4969 2432 5026 externum
2462 4962 2577 5025 sub
2617 4963 2967 5027 intentione
3002 4983 3142 5045 quse
3169 4967 3437 5046 pendeat

1877 5073 1917 5117 a
1946 5056 2263 5118 voluntate
2285 5056 2516 5117 subditi
2540 5057 2877 5136 operantis,
2904 5058 3144 5119 etiamsi
3170 5058 3313 5119 talis
3338 5059 3437 5120 in-

1877 5150 2072 5211 tentio
2101 5150 2296 5211 videri
2321 5168 2450 5211 non
2475 5150 2687 5228 possit.
2743 5151 2821 5210 Et
2859 5150 3072 5212 multas
3098 5169 3174 5212 ex
3205 5151 3304 5212 his
3328 5171 3436 5215 ra-

1876 5240 2151 5301 tionibus
2174 5241 2441 5321 probant
2460 5240 2629 5301 idem
2657 5241 2733 5301 de
2761 5240 2999 5319 legibus
3027 5242 3335 5321 civilibus,
3363 5253 3434 5308 ut

1876 5332 2187 5395 insinuavi
2209 5333 2320 5394 lib.
2352 5334 2413 5408 3,
2438 5350 2493 5393 0.
2531 5333 2611 5407 53
2646 5333 2948 5411 majorem
2972 5340 3183 5396 autem
3206 5336 3437 5415 proba-

1876 5425 2112 5487 tionem
2161 5427 2230 5487 111
2279 5425 2448 5486 1111110
2492 5424 2702 5485 10011111
2746 5427 3076 5504 reservavi,
3116 5428 3265 5507 quia
3308 5429 3440 5490 haec

1877 5518 2208 5581 necessitas
2230 5516 2620 5600 frequentius
2649 5518 2918 5581 occurrit
2943 5520 3014 5585 in
3047 5518 3311 5583 materia
3337 5537 3440 5584 ca-
