3976 6219
852 410 985 461 CAP.
1022 411 1107 467 m.
1143 410 1228 461 AN
1258 410 1571 463 POTESTAS
1604 413 1870 467 Fam-:Nm
1902 413 2097 468 LEGES
2130 414 2425 469 HUMANAS
2457 414 2552 466 SIT
2586 413 2771 477 DATA,
2808 414 2943 465 ETC.

282 513 551 574 formam
583 509 690 570 dat
723 508 1229 585 consequentiam
1258 509 1336 568 ad
1364 509 1653 570 formam.
1701 513 1845 571 Pro-

284 606 468 667 batur
497 604 724 683 primo,
752 602 898 680 quia
923 602 1083 660 Deus
1110 608 1238 661 non
1265 601 1371 660 dat
1392 602 1553 662 hanc
1580 608 1846 682 potesta-

283 704 412 759 tem
435 715 547 776 per
576 694 902 774 specialem
931 694 1236 754 actionem
1264 695 1364 755 vel
1392 696 1847 757 concessionem

284 810 324 853 a
354 790 660 851 creatione
701 787 1052 848 distinctam
1077 809 1095 861 3
1148 786 1301 847 alias
1340 786 1416 848 de
1448 788 1561 848 tali
1602 807 1848 850 conces—

283 884 453 944 sione
478 882 731 943 deberet
751 898 860 960 per
882 872 1323 941 revelationem
1347 888 1650 957 constare,
1682 883 1849 961 quod

284 976 511 1037 falsum
535 992 664 1035 esse
684 978 958 1034 constat:
992 971 1222 1050 alioqui
1249 991 1374 1033 non
1398 979 1556 1035 esset
1576 974 1717 1034 talis
1740 994 1848 1054 po-

286 1075 471 1129 testas
496 1066 798 1128 naturalis
825 1087 842 1140 ;
874 1083 1022 1143 ergo
1045 1065 1228 1126 datur
1248 1072 1318 1125 ut
1339 1067 1682 1144 proprietas
1702 1086 1848 1128 con-

288 1179 550 1240 sequens
578 1165 892 1233 naturam,
928 1157 1251 1233 nimirum,
1282 1158 1488 1219 medio
1514 1159 1849 1222 dictamine

286 1254 543 1315 rationis
576 1250 878 1313 naturalis
912 1250 1287 1311 ostendentis
1313 1252 1511 1311 Deum
1546 1251 1852 1312 sufficien-

281 1352 380 1408 ter
402 1346 736 1426 providisse
759 1344 1036 1404 humano
1058 1343 1294 1421 generi,
1326 1349 1388 1403 et
1406 1350 1851 1422 consequenter

282 1439 377 1500 illi
415 1439 654 1500 dedisse
689 1442 1054 1518 potestatem
1094 1437 1175 1497 ad
1208 1454 1383 1497 suam
1430 1439 1849 1498 conservatio-

282 1550 430 1594 nem
452 1537 513 1593 et
541 1530 1012 1592 convenientem
1036 1528 1550 1608 gubernationem
1575 1549 1847 1592 necessa-

285 1642 468 1686 nam.

364 1718 425 1778 6.
472 1717 750 1778 Potestas
802 1715 1095 1793 pra-dicta
1141 1716 1375 1795 quando
1433 1716 1712 1778 resultat.
1760 1749 1844 1764 ·—

285 1807 589 1884 Secund0‚
608 1825 811 1869 assero
828 1806 990 1867 banc
1006 1812 1372 1886 potestatem
1393 1826 1521 1868 non
1541 1809 1842 1871 resultare

285 1902 352 1961 in
389 1900 667 1961 humana
709 1905 929 1960 natura
947 1946 969 1975 ,
1017 1900 1212 1960 donec
1238 1900 1522 1961 homines
1553 1901 1621 1960 in
1650 1920 1842 1962 unam

281 1994 789 2053 communitatem
817 1992 1151 2071 perfectam
1171 1999 1627 2071 congregentur
1650 1999 1711 2054 et
1735 2012 1844 2073 po·

277 2084 443 2144 litice
472 2086 791 2145 uniantur.
843 2085 1146 2145 Probatur
1169 2129 1189 2158 ,
1243 2086 1390 2163 quia
1416 2084 1548 2146 haec
1576 2092 1844 2165 potestas

272 2196 398 2238 non
424 2178 601 2237 estin
625 2177 889 2253 singulis
910 2177 1268 2237 hominibus
1286 2178 1532 2239 divisim
1556 2181 1841 2259 sumptiS,

269 2288 382 2330 nec
405 2270 472 2328 in
494 2268 856 2329 collectione
877 2270 977 2329 vel
1001 2269 1405 2330 multitudine
1426 2289 1645 2331 eorum
1668 2273 1845 2352 qnasi

274 2361 525 2422 confuse
555 2366 618 2422 et
653 2362 787 2421 sine
826 2361 1046 2421 ordine
1074 2367 1135 2422 et
1165 2363 1395 2423 unione
1423 2363 1844 2425 membrorum

274 2455 341 2514 in
375 2473 575 2514 unum
613 2471 834 2533 corpus
850 2469 870 2529 3
907 2471 1054 2531 ergo
1097 2455 1270 2533 prius
1314 2461 1407 2514 est
1451 2456 1571 2516 tale
1622 2474 1843 2535 corpus

276 2546 597 2627 politicum
616 2547 905 2607 constitui
925 2563 1112 2624 quam
1131 2546 1211 2606 sit
1230 2546 1298 2606 in
1320 2547 1677 2609 hominibus
1700 2549 1842 2610 talis

275 2646 582 2719 potestas,
619 2640 765 2719 quia
787 2638 959 2718 prius
986 2656 1116 2700 esse
1146 2639 1329 2700 debet
1356 2640 1704 2718 subjectum
1732 2659 1838 2720 po-

278 2732 514 2793 testatis
546 2751 731 2812 quam
760 2737 1027 2811 potestas
1050 2733 1204 2812 ipsa,
1236 2733 1453 2793 saltem
1483 2734 1700 2794 ordine
1729 2753 1840 2795 na-

280 2829 456 2886 turae.
506 2826 708 2887 Semel
757 2831 968 2886 autem
1018 2827 1353 2886 constituto
1398 2825 1505 2886 illo
1560 2845 1834 2907 corpore,

281 2919 490 2980 statim
524 2938 600 2980 ex
627 2920 690 2979 vi
721 2920 979 2980 rationis
1019 2919 1320 2980 naturalis
1360 2925 1452 2980 est
1478 2921 1543 2980 in
1572 2921 1679 2981 illo
1706 2921 1840 2982 haec

279 3017 547 3091 potestas
578 3034 593 3073 ε
636 3030 783 3091 ergo
810 3017 972 3073 recte
1000 3011 1372 3090 intelligitur
1403 3030 1530 3074 esse
1563 3031 1674 3093 per
1702 3032 1840 3074 mo-

281 3104 432 3166 dum
478 3105 870 3185 proprietatis
913 3104 1267 3166 resultantis
1316 3125 1394 3167 ex
1437 3105 1546 3167 tali
1588 3125 1840 3186 corpore

278 3201 539 3279 mystico
580 3201 716 3280 jam
768 3201 1098 3261 constituto
1131 3201 1196 3260 in
1245 3200 1355 3262 tali
1401 3219 1554 3277 esse,
1606 3208 1668 3263 et
1712 3221 1841 3262 non

279 3292 480 3356 aliter.
510 3294 802 3367 Quocirca
831 3294 990 3354 sicut
1001 3294 1213 3369 hom0,
1231 3313 1304 3355 eo
1323 3294 1453 3374 ipso
1481 3295 1648 3374 quod
1669 3314 1837 3356 crea-

277 3391 383 3448 tur
403 3393 465 3448 et
485 3387 673 3448 babet
711 3405 896 3447 usum
928 3388 1210 3463 rationiS,
1253 3387 1440 3448 habet
1471 3394 1835 3467 potestatem

276 3480 345 3540 in
373 3481 636 3560 seipsum
667 3486 728 3541 et
753 3481 821 3540 in
848 3497 988 3540 suas
1015 3479 1336 3541 facultates
1361 3486 1423 3541 et
1451 3481 1731 3542 membra
1757 3481 1836 3543 ad

278 3591 493 3633 eorum
527 3591 735 3649 usum,
770 3578 833 3634 et
859 3591 933 3634 ea
963 3574 1203 3635 ratione
1230 3580 1320 3634 est
1356 3574 1722 3636 naturaliter
1760 3575 1834 3635 li-

276 3665 418 3735 ber,
453 3667 516 3726 id
545 3672 635 3727 est
648 3711 669 3742 ,
699 3684 828 3726 non
872 3685 1086 3727 servus
1113 3668 1220 3728 sed
1251 3667 1540 3727 dominus
1578 3687 1832 3729 suarum

276 3759 612 3836 actionum,
653 3760 741 3820 ita
772 3778 989 3839 corpus
1024 3760 1342 3839 politicum
1376 3759 1722 3838 hominum,
1759 3780 1832 3822 eo

274 3852 410 3933 ipso
434 3853 599 3931 quod
627 3871 738 3914 suo
765 3855 949 3915 modo
976 3854 1375 3933 producitur,
1417 3853 1604 3914 habet
1629 3860 1830 3934 potes-

273 3951 466 4007 tatem
495 3952 558 4007 et
581 3947 863 4025 regimen
890 3947 988 4007 sui
1020 3948 1211 4026 ipsius
1230 3993 1252 4023 ,
1300 3952 1363 4008 et
1392 3953 1835 4026 consequenter

272 4039 461 4101 habet
478 4041 667 4101 etiam
695 4044 1058 4120 potestatem
1082 4058 1268 4119 super
1297 4039 1580 4100 membra
1605 4058 1740 4116 sua,
1772 4046 1836 4101 et

273 4133 582 4213 peculiare
612 4133 960 4194 dominium
988 4133 1054 4192 in
1084 4132 1208 4193 illa.
1238 4132 1438 4210 Atque
1457 4132 1672 4193 eadem
1692 4151 1832 4211 pro-

274 4227 579 4305 portione,
600 4225 761 4286 sicut
787 4225 1040 4286 libertas
1062 4225 1207 4284 data
1234 4229 1327 4284 est
1357 4224 1688 4304 unicuique
1721 4223 1833 4286 ho-

274 4319 431 4378 mini
459 4319 538 4378 ab
574 4324 825 4379 auctore
860 4323 1119 4393 naturae,
1160 4334 1287 4376 non
1325 4321 1536 4376 tamen
1567 4318 1699 4378 sine
1736 4319 1830 4378 in-

273 4417 559 4473 terventu
588 4429 787 4472 causae
822 4411 1120 4489 proximae
1136 4455 1156 4485 ,
1197 4428 1305 4471 seu
1331 4410 1607 4490 parentis
1637 4429 1675 4471 a
1707 4428 1831 4489 quo

276 4504 680 4584 producitur:
711 4505 800 4564 ita
825 4504 957 4564 haec
984 4507 1249 4582 potestas
1277 4503 1460 4563 datur
1487 4504 1831 4564 communi-

280 4598 395 4658 tati
422 4597 750 4658 hominum
777 4596 858 4657 ab
882 4602 1133 4658 auctore
1161 4601 1418 4670 naturae,
1462 4615 1591 4657 non
1618 4604 1831 4659 tamen

277 4690 411 4752 sine
460 4690 817 4751 interventu
868 4689 1262 4750 voluntatum
1308 4695 1370 4750 et
1424 4708 1832 4751 consensuum

273 4782 625 4858 hominum,
648 4801 723 4844 ex
743 4783 965 4862 quibus
982 4782 1122 4843 talis
1140 4784 1548 4843 communitas
1566 4783 1835 4863 perfecta

276 4882 648 4955 congregata
680 4882 791 4937 est.
831 4878 1097 4951 Tamen,
1128 4876 1287 4936 sicut
1314 4875 1383 4936 in
1411 4877 1601 4955 priori
1628 4895 1833 4937 exem-

274 4969 379 5050 plo
406 4969 691 5031 voluntas
729 4969 1005 5049 parentis
1037 4968 1238 5029 solum
1266 4975 1358 5029 est
1384 4971 1725 5031 necessaria
1752 4968 1832 5030 ad

278 5064 727 5143 generandum,
771 5081 899 5123 non
935 5068 1146 5123 tamen
1184 5063 1522 5141 requiritur
1558 5063 1834 5141 specialis

272 5157 562 5218 voluntas
587 5155 775 5216 dandi
797 5154 926 5216 filio
948 5154 1318 5231 libertatem,
1345 5161 1459 5216 aut
1471 5155 1623 5216 alias
1642 5155 1835 5216 facul-

275 5255 435 5309 tates
467 5247 783 5309 naturales
803 5294 823 5324 ,
872 5265 1011 5328 quoe
1051 5266 1162 5327 per
1199 5266 1264 5308 se
1303 5266 1432 5308 non
1457 5247 1729 5327 pendent
1755 5249 1834 5309 ab

281 5340 530 5421 speciali
559 5340 877 5422 voluntate
904 5341 1259 5420 generantis
1268 5385 1289 5416 ,
1337 5340 1445 5401 sed
1472 5340 1837 5403 naturaliter

280 5441 782 5514 consequuntur:
816 5434 905 5494 ita
926 5434 991 5494 in
1017 5434 1304 5513 praesenti
1326 5433 1610 5495 voluntas
1637 5433 1839 5494 bomi-

280 5546 437 5589 num
464 5528 666 5590 solum
690 5533 782 5590 est
805 5528 1151 5590 necessaria
1175 5532 1248 5588 ut
1272 5544 1465 5588 unam
1493 5527 1838 5589 communi-

3373 409 3491 469 183

1926 519 2118 576 tatem
2163 516 2499 596 perfectam
2546 519 2964 593 componant:
3018 518 3089 572 ut
3127 518 3352 574 autem‘
3383 514 3490 576 illa

1927 609 2341 669 communitas
2382 607 2610 667 babeat
2663 606 3026 684 praedictam
3075 611 3442 686 potestatem
3469 654 3489 682 ,

1927 718 2056 760 non
2076 707 2167 761 est
2185 700 2524 761 necessaria
2542 698 2819 777 specialis
2837 698 3121 758 voluntas
3135 699 3486 776 hominum,

1929 793 2036 853 sed
2063 812 2142 854 ex
2170 800 2392 853 natura
2420 793 2513 853 rei
2549 792 2943 869 consequitur
2972 796 3033 851 et
3060 809 3137 850 ex
3165 793 3493 869 providen-

1930 885 2017 945 tia
2044 887 2310 946 auctoris
2338 891 2598 956 naturae,
2625 888 2688 943 et
2716 883 2784 941 in
2811 882 2929 942 hoc
2949 901 3132 942 sensu
3156 889 3317 945 recte
3342 885 3494 945 dici-

1929 984 2035 1039 tur
2059 979 2137 1038 ab
2167 980 2299 1058 ipso
2323 977 2677 1038 immediate
2706 975 2947 1036 collata.

2007 1073 2065 1133 7.
2113 1073 2421 1134 Praedicta
2446 1075 2708 1149 potestas
2733 1088 2851 1131 non
2878 1075 2964 1132 esc
2985 1069 3494 1132 immutabilis.—

1930 1166 2162 1237 Terti0‚
2192 1166 2376 1240 add0‚
2406 1165 2549 1225 licet
2573 1165 2704 1224 haec
2735 1168 2998 1243 potestas
3030 1163 3108 1223 sit
3139 1163 3333 1224 veluti
3355 1184 3496 1244 pro-

1930 1260 2159 1338 prietas
2185 1259 2482 1321 naturalis
2507 1259 2790 1338 perfectae
2815 1257 3276 1318 communitatis
3297 1258 3497 1319 homi-

1930 1370 2108 1428 num,
2145 1359 2215 1413 ut
2245 1352 2385 1413 talis
2409 1357 2523 1426 est,
2576 1350 2979 1410 nihilominus
3015 1367 3140 1409 non
3175 1368 3303 1410 esse
3332 1351 3398 1410 in
3423 1370 3497 1412 ea

1929 1444 2427 1519 immutabiliter,
2465 1443 2567 1505 scd
2611 1461 2721 1523 per
2761 1460 3130 1503 consensum
3173 1442 3497 1521 ipsiusmet

1925 1539 2408 1612 communitatiS,
2429 1537 2529 1598 vel
2552 1555 2664 1616 per
2683 1536 2868 1596 aliam
2889 1537 3116 1614 justam
3134 1536 3302 1595 viam
3320 1554 3494 1615 posse

1924 1628 2032 1689 illa
2062 1629 2293 1709 privari
2334 1634 2396 1690 et
2432 1630 2500 1688 in
2535 1629 2730 1689 alium
2777 1628 3136 1689 transferri:
3182 1628 3301 1688 hoc
3349 1629 3495 1688 satis

1924 1727 2161 1782 constat
2193 1740 2271 1782 ex
2298 1741 2438 1797 usu,
2471 1728 2532 1782 et
2562 1739 2637 1781 ex
2678 1720 3076 1798 sequentibus
3114 1719 3494 1780 illationibus

1924 1814 2194 1893 amplius
2227 1813 2654 1893 explicabitur.
2695 1815 2870 1873 Nunc
2904 1813 3249 1872 ostenditur
3276 1831 3354 1873 ex
3386 1812 3494 1873 ad-

1924 1909 2110 1969 ducto
2141 1908 2422 1988 exemplo
2449 1927 2557 1969 seu
2582 1909 2981 1988 proportione
3004 1907 3082 1967 ad
3107 1906 3316 1967 aliud:
3345 1926 3493 1967 nam

1923 1996 2176 2061 libertas
2228 2020 2266 2061 a
2315 2002 2609 2062 servitute
2659 2001 3000 2080 proprietas
3046 2004 3137 2060 est
3187 2001 3492 2061 naturalis

1927 2094 2221 2168 hominiS,
2242 2099 2304 2154 et
2321 2093 2460 2154 ideo
2472 2093 2593 2152 dici
2622 2093 2776 2153 solet
2799 2110 2927 2153 esse
2958 2093 3032 2152 de
3055 2093 3197 2169 jure
3227 2099 3489 2168 naturae,

1926 2191 1986 2247 et
2006 2185 2415 2245 nihilominus
2432 2203 2543 2264 per
2561 2185 2874 2264 propriam
2892 2182 3274 2243 voluntatem
3294 2189 3493 2262 potest

1927 2297 1992 2339 se
2019 2278 2208 2338 homo
2235 2277 2342 2337 illa
2364 2278 2632 2356 privare,
2665 2276 2762 2336 vel
2791 2276 2980 2335 etiam
3017 2294 3095 2335 ex
3117 2276 3287 2352 justa
3310 2295 3491 2337 causa

1926 2370 2035 2431 illa
2062 2370 2321 2449 privari,
2366 2375 2429 2430 et
2461 2370 2528 2429 in
2562 2369 2921 2430 servitutem
2958 2367 3198 2444 redigi:
3237 2387 3382 2447 ergo
3411 2370 3492 2429 si-

1923 2463 2057 2522 mili
2087 2461 2272 2522 modo
2300 2461 2713 2522 communitas
2736 2461 3012 2521 humana
3031 2460 3322 2539 perfecta,
3347 2463 3490 2523 licet

1922 2573 2000 2617 ex
2027 2559 2252 2615 natura
2283 2555 2374 2614 rei
2401 2554 2599 2615 libera
2633 2554 2734 2626 sit,
2790 2559 2851 2613 et
2898 2558 3263 2631 potestatem
3308 2555 3375 2615 in
3425 2575 3489 2617 se

1919 2647 2170 2721 habeat,
2218 2652 2418 2725 potest
2467 2648 2675 2725 aliquo
2709 2648 2892 2709 modo
2921 2666 2999 2708 ex
3036 2648 3342 2727 praedictis
3383 2650 3490 2711 illa

1917 2739 2150 2819 privari
2175 2755 2190 2799 ε
2214 2740 2379 2800 unde
2401 2740 2777 2801 considerari
2804 2740 2947 2800 licet
2967 2740 3155 2818 quod,
3182 2740 3326 2801 licet
3348 2760 3488 2820 pro-

1918 2833 2208 2912 prietates
2239 2833 2507 2912 physicae
2545 2838 2870 2893 manantes
2915 2851 2952 2892 a
2986 2838 3210 2894 natura
3250 2834 3487 2897 soleant

1919 2945 2051 2988 esse
2077 2927 2496 2988 immutabiles
2522 2927 2886 2988 naturaliter
2904 2973 2924 3003 ,
2955 2926 3359 2989 nihilominus
3387 2930 3485 2990 hae

1918 3019 2323 3099 proprietates
2367 3020 2542 3098 quasi
2586 3020 2879 3094 moraleS,
2925 3038 3062 3098 quae
3107 3026 3252 3080 sunt
3289 3021 3484 3082 veluti

1919 3112 2198 3173 dominia
2225 3131 2332 3174 seu
2360 3114 2529 3191 jura,
2560 3114 2789 3173 mutari
2826 3119 3082 3193 possunt
3109 3132 3219 3192 per
3243 3120 3482 3176 contra·

1920 3205 2079 3265 riam
2116 3205 2523 3280 voluntatem,
2567 3207 2850 3284 quamvis
2882 3224 2926 3266 a
2965 3211 3189 3266 natura
3217 3207 3341 3266 sint
3380 3225 3482 3267 ac-

1921 3304 2126 3377 cepta:
2160 3298 2319 3358 sicut
2343 3299 2657 3358 interdum
2686 3298 2874 3358 etiam
2904 3298 3303 3377 proprietates
3325 3298 3482 3378 phy-

1916 3390 2078 3466 sicae,
2124 3409 2262 3470 qnae
2309 3393 2688 3452 contrarium
2718 3390 2973 3467 habent,
3004 3391 3104 3451 vel
3132 3391 3402 3470 pendent
3440 3410 3480 3452 a

1914 3483 2418 3563 dispositionibus
2445 3485 2818 3547 habentibus
2846 3485 3247 3561 contrarium,
3276 3491 3479 3547 muta-

1913 3577 2072 3638 tioni
2099 3578 2381 3638 obnoxias
2405 3583 2571 3653 sunt,
2595 3585 2667 3639 ut
2693 3568 2951 3639 constat.

1994 3672 2054 3731 8.
2102 3671 2404 3745 Secund0‚
2438 3671 2780 3732 declaratur
2807 3671 2973 3732 idem
3002 3689 3080 3732 ex
3110 3671 3480 3733 convenien-

1913 3763 2001 3824 tia
2027 3763 2256 3843 aliqua,
2275 3770 2339 3825 et
2363 3764 2485 3826 alia
2517 3765 2866 3826 differentia
2895 3765 3059 3825 inter
3086 3764 3249 3824 hanc
3276 3772 3480 3844 potes-

1912 3860 2106 3916 tatem
2134 3862 2197 3917 et
2222 3856 2396 3917 illam
2426 3876 2563 3936 quae
2596 3863 2686 3919 est
2710 3876 2788 3918 ex
2816 3856 3066 3936 speciali
3093 3858 3478 3919 institutione

1912 3949 2146 4026 divina,
2172 3955 2243 4010 nt
2264 3956 2373 4024 est,
2398 3950 2570 4011 verbi
2590 3951 2814 4029 gratia,
2842 3956 3108 4029 potestas
3128 3950 3473 4011 Pontificis:

1913 4059 2062 4101 nam
2092 4042 2223 4102 haec
2268 4047 2540 4120 potestas
2568 4043 2714 4102 licet
2741 4061 2778 4101 a
2806 4042 3045 4102 Christo
3072 4043 3151 4101 sit
3189 4043 3332 4104 data
3367 4044 3479 4103 tali

1911 4149 2188 4212 personae
2220 4134 2338 4194 rite
2365 4134 2597 4209 electae,
2644 4135 2904 4213 ipsemet
2944 4134 3225 4195 Pontifex
3255 4141 3474 4213 potest,

1912 4227 1965 4287 si
1984 4226 2270 4303 voluerit,
2295 4226 2468 4286 illam
2486 4228 2869 4303 renuntiare,
2910 4246 2973 4289 se
2995 4227 3105 4288 illa
3130 4228 3451 4308 spoliando
3456 4274 3476 4304 ,

1910 4319 2126 4380 saltem
2154 4323 2512 4399 acceptante
2540 4319 2832 4395 Ecclesia,
2859 4325 2931 4380 ut
2949 4337 3118 4380 nunc
3150 4339 3432 4400 suppono
3455 4337 3474 4398 3

1910 4414 1976 4475 in
1995 4414 2115 4475 hoc
2131 4432 2278 4494 ergo
2299 4420 2390 4476 est
2409 4415 2617 4494 aliqua
2640 4414 3093 4491 convenientia,
3120 4415 3267 4493 quia
3290 4416 3478 4475 etiam

1911 4508 2323 4569 communitas
2366 4508 2719 4584 hominum,
2764 4508 2913 4569 licet
2953 4527 2991 4568 a
3042 4510 3164 4569 Deo
3192 4508 3481 4569 habuerit

1912 4606 2302 4680 potestatem,
2335 4606 2535 4679 potest
2562 4619 2624 4661 se
2652 4600 2760 4660 illa
2787 4601 3071 4680 spoliare,
3105 4602 3156 4660 si
3179 4600 3351 4661 velit.
3376 4602 3480 4661 Est

1911 4699 2125 4756 tamen
2147 4694 2498 4755 differentia
2532 4696 2599 4755 in
2623 4694 2844 4771 mod03
2875 4700 3009 4754 tum
3031 4694 3177 4774 quia
3196 4693 3479 4754 Pontifex

1913 4789 2104 4850 semel
2136 4789 2366 4850 electus
2388 4807 2513 4850 non
2549 4794 2750 4867 potest
2771 4788 2850 4848 ab
2882 4788 3187 4849 universis
3213 4786 3481 4847 bomini-

1912 4882 2030 4942 bus
2062 4880 2142 4941 ob
2175 4871 2627 4959 quamcumque
2656 4898 2907 4942 causam
2944 4879 3177 4960 privari
3217 4896 3328 4939 sua
3372 4896 3482 4957 po-

1910 4979 2129 5036 testate
2178 4971 2278 5034 vel
2324 4973 2627 5051 dignitate
2673 4974 2906 5034 invitus
2923 5018 2944 5049 ,
2989 4972 3096 5034 sed
3146 4977 3391 5033 tantum
3443 4989 3483 5032 a

1913 5067 2176 5141 Christo,
2202 5066 2309 5145 qui
2336 5065 2508 5126 illam
2531 5065 2740 5127 dedit:
2767 5065 3114 5144 respublica
3140 5070 3350 5126 autem
3375 5083 3484 5145 po-

1912 5164 2033 5220 test
2060 5158 2377 5219 interdum
2403 5175 2480 5218 ex
2505 5159 2676 5235 justa
2700 5176 2884 5218 causa
2905 5157 3140 5237 privari
3167 5175 3277 5217 sua
3298 5157 3482 5219 liber-

1915 5257 2043 5312 tate
2073 5268 2184 5329 per
2212 5250 2617 5324 coactionem,
2660 5258 2733 5308 ut
2766 5267 2878 5329 per
2921 5250 3156 5328 justum
3202 5250 3475 5311 bellum:

1916 5350 2054 5404 tum
2080 5343 2270 5403 etiam
2298 5342 2444 5420 quia
2473 5341 2781 5402 Pontificis
2819 5347 3085 5421 potestas
3121 5360 3248 5403 non
3284 5347 3483 5424 potest

1918 5438 2008 5498 ita
2033 5435 2283 5511 mutari,
2309 5440 2378 5497 ut
2400 5435 2479 5497 ab
2498 5453 2625 5496 una
2646 5454 2909 5515 persona
2927 5437 2996 5496 in
3017 5436 3289 5517 aliquam
3314 5454 3481 5497 com-

1919 5528 2292 5591 munitatem
2317 5528 2768 5592 transferatur:
2813 5530 2961 5609 quia
2998 5547 3127 5590 non
3162 5536 3255 5592 est
3279 5530 3348 5590 in
3372 5548 3482 5611 po-
