3976 6219
547 489 628 551 ad
654 488 849 547 Deum
874 484 997 546 late
1029 489 1092 545 et
1126 482 1538 560 metaphorice
1565 480 1793 540 dicitur
1815 478 2106 540 obedien-

547 582 658 656 tia,
681 579 826 658 quia
852 576 1055 656 potius
1081 581 1171 638 est
1196 574 1521 636 necessitas
1543 573 1825 652 quaedam
1855 579 2107 632 natura-

545 673 657 734 lis:
680 672 778 732 lex
800 675 1009 731 autem
1032 675 1283 744 aeterna,
1310 677 1613 746 quatenus
1635 684 1746 745 per
1772 664 1945 725 illam
1974 682 2105 725 mo-

545 764 756 827 raliter
773 768 834 824 et
850 763 1094 842 politice
1112 760 1441 822 rationalia
1454 760 1904 839 gubernantur,
1917 757 2109 819 habet

548 857 860 938 propriam
922 855 1244 916 rationem
1286 854 1472 932 13313,
1527 859 1590 914 et
1648 851 1737 911 illi
1779 850 2108 930 respondet

545 950 794 1030 propria
821 947 1193 1008 obedientia.
1227 948 1309 1006 Ut
1339 951 1547 1005 autem
1584 963 1770 1024 supra
1796 943 1949 1019 dixi,
1990 943 2106 1003 sub

544 1043 663 1104 hac
684 1041 1073 1121 potissimum
1101 1040 1342 1101 ratione
1369 1038 1436 1098 in
1463 1037 1578 1098 hac
1605 1037 1865 1099 materia
1907 1036 2107 1096 consi-

546 1135 822 1197 deranda
853 1139 988 1210 est3
1026 1139 1089 1195 et
1110 1133 1247 1194 ideo
1271 1131 1385 1192 sub
1421 1130 1671 1210 propria
1693 1128 2107 1210 appellatione

546 1228 626 1289 ad
648 1225 1033 1288 irrationalia
1064 1244 1191 1286 non
1217 1224 1596 1286 extenditur.

629 1323 727 1381 14.
753 1319 856 1381 An
884 1336 1079 1381 omnes
1105 1319 1365 1380 actiones
1391 1318 1666 1378 humanae
1696 1315 1822 1377 sint
1846 1314 2109 1376 materia

548 1414 701 1491 ἱερέα
728 1417 985 1474 oeternoe.
1006 1443 1089 1456 —
1103 1410 1370 1471 Ulterius
1385 1426 1532 1469 vero
1549 1406 1782 1486 inquiri
1803 1411 2005 1486 potest
2025 1423 2107 1466 30

548 1522 761 1566 010033
804 1504 1077 1564 actiones
1122 1501 1408 1577 moraleS,
1459 1519 1568 1561 seu
1615 1500 1928 1570 humanae,
1983 1498 2110 1558 sint

547 1595 807 1657 materia
847 1595 1033 1674 hujus
1069 1594 1224 1673 legis
1251 1600 1518 1655 aeternae.
1555 1594 1631 1652 Et
1657 1592 1734 1651 de
1767 1590 1948 1650 malis
1970 1591 2109 1670 qui-

546 1691 686 1750 dem
713 1688 887 1748 nulla
907 1693 999 1748 est
1019 1686 1348 1748 dubitandi
1369 1686 1553 1760 ratio,
1577 1687 1723 1765 quia
1748 1701 1962 1746 omnes
1984 1682 2106 1743 illae

546 1780 953 1860 probibentur
1000 1780 1118 1840 hac
1164 1778 1324 1858 lege,
1371 1783 1444 1837 ut
1490 1796 1676 1856 supra
1724 1777 2107 1837 declaratum

547 1878 657 1935 est.
687 1875 773 1934 De
800 1872 1291 1933 indifferentibus
1317 1889 1464 1932 vero
1491 1877 1582 1931 est
1603 1869 1972 1930 nonnullum
1994 1869 2107 1929 du-

546 1966 745 2041 bium,
759 1966 907 2045 quia
927 1965 1049 2025 11131
1069 1983 1182 2025 030
1199 1970 1489 2025 vetantur
1511 1982 1625 2024 030
1642 1962 2105 2042 praecipiuntur,

548 2064 610 2120 et
649 2059 740 2118 ita
766 2058 995 2118 nullius
1036 2058 1191 2137 legis
1233 2056 1526 2117 videntur
1569 2074 1696 2116 esse
1739 2054 2001 2114 materia
2038 2053 2106 2113 in

547 2158 757 2213 mente
799 2152 928 2213 Dei.
957 2152 1145 2226 Idem,
1197 2150 1296 2213 vel
1340 2151 1542 2229 majus
1585 2148 1848 2209 dubium
1892 2153 1985 2209 est
2030 2148 2105 2208 de

547 2244 727 2305 honis
752 2245 1063 2324 operibuS,
1096 2264 1234 2324 quae
1265 2245 1344 2305 ad
1366 2244 1557 2304 finem
1581 2260 1708 2303 non
1732 2246 1878 2302 sunt
1900 2258 2109 2301 neces-

547 2337 730 2413 saria,
757 2338 863 2398 sed
898 2344 1043 2398 sunt
1066 2337 1517 2399 excellentiora.
1565 2338 1820 2414 Propter
1856 2334 1974 2394 hoc
2018 2333 2109 2393 di-

547 2436 699 2490 cunt
720 2430 938 2509 aliqui,
965 2431 1138 2492 silex
1161 2430 1268 2491 illa
1285 2429 1531 2510 proprie
1555 2434 1857 2502 sumatur,
1873 2432 1945 2486 111
1967 2444 2108 2486 000-

546 2521 709 2582 sistit
734 2523 802 2582 in
834 2523 1120 2602 imperio,
1167 2541 1295 2582 000
1336 2521 1585 2583 extendi
1624 2520 1702 2581 ad
1751 2518 2109 2597 hujusmodi

549 2615 905 2689 materiam3
955 2614 1304 2693 generalius
1339 2626 1550 2674 autem
1586 2616 1899 2691 sumptam
1942 2630 2109 2671 com-

549 2706 930 2786 prehendere
953 2707 1150 2782 illam,
1163 2713 1466 2786 quatenus
1482 2705 1874 2784 amplectitur
1893 2722 2109 2782 quam·

553 2818 820 2878 cumque
851 2800 1316 2880 dispositionem
1358 2799 1810 2879 gubernatoriS,
1847 2798 1960 2858 sub
1988 2816 2112 2876 qua

553 2893 739 2955 etiam
763 2894 1084 2972 permissio
1109 2899 1172 2954 et
1206 2893 1533 2954 consilium
1575 2892 2113 2972 comprehendun-

552 2991 657 3046 tur
682 3001 698 3045 ε
744 3004 892 3046 03111
913 2987 1239 3066 permissio
1267 2987 1430 3047 cadit
1465 2986 1533 3046 in
1561 2991 1732 3045 actus
1754 2984 2110 3046 indifferen-

551 3084 645 3140 tes
659 3093 680 3156 ;
724 3078 1046 3141 consilium
1075 3097 1221 3141 vero
1250 3079 1319 3140 in
1346 3078 1824 3140 excellentiores,

634 3174 730 3234 15.
778 3174 1223 3234 Verumtamen
1252 3173 1529 3233 absolute
1574 3170 1868 3231 affirmari
1909 3176 2110 3250 potest

552 3282 768 3327 omnes
813 3267 1084 3327 actiones
1120 3266 1384 3326 morales
1416 3265 1632 3324 cadere
1675 3262 1882 3341 aliquo
1925 3263 2109 3323 modo

550 3358 664 3418 sub
690 3358 824 3435 lege
852 3366 1104 3433 oeterna,
1150 3359 1336 3418 etiam
1362 3361 1435 3417 ut
1458 3356 1704 3436 proprie
1740 3356 2111 3435 praeceptiva

552 3457 664 3511 est.
700 3451 872 3523 Quod
912 3456 1114 3529 potest
1139 3450 1460 3524 declarari,
1506 3449 1867 3528 applicando
1893 3466 2111 3526 quam-

552 3542 698 3602 dam
737 3542 1194 3603 distinctionem
1239 3541 1448 3602 datam
1477 3541 1545 3601 in
1573 3540 1992 3620 superioribus
2033 3542 2109 3602 de

549 3636 687 3713 lege
717 3634 1133 3714 praecipiente,
1161 3634 1261 3694 vel
1286 3633 1645 3694 exercitium
1671 3638 1864 3709 301113,
1886 3633 1986 3692 vel
2015 3651 2109 3693 so-

550 3728 675 3788 lam
706 3726 1222 3807 specificationem
1251 3732 1313 3786 et
1351 3725 1609 3786 modum
1638 3726 1791 3803 ejus.
1839 3725 2109 3786 Dicimus

553 3838 699 3899 ergo
717 3819 1042 3899 proedictos
1064 3826 1235 3880 actus
1261 3837 1390 3881 esse
1413 3818 1736 3880 materiam
1760 3818 1914 3898 legis
1934 3826 2110 3880 zeter·

551 3930 670 3986 nae,
715 3912 814 3972 vel
859 3912 1218 3991 imperantis
1261 3911 1646 3985 exercitium,
1692 3911 1788 3971 vel
1837 3912 2112 3991 praescri-

551 4004 752 4065 bentis
793 4005 1050 4066 modum
1090 4004 1360 4083 aliquem
1405 4004 1723 4083 operandi,
1763 4010 1869 4065 aut
1907 4004 2114 4083 prohi-

549 4097 750 4158 bentis
772 4098 988 4158 alium.
1011 4098 1393 4159 Declaratur:
1416 4116 1566 4158 nam
1581 4096 1888 4175 imprimis
1908 4095 2112 4176 quoad

550 4195 720 4251 actus
765 4190 982 4267 bonos,
1039 4208 1149 4252 seu
1197 4191 1484 4270 0111111103,
1531 4191 1717 4269 juxta
1765 4189 2112 4249 doctrinam

549 4283 878 4363 Augustini
905 4283 1034 4344 fere
1070 4283 1313 4344 nullum
1343 4289 1433 4344 est
1462 4300 1616 4361 opus
1657 4281 1917 4355 consilii,
1944 4279 2110 4357 quod

548 4377 616 4437 in
653 4376 1097 4456 praeparatione
1130 4376 1328 4435 animi
1356 4392 1483 4434 000
1510 4373 1699 4453 possit
1738 4373 1818 4434 ad
1847 4390 2110 4451 praecep·

548 4474 684 4528 tum
729 4468 1062 4546 pertinere,
1114 4467 1168 4526 si
1212 4466 1290 4526 ad
1345 4465 1621 4525 divinam
1676 4464 1938 4542 gloriam
1986 4462 2111 4523 tale

549 4579 702 4639 opus
744 4557 1158 4621 necessarium
1202 4557 1303 4618 sit.
1357 4558 1532 4630 Quod
1581 4558 1850 4618 maxime
1891 4571 2111 4615 verum

549 4659 641 4715 est
681 4655 749 4713 in
793 4652 1012 4713 ordine
1052 4650 1130 4711 ad
1169 4650 1374 4728 legem
1420 4657 1740 4722 aeternam,
1782 4667 1894 4728 per
1922 4665 2112 4727 quam

548 4748 709 4807 Deus
734 4744 968 4822 obligat
1002 4742 1346 4817 hominem,
1384 4747 1456 4801 ut
1492 4743 1572 4803 sit
1595 4748 1844 4821 paratus
1871 4742 1950 4802 ad
1978 4742 2111 4801 haec

549 4838 761 4903 omnia
791 4855 979 4916 opera
1011 4835 1382 4915 proestanda,
1426 4836 1479 4894 si
1509 4835 1641 4913 ipse
1677 4833 1960 4908 voluerit,
2012 4833 2110 4894 vel

549 4935 602 4993 si
641 4950 720 4993 ex
746 4931 867 4990 alia
901 4928 1215 4990 occasione
1262 4927 1605 4989 necessaria
1641 4927 1888 4987 fuerint.
1942 4926 2111 4986 Sicut

548 5023 1042 5096 matrimonium,
1077 5021 1361 5101 quamvis
1390 5038 1517 5081 non
1550 5020 1629 5080 sit
1660 5037 1812 5098 opus
1845 5018 2108 5094 consilii,

550 5118 656 5177 sed
675 5135 751 5178 ex
775 5116 953 5177 bonis
974 5114 1372 5175 inferioribus
1377 5159 1396 5189 ,
1419 5131 1533 5173 nec
1549 5111 1913 5191 regulariter
1934 5111 2115 5170 cadat

550 5210 664 5271 sub
710 5215 1085 5288 praeceptum
1115 5226 1131 5269 ε
1181 5227 1258 5269 ex
1306 5208 1444 5285 lege
1500 5211 1735 5266 naturas
1783 5204 1946 5264 cadit
2000 5203 2113 5263 sub

551 5301 1014 5380 obligationem,
1041 5301 1093 5361 si
1111 5301 1187 5362 ad
1229 5299 1757 5361 conservationem
1786 5296 2006 5374 speciei
2034 5296 2113 5355 sit

549 5393 991 5468 necessarium,
1040 5398 1102 5454 et
1150 5394 1237 5453 ita
1291 5394 1480 5453 etiam
1533 5390 1698 5451 cadit
1746 5388 1860 5449 sub
1907 5388 2111 5467 legem

549 5497 868 5553 aeternam.
913 5485 1014 5551 Sic
1049 5501 1198 5565 ergo
1233 5484 1479 5548 nullum
1519 5490 1611 5546 est
1637 5500 1790 5563 opus
1824 5482 2064 5544 110011111
2082 5525 2103 5557 ,

1181 386 1296 438 LIB.
1332 386 1394 437 11.
1431 386 1512 437 DE
1545 385 1704 438 LEGE
1737 383 2022 446 AETERNA,
2056 381 2136 434 ET
2169 381 2504 447 NATURAm,
2536 383 2616 435 Ac
2646 382 2798 435 JURE
2832 380 3122 435 GENTIUM.

2188 483 2351 564 quod
2392 483 2506 543 sub
2547 483 2721 543 illam
2760 482 2987 558 legem,
3022 485 3091 539 ut
3131 479 3565 560 imperantem,
3617 496 3737 538 non
3839 485 3844 489 ’

2188 579 2388 639 cadat.
2433 575 2665 636 Deinde
2698 575 2946 654 quando
2983 572 3342 633 exercitium
3387 572 3606 631 talium
3645 590 3738 630 ac-

2185 678 2367 732 tuum
2396 669 2808 732 necessarium
2835 684 2963 726 non
2991 671 3105 739 est,
3149 665 3295 725 licet
3329 669 3575 724 tantum
3604 681 3739 722 con·

2187 764 2306 825 suli
2329 762 2428 825 vel
2452 761 2703 843 probari
2727 760 3092 835 videantur;
3123 756 3533 817 nihilominus
3558 756 3740 816 etiam

2186 863 2337 918 tunc
2363 873 2473 935 per
2508 854 2713 935 legem
2749 859 3046 913 aeternam
3086 848 3502 929 praescribitur
3528 847 3741 907 modus

2188 967 2311 1029 quo
2335 948 2470 1010 fieri
2499 946 2749 1021 debent,
2768 951 2839 1005 ut
2874 949 3040 1005 recte
3069 942 3247 1017 fiant,
3276 947 3337 1002 et
3375 941 3460 1001 sic
3487 940 3740 1001 dicimus

2189 1042 2406 1103 cadere
2430 1039 2543 1100 sub
2573 1038 2773 1117 legem
2802 1035 3301 1116 praescribentem
3329 1033 3607 1104 modum,
3637 1050 3740 1092 seu

2188 1133 2706 1214 specificationem
2732 1136 2924 1191 301113.
2965 1131 3042 1188 Ε1
3080 1127 3247 1188 idem
3280 1131 3372 1187 est
3400 1124 3635 1185 clarum
3677 1124 3740 1184 in

2189 1226 2425 1289 actibus
2466 1222 3004 1286 indifferentibus:
3043 1237 3191 1282 nam
3231 1219 3283 1280 si
3317 1219 3494 1293 fiant,
3535 1218 3742 1297 111-3301-

2187 1320 2447 1401 111001111·
2469 1317 2606 1380 fieri
2631 1322 2879 1397 propter
2911 1314 3240 1375 honestum
3272 1310 3488 1385 finem,
3518 1315 3582 1370 et
3605 1326 3743 1388 pro·

2187 1412 2479 1474 hibentur
2490 1410 2625 1472 fieri
2649 1412 2900 1489 propter
2926 1424 3012 1480 se,
3026 1411 3087 1468 et
3113 1406 3205 1466 ita
3229 1404 3280 1465 si
3304 1403 3554 1482 praecise
3579 1418 3740 1481 spec·

2187 1511 2421 1581 tentur,
2438 1509 2744 1583 quatenus
2758 1500 2908 1562 talia
2929 1504 3098 1574 sunt,
3111 1497 3233 1558 dici
3250 1500 3505 1576 possunt
3527 1494 3740 1554 cadere

2186 1597 2303 1658 sub
2340 1596 2512 1657 illam
2538 1596 2765 1674 legem,
2810 1599 2881 1654 ut
2907 1591 3361 1672 prohibentem,
3385 1588 3567 1667 juxta
3605 1603 3740 1664 pro-

2186 1690 2454 1751 babilem
2499 1689 2869 1752 sententiam
2905 1687 2975 1746 D.
3022 1685 3301 1757 Thomae,
3351 1699 3489 1760 quoe
3532 1677 3741 1738 asserit

2187 1801 2315 1844 non
2344 1802 2516 1862 posse
2552 1783 2691 1844 dari
2726 1799 2879 1861 opus
2906 1778 3254 1840 humanum
3296 1773 3651 1834 indifferens
3675 1772 3741 1830 in

2186 1877 2530 1937 individuO.
2573 1877 2791 1955 Sicque
2827 1876 2950 1935 duo
2977 1875 3280 1952 praecepta
3311 1867 3578 1945 intelligi
3610 1883 3739 1944 pos-

2188 1975 2333 2029 sunt
2376 1970 2442 2028 in
2482 1969 2618 2046 lege
2662 1974 2894 2029 aeterna
2934 1966 3097 2026 circa
3125 1962 3257 2024 haec
3295 1978 3513 2040 opera:
3547 1975 3740 2018 unum

2188 2069 2277 2124 est
2322 2063 2587 2123 faciendi
2624 2061 2732 2122 illa
2767 2065 3016 2140 propter
3056 2056 3292 2117 bonum
3333 2059 3396 2115 et
3419 2052 3740 2114 honestum

2186 2155 2401 2229 finem,
2441 2156 2494 2215 si
2528 2156 2722 2215 fiant:
2767 2152 2935 2213 aliud
2969 2155 3060 2211 est
3090 2147 3421 2227 prohibens
3449 2144 3557 2205 illa
3588 2145 3743 2204 face-

2187 2267 2255 2310 re
2288 2253 2537 2327 propter
2576 2266 2639 2309 33
2683 2246 2837 2326 ipsa,
2881 2243 3039 2305 sicut
3085 2239 3452 2322 prohibetur
3482 2237 3741 2299 verbum

2189 2340 2479 2401 otiosum.

2269 2435 2368 2494 16.
2422 2433 2545 2507 Quo
2596 2449 2773 2495 sensu
2823 2429 3211 2511 Auyustimqs
3265 2425 3525 2491 asseruit
3585 2423 3743 2484 nihil

2179 2542 2355 2604 posse
2388 2529 2653 2606 effuqere
2678 2525 2999 2603 imperium
3026 2523 3179 2602 Zeqis
3205 2517 3744 2594 mmm—Atque

2187 2618 2335 2679 hinc
2353 2619 2601 2679 tandem
2629 2617 2973 2695 intelligere
2998 2616 3163 2691 licet,
3182 2633 3306 2694 quo
3329 2630 3509 2674 sensu
3529 2625 3744 2670 verum

2191 2713 2272 2772 sit
2294 2712 2459 2791 quod
2477 2710 3045 2790 Α113113110113,10013
3070 2727 3255 2788 supra
3272 2705 3472 2768 citatis
3497 2708 3560 2764 et
3586 2719 3742 2779 saepe

2190 2805 2363 2880 31133,
2407 2806 2655 2884 repetit,
2697 2803 2855 2864 nihil
2892 2821 3021 2864 esse
3061 2802 3225 2882 quod
3258 2798 3449 2879 possit
3488 2796 3743 2857 omnino

2192 2896 2612 2975 subterfugere
2634 2897 2966 2976 imperium
2988 2895 3143 2974 legis
3164 2900 3432 2967 aeternae,
3457 2907 3657 2969 neque
3677 2888 3745 2947 in

2192 2990 2369 3065 coelo,
2407 3008 2608 3068 neque
2651 2990 2717 3068 in
2759 2996 2945 3064 terra,
2986 3006 3186 3066 neque
3220 2987 3288 3047 in
3320 2985 3586 3055 infern0,
3617 2982 3744 3042 sive

2189 3083 2521 3163 peccand0,
2554 3077 2690 3144 sive
2702 3073 2878 3145 ‘recte
2907 3082 3239 3163 operando.
3259 3081 3415 3141 Nam
3442 3077 3587 3138 licet
3612 3093 3748 3155 pec-

2190 3179 2384 3238 cando
2418 3182 2564 3255 agat
2585 3177 2725 3255 quis
2758 3181 2973 3237 contra
3002 3194 3194 3235 unam
3223 3174 3427 3252 legem
3451 3178 3746 3232 aeternam

2189 3271 2337 3345 DEI,
2358 3270 2426 3329 in
2446 3269 2631 3330 aliam
2651 3269 3108 3349 praecipientem
3127 3267 3368 3342 incidit,
3390 3283 3527 3345 quoe
3539 3263 3743 3343 jubet,

2189 3367 2262 3422 ut
2288 3368 2591 3441 quantum
2628 3362 2696 3422 in
2723 3362 2963 3423 3011003
2992 3361 3180 3422 homo
3222 3359 3451 3429 deficit,
3500 3362 3747 3418 tantum

2187 3473 2299 3534 per
2320 3455 2668 3533 passionem
2695 3464 3127 3533 compensetur
3154 3475 3168 3513 ε
3201 3458 3271 3512 ut
3303 3451 3459 3512 dixit
3484 3452 3556 3511 D.
3587 3449 3748 3510 Tho-

2191 3566 2345 3622 11133,
2367 3553 2582 3626 quaest.
2610 3550 2713 3623 93,
2740 3554 2857 3608 art.
2882 3548 2945 3623 6,
2969 3565 3111 3608 cum
3134 3547 3504 3625 Augustino,
3534 3544 3643 3603 lib.
3671 3543 3749 3605 de

2191 3639 2617 3701 Catechizand.
2650 3641 2883 3716 rudib„
2927 3659 3060 3720 cap.
3109 3641 3209 3713 18,
3241 3639 3521 3699 dicente:
3552 3638 3750 3701 Novit

2190 3734 2355 3795 Deus
2397 3733 2678 3796 ordinare
2713 3734 3035 3796 deserentes
3070 3751 3131 3795 se
3159 3732 3418 3803 animur,
3464 3735 3519 3792 et
3546 3746 3618 3791 etc
3644 3745 3749 3790 ea-

2191 3843 2329 3886 rum
2360 3825 2538 3903 justa
2577 3826 2827 3888 miseria
2856 3825 3180 3902 inferiores
3217 3829 3425 3902 partes
3460 3827 3754 3885 creatum»

2192 3935 2340 3992 suoe,
2371 3919 2943 3980 convenientissimis
2983 3923 3038 3980 et
3077 3914 3636 3996 constantissimis
3670 3915 3752 3974 le-

2191 4009 2369 4087 yibus
2407 4010 2782 4072 admirandos
2822 4009 3286 4088 dispensationis
3323 4008 3623 4068 ordinare.
3674 4007 3756 4065 Et

2192 4098 2313 4160 huc
2341 4100 2529 4161 etiam
2556 4106 2788 4181 spectat
2815 4101 2980 4180 quod
3007 4101 3095 4160 ait
3119 4099 3526 4177 Augustinus,
3561 4097 3671 4158 lib.
3714 4102 3741 4158 1

2194 4193 2490 4269 Confes8.,
2530 4212 2664 4273 cap.
2707 4197 2785 4255 12
2811 4212 2827 4255 ε
2867 4196 2921 4257 J
2921 4194 3137 4256 ussisti
3166 4194 3438 4266 Domine,
3465 4198 3521 4254 et
3541 4192 3636 4254 sio
3663 4196 3754 4254 est

2190 4290 2260 4347 ut
2288 4287 2480 4348 omnis
2506 4287 2890 4349 inordinatus
2910 4287 3150 4348 animus
3168 4286 3288 4347 sibi
3308 4286 3431 4363 ipsi
3449 4287 3533 4348 sit
3547 4302 3747 4364 poena.

2192 4377 2257 4437 Si
2283 4377 2422 4456 quis
2448 4383 2658 4439 autem
2686 4383 2849 4439 recte
2877 4379 3238 4454 consideret,
3274 4377 3376 4438 lex
3401 4378 3511 4437 illa
3538 4377 3758 4456 111-3101-

2192 4469 2388 4548 111303,
2418 4488 2555 4548 quae
2582 4470 2647 4530 10
2677 4470 2855 4531 malis
2896 4470 3191 4549 impletur
3226 4487 3337 4549 per
3371 4487 3645 4549 poenam,
3693 4476 3760 4530 et

2191 4561 2258 4620 in
2280 4560 2463 4638 justis
2492 4580 2603 4640 per
2641 4563 2967 4642 praemium
3012 4581 3139 4623 non
3180 4567 3415 4640 spectat
3440 4561 3517 4621 ad
3549 4561 3758 4639 legem

2193 4654 2626 4731 praeceptivam
2648 4655 2979 4716 moralium
3003 4661 3256 4715 actuum
3283 4660 3563 4733 respectu
3587 4672 3760 4715 crea-

2191 4749 2346 4804 turae
2395 4745 2851 4821 101311301113113,
2900 4747 3006 4807 sed
3058 4752 3151 4808 est
3191 4746 3293 4808 lex
3333 4746 3606 4807 taxativa
3660 4749 3762 4822 (ut

2192 4836 2278 4897 sic
2318 4838 2542 4913 dicam)
2591 4838 2733 4899 talis
2781 4856 2981 4918 poenae
3017 4839 3115 4901 vel
3161 4839 3423 4920 praemii,
3467 4857 3607 4917 quae
3648 4837 3760 4898 lex

2192 4948 2302 5009 per
2321 4930 2660 4992 efficaciam
2683 4932 2908 4993 divinae
2927 4933 3329 5012 providentiae
3357 4932 3435 4993 ad
3459 4930 3761 4993 effectum

2191 5022 2568 5101 perducitur.
3646 5030 3655 5035 ’
