3976 6219
496 490 577 552 At
614 506 787 563 ver0,
834 488 887 548 si
928 486 995 547 in
1040 485 1364 567 posteriori
1405 486 1590 547 modo
1633 503 2053 567 supponamus

493 582 666 644 illam
706 586 1070 662 potestatem
1111 597 1462 659 supremam
1500 585 1562 639 et
1596 580 2055 658 exemptionem

493 693 668 756 posse
702 674 1159 753 praescriptione
1201 672 1459 751 acquiri,
1504 677 1577 733 ιιι
1614 673 1854 752 juristae
1888 691 2054 734 com-

493 768 769 830 muniter
797 769 1019 828 docent
1044 785 1187 828 cum
1214 768 1380 828 Bart.
1413 767 1481 827 in
1508 765 1551 828 1.
1593 767 1678 829 Iu
1703 769 1951 844 famem,
1982 766 2051 826 ff.

493 863 571 924 de
599 862 777 923 Publ.
809 861 976 939 jud„
1016 860 1083 920 in
1117 860 1258 936 fin„
1297 865 1360 922 et
1386 860 1454 920 in
1485 858 1530 920 1.
1576 861 1823 936 Hostes,
1867 858 1935 920 ff.
1979 860 2056 921 de

495 956 690 1035 Capti.
698 1001 719 1031 ,
742 961 805 1016 et
831 953 968 1015 aliis
987 972 1141 1032 quos
1158 953 1348 1014 refert
1369 959 1430 1013 et
1445 953 1723 1032 sequitur
1751 952 1965 1014 Covar.
1990 952 2055 1013 in

494 1049 558 1109 d.
591 1066 723 1127 reg.
756 1048 1098 1122 Possessor,
1116 1047 1262 1126 2p.,
1288 1044 1325 1124 ξ
1350 1048 1412 1122 2,
1430 1065 1495 1106 n.
1516 1045 1577 1120 8,
1603 1044 1763 1124 §Em
1777 1046 1875 1107 his
1892 1063 2050 1121 verO,

495 1142 651 1204 etin
690 1159 819 1221 reg.
869 1142 1208 1215 Peccatum,
1239 1138 1276 1218 ξ
1305 1140 1368 1213 9,
1408 1157 1472 1199 ιι.
1506 1140 1576 1215 93
1606 1137 1724 1198 hac
1754 1138 2055 1217 (inquam)

494 1235 798 1297 sententia
843 1234 1178 1313 supposita,
1221 1248 1601 1310 consequens
1640 1231 1758 1291 erit
1801 1235 1872 1291 ut
1916 1230 2058 1290 talis

494 1328 776 1408 princeps
795 1326 1074 1405 acquirat
1099 1326 1288 1387 etiam
1309 1330 1670 1403 potestatem
1695 1323 2058 1404 imponendi

494 1439 656 1481 nova
686 1419 942 1495 tributa,
986 1421 1132 1498 quia
1165 1421 1291 1498 jam
1318 1437 1445 1478 non
1477 1422 1570 1479 est
1601 1416 1907 1492 subdituS,
1948 1415 2054 1476 sed

494 1521 841 1594 supremus,
854 1518 917 1573 et
934 1512 1022 1574 ita
1044 1512 1123 1571 ad
1142 1512 1318 1572 illum
1334 1512 1603 1591 pertinet
1618 1509 1833 1588 regula
1850 1514 2056 1570 textus

491 1610 562 1671 in
587 1608 650 1669 d.
678 1626 730 1670 c.
759 1608 1149 1681 Innovamus,
1176 1612 1237 1667 et
1259 1605 1321 1666 d.
1354 1624 1405 1666 c.
1446 1605 1649 1684 Super
1674 1604 2052 1683 quibusdam.

495 1703 719 1764 Panor.
744 1717 915 1775 vero,
945 1699 1014 1758 in
1037 1716 1090 1758 c.
1127 1697 1278 1761 Cum
1303 1715 1420 1760 non
1448 1699 1644 1771 liceat,
1671 1696 1748 1758 de
1777 1697 2055 1773 Praescr.,

494 1814 561 1855 n.
610 1796 711 1869 16,
741 1793 928 1855 sentit
968 1809 1096 1854 non
1130 1809 1305 1872 posse
1342 1809 1693 1870 supremam
1729 1792 1908 1870 regni
1950 1809 2060 1871 po-

495 1892 780 1950 testatem
825 1885 934 1945 illo
985 1885 1169 1946 modo
1201 1885 1460 1964 acquiri,
1505 1885 1649 1963 quia
1696 1902 1824 1944 non
1859 1890 2061 1964 potest

494 1980 753 2044 inferior
791 1979 982 2040 eximi
1015 1998 1053 2039 a
1091 1984 1390 2058 potestate
1433 1977 1764 2057 superioris
1806 1995 2060 2038 consue-

494 2075 710 2137 tudine
738 2073 889 2149 sola,
921 2072 1110 2133 etiam
1131 2072 1512 2151 longissima.
1559 2072 1677 2132 Sed
1703 2071 1836 2133 haec
1863 2090 2059 2151 quaes-

496 2170 585 2229 tio
611 2185 777 2229 nunc
798 2166 878 2226 ad
901 2184 1013 2226 nos
1041 2183 1168 2226 non
1195 2165 1494 2244 pertinet3
1514 2169 1761 2225 tantum
1788 2165 1957 2226 enim
1980 2183 2059 2226 ex

496 2260 826 2343 hypothesi
847 2259 1187 2339 loquimur,
1212 2277 1349 2337 quae
1378 2258 1510 2319 sine
1537 2258 1724 2319 dubio
1756 2276 1905 2319 vera
1940 2263 2052 2332 est,

497 2353 800 2437 quidquid
818 2353 896 2413 sit
919 2352 996 2413 de
1017 2352 1277 2412 veritate
1293 2351 1752 2431 suppositionis,
1772 2350 2060 2429 quamvis

497 2449 687 2512 etiam
713 2447 822 2507 illa
849 2444 996 2505 satis
1014 2443 1350 2523 probabilis
1378 2443 1481 2519 sit,
1502 2449 1565 2504 et
1584 2443 1841 2504 fortasse
1868 2443 2060 2504 etiam

497 2540 676 2622 praxi
708 2537 1124 2618 comprobata.
1164 2537 1320 2597 Nam
1356 2534 1556 2595 multa
1585 2552 1781 2614 regna
1807 2553 2061 2596 censen-

499 2641 605 2696 tur
630 2633 794 2694 hanc
821 2634 1188 2711 potestatem
1211 2646 1330 2688 usu
1352 2628 1486 2708 ipso
1513 2633 1575 2689 et
1601 2628 2061 2708 praescriptione

499 2724 913 2807 acquisivisse,
934 2721 1315 2803 proecedente
1331 2720 1538 2801 aliqua
1562 2716 1865 2801 probabili
1890 2738 2063 2782 occa·

502 2821 674 2883 sione
701 2825 764 2882 et
790 2816 995 2878 titulo.

586 2915 685 2976 ⁴6.
700 2912 778 2979 N
773 2928 846 2973 on
863 2926 986 2971 csse
1007 2923 1216 2986 parem
1241 2906 1535 2968 rationem
1553 2905 1622 2968 do
1653 2906 2066 2969 consuetudine

502 3004 842 3087 imponendi
870 3002 1164 3064 tributum
1191 3004 1246 3061 ot
1277 2997 1662 3077 eoeiyendi.—
1673 2998 1769 3059 Ad
1795 2999 2067 3060 rationes

504 3119 653 3182 ergo
679 3094 1002 3161 contrariae
1029 3091 1348 3156 sententiae
1379 3109 1542 3171 nego
1573 3109 1700 3155 esse
1731 3111 1944 3173 parem
1969 3112 2069 3156 ra-

503 3198 740 3258 tionem
772 3193 850 3254 de
879 3187 1322 3252 consuetudine
1347 3186 1709 3266 imponendi
1734 3186 2064 3264 tributum,

505 3290 605 3353 vel
636 3284 948 3366 exigendi,
974 3290 1111 3343 tum
1143 3281 1292 3360 quia
1333 3279 1500 3359 prior
1523 3279 1899 3340 consuetudo
1926 3280 2068 3340 nul-

503 3384 617 3446 libi
643 3382 711 3443 in
741 3382 878 3461 jure
906 3381 1185 3439 censetur
1201 3372 1509 3433 sufficiens
1525 3372 1604 3432 ad
1626 3373 2064 3451 acquirendam

501 3480 863 3559 potestatem
879 3466 1239 3548 imponendi
1249 3464 1560 3525 tributum
1572 3485 1590 3540 3
1602 3463 1902 3543 posterior
1914 3483 2064 3527 vero

502 3568 822 3631 invenitur
840 3561 1197 3643 approbata,
1217 3562 1289 3618 ut
1317 3556 1624 3618 sufficiens
1650 3557 1729 3618 ad
1752 3557 2065 3636 justitiam

503 3660 763 3737 tributi3
799 3657 948 3739 quia
986 3653 1156 3733 prior
1183 3655 1447 3731 potestas
1484 3649 1683 3710 multo
1721 3651 1843 3728 maj
1851 3667 1921 3711 or
1947 3656 2063 3728 est,

504 3755 827 3833 magisque
866 3745 1208 3828 perniciosa
1245 3740 1602 3821 reipublicae
1624 3787 1646 3817 ,
1694 3742 1747 3802 si
1789 3742 2065 3805 indebite

505 3849 839 3926 usurpetur
850 3856 871 3919 3
900 3844 1034 3899 tum
1071 3835 1260 3897 etiam
1300 3834 1449 3914 quia
1478 3851 1591 3914 per
1615 3833 1788 3895 illam
1811 3853 2066 3897 consue-

504 3940 790 4006 tudinem
816 3935 1149 4011 derogatur
1189 3944 1491 4008 supremae
1524 3928 1810 4007 potestati
1848 3929 2060 4008 regiae,

503 4053 617 4119 per
637 4029 1039 4114 posteriorem
1065 4027 1274 4085 autem
1303 4020 1585 4096 minime,
1613 4021 1740 4082 imo
1769 4022 2065 4084 fundatur

504 4132 572 4191 in
625 4119 1108 4207 praesumptione
1159 4119 1374 4175 contra
1426 4112 1703 4175 subditos
1760 4114 2065 4177 solventes

500 4220 807 4285 tributum
847 4213 1198 4291 antiquum,
1239 4207 1481 4268 etiamsi
1512 4225 1638 4268 non
1666 4213 1904 4269 constet
1939 4227 2065 4289 qua

501 4316 802 4398 potestate
837 4305 939 4368 vel
982 4319 1166 4365 causa
1202 4299 1563 4379 impositum
1607 4300 1726 4361 sit:
1774 4302 1940 4363 unde
1985 4319 2063 4363 ex

497 4411 616 4473 hac
653 4409 828 4487 parte
850 4393 1226 4461 consuetudo
1258 4393 1367 4453 illa
1397 4398 1460 4454 et
1490 4393 1872 4473 praescriptio
1895 4395 2063 4456 favet

498 4495 905 4584 principibus.
927 4488 1098 4564 Quod
1125 4487 1180 4548 si
1197 4486 1279 4546 sit
1294 4502 1496 4548 sermo
1518 4486 1595 4547 de
1614 4488 2061 4550 consuetudine

499 4587 841 4672 accipiendi
861 4583 1190 4655 tributum,
1217 4595 1327 4658 per
1348 4596 1538 4657 quam
1569 4577 1725 4639 solet
1749 4580 2063 4658 praescribi

497 4690 713 4749 contra
735 4695 949 4758 regem
978 4671 1166 4754 (quod
1187 4670 1457 4731 maxime
1469 4671 1804 4733 intendunt
1824 4673 2062 4752 juristae

499 4780 591 4842 ibi
618 4772 915 4853 allegati),
946 4770 1031 4828 sic
1052 4765 1240 4826 etiam
1266 4764 1553 4842 neganda
1570 4771 1662 4826 est
1684 4782 2061 4847 consequen-

501 4876 612 4950 tia,
659 4870 807 4951 quia
848 4861 1084 4926 utilitas
1123 4857 1343 4918 tributi
1384 4862 1582 4937 potest
1614 4858 1796 4920 facile
1839 4877 1877 4921 a
1910 4878 2059 4939 rege

501 4965 720 5029 donari
742 4959 902 5033 aliis,
924 4961 985 5016 et
1012 4954 1101 5013 ita
1125 4949 1285 5011 nihil
1306 4954 1396 5011 est
1417 4951 1583 5030 quod
1606 4957 1771 5013 vetet
1790 4955 2066 5032 praescri-

499 5060 779 5141 ptionem
812 5053 880 5112 in
907 5048 1102 5108 illam.
1137 5043 1292 5117 Quia
1318 5060 1429 5122 per
1452 5043 1626 5105 illam
1652 5062 1779 5105 nou
1807 5045 2063 5126 deroga.

499 5160 604 5215 tur
645 5143 932 5228 dignitati
976 5145 1039 5202 et
1077 5136 1366 5218 potestati
1410 5137 1620 5216 regiae,
1664 5138 1768 5199 sed
1816 5144 2064 5201 tantum

501 5243 753 5308 cuidam
791 5232 1116 5317 temporali
1151 5229 1430 5306 utilitati,
1475 5231 1641 5309 quod
1677 5249 1848 5294 secus
1875 5240 1968 5294 est
1996 5236 2063 5294 in

498 5331 944 5402 consuetudine
970 5322 1333 5406 imponendi
1358 5323 1614 5399 tributa,
1645 5330 1718 5385 ut
1744 5332 2061 5388 ostensum

496 5438 607 5497 est.
650 5432 728 5492 Et
752 5427 841 5488 ita
867 5422 1055 5484 etiam
1085 5433 1450 5496 responsum
1476 5418 1674 5479 estad
1706 5418 1829 5481 alia
1856 5437 2062 5481 exem-

499 5536 604 5619 pla
630 5547 768 5611 quae,
795 5518 883 5583 ibi
909 5514 1293 5587 afferuntur3
1329 5527 1502 5586 nam,
1531 5510 1671 5573 licet
1697 5512 1823 5576 sint
1854 5512 1930 5577 de
1962 5531 2061 5575 ao-

1397 390 1513 441 LIB.
1549 390 1608 441 V.
1647 390 1727 441 DE
1759 384 2115 442 vARlETATE
2146 387 2355 443 LEGUM
2386 386 2793 442 mmmmm.

2133 485 2300 548 tibus
2319 487 2644 548 reservatis
2666 482 2958 565 principi,
2990 500 3121 546 non
3148 489 3356 546 tamen
3383 492 3545 548 sunt
3568 503 3727 566 pro·

2134 580 2272 659 pria
2290 581 2465 659 signa
2491 579 2866 642 excellentiae
2886 578 3041 656 ejus,
3065 578 3164 639 vel
3182 584 3352 638 actus
3370 582 3481 659 qui
3506 579 3727 643 veluti

2135 673 2463 735 intrinsece
2487 674 2807 735 includant
2839 672 3314 751 dependentiam
3339 692 3377 734 a
3406 691 3729 753 suprema

2135 772 2458 846 potestate,
2491 772 2562 827 ιιι
2583 772 2675 828 est
2695 765 3070 826 tributorum
3101 766 3433 846 impositio.

2219 863 2317 920 17.
2362 861 2456 921 Ad
2512 859 3076 934 confirmationem,
3131 859 3475 938 respondeo
3530 877 3724 938 posse

2135 952 2385 1030 quidem
2413 954 2757 1033 principem
2785 952 3170 1013 committere
3196 951 3480 1012 inferiori
3506 958 3583 1011 ut
3600 970 3721 1012 no-

2135 1044 2306 1105 mine
2345 1052 2407 1107 et
2433 1046 2794 1107 auctoritate
2829 1063 2940 1105 sua
2977 1043 3282 1105 tributum
3323 1045 3620 1124 imponat
3648 1045 3718 1103 in

2140 1138 2504 1216 particulari
2532 1157 2699 1214 casu,
2734 1142 2798 1200 et
2829 1137 3184 1199 examinata
3223 1155 3428 1211 causa,
3458 1136 3717 1197 ratione

2140 1236 2200 1291 et
2223 1232 2430 1307 modo,
2449 1232 2608 1292 utin
2626 1232 2855 1292 eisdem
2875 1229 3117 1310 juribus
3140 1230 3559 1309 significatur,
3585 1249 3720 1290 non

2138 1330 2349 1386 tamen
2368 1343 2543 1405 posse
2554 1326 2718 1404 juste
2748 1324 3083 1385 concedere
3110 1323 3384 1384 inferiori
3410 1323 3718 1403 generale

2141 1417 2537 1497 privilegium
2558 1416 2921 1497 imponendi
2949 1416 3252 1477 tributum
3278 1416 3720 1496 independen-

2140 1515 2236 1570 ter
2262 1527 2301 1570 a
2327 1529 2438 1571 sua
2460 1510 2920 1592 approbatione,
2946 1515 3009 1570 et
3033 1504 3388 1570 redundans
3412 1510 3480 1570 in
3508 1509 3720 1570 solam

2138 1602 2473 1665 utilitatem
2517 1604 2707 1684 ipsius
2750 1602 3097 1678 inferioris3
3145 1591 3303 1663 esset
3351 1603 3532 1663 enim
3592 1601 3719 1662 tale

2136 1698 2529 1779 privilegium
2569 1698 2744 1759 valde
2768 1697 3182 1778 perniciosum
3215 1697 3611 1775 reipublicae,
3648 1716 3719 1758 ac

2141 1792 2457 1853 communi
2490 1792 2677 1867 bono,
2709 1797 2772 1852 et
2799 1791 2979 1852 valde
3006 1808 3364 1871 repugnans
3394 1809 3719 1871 supremas

2138 1885 2427 1965 potestati
2462 1883 2738 1963 ejusdem
2779 1883 3095 1963 principie,
3138 1888 3201 1944 et
3237 1884 3489 1961 jnstitiae
3519 1885 3718 1964 aequi-

2140 1979 2276 2052 tati,
2306 1983 2377 2040 ut
2405 1983 2719 2040 ostensum
2739 1984 2851 2038 est.
2886 1976 3150 2055 Ideoque
3178 1994 3256 2037 ex
3285 1977 3348 2036 vi
3374 1985 3714 2039 consuetu·

2138 2070 2299 2131 dinis
2320 2115 2342 2147 ,
2389 2076 2962 2151 quantumcumque
2998 2068 3297 2147 longaevae
3320 2115 3341 2145 ,
3379 2089 3712 2150 nunquam

2138 2164 2531 2243 praesumitur
2549 2182 2678 2225 esse
2699 2163 3024 2223 fundatam
3041 2163 3107 2222 in
3128 2161 3338 2243 aliquo
3350 2165 3709 2244 privilegio,

2138 2254 2237 2315 vel
2263 2256 2429 2335 justo
2467 2256 2671 2316 titulo,
2716 2256 2792 2315 Et
2818 2255 2949 2316 haec
2984 2262 3078 2315 est
3112 2257 3272 2318 ratio
3298 2257 3622 2318 sufficiens
3649 2264 3714 2317 ut

2137 2365 2243 2427 per
2283 2366 2422 2410 eam
2451 2367 2577 2410 non
2618 2349 2806 2429 possit
2832 2348 2971 2409 talis
2996 2354 3261 2429 potestas
3288 2351 3672 2431 comparari.

2707 2580 2958 2642 CAPUT
2997 2581 3127 2642 XV.

2208 2784 2287 2830 DE
2328 2783 2585 2832 RATIONE
2626 2784 2704 2830 ΕΤ
2745 2784 2935 2831 CAUSA
2973 2786 3173 2832 mun
3209 2785 3286 2831 AB
3323 2785 3646 2832 mmm

2595 2890 2827 2937 TRIBUTI
2867 2891 3251 2938 NECESSARIA.

2229 3099 2285 3159 1.
2320 3096 2601 3159 Secunda
2629 3097 2895 3160 conditio
2922 3097 3000 3161 ad
3023 3096 3331 3179 justitiam
3356 3095 3563 3158 tributi
3585 3117 3698 3160 ne-

2146 3190 2408 3252 cessaria
2433 3196 2527 3251 est
2551 3209 2735 3252 causa
2755 3190 2980 3267 finalis,
3000 3210 3109 3252 seu
3128 3192 3311 3252 ratio.
3326 3193 3416 3252 lta
3439 3191 3700 3252 sumitur

2147 3301 2225 3344 ex
2252 3302 2383 3363 cap.
2414 3285 2720 3360 Pervenit,
2751 3285 2829 3346 de
2854 3285 3123 3360 Censib.,
3162 3284 3272 3345 ubi
3298 3285 3487 3346 etiam
3514 3287 3699 3364 signi-

2143 3375 2363 3437 ficatur
2391 3394 2637 3438 necesse
2677 3394 2804 3439 esse
2832 3395 3080 3439 causam
3116 3395 3245 3439 esse
3281 3383 3520 3453 notam,
3557 3379 3697 3457 quia

2143 3486 2349 3532 census
2375 3470 2739 3549 iquorantioe
2767 3472 2860 3547 (ut
2878 3470 2966 3530 ibi
2988 3469 3263 3547 dicitur),
3294 3470 3360 3531 id
3382 3477 3500 3546 est,
3531 3472 3693 3550 cujus

2138 3562 2306 3640 justa
2314 3563 2824 3641 causaiguoratur
2833 3565 2925 3643 (ut
2936 3562 3168 3624 ibidem
3183 3564 3434 3642 exponit
3441 3564 3689 3640 Glossa),

2144 3654 2307 3715 nullo
2322 3655 2469 3733 jure
2487 3656 2689 3718 divino
2711 3655 2802 3718 vol
2827 3657 3084 3718 humano
3105 3656 3425 3735 probatur.
3438 3658 3520 3717 Et
3540 3657 3687 3731 ideo,

2142 3746 2348 3826 inquit
2393 3748 2698 3824 Pontifex,
2737 3753 2962 3828 oportet
3001 3754 3072 3811 ut
3120 3766 3327 3811 ceum
3361 3752 3577 3824 omnis,
3620 3749 3694 3810 ad

2145 3841 2294 3919 quid
2328 3845 2383 3904 et
2422 3842 2701 3920 quomodo
2739 3841 3002 3920 persolvi
3047 3842 3269 3918 debeat,
3310 3844 3683 3921 proesciatur.

2145 3930 2319 4005 Quod
2361 3932 2836 4012 intelligendum
2880 3938 2971 3994 est
3019 3933 3096 3995 de
3135 3933 3420 3995 censibus
3464 3936 3681 3996 noviter

2142 4025 2466 4104 impositis,
2491 4025 2591 4086 vel
2622 4025 3034 4105 imponendis,
3057 4032 3128 4087 ut
3154 4026 3243 4087 ibi
3266 4028 3455 4088 sentit
3477 4027 3667 4101 Gloss„

2142 4122 2213 4177 ut
2244 4123 2420 4179 notat
2449 4118 2677 4179 Medin.
2709 4126 3140 4199 supra,quaeoet.
3173 4122 3272 4181 14.
3304 4120 3457 4182 Nam
3478 4120 3545 4180 de
3567 4138 3668 4179 au-

2140 4210 2329 4290 tiquis
2357 4211 2753 4292 praesumitur
2778 4229 2983 4288 causa,
3012 4211 3156 4273 licet
3196 4230 3324 4273 non
3352 4214 3583 4287 sciatur,
3603 4217 3666 4271 ut

2142 4303 2435 4366 dicemus.
2476 4307 2607 4368 Imo
2635 4305 2824 4367 etiam
2849 4305 2916 4364 in
2945 4305 3193 4366 tributis
3217 4307 3398 4366 novis
3423 4309 3514 4384 (ut
3536 4306 3677 4366 'mh-a

2143 4397 2368 4476 dicam)
2406 4417 2536 4460 non
2557 4404 2651 4460 est
2674 4398 3086 4460 necessarium
3113 4406 3184 4460 ut
3209 4417 3395 4461 causa
3431 4400 3515 4459 sit
3554 4406 3687 4460 nota

2142 4491 2430 4552 omnibus
2460 4498 2523 4554 et
2547 4492 2807 4572 singulis
2831 4491 2909 4552 de
2932 4491 3192 4571 populo;
3223 4499 3465 4573 oportet
3491 4499 3692 4555 tamen

2142 4590 2213 4645 ut
2231 4585 2309 4646 sit
2328 4591 2476 4646 nota
2500 4585 2766 4665 principi
2792 4591 2856 4647 et
2878 4585 3237 4646 consiliariis
3258 4587 3414 4665 ejuS,
3435 4587 3540 4647 vel
3561 4605 3693 4667 pro-

2140 4678 2524 4739 curatoribus
2540 4678 2740 4757 regni,
2753 4683 2864 4739 aut
2880 4677 3016 4738 aliis
3029 4678 3107 4738 ad
3124 4697 3278 4756 quos
3291 4680 3561 4758 pertinet
3575 4680 3696 4758 jus-

2139 4770 2343 4831 titiam
2383 4770 2601 4831 tributi
2644 4770 3023 4831 examinare.
3073 4771 3230 4844 Quia
3275 4771 3395 4832 nisi
3434 4771 3697 4851 principi

2139 4869 2378 4925 constet
2402 4865 2639 4943 justam
2663 4863 3037 4925 intervenire
3060 4881 3334 4939 causam,
3353 4864 3452 4925 vel
3478 4865 3697 4943 proba·

2142 4955 2370 5017 bilibus
2405 4956 2766 5032 rationibuS,
2798 4954 2899 5016 vel
2923 4955 3043 5016 fide
3083 4956 3273 5034 digna
3310 4958 3697 5032 auctoritate,

2143 5055 2205 5111 et
2223 5050 2459 5128 judicio
2500 5068 2752 5111 suorum
2778 5048 3293 5125 consiliariorum,
3321 5068 3448 5109 non
3475 5052 3705 5130 poterit

2135 5143 2300 5222 juste
2350 5143 2692 5223 imponere,
2734 5142 2834 5204 vel
2877 5143 3122 5220 exigere
3168 5142 3502 5217 tributum,
3563 5146 3701 5223 quia

2142 5242 2374 5297 temere
2395 5237 2636 5316 agendo
2661 5255 2788 5297 non
2804 5234 2997 5314 habet,
3011 5235 3115 5313 jus
3135 5234 3446 5313 exigendi.
3463 5236 3547 5296 Et
3570 5237 3703 5296 ideo

2141 5347 2255 5390 nec
2278 5330 2544 5392 retinere
2571 5334 2772 5410 potest
2788 5328 2950 5409 quod
2976 5329 3063 5388 sic
3091 5328 3321 5407 exegit,
3346 5329 3465 5388 nisi
3492 5336 3705 5408 postea

2140 5423 2491 5484 examinata
2525 5440 2713 5484 causa
2748 5421 3057 5482 invenerit
3085 5421 3325 5499 justum
3363 5420 3556 5482 fuisse
3598 5421 3704 5482 tri·

2137 5512 2363 5576 butum
2388 5515 2457 5576 in
2481 5533 2574 5593 re,
2598 5515 2741 5577 licet
2765 5520 2998 5577 temere
3022 5512 3212 5576 fuerit
3240 5512 3635 5593 impositum.
