3976 6219
542 349 661 410 ³52

533 455 827 531 latorum,
858 460 930 514 ut
956 455 1180 518 Navar.
1213 459 1411 530 notat,
1441 455 1788 535 specialiter
1815 456 1976 516 circa
2001 455 2106 517 de-

538 554 711 615 creta.
747 547 1003 609 Concilii
1028 548 1399 624 Tridentini,
1431 565 1568 626 quae
1596 554 1740 608 ante
1780 546 2105 608 confirma-

535 642 772 703 tionem
802 647 1123 721 coeperunt
1146 642 1213 702 in
1247 641 1542 721 Hispania
1569 641 1900 701 observari.
1924 641 2103 702 Ratio

536 740 745 795 autem
794 739 908 808 est,
958 734 1104 813 quia
1145 733 1476 794 concilim
1515 738 1959 811 congregatum
1986 732 2102 794 sub

536 825 888 887 obedientia
917 825 1229 887 Pontificis
1261 845 1389 887 non
1418 826 1608 888 habet
1635 825 1996 886 immediate
2026 844 2101 887 ex

531 918 673 997 jure
715 918 928 979 divino
970 918 1457 997 jurisdictionem
1511 936 1696 997 super
1744 918 2101 980 universam

537 1009 876 1072 Ecclesiam
895 1026 915 1087 ;
940 1010 1163 1071 nullibi
1186 1012 1355 1072 enim
1374 1010 1467 1070 illi
1488 1028 1775 1072 concessa
1795 1009 2096 1089 loquitur,

536 1104 641 1164 sed
674 1103 854 1164 Petro
881 1108 1162 1177 tantum3
1196 1121 1343 1183 ergo
1387 1108 1636 1163 tantum
1657 1102 2101 1181 jurisdictionis

535 1196 723 1258 habet
762 1202 1066 1276 quantum
1113 1196 1206 1256 illi
1256 1214 1295 1257 a
1344 1197 1512 1275 Papa
1560 1195 1949 1271 conceditur3
1995 1194 2100 1257 sed

539 1291 702 1369 Papa
739 1307 867 1349 non
894 1290 1001 1350 dat
1029 1290 1458 1350 auctoritatem
1497 1287 1753 1348 concilio
1780 1287 1858 1347 ad
1898 1286 2103 1348 feren-

537 1382 646 1441 das
689 1382 856 1460 leges
885 1381 1227 1460 obligantes
1267 1382 1624 1461 priusquam
1658 1379 1737 1439 ab
1794 1379 1926 1458 ipso
1959 1398 2104 1440 con-

537 1474 886 1551 firmentur,
945 1482 1016 1536 ut
1062 1493 1139 1536 ex
1188 1493 1305 1535 usu
1346 1479 1622 1550 constat3
1679 1491 1849 1551 ergo.
1900 1473 2099 1549 Dices,

537 1574 737 1646 potest
786 1569 958 1629 illam
1009 1568 1155 1629 dare
1209 1573 1270 1628 et
1319 1567 1565 1628 mittere
1590 1566 1825 1644 legatos
1859 1583 2003 1626 cum
2030 1585 2105 1627 ea

537 1666 838 1740 potestate
860 1666 922 1722 et
938 1661 1313 1735 conditione,
1338 1665 1409 1718 ut
1431 1659 1596 1737 leges
1615 1677 1654 1718 a
1672 1649 1934 1719 concilio
1961 1656 2103 1719 latae

541 1755 751 1815 statim
775 1755 907 1816 sine
925 1754 1049 1815 alia
1073 1753 1543 1815 confirmatione
1563 1751 1945 1832 promulgari
1966 1770 2103 1832 pos-

538 1846 664 1907 sint
690 1853 752 1908 et
779 1847 1075 1925 obligare.
1113 1846 1471 1925 Respondeo
1503 1845 1728 1924 primo,
1765 1844 1817 1904 si
1846 1845 2011 1923 Papa
2038 1844 2103 1904 id

537 1939 722 2000 faciat
759 1940 1216 2014 antecedenter,
1256 1944 1327 2000 ut
1360 1939 1447 1999 sic
1479 1938 1705 2012 dicam,
1735 1936 2103 1998 confirmare

537 2031 673 2093 illas
712 2031 915 2110 leges;
965 2051 1104 2093 cum
1134 2032 1403 2092 diximus
1435 2035 1643 2091 autem
1688 2029 2103 2089 confirmatio-

540 2143 686 2186 nem
715 2144 843 2186 esse
868 2126 1299 2200 necessariam,
1330 2125 1408 2184 de
1434 2128 1839 2202 consequente
1866 2121 1968 2182 vel
1995 2140 2106 2182 an-

537 2219 854 2280 tecedente
888 2218 1366 2298 intelligendum
1392 2222 1502 2277 est.
1546 2215 1721 2276 Addo
1743 2233 1891 2276 vero
1919 2233 2104 2275 num-

537 2330 727 2389 quam
765 2313 830 2372 id
877 2311 1037 2389 fieri,
1078 2312 1197 2373 nisi
1238 2310 1482 2391 quando
1513 2311 1700 2389 Papa,
1732 2309 1799 2368 in
1840 2309 1974 2387 ipsa
2009 2307 2105 2368 in-

536 2406 875 2467 structione
895 2405 1164 2480 concilii,
1190 2405 1257 2464 in
1275 2401 1636 2483 particulari
1659 2400 1931 2461 declarat
1952 2399 2102 2479 quid

537 2499 1019 2579 praecipiendum
1059 2499 1178 2575 sit3
1230 2515 1378 2558 nam
1425 2496 1491 2556 in
1528 2494 1868 2568 communi,
1907 2498 1968 2554 et
2007 2494 2104 2553 in-

537 2592 892 2654 differenter
935 2610 1064 2653 non
1096 2596 1187 2652 est
1213 2591 1303 2651 ita
1325 2588 1678 2667 expediens,
1709 2587 1854 2666 quia
1881 2585 2105 2647 confir-

538 2686 730 2746 matio
758 2687 959 2764 Papae,
992 2691 1063 2745 ut
1086 2688 1320 2744 certam
1362 2681 1591 2741 habeat
1611 2685 1675 2740 et
1707 2678 2100 2739 infallibilem

537 2778 951 2837 assistentiam
996 2776 1258 2855 Spiritus
1295 2774 1529 2847 Sancti,
1570 2776 1810 2851 oportet
1845 2777 1915 2831 ut
1941 2771 2102 2832 circa

537 2888 672 2931 rem
714 2876 945 2930 certam
990 2875 1054 2931 et
1078 2867 1556 2929 determinatam
1585 2869 1884 2926 versetur.
1926 2862 2099 2937 Quod

535 2979 683 3022 vero
728 2962 1057 3022 concilium
1082 2959 1437 3039 hujusmodi
1470 2957 1639 3018 illam
1677 2955 1902 3019 babeat
1927 2953 2102 3018 ante-

536 3073 725 3135 quam
753 3053 1176 3131 confirmetur,
1212 3052 1357 3114 satis
1397 3049 1589 3113 dubia
1626 3067 1725 3113 res
1766 3054 1880 3127 est,
1919 3055 1981 3112 et
2023 3049 2100 3112 de

535 3167 656 3227 qua
683 3168 811 3210 non
840 3154 930 3210 est
956 3149 1058 3210 hic
1087 3146 1334 3209 dicendi
1346 3146 1550 3226 locus.

616 3243 675 3304 3.
722 3243 814 3305 De
840 3242 1085 3305 concilio
1103 3241 1232 3304 sins
1260 3240 1439 3319 Papa
1461 3242 1569 3300 aut
1591 3236 1724 3317 ejus
1744 3235 2101 3316 Zagatis.—

530 3339 818 3416 Superest
859 3335 1210 3406 dicendum,
1224 3332 1302 3393 de
1347 3331 1607 3393 concilio
1642 3329 1890 3409 quando
1931 3330 2098 3408 Papa

532 3447 647 3490 uec
674 3446 784 3507 per
809 3445 874 3488 se
896 3444 1012 3488 nec
1040 3444 1151 3505 per
1176 3426 1431 3502 Legatos
1454 3422 1647 3484 adest.
1671 3422 1747 3483 Et
1768 3421 2020 3499 quidem
2043 3420 2096 3481 si

531 3520 600 3581 in
646 3518 914 3580 Ecclesia
962 3518 1043 3579 sit
1083 3523 1284 3579 certus
1326 3514 1551 3595 aliquis
1605 3520 1667 3575 et
1710 3512 2096 3574 indubitatus

533 3612 838 3687 Pontifex,
889 3610 1030 3671 talis
1076 3608 1472 3687 congregatio
1518 3625 1632 3667 nec
1680 3610 1834 3667 esset
1872 3622 2094 3666 verum

530 3703 883 3778 concilium,
927 3702 1076 3783 quia
1116 3719 1246 3762 non
1273 3705 1429 3762 esset
1470 3698 1748 3777 legitime
1783 3704 2091 3776 coactum,

529 3802 742 3876 utpote
760 3797 894 3857 sine
913 3793 1273 3856 auctoritate
1298 3791 1607 3854 Pontificis
1631 3792 1910 3869 romani3
1943 3809 2092 3853 nam

528 3909 876 3972 repugnare
901 3889 1148 3952 videtur
1174 3894 1243 3949 ut
1283 3888 1417 3967 ejus
1448 3888 1809 3948 auctoritate
1837 3903 2092 3965 congre-

529 3991 732 4064 getur,
762 3990 824 4046 et
850 3983 1016 4064 quod
1033 3981 1236 4045 desint
1258 3981 1326 4042 in
1349 3998 1423 4042 eo
1445 3979 1659 4059 Legati
1676 3977 1979 4058 ejusdem,
1990 3977 2092 4040 vel

527 4078 750 4159 aliquis
777 4078 887 4158 qui
931 4076 1123 4157 ipsius
1160 4075 1415 4137 nomine
1447 4072 1795 4153 presideat,
1834 4077 1897 4132 et
1924 4071 2092 4151 quod

525 4172 606 4232 sit
633 4171 958 4232 concilium
977 4167 1296 4249 generale3
1322 4166 1514 4242 unde,
1543 4166 1597 4227 si
1614 4165 1736 4228 tale
1758 4164 2092 4225 concilium

524 4263 822 4342 fingatur,
850 4281 977 4324 non
1005 4262 1229 4342 poterit
1256 4259 1379 4321 dici
1408 4258 1720 4338 generale,
1771 4257 1917 4337 quia
1955 4274 2089 4319 om-

525 4358 678 4417 nino
701 4357 770 4417 in
796 4356 904 4417 illo
924 4355 1098 4418 deest
1122 4353 1409 4415 Ecclesiae
1444 4357 1652 4431 caput,
1694 4367 1838 4411 cum
1875 4354 2087 4410 tamen

526 4467 600 4511 eo
622 4455 924 4529 tempore,
949 4453 1022 4508 ut
1041 4446 1427 4527 supponitur,
1456 4462 1584 4506 non
1606 4442 1763 4505 desit
1787 4442 1855 4502 in
1881 4442 2088 4503 Eccle-

523 4541 635 4603 sia.
664 4541 839 4604 Unde
866 4541 1076 4616 etiam,
1115 4538 1224 4600 illo
1260 4556 1405 4598 casu
1432 4536 1575 4597 ficto
1602 4534 1890 4610 admiss0,
1931 4552 2086 4596 con-

523 4639 645 4694 stat
678 4634 925 4695 decreta
967 4638 1031 4694 et
1076 4631 1245 4709 leges
1282 4628 1424 4689 talis
1465 4627 1710 4689 concilii
1744 4645 1875 4688 non
1909 4646 2085 4707 posse

523 4724 797 4806 obligare
832 4725 1186 4786 universam
1222 4721 1555 4783 Ecclesiam
1583 4726 1727 4782 ante
1755 4719 2084 4782 confirma-

522 4817 758 4880 tionem
799 4820 1000 4897 Papae,
1030 4816 1179 4896 quia
1223 4834 1352 4878 non
1382 4821 1475 4878 est
1500 4813 1810 4895 generale,
1841 4819 1903 4875 et
1933 4812 2083 4895 quia

520 4910 598 4973 de
647 4911 755 4972 illo
804 4928 844 4971 a
894 4909 1136 4972 fortiori
1177 4909 1519 4991 procedunt
1567 4907 1733 4970 dicta
1778 4907 1848 4968 in
1890 4906 2085 4987 priori

520 5010 775 5083 puncto.
2025 5042 2028 5043 ν

601 5099 661 5159 4.
708 5099 798 5159 De
831 5094 1079 5159 oonsilio
1124 5100 1381 5174 temporo
1414 5090 2086 5157 schismatis—Solum

528 5207 677 5268 ergo
712 5193 991 5269 superest
1019 5186 1302 5262 dubium,
1346 5186 1595 5265 quando
1630 5185 1934 5270 contingit
1958 5183 2085 5245 tale

522 5282 853 5342 concilium
871 5280 1234 5359 congregari
1257 5278 1580 5342 deficiente
1601 5276 1918 5352 pontifice,
1941 5294 2084 5356 pro-

519 5379 658 5453 pter
709 5381 994 5434 exortum
1035 5373 1301 5433 schisma
1324 5418 1343 5445 ,
1392 5378 1465 5432 ut
1508 5371 1767 5449 contigit
1806 5376 2083 5449 tempore

520 5465 776 5528 Concilii
800 5464 1300 5526 Constantiensis.
1321 5464 1400 5526 Et
1420 5469 1570 5525 tunc
1586 5463 1916 5526 dicendum
1938 5479 2082 5523 cen-

1548 355 1665 408 Lm.
1700 356 1783 409 lv,
1818 355 1900 408 DE
1931 354 2095 408 LEGE
2125 354 2410 410 PosrrwA
2442 358 2768 412 cmomcs.

2184 475 2287 519 seo
2313 458 2436 519 tale
2462 458 2796 520 concilium
2829 457 3027 520 solum
3057 458 3285 522 habere
3312 478 3452 522 eam
3480 466 3770 541 potoeta-

2183 557 2309 612 tem
2334 569 2471 631 quae
2497 552 2843 613 necessaria
2863 558 2977 628 εισι,
3007 551 3198 613 veluti
3218 554 3297 614 ad
3320 554 3770 616 defensionem

2182 644 2484 719 Ecclesiae,
2517 649 2580 705 et
2624 643 2705 705 ad
2754 643 3196 723 pacificandam
3242 646 3414 707 illam
3457 647 3767 726 eligendo

2183 755 2496 798 summum
2524 735 2884 799 Pontificem
2912 744 3172 815 certum,
3195 744 3256 799 et
3275 739 3416 800 ideo
3442 740 3665 801 solum
3696 759 3769 800 ea

2180 847 2357 909 posse
2379 825 2709 909 praecipere
2727 835 2788 891 et
2808 830 3094 892 ordinare
3109 849 3247 909 quae
3268 830 3344 893 ad
3364 832 3540 892 hunc
3560 831 3769 892 finem

2177 923 2520 983 necessaria
2528 927 2830 997 sunt,non
2840 941 2987 984 vero
3000 923 3166 1002 leges
3175 929 3503 1003 perpetuas
3518 943 3646 1004 pro
3657 926 3767 986 Ec·

2180 1013 2365 1074 clesia
2385 1015 2674 1075 universa
2706 1021 2995 1077 statuere.
3025 1016 3153 1076 Hoc
3182 1016 3496 1095 imprimis
3525 1017 3763 1096 probat

2179 1123 2350 1184 usus3
2364 1103 2585 1168 deinde
2596 1110 2777 1184 ratio,
2789 1109 2937 1188 quia
2945 1107 3068 1169 tale
3078 1105 3411 1169 concilium
3423 1128 3559 1169 non
3570 1109 3766 1171 habet

2181 1199 2343 1261 hanc
2368 1200 2861 1280 jurisdictionem
2888 1200 3248 1261 immediate
3271 1201 3350 1261 ab
3369 1201 3589 1280 aliquo
3620 1203 3762 1281 jure

2182 1293 2392 1353 divino
2432 1292 2693 1372 positivo
2712 1339 2734 1370 ,
2779 1297 2926 1372 quia
2972 1311 3086 1355 nec
3130 1293 3433 1373 scriptum
3473 1301 3599 1370 oet,
3647 1314 3761 1356 nec

2183 1386 2513 1446 traditione
2541 1390 2821 1464 constat3
2854 1403 3059 1466 neque
3085 1386 3273 1447 etiam
3297 1386 3493 1447 habet
3521 1404 3566 1446 a
3591 1405 3759 1448 sum-

2182 1497 2287 1540 mo
2309 1478 2623 1553 Pontifice,
2642 1479 2790 1557 quia
2814 1479 3217 1559 supponimus
3238 1477 3419 1539 illum
3441 1497 3581 1539 non
3603 1498 3755 1556 esse,

2184 1576 2247 1632 et
2297 1570 2406 1650 qui
2448 1577 2916 1651 praecesserunt,
2947 1570 3121 1632 illam
3168 1589 3297 1631 non
3332 1570 3752 1650 reliquerunt,

2183 1664 2331 1742 quia
2357 1663 2600 1723 nullum
2622 1663 2810 1724 etiam
2828 1664 3147 1725 decretum
3167 1664 3244 1724 de
3264 1663 3382 1724 hoc
3403 1662 3749 1741 habemus;

2182 1755 2381 1816 solum
2419 1773 2569 1834 ergo
2596 1755 2784 1816 babet
2814 1761 3180 1835 potestatem
3206 1773 3346 1835 quae
3381 1774 3461 1817 ex
3491 1758 3642 1835 jure
3665 1756 3752 1816 di-

2181 1848 2329 1908 vino
2356 1848 2624 1909 naturali
2669 1849 3060 1928 consequitur
3084 1849 3151 1910 in
3191 1848 3470 1928 quolibet
3495 1867 3747 1929 corpore

2183 1939 2466 2019 mystico,
2498 1947 2569 2001 ut
2611 1941 2800 2019 possit
2837 1959 2900 2002 se
2940 1941 3289 2020 gubernare
3327 1946 3390 2000 et
3427 1942 3582 2002 tueri
3621 1961 3744 2021 per

2183 2033 2490 2113 principes
2519 2033 2920 2113 particulares
2940 2034 3149 2094 unitos
3174 2034 3244 2093 in
3270 2050 3467 2092 unum
3488 2051 3730 2113 corpuS,

2183 2125 2432 2204 quando
2476 2126 2646 2188 deest
2688 2144 3044 2205 supremum
3088 2130 3312 2205 caput;
3355 2125 3487 2186 haec
3534 2131 3736 2186 autem

2182 2225 2448 2298 potestas
2475 2238 2551 2280 ex
2601 2225 2827 2281 natura
2869 2220 2962 2280 rei
3008 2218 3209 2280 solum
3249 2219 3649 2296 consequitur
3671 2218 3746 2278 ad

2181 2312 2544 2391 praedictum
2571 2311 2786 2387 finem,
2825 2317 2887 2372 et
2922 2330 3063 2373 cum
3097 2312 3261 2373 dicta
3300 2311 3745 2372 moderatione.

2184 2404 2383 2480 Unde,
2431 2406 2482 2465 si
2508 2404 2631 2466 tale
2676 2404 3006 2465 concilium
3041 2405 3279 2484 ailquas
3317 2403 3514 2466 ferret
3560 2403 3746 2482 leges,

2183 2497 2261 2557 ad
2292 2516 2604 2559 summum
2635 2504 2883 2577 possent
2902 2497 3176 2575 obligare
3199 2515 3275 2559 ex
3293 2497 3360 2556 vi
3375 2497 3752 2575 acceptionis

2181 2589 2488 2662 Ecclesiae,
2510 2589 2610 2651 vel
2627 2595 2930 2669 quatenus
2947 2590 3174 2669 singuli
3198 2589 3482 2669 Episcopi
3500 2594 3752 2668 possent

2180 2681 2317 2742 illas
2346 2682 2411 2742 in
2450 2684 2576 2743 suis
2609 2682 3061 2763 episcopatibus
3087 2682 3262 2758 ferre,
3295 2681 3396 2744 vel
3424 2700 3641 2760 usque
3679 2681 3752 2742 ad

2181 2773 2547 2837 electionem
2577 2775 2912 2836 PontificiS.

2261 2868 2321 2927 5.
2371 2866 2700 2948 Collegium
2735 2866 3161 2931 Cardinalium
3180 2871 3428 2931 vacante
3456 2867 3594 2929 sede
3620 2867 3750 2928 aul-

2181 2961 2275 3024 las
2291 2963 2423 3036 fere
2437 2979 2611 3040 posse
2632 2961 2788 3041 loyes
2810 2961 3141 3040 obligantes
3165 2965 3353 3024 totam
3375 2960 3742 3023 Ecclesium.

2177 3085 2260 3099 —-
2287 3052 2464 3115 Unde
2495 3053 2694 3116 obiter
2720 3053 3094 3132 intelligitur
3120 3053 3272 3134 quid
3306 3052 3639 3115 dicendum
3669 3054 3747 3114 sit

2179 3148 2256 3209 de
2286 3146 2557 3225 Collegio
2576 3147 3018 3224 cardinalium,
3043 3153 3304 3210 vacante
3332 3148 3476 3209 sede
3487 3163 3509 3225 3
3540 3146 3747 3208 nullas

2178 3242 2348 3302 enim
2394 3241 2555 3302 ferre
2596 3246 2795 3320 potest
2837 3239 3004 3320 leges
3046 3259 3185 3322 quae
3226 3241 3503 3321 obligent
3545 3247 3746 3301 totam

2176 3333 2529 3395 Ecclesiam.
2577 3333 2756 3393 Ratio
2784 3338 2898 3410 est,
2930 3334 3080 3412 quia
3112 3333 3333 3395 nullibi
3364 3340 3451 3394 est
3476 3332 3566 3393 illi
3601 3333 3745 3394 Col-

2174 3425 2336 3506 legio
2375 3443 2660 3487 concessa
2702 3424 2842 3487 talis
2873 3426 3242 3506 jurisdictio,
3293 3426 3436 3487 Nam
3472 3423 3548 3484 de
3581 3424 3741 3502 jure
3853 3444 3864 3453 ·

2174 3520 2387 3581 divino
2438 3525 2529 3582 est
2576 3519 2742 3581 idem
2791 3525 3274 3598 argumentum,
3314 3519 3456 3599 quia
3498 3516 3744 3577 nullibi

2173 3618 2446 3689 constat3
2493 3630 2609 3674 nec
2648 3611 2990 3690 Collegium
3029 3613 3236 3693 ipsum
3251 3658 3274 3688 ,
3314 3630 3424 3673 seu
3447 3609 3744 3671 Gardina-

2172 3704 2329 3766 lium
2381 3705 2651 3784 dignitas
2697 3709 2980 3765 censetur
3025 3723 3153 3766 esse
3196 3705 3274 3766 de
3317 3705 3463 3783 jure
3499 3703 3738 3777 divino,

2165 3797 2348 3876 juxta
2376 3797 2870 3860 communiorem
2913 3799 3306 3873 sententiam,
3349 3815 3544 3876 quam
3573 3815 3738 3857 nunc

2171 3907 2298 3951 non
2311 3890 2663 3952 definimus.
2688 3891 2773 3951 De
2788 3891 2929 3969 jure
2945 3908 3094 3952 vero
3116 3889 3524 3952 ecclesiastico
3536 3890 3737 3970 potius

2170 3983 2485 4063 colligitur
2504 3982 2841 4063 prohibitio
2874 4001 2952 4044 ex
2988 3982 3369 4046 clementina
3393 3983 3475 4047 N
3470 4002 3500 4045 e
3517 3983 3738 4046 Roma—

2169 4077 2263 4154 ni,
2292 4077 2371 4139 de
2398 4077 2613 4152 Elect.,
2642 4075 2718 4155 ‚in
2756 4077 3020 4157 princip.
3029 4122 3050 4153 ,
3081 4076 3170 4137 ibi
3208 4090 3226 4137 ι
3275 4075 3578 4148 Irritum,
3630 4080 3739 4137 ani

2170 4171 2350 4233 inane
2378 4171 2762 4243 decernentes,
2797 4170 3092 4251 quidquid
3108 4168 3452 4249 potestatis,
3488 4168 3738 4245 antsa-

2168 4262 2549 4325 risdistionis
2580 4262 2663 4323 ad
2682 4262 3021 4325 Romanum
3054 4260 3416 4338 Pontificem
3452 4259 3604 4340 (dum
3630 4259 3735 4319 vi-

2168 4355 2281 4432 vit)
2304 4355 2689 4434 pertinentis,
2719 4359 2899 4417 scetus
2918 4355 3048 4433 ipss
3064 4354 3306 4416 duxerit
3327 4352 3733 4415 mundum.

2166 4445 2503 4525 Solumque
2531 4444 2620 4506 ibi
2643 4444 3035 4525 excipiuntur
3070 4463 3210 4525 quae
3240 4445 3310 4504 in
3337 4462 3390 4505 c.
3430 4444 3548 4508 Ubi
3569 4445 3737 4522 pm·-

2167 4539 2389 4614 mdum,
2419 4538 2494 4599 de
2520 4538 2857 4615 Electione,
2888 4539 2955 4599 in
2984 4541 3045 4616 6,
3070 4536 3487 4601 cardinalibus
3514 4554 3739 4597 conce-

2165 4629 2439 4708 duntur;
2481 4629 2572 4691 ibi
2608 4637 2820 4693 autem
2847 4631 3009 4694 nihil
3040 4632 3129 4694 eis
3168 4630 3524 4692 conceditur
3542 4675 3566 4705 ,
3617 4630 3740 4689 nisi

2163 4740 2301 4802 quse
2328 4723 2408 4783 ad
2452 4721 2816 4787 electionem
2846 4723 3157 4786 Pontificis
3177 4769 3198 4800 ,
3233 4729 3296 4785 et
3320 4722 3401 4784 ad
3427 4721 3741 4782 defensio-

2161 4832 2308 4877 nem
2334 4814 2616 4877 Ecclesiae
2633 4861 2655 4893 ,
2704 4822 2769 4879 et
2808 4835 2947 4897 quse
2983 4817 3061 4877 ad
3106 4815 3493 4877 obviandum
3518 4814 3741 4874 immi-

2161 4908 2456 4969 nentibus
2494 4908 2785 4988 periculis
2824 4914 3122 4989 spectant.
3174 4910 3259 4970 De
3295 4907 3552 4988 reliquis
3584 4925 3739 4968 vero

2161 5001 2366 5080 potius
2399 5000 2626 5062 dicitur
2651 5003 2810 5082 quod
2830 5019 2891 5064 ss
2911 5018 3284 5083 nequaquam
3308 5001 3375 5063 ds
3401 5000 3527 5063 alio
3552 5017 3740 5079 neqo-

2164 5095 2248 5156 tio
2293 5094 2703 5157 intromittant
2735 5118 2763 5165 ,·
2810 5099 2872 5155 et
2919 5094 2987 5154 in
3030 5093 3068 5175 ξ
3119 5092 3364 5156 Certum
3407 5091 3675 5152 additur
3718 5108 3737 5152 z

2169 5184 2346 5248 Omni
2368 5191 2582 5249 conatu
2608 5191 2661 5248 st
2688 5185 3113 5261 sollicitudine,
3135 5190 3320 5264 prout
3340 5184 3741 5263 possibilitas

2160 5279 2437 5357 patitwr,
2477 5279 2548 5341 id
2571 5278 2770 5340 actm-i
2801 5279 3202 5340 tantummodo
3223 5323 3243 5353 ,
3290 5282 3360 5339 ut
3386 5294 3596 5337 sorum
3623 5278 3742 5338 mi·-

2162 5372 2412 5433 nistsrio
2431 5372 2784 5437 acceleratim·
2800 5371 2979 5433 utilis
3001 5376 3056 5433 et
3069 5370 3520 5449 pernecessaria
3538 5370 3743 5431 totius

2161 5464 2372 5529 memdi
2386 5464 2732 5545 promissio.
2759 5463 2961 5544 Atque
2982 5464 3113 5525 haec
3131 5461 3438 5525 sententia
3457 5462 3743 5523 sumitur
