3976 6219
778 444 805 473 ο
837 419 973 473 (ΖΑΡ.
1012 420 1117 474 xu.
1156 422 1369 475 UTRUM
1400 424 1595 478 LEGES
1628 420 1866 476 CIVILES
1899 421 1959 473 IN
1994 419 2151 472 SOLA
2183 419 2460 473 MATERIA
2490 418 2792 480 RONESTA,
2832 416 2965 469 E‘rc,

296 517 578 579 Fortunii
628 516 894 598 probant
941 518 1103 581 hanc
1150 522 1504 601 opinionem
1523 567 1543 598 ,
1595 528 1657 584 et
1701 521 1860 583 nihil

296 612 488 686 aliud,
521 618 591 671 ut
629 611 809 672 facile
844 612 1113 672 intuenti
1154 614 1406 692 patebit.
1447 616 1720 694 Denique
1761 634 1859 675 res

292 705 427 783 ipsa
450 722 562 783 per
591 722 655 765 se
679 709 828 765 nota
851 710 980 765 est:
1009 723 1153 766 nam
1179 706 1308 767 haec
1331 706 1636 786 legislatio
1664 708 1859 769 civilis

295 797 372 859 de
417 816 481 858 se
526 803 589 858 et
631 815 741 858 suo
786 815 1011 875 genere
1054 800 1211 859 actio
1255 800 1515 863 honesta
1555 808 1669 876 est,
1716 802 1860 863 licet

294 891 527 951 ordinis
569 890 869 951 naturalis
915 897 977 951 et
1016 892 1359 971 prudentiae
1406 896 1740 974 acquisitae,
1786 913 1858 955 ac

291 984 517 1044 rationi
564 983 833 1044 naturali
864 991 1274 1047 consentanea
1291 1003 1311 1063 3
1357 1006 1503 1066 ergo
1544 993 1636 1049 est
1675 988 1751 1048 de
1793 1006 1857 1048 se

294 1081 436 1154 apta
482 1076 696 1137 referri
744 1076 822 1136 ad
865 1076 1054 1137 finem
1097 1080 1628 1157 supernaturalem
1649 1103 1665 1155 ;
1707 1098 1857 1159 ergo

292 1169 577 1247 princeps
600 1167 970 1230 christianus
991 1168 1171 1232 facile
1194 1178 1393 1250 potest
1414 1173 1481 1233 in
1504 1192 1646 1235 eum
1671 1173 1859 1234 finem

290 1261 463 1321 illam
486 1261 739 1337 referre,
767 1268 829 1323 et
851 1263 1084 1342 optime
1111 1263 1294 1326 faciet
1316 1266 1487 1327 illam
1513 1267 1857 1342 referendO,

285 1353 469 1432 juxta
494 1354 648 1414 illud
677 1355 1008 1433 Augustini
1034 1355 1076 1415 l.
1108 1359 1145 1417 5
1171 1356 1248 1417 de
1276 1358 1433 1435 Civ.,
1460 1378 1593 1439 cap.
1625 1361 1726 1435 24,
1752 1359 1861 1420 ubi

294 1443 371 1504 de
395 1445 644 1522 regibus
667 1445 1015 1506 christianis
1041 1447 1165 1509 ait:
1196 1450 1432 1513 Felices
1459 1469 1553 1513 coc
1579 1452 1857 1528 dicimus,

293 1539 352 1599 si
380 1555 553 1599 suam
581 1545 928 1617 potestatem
962 1542 1045 1602 ad
1073 1542 1191 1603 Dei
1219 1542 1439 1605 cultum
1471 1545 1733 1606 maoeimc
1758 1546 1858 1606 di·-

296 1629 633 1701 latandum,
660 1631 968 1709 majestati
995 1632 1124 1710 ejus
1150 1635 1453 1710 famulam
1484 1636 1764 1713 faciunt:
1795 1641 1858 1697 et

297 1721 463 1799 quod
492 1722 559 1781 in
587 1722 818 1783 Concil.
845 1724 1208 1802 Moguntino
1245 1726 1359 1787 sub
1387 1727 1598 1806 Steph.
1627 1746 1682 1788 c.
1711 1731 1750 1789 2
1779 1727 1855 1789 de

296 1813 461 1891 Rege
501 1814 764 1874 dicitur:
804 1816 1151 1879 Meminerit
1191 1836 1251 1879 cc
1287 1837 1419 1897 proe
1462 1820 1731 1883 omuibus
1763 1821 1855 1882 ita

293 1912 516 1968 sanotoe
562 1908 785 1970 matris
831 1909 1124 1972 Ecclcaioe
1174 1927 1296 1972 esso
1337 1912 1562 1988 filium,
1609 1919 1679 1974 ut
1727 1914 1856 1991 ejus

286 2000 430 2077 paci
465 2004 520 2060 et
555 2001 1001 2079 tranquillitati
1040 2020 1149 2080 per
1184 2006 1527 2067 universum
1572 2008 1856 2068 mundum

290 2108 465 2151 suum
511 2094 791 2168 prodesse
838 2094 1039 2170 saciat
1090 2097 1430 2174 imperium.
1486 2099 1592 2158 Est
1645 2105 1857 2160 autem

291 2181 745 2243 observandum
768 2184 929 2245 banc
953 2187 1318 2248 relationem
1339 2207 1511 2268 posse
1534 2190 1859 2269 dupliciter

291 2272 449 2351 ficri,
499 2275 702 2353 primo
747 2294 861 2355 per
901 2280 1228 2357 positivam
1271 2283 1746 2358 ordinationem,
1795 2296 1858 2344 et

292 2366 379 2425 sic
397 2367 769 2444 regulariter
786 2369 904 2429 erit
926 2371 994 2430 in
1014 2373 1292 2448 consili0,
1305 2374 1440 2435 nisi
1462 2375 1569 2434 ubi
1592 2376 1857 2455 speciale

291 2466 671 2539 praeceptum
694 2460 792 2521 vel
814 2465 1144 2524 necessitas
1163 2467 1241 2524 ad
1263 2465 1442 2525 illum
1466 2466 1850 2545 obligaverit.

293 2551 392 2612 Sic
420 2554 590 2613 enim
618 2555 739 2614 Leo
768 2556 954 2635 Papa,
984 2557 1175 2636 Epist.
1213 2560 1290 2617 75
1324 2558 1404 2619 ad
1437 2560 1702 2621 Leonem
1730 2560 1855 2620 Au-

291 2652 542 2723 gustum
590 2642 834 2727 inquitz'
883 2650 1071 2711 Debes
1106 2650 1516 2714 incunctanter
1553 2654 1856 2716 advertero

289 2739 521 2817 rcyiam
570 2746 917 2818 potestatem
968 2743 1084 2804 tibi
1127 2762 1245 2805 uon
1288 2745 1478 2807 solum
1524 2744 1607 2807 ad
1645 2746 1854 2807 muudi

289 2833 575 2907 rcyimea,
606 2835 709 2895 scd
744 2835 1003 2896 maximo
1045 2838 1128 2897 acl
1169 2837 1460 2899 Ecclesiae
1493 2838 1856 2916 praesidium

290 2940 412 2986 csse
439 2924 740 3001 collatam,
772 2933 889 2987 etc.
922 2929 1203 2989 Secundo
1228 2931 1492 3009 intelligi
1520 2936 1718 3009 potest
1743 2950 1855 3009 per

289 3017 690 3092 negationem
709 3023 976 3096 tantum,
998 3039 1106 3082 seu
1124 3041 1233 3101 per
1249 3023 1856 3102 circumspectionem

289 3109 452 3171 nihil
485 3112 794 3172 statuendi
833 3133 946 3193 per
977 3115 1138 3176 hanc
1171 3122 1557 3195 potestatem,
1587 3118 1752 3197 quod
1777 3119 1857 3179 sit

291 3205 674 3263 contrarium
704 3203 814 3264 fini
841 3209 1314 3285 supernaturali,
1345 3210 1444 3269 vel
1483 3211 1614 3288 ejus
1649 3228 1858 3271 conse-

293 3295 602 3356 cutionem
632 3297 934 3376 impedire
967 3301 1177 3378 possit,
1212 3320 1349 3380 quae
1376 3300 1763 3364 observantia
1795 3308 1858 3363 et

291 3389 561 3469 prudens
607 3390 811 3450 cautio
853 3409 929 3451 ex
972 3391 1094 3452 fide
1139 3394 1436 3471 procedit,
1477 3400 1540 3455 et
1581 3395 1857 3455 virtualis

294 3482 574 3559 quaedam
604 3482 819 3541 relatio
844 3483 912 3542 in
940 3484 1229 3544 ultimum
1264 3485 1454 3547 finem
1482 3486 1604 3546 dici
1633 3491 1851 3565 potest.

291 3574 513 3652 Estque
556 3593 683 3635 non
714 3580 957 3636 tantum
988 3577 1055 3636 in
1096 3577 1375 3654 consilio,
1414 3579 1520 3638 sed
1561 3579 1747 3639 etiam
1787 3579 1855 3639 in

292 3672 596 3745 praecepto
623 3668 892 3729 maxime
919 3670 1168 3749 proprio
1195 3669 1613 3732 christianiae
1646 3672 1854 3732 catho-

293 3758 394 3820 lici
429 3760 626 3840 princi
630 3760 723 3840 pis
727 3806 747 3838 ,
779 3767 846 3821 ut
874 3767 1132 3822 constat.

863 3944 1111 4009 CAPUT
1151 3947 1280 4006 XII.

300 4091 500 4138 UTRUM
529 4094 708 4139 LEGES
746 4093 975 4139 clvlLBs
1014 4093 1076 4138 IN
1107 4093 1250 4137 soLA
1290 4093 1559 4138 MATERIA
1591 4093 1861 4138 HONESTA

377 4187 747 4244 VERSENTUR,
794 4186 1094 4231 VIRTUTUM
1144 4185 1375 4230 OMNIUM
1429 4184 1611 4229 AGTUS
1652 4185 1863 4230 PRAEGI-

377 4278 606 4340 PIENDO,
638 4279 754 4322 vm.
781 4278 947 4323 vrnA
974 4277 1304 4322 GONTRARIA
1335 4275 1723 4321 PROHIBENDO.

381 4417 437 4475 1.
483 4415 790 4475 Hactenus
816 4412 1132 4492 explicatas
1159 4415 1304 4471 sunt
1340 4427 1525 4470 causa
1562 4409 1763 4470 finalis
1803 4416 1867 4471 et

303 4507 571 4568 efficiens
584 4507 737 4584 legis
759 4505 975 4579 civiIiS,
997 4504 1291 4582 quoniam
1312 4502 1390 4563 ad
1412 4502 1865 4563 ostendendum

302 4599 419 4660 hoc
448 4618 642 4678 genus
687 4598 840 4675 legis
866 4614 996 4657 esse
1023 4595 1335 4675 possibile,
1366 4594 1864 4674 conveniensque

304 4699 365 4754 et
392 4693 565 4772 quasi
607 4690 889 4752 naturale
942 4688 1207 4762 homini,
1242 4687 1363 4747 fuit
1414 4688 1826 4748 necessarium
1841 4710 1860 4763 3

306 4803 473 4846 nunc
498 4784 576 4845 ad
608 4781 1039 4845 declarandam
1078 4785 1365 4840 naturam
1417 4785 1479 4841 et
1529 4779 1866 4840 efficaciam

306 4876 493 4957 huJus
514 4876 689 4955 legis,
717 4875 793 4936 de
813 4875 1073 4936 materia
1093 4877 1154 4933 et
1182 4872 1382 4934 forma
1404 4871 1639 4952 aliquid
1663 4873 1869 4935 dicen-

307 4969 459 5030 dum
505 4974 618 5030 est.
653 4970 790 5030 Non
839 4967 1081 5046 agimus
1115 4970 1323 5026 autem
1364 4965 1441 5026 de
1491 4965 1752 5026 materia
1796 4983 1874 5026 ex

309 5080 456 5141 qua,
485 5079 591 5122 seu
637 5059 933 5138 subJecta,
970 5058 1115 5137 quia
1161 5057 1238 5119 de
1278 5057 1396 5118 hac
1445 5059 1592 5118 satis
1638 5057 1872 5119 dictum

311 5155 495 5217 estin
524 5154 728 5233 primo
769 5152 953 5227 libro,
985 5150 1329 5224 tractandO,
1359 5168 1440 5211 an
1482 5150 1581 5210 lex
1633 5150 1877 5211 interna

313 5248 409 5325 (ut
435 5248 521 5308 sic
546 5248 770 5322 dicam)
821 5247 900 5304 sit
941 5245 1009 5304 in
1058 5243 1373 5304 intellectu
1414 5242 1515 5304 vel
1563 5244 1877 5304 voluntate

313 5340 610 5419 principis
633 5344 741 5400 aut
768 5338 1020 5415 subditi,
1053 5342 1114 5398 et
1140 5356 1223 5398 au
1254 5336 1353 5397 lex
1382 5343 1637 5398 externa
1664 5337 1882 5398 debeat

320 5450 452 5493 ωδε
484 5433 728 5512 scripta,
771 5430 868 5493 vel
900 5431 1088 5493 verba
1131 5431 1457 5492 sufficiant.
1505 5430 1882 5509 Inquirimus

323 5541 474 5603 ergo
506 5524 835 5588 materiam
862 5524 1025 5587 circa
1044 5542 1235 5605 quam
1255 5523 1410 5605 legis
1431 5524 1651 5601 civilis,
1676 5522 1741 5592 id
1767 5528 1884 5600 est,

3386 409 3507 469 2¹5

1938 518 2089 598 quid
2118 518 2309 597 possit
2348 518 2675 597 praecipere
2716 520 2824 575 aut
2863 511 3190 593 prohibere
3217 529 3233 573 z
3265 519 3508 575 constat

1939 618 2149 672 autem
2178 630 2255 672 ex
2282 611 2462 670 dictis
2490 611 2557 670 in
2585 609 2787 688 primo
2824 607 2983 667 libro
3028 605 3228 684 legem
3254 612 3502 666 tantum

1941 723 2072 765 esse
2099 723 2274 784 posse
2317 703 2393 764 de
2430 703 2665 764 actibus
2691 700 2982 761 humanis
3006 700 3115 778 qui
3148 700 3272 759 sint
3301 699 3366 758 in
3394 700 3505 759 ho·

1940 798 2127 859 minis
2157 801 2477 875 potestate,
2500 794 2667 855 unde
2691 794 2878 855 etiam
2901 796 3139 852 certum
3163 797 3277 866 est,
3307 792 3383 851 de
3412 790 3507 851 his

1939 896 2182 950 tantum
2214 892 2342 950 esse'
2384 906 2557 966 posse
2584 886 2788 963 legem
2818 884 3061 945 civilem
3087 906 3103 957 ;
3139 883 3207 971 hi
3235 901 3381 943 vero
3409 902 3507 944 ac-

1937 989 2038 1043 tus
2059 982 2341 1055 studiosi,
2360 980 2532 1060 pravi
2554 986 2615 1039 et
2629 978 3053 1038 indifferentes
3075 994 3202 1036 esse
3222 981 3502 1056 possunt,

1938 1083 2000 1136 et
2028 1076 2094 1135 in
2123 1076 2219 1134 his
2243 1079 2440 1153 potest
2470 1090 2695 1150 magna
2719 1071 2984 1130 varietas
3008 1069 3264 1148 reperiri
3290 1086 3506 1129 secun-

1941 1168 2090 1228 dum
2116 1167 2317 1227 varias
2338 1166 2565 1245 species
2583 1165 2885 1223 virtutum
2909 1169 2971 1221 et
2991 1162 3317 1237 vitiorum3
3339 1160 3505 1220 idem

1942 1259 2194 1339 quidem
2224 1264 2366 1318 sunt
2394 1256 2656 1330 externi,
2696 1255 2803 1315 alii
2833 1252 3133 1314 mentales
3155 1258 3400 1313 tantum
3435 1270 3507 1313 ac

1942 1370 2112 1413 mere
2159 1352 2432 1412 interni:
2464 1349 2717 1429 quidam
2761 1347 2979 1421 futuri,
3012 1346 3118 1407 alii
3163 1345 3501 1424 praeteriti3

1941 1446 2198 1526 quidam
2250 1444 2480 1518 faciles,
2539 1441 2639 1502 vel
2694 1440 3030 1515 ordinarii,
3061 1439 3167 1499 alii
3211 1438 3388 1500 ardui
3444 1444 3507 1500 et

1938 1540 2119 1601 valde
2147 1538 2443 1611 difficiles,
2474 1554 2582 1597 seu
2610 1534 3109 1609 extraordinarii,
3140 1533 3401 1612 ideoque
3427 1532 3502 1593 de

1936 1637 2069 1693 tota
2092 1631 2209 1692 hac
2241 1630 2538 1691 varietate
2567 1628 2802 1708 aliquid
2827 1628 3029 1687 dicere
3053 1643 3296 1687 necesse
3325 1632 3436 1687 est.

2018 1727 2078 1786 2.
2124 1723 2527 1786 Machiavelis
2551 1740 2720 1784 error
2743 1725 2798 1783 et
2813 1720 3201 1799 politicorum
3221 1737 3336 1798 pro
3361 1724 3503 1780 tem-

1930 1818 2138 1897 porali
2182 1816 2475 1895 reyimiue
2523 1833 2640 1876 nou
2682 1813 2950 1876 curanda
3000 1809 3380 1890 spiritualia.
3421 1842 3504 1854 —

1937 1911 2107 1971 Circa
2126 1909 2497 1988 propositam
2528 1926 2676 1986 ergo
2704 1905 3109 1986 quaestionem
3140 1903 3371 1983 duplex
3394 1920 3503 1982 po-

1935 2008 2055 2064 test
2082 2002 2298 2063 referri
2320 2001 2708 2080 opiniozuna
2740 2005 2855 2075 est,
2888 2003 3252 2077 potestatem
3279 1997 3500 2056 laicam

1937 2101 2002 2156 et
2038 2095 2144 2172 jus
2187 2094 2362 2154 civile
2394 2111 2507 2171 per
2551 2110 2616 2153 se
2661 2092 2862 2170 primo
2902 2090 3224 2150 intendere
3270 2093 3499 2149 statum

1935 2185 2283 2267 politicum,
2329 2185 2590 2263 ejusque
2636 2183 3186 2256 conservationem,
3236 2187 3297 2241 et
3338 2198 3499 2259 aug-

1938 2284 2256 2353 mentum,
2309 2295 2381 2337 ac
2426 2276 2686 2337 subinde
2737 2277 3063 2336 materiam
3108 2274 3317 2352 legum
3372 2290 3500 2333 esse

1937 2372 2110 2433 illam
2144 2387 2282 2449 quae
2302 2369 2489 2429 statui
2522 2368 2769 2449 politico
2797 2367 3073 2442 inservit,
3096 2371 3158 2426 et
3184 2382 3501 2427 conserva-

1936 2466 2094 2525 tioni
2118 2464 2217 2525 vel
2249 2468 2583 2542 augmento
2612 2464 2746 2542 ejus
2777 2484 2792 2521 ε
2822 2461 2970 2522 etin
2996 2460 3211 2520 ordine
3231 2460 3309 2520 ad
3332 2459 3499 2519 hunc

1934 2557 2125 2619 finem
2153 2557 2264 2617 has
2284 2556 2453 2634 leges
2480 2555 2655 2630 ferri,
2686 2554 2905 2615 sivein
2924 2554 3013 2613 eis
3040 2570 3188 2613 vera
3212 2552 3499 2613 honestas

1932 2651 2310 2724 inveniatur,
2342 2650 2469 2710 sive
2498 2655 2743 2710 tantum
2772 2647 3060 2708 simulata
3088 2653 3150 2707 et
3170 2663 3496 2725 apparens,

1934 2742 2380 2804 dissimulando
2427 2742 2617 2803 etiam
2661 2741 2768 2801 illa
2796 2758 2933 2819 quae
2971 2741 3202 2818 injusta
3242 2742 3409 2814 sunt,
3447 2736 3499 2798 si

1934 2836 2288 2917 reipublicae
2316 2835 2641 2914 temporali
2669 2834 2794 2895 sint
2830 2832 3021 2894 utilia.
3062 2834 3204 2893 Haec
3236 2839 3329 2893 est
3356 2831 3494 2892 doc-

1934 2931 2101 2991 trina
2125 2929 2514 3009 politicorum
2548 2927 2736 3006 hujus
2763 2926 3080 3005 temporis,
3117 2942 3305 3004 quam
3343 2941 3498 3002 prae-

1936 3024 2115 3103 cipue
2140 3022 2503 3101 persuadere
2531 3029 2785 3081 conatus
2808 3025 2900 3080 est
2923 3018 3303 3098 principibus
3325 3035 3495 3078 secu·

1935 3116 2169 3178 laribus
2215 3115 2650 3189 MachiaveluS,
2704 3113 3028 3191 solumque
3081 3111 3376 3171 fundatur
3430 3109 3496 3170 in

1937 3209 2074 3285 hoc,
2100 3208 2266 3288 quod
2292 3226 2416 3267 non
2460 3212 2659 3286 potest
2684 3206 2863 3266 aliter
2889 3205 3246 3283 temporalis
3286 3221 3500 3283 respu-

1936 3301 2099 3362 blica
2126 3300 2518 3376 conservari3
2546 3299 2710 3359 unde
2738 3298 2902 3358 illius
2921 3296 3222 3376 judicium
3253 3314 3498 3376 perver-

1938 3411 2101 3468 sum,
2133 3399 2247 3467 est,
2277 3411 2404 3452 non
2433 3409 2608 3471 posse
2645 3409 2774 3452 esse
2801 3407 3018 3451 verum
3048 3407 3260 3467 regem
3289 3395 3352 3449 et
3378 3394 3497 3448 sta·

1936 3486 2127 3546 bilem
2158 3487 2265 3564 qui
2298 3484 2537 3563 legibus
2578 3483 2823 3544 virtutis
2868 3483 3255 3559 astringitur,
3286 3481 3497 3560 eisque

1936 3578 2197 3638 omnino
2218 3577 2564 3655 subjicitur.
2593 3578 2917 3654 Potestque
2948 3575 3152 3654 juvari
3191 3574 3294 3634 hic
3330 3592 3501 3636 error

1936 3688 2015 3731 ex
2057 3670 2295 3748 legibus
2341 3668 2648 3744 civilibus»,
2687 3685 2825 3748 quae
2852 3668 3167 3729 interdum
3193 3667 3502 3727 sustinent

1936 3768 2000 3823 et
2025 3762 2239 3822 fovent
2281 3766 2456 3822 actus
2504 3779 2748 3841 pravoS,
2797 3767 3049 3842 propter
3095 3760 3500 3840 temporalem

1939 3857 2466 3928 commoditatem,
2495 3862 2565 3915 ut
2593 3856 2717 3917 inl.
2751 3857 2927 3931 Dolo,
2953 3857 3017 3917 C.
3054 3855 3129 3916 de
3155 3855 3362 3915 inutil.
3394 3855 3503 3914 sti-

1939 3949 2097 4028 pul.,
2131 3950 2315 4009 datur
2346 3949 2508 4008 actio
2547 3966 2675 4008 non
2712 3947 2994 4009 obstante
3042 3948 3224 4025 dolo;
3255 3955 3318 4008 et
3362 3948 3429 4008 in
3463 3947 3501 4026 ξ

1938 4043 2243 4119 Namque,
2273 4042 2473 4100 Instit.
2508 4039 2583 4100 de
2619 4039 2997 4115 Actionibus,
3027 4041 3384 4101 conceditur
3405 4058 3505 4100 ac-

1942 4133 2033 4192 tio
2072 4131 2491 4206 fraudulenta,
2522 4136 2584 4191 et
2607 4132 2674 4190 in
2701 4131 2748 4190 l.
2774 4132 3042 4206 Pacisci,
3076 4132 3142 4192 ff.
3171 4133 3247 4192 de
3279 4134 3502 4208 Paetis,

1945 4228 2196 4303 pactum
2236 4229 2451 4283 contra
2497 4223 2666 4300 leges
2706 4223 3043 4283 sustinetur
3087 4240 3103 4282 t
3150 4224 3300 4284 item
3351 4243 3508 4303 prae-

1946 4316 2194 4395 scriptio
2235 4334 2375 4376 cum
2407 4315 2572 4376 mala
2605 4315 2727 4376 fide
2762 4334 2873 4394 per
2908 4314 3074 4394 leges
3101 4315 3309 4375 civiles
3345 4334 3509 4376 com-

1945 4408 2354 4469 mendabatur
2371 4409 2546 4485 olim,
2569 4415 2641 4469 ut
2657 4414 2895 4469 constat
2915 4426 2990 4469 ex
3014 4426 3148 4487 cap.
3183 4409 3504 4487 Viyilauti,

1945 4519 2079 4582 cap.
2113 4502 2226 4562 ult.
2273 4502 2348 4562 de
2382 4503 2722 4583 Praescrip.,
2752 4508 2815 4563 et
2843 4520 2920 4562 ex
2945 4501 3116 4562 Grat.
3151 4502 3250 4576 16,
3281 4518 3344 4579 q.
3384 4502 3444 4575 3,
3469 4501 3508 4581 ξ

1946 4596 2496 4673 Proescriptiouem,
2524 4600 2661 4674 post
2679 4613 2813 4674 cap.
2838 4594 3109 4671 Placuit,
3132 4611 3275 4654 cum
3296 4599 3509 4654 tamen

1944 4687 2054 4747 illa
2093 4687 2471 4766 praescriptio
2511 4688 2726 4766 iniqua
2757 4692 2938 4762 esset,
2969 4692 3032 4747 et
3057 4686 3196 4746 ideo
3227 4703 3339 4764 per
3367 4686 3513 4763 jura

1948 4779 2244 4840 canonica
2267 4779 2593 4858 reprobata
2620 4780 2733 4839 sit:
2756 4780 2905 4840 etin
2925 4779 3139 4840 multis
3165 4778 3302 4839 aliis
3325 4779 3513 4838 etiam

1948 4870 2157 4950 aliqua
2184 4871 2606 4952 approbantur
2642 4873 2781 4951 jure
2838 4872 3030 4948 civili,
3072 4891 3212 4952 quae
3262 4872 3330 4931 in
3379 4871 3513 4931 foro

1953 4966 2178 5024 animae
2201 4981 2328 5024 non
2353 4970 2605 5043 possunt
2629 4964 2979 5040 subsistere,
3001 4971 3073 5025 ut
3093 4970 3268 5025 notat
3293 4964 3511 5024 Covar.

1954 5061 2021 5117 in
2062 5056 2276 5136 regula
2303 5057 2644 5132 Possm-or,
2670 5075 2734 5136 p.
2762 5059 2822 5132 2,
2854 5057 2893 5137 ξ
2921 5060 2984 5133 9,
3013 5076 3080 5119 ιι.
3108 5059 3147 5117 6
3175 5058 3241 5117 in
3281 5055 3430 5133 fine,
3457 5062 3521 5117 et

1955 5151 2023 5210 in
2056 5150 2274 5228 regula
2322 5150 2663 5226 Peccatum,
2718 5152 2757 5209 2
2810 5169 2901 5229 p.,
2942 5150 2981 5230 ξ
3011 5152 3075 5224 6,
3101 5169 3164 5211 ιι.
3196 5152 3233 5211 3
3261 5157 3324 5212 et
3350 5153 3388 5211 4
3408 5168 3427 5228 ;
3459 5155 3522 5212 et

1961 5262 2035 5303 ex
2063 5242 2324 5303 materia
2352 5240 2428 5302 dc
2465 5243 2849 5319 matrimon.,
2887 5243 3270 5321 juramento,
3294 5244 3515 5319 usuris,

1961 5343 2026 5398 et
2076 5336 2213 5396 aliis
2259 5339 2517 5415 possunt
2567 5336 2764 5395 multa
2799 5336 3082 5416 exempla
3133 5337 3340 5399 afferri
3385 5354 3525 5415 quae

1962 5428 2205 5504 omitto,
2235 5433 2297 5489 et
2323 5427 2529 5507 aliqua
2569 5428 2767 5490 videri
2793 5436 3048 5511 possunt
3074 5430 3143 5491 in
3169 5431 3344 5492 Azor.
3381 5434 3428 5491 t.
3468 5432 3526 5508 1,

1962 5522 2076 5584 lib.
2100 5524 2161 5599 5,
2188 5539 2326 5603 cap.
2356 5522 2438 5583 20
2462 5527 2526 5583 et
2547 5523 2648 5582 21.
