3976 6219
827 394 960 446 cAr.
997 394 1079 445 VI.
1116 393 1367 456 QUANDO
1398 393 1596 448 LEGES
1627 393 1937 447 POENALES
1969 394 2360 449 CONTINEANT
2391 396 2799 462 SENTENTIAM,
2834 399 2968 451 ETC.

276 492 411 555 lum
459 495 812 574 generalem
861 493 1268 557 contrahendi
1321 500 1383 555 et
1423 493 1741 573 obligandi
1774 513 1840 557 se

276 594 462 665 prout
501 587 769 651 debeant
787 634 810 665 ,
857 595 994 650 tum
1038 587 1344 666 imprimis
1384 587 1715 649 verborum
1747 590 1841 649 vis

277 681 713 759 perpendenda
741 688 878 761 est3
910 699 1059 743 nam
1087 679 1142 741 si
1176 679 1289 740 illa
1311 680 1672 742 contineant
1697 698 1831 760 pro-

275 773 634 836 missionem
684 776 875 855 ipsius
919 791 1120 854 poenae
1158 772 1229 834 111
1263 771 1374 833 tali
1417 780 1665 850 eventu,
1703 774 1836 836 sine

277 863 467 926 dubio
496 868 692 929 oritur
717 868 1014 946 obligatio
1044 867 1112 928 in
1144 866 1540 942 conscientia,
1576 867 1723 945 quia
1744 873 1838 928 est

121 945 156 1024 s,
273 961 595 1036 promissio
634 961 1053 1023 conditionata
1079 1005 1100 1036 ,
1142 978 1282 1039 quae
1319 958 1555 1037 obligat
1581 959 1856 1039 impleta.

279 1051 651 1115 conditione.
686 1057 762 1115 Et
786 1054 907 1115 hoc
929 1054 1152 1134 probat
1178 1051 1532 1131 exemplum
1561 1052 1639 1114 de
1663 1059 1831 1130 voto,

275 1149 337 1204 et
366 1163 504 1224 quae
532 1147 609 1207 de
628 1147 735 1208 illo
751 1147 912 1208 tradi
939 1146 1137 1209 solent
1141 1162 1163 1223 ;
1182 1145 1415 1207 habent
1434 1145 1605 1207 enim
1627 1144 1834 1207 locum

274 1237 342 1297 in
369 1240 771 1317 promissione
799 1238 1077 1301 humana
1102 1239 1332 1318 poenali
1347 1286 1368 1317 ,
1409 1257 1548 1319 quae
1578 1245 1670 1301 est
1699 1240 1836 1319 qui-

276 1328 418 1391 dam
449 1338 818 1393 contractus.
867 1334 946 1393 Et
980 1332 1197 1394 eadem
1223 1332 1462 1395 ratione
1503 1333 1837 1411 procedent

275 1422 345 1483 in
390 1443 776 1505 quocumque
818 1431 1137 1488 contractu
1175 1425 1442 1487 similem
1482 1425 1836 1505 promissio·

277 1534 424 1577 nem
448 1518 822 1581 includente.
862 1520 1062 1598 Atque
1083 1518 1251 1581 idem
1274 1518 1392 1580 erit
1416 1517 1471 1578 si
1488 1523 1836 1579 contractus

276 1610 536 1687 poenalis
576 1612 918 1673 resolvatur
956 1612 1025 1672 in
1061 1612 1530 1691 disJunctivum,
1569 1619 1639 1672 ut
1673 1628 1689 1672 ε
1722 1612 1835 1672 Fa-

277 1703 436 1763 ciam
463 1702 602 1780 hoc,
633 1704 733 1765 vel
771 1704 925 1765 illud
965 1720 982 1765 ε
1028 1721 1177 1765 nam
1211 1722 1288 1766 ex
1319 1703 1441 1765 illis
1466 1702 1671 1765 verbis
1701 1704 1835 1765 sine

276 1794 464 1856 dubio
509 1800 706 1858 oritur
743 1797 1036 1876 obligatio
1083 1797 1164 1857 ad
1204 1815 1402 1858 unum
1446 1815 1522 1858 ex
1564 1796 1689 1857 iUis
1701 1843 1721 1873 ,
1773 1803 1837 1859 et

275 1896 717 1968 consequenter
754 1890 835 1952 ad
877 1880 1218 1953 secundum
1232 1934 1253 1966 ,
1300 1890 1353 1951 si
1398 1890 1673 1971 primum
1707 1908 1835 1951 non

274 1981 590 2059 impletur.
634 1983 801 2045 Solet
839 1989 1049 2044 autem
1091 1981 1210 2044 hoc
1259 1981 1394 2043 fieri
1438 2000 1549 2062 per
1576 1982 1834 2044 modum

278 2091 479 2153 poenae
493 2119 514 2151 ,
547 2076 796 2155 quando
824 2095 1022 2138 unum
1047 2081 1139 2138 est
1173 2093 1283 2156 per
1310 2093 1376 2136 se
1402 2076 1603 2155 primo
1630 2076 1835 2138 inten-

275 2171 409 2227 tum
424 2185 535 2245 per
556 2173 959 2244 contractum,
977 2174 1038 2229 et
1059 2169 1230 2230 aliud
1251 2168 1616 2249 adjungitur
1636 2170 1704 2229 in
1730 2170 1833 2232 de-

273 2258 505 2320 fectum
546 2261 711 2322 illius
733 2306 755 2336 ,
805 2268 866 2323 et
893 2262 1070 2341 quasi
1106 2261 1185 2323 ad
1212 2261 1559 2339 cogendum
1593 2267 1834 2322 contra-

275 2351 551 2429 hentem,
577 2373 656 2415 ne
682 2355 751 2416 in
779 2354 1106 2433 principali
1134 2353 1399 2415 deficiat.
1448 2353 1725 2432 Denique
1752 2353 1833 2414 ob

277 2445 559 2506 eamdem
582 2465 828 2507 causam
847 2491 867 2522 ,
907 2447 957 2506 si
985 2446 1172 2507 verba
1207 2450 1558 2506 contractus
1586 2445 1732 2506 satis
1754 2445 1833 2505 si-

275 2536 576 2615 gnificent
600 2539 1042 2617 obligationem
1067 2539 1197 2615 ipso
1228 2538 1415 2612 facto,
1446 2536 1546 2597 vel
1571 2555 1645 2598 eo
1673 2537 1828 2616 ipSO,

272 2632 420 2709 quia
454 2631 676 2711 aliquis
703 2632 891 2694 fuerit
918 2636 1168 2711 pactum
1204 2637 1615 2708 transgressus
1636 2674 1657 2705 ,
1702 2647 1832 2690 non

279 2725 458 2786 video
478 2745 589 2787 cur
609 2745 736 2788 non
764 2726 999 2786 oriatur
1026 2725 1320 2803 obligatio
1343 2727 1410 2784 111
1433 2723 1831 2798 conscientia,

279 2834 418 2877 cum
440 2836 517 2878 ex
537 2818 732 2878 verbis
746 2817 1079 2878 debeamus
1099 2805 1175 2877 de
1193 2816 1512 2876 voluntate
1528 2814 1832 2894 judicare,

278 2914 340 2970 et
381 2909 489 2970 illa
513 2910 703 2971 verba
732 2909 878 2970 satis
910 2907 1187 2969 indicent
1222 2903 1581 2987 hujusmodi
1608 2906 1835 2967 volun-

277 3007 492 3063 tatem.
544 3003 953 3080 Quapropter,
997 3000 1119 3060 nisi
1149 3004 1387 3061 constet
1410 3000 1489 3059 de
1528 2999 1837 3060 contraria

278 3095 718 3157 consuetudine
761 3094 859 3172 (de
887 3112 1011 3174 qua
1037 3093 1194 3154 mihi
1221 3112 1350 3154 non
1376 3095 1636 3169 constat,
1681 3111 1836 3172 prae-

279 3189 490 3249 sertim
525 3207 636 3267 pro
664 3188 774 3248 tali
801 3188 971 3264 casu)
997 3231 1018 3260 ,
1049 3204 1263 3247 censeo
1290 3185 1378 3247 sic
1401 3183 1837 3246 contrahentes

277 3285 340 3340 et
367 3280 883 3359 transgredientes
903 3284 1289 3340 contractum
1312 3278 1576 3356 obligari
1603 3278 1681 3338 ad
1704 3295 1835 3357 poe-

274 3388 424 3434 nam
458 3374 525 3432 in
558 3372 955 3448 conscientia,
1007 3376 1152 3432 ante
1179 3370 1574 3455 sententiam,
1615 3369 1836 3431 saltem

274 3465 327 3525 si
371 3464 450 3525 ab
490 3465 685 3527 altera
726 3471 901 3544 parte
942 3470 1214 3544 petatur,
1261 3470 1331 3524 ut
1386 3463 1584 3542 magis
1628 3481 1706 3524 ex
1744 3480 1837 3524 se-

277 3559 489 3636 quenti
520 3565 749 3637 puncto
779 3557 1102 3619 constabit.

355 3654 416 3712 9.
461 3651 636 3711 Addo
668 3651 838 3712 enim
884 3651 1164 3724 ulterius,
1206 3649 1351 3710 licet
1398 3648 1468 3709 in
1517 3653 1836 3710 contractu

276 3743 476 3802 solum
523 3743 784 3819 dicatur,
816 3742 930 3803 sub
962 3742 1072 3804 tali
1119 3759 1322 3821 poena,
1370 3759 1557 3820 quam
1600 3742 1836 3803 solvere

276 3835 496 3897 debeat
527 3835 992 3897 contraveniens
1033 3834 1399 3909 contractui,
1440 3834 1623 3911 juxta
1668 3852 1837 3894 com-

273 3945 464 3990 mune
493 3928 598 4007 jus
626 3935 690 3990 et
728 3934 965 3990 attenta
987 3928 1078 3990 rei
1106 3932 1333 3993 natura
1359 3925 1837 4003 intelligendum

274 4038 404 4083 esse
448 4021 804 4083 solvendam
845 4038 975 4082 esse
1015 4036 1288 4098 poenam,
1335 4015 1510 4076 nulla
1534 4017 1839 4077 sententia

274 4114 373 4175 vel
400 4115 708 4177 coactione
734 4112 964 4191 judicis
985 4115 1322 4190 expectata.
1356 4110 1485 4169 Hoc
1511 4107 1669 4168 mihi
1698 4126 1837 4169 sua·

275 4207 424 4268 dent
449 4207 857 4267 fundamenta
880 4204 1101 4284 prioris
1118 4202 1462 4277 sententiae,
1492 4200 1640 4281 quia
1666 4219 1836 4262 reve-

274 4317 348 4359 ra
373 4304 504 4360 tota
525 4298 634 4359 illa
650 4298 947 4376 obligatio
978 4296 1347 4375 intelligitur
1373 4294 1547 4355 nasci
1574 4312 1652 4355 ex
1682 4293 1835 4354 obli-

275 4390 525 4468 gatione
546 4391 732 4470 pacti,
763 4395 827 4450 et
853 4388 1268 4469 promissionis
1293 4387 1584 4448 humanae
1603 4393 1835 4448 mutuae

275 4483 375 4545 vel
401 4489 696 4563 acceptae:
718 4488 966 4563 pactum
997 4487 1207 4545 autem
1233 4481 1581 4542 humanum
1603 4479 1837 4558 obligat

276 4593 353 4636 ex
380 4563 467 4651 se,
500 4582 562 4637 et
590 4566 723 4637 sin⁴e
762 4576 888 4636 ullo
912 4576 1128 4638 ordine
1154 4577 1229 4637 ad
1261 4576 1643 4637 coactionem
1669 4573 1835 4652 judi-

274 4668 380 4730 cis.
415 4670 612 4745 Unde,
637 4671 923 4749 quamvis
949 4687 1076 4730 non
1095 4673 1400 4749 repugnet
1419 4674 1670 4746 pactum
1698 4665 1837 4726 fieri

274 4761 392 4822 sub
411 4762 521 4823 illa
547 4762 923 4838 conditione,
950 4762 1200 4839 scilicet,
1226 4761 1339 4822 sub
1364 4759 1475 4821 tali
1503 4776 1687 4839 poena
1726 4777 1838 4838 per

267 4854 542 4932 judicem
580 4855 982 4935 imponenda,
1003 4856 1104 4917 vel
1130 4861 1267 4934 post
1303 4855 1438 4933 ejus
1467 4853 1836 4915 sententiam

272 4947 491 5009 saltem
549 4948 1020 5011 declaratoriam
1071 4947 1366 5010 solvenda
1394 4963 1412 5007 ε
1451 4946 1593 5007 talis
1624 4952 1834 5007 tamen

271 5040 535 5103 intentio
563 5059 694 5103 non
710 5042 960 5104 videtur
986 5046 1397 5104 consentanea
1412 5038 1830 5120 promissioni,

269 5133 371 5194 vel
402 5135 672 5214 pactioni
697 5135 1026 5197 humanas:
1058 5152 1174 5197 nec
1190 5133 1381 5195 etiam
1408 5130 1657 5193 videtur
1677 5148 1832 5210 prae-

271 5228 592 5304 sumenda,
618 5228 740 5290 nisi
765 5229 834 5289 in
859 5229 1065 5290 verbis
1108 5227 1471 5301 declaretur,
1500 5224 1601 5285 vel
1626 5224 1701 5285 de
1724 5223 1833 5285 illa

272 5324 438 5380 certo
460 5326 697 5382 constet
723 5320 1054 5400 paciscenti
1082 5342 1097 5381 ε
1128 5319 1229 5381 vel
1255 5324 1416 5381 certe
1442 5316 1565 5378 nisi
1592 5322 1833 5380 certum

274 5411 355 5472 sit
383 5412 547 5475 hanc
575 5432 711 5476 essev
743 5431 1137 5476 communem
1176 5410 1703 5491 consuetudinem.
1747 5412 1834 5472 De

274 5504 387 5569 tali
431 5512 644 5571 autem
691 5507 1138 5572 consuetudine
1194 5505 1352 5570 mihi
1415 5522 1546 5568 non
1597 5509 1836 5568 constat

3362 399 3482 459 435

1922 495 2246 583 (quidquid
2279 499 2500 559 Navar.
2522 503 2585 560 et
2611 499 2715 560 alii
2738 499 2991 576 dicant).
3019 501 3095 560 Et
3120 498 3377 563 fortasse
3399 504 3478 564 ad

1917 606 2236 650 summum
2262 591 2636 652 consuetudo
2661 590 2874 666 habet,
2891 599 2962 653 ut
2979 592 3120 653 talis
3140 610 3326 672 poena
3350 613 3480 655 non

1917 690 2238 745 censeatur
2267 684 2497 761 debita,
2523 684 2719 746 donec
2744 690 3009 764 petatur,
3042 692 3113 746 ut
3141 687 3355 748 Covar.
3385 688 3479 748 di-

1916 775 2129 838 cebat:
2160 776 2362 856 potuit
2401 782 2611 839 autem
2643 779 3020 839 consuetudo
3046 779 3356 840 introduci
3403 799 3482 842 ex

1916 867 2224 946 probabili
2270 870 2748 949 praesumptione
2776 889 2961 950 supra
3003 876 3235 932 notata.
3271 874 3481 953 Neque

1915 958 2049 1021 haec
2074 966 2167 1022 est
2191 962 2438 1040 propria
2465 962 2754 1023 limitatio
2776 963 3010 1041 regulae
3028 982 3212 1044 supra
3242 967 3478 1043 positae,

1916 1052 2064 1131 quia
2096 1053 2205 1114 illa
2233 1055 2505 1133 procedit
2531 1055 2606 1116 de
2639 1073 2823 1134 poena
2852 1056 3029 1134 legiS,
3060 1075 3198 1135 quae
3224 1071 3316 1118 est
3336 1059 3483 1118 sim-

1915 1145 2159 1224 pliciter
2192 1146 2610 1208 involuntaria
2633 1152 2696 1208 et
2728 1166 2806 1209 ex
2827 1148 3201 1227 obligatione
3228 1150 3315 1211 im
3322 1151 3483 1229 posi-

1915 1243 1999 1311 ta,
2037 1257 2165 1299 non
2187 1245 2521 1319 assumpta3
2551 1258 2735 1319 poena
2762 1246 2970 1301 autem
3000 1242 3483 1303 conventionalis

1918 1336 2011 1392 est
2051 1331 2401 1393 voluntaria
2428 1333 2496 1391 in
2540 1350 2652 1392 sua
2678 1333 2941 1412 origine,
2973 1351 3121 1394 nam
3158 1353 3234 1396 ex
3262 1336 3482 1397 volun-

1916 1424 2077 1484 tario
2099 1429 2418 1485 contractu
2443 1425 2738 1501 nascitur3
2759 1425 2908 1485 item
2925 1425 3025 1486 lex
3044 1427 3237 1489 veluti
3258 1434 3483 1488 natura
3596 1485 3607 1496 ,

1917 1535 2028 1577 sua
2051 1517 2200 1577 dicit
2223 1517 2506 1578 ordinem
2529 1518 2609 1579 ad
2623 1518 2900 1595 judicem
2923 1523 3221 1597 tanquam
3241 1519 3322 1580 ad
3348 1538 3482 1582 mo-

1914 1614 2113 1670 torem
2154 1627 2338 1671 suum
2366 1625 2382 1670 ε
2413 1628 2561 1671 nam
2585 1611 2778 1688 judex
2817 1616 2908 1671 est
2950 1611 3127 1689 quasi
3171 1612 3273 1673 lex
3312 1614 3477 1689 viva,

1916 1720 2025 1763 seu
2072 1704 2284 1765 anima
2338 1703 2543 1782 legis;
2588 1711 2839 1781 pactum
2884 1709 3094 1764 autem
3137 1723 3212 1766 ex
3259 1724 3323 1766 se
3369 1725 3482 1785 per

1914 1794 2208 1874 ipsosmet
2234 1796 2667 1857 contrahentes
2697 1795 3047 1857 executioni
3074 1797 3356 1857 mandari
3376 1800 3481 1859 de-

1916 1887 2043 1963 bet,
2070 1894 2134 1950 et
2158 1888 2298 1950 ideo
2318 1907 2428 1968 per
2454 1905 2518 1950 se
2546 1906 2673 1949 non
2689 1887 2951 1968 requirit
2969 1889 3265 1968 judicem,
3288 1891 3479 1952 etiam

1917 1980 1999 2041 ad
2057 1982 2484 2043 executionem
2529 1998 2727 2061 poenae
2745 2027 2767 2058 ,
2803 1982 2910 2043 sed
2950 1982 3151 2043 solum
3195 1984 3361 2062 quod
3412 1984 3481 2044 in

1914 2075 2291 2136 conscientia
2338 2081 2576 2138 constet
2589 2120 2609 2151 ,
2667 2080 2799 2136 tam
2835 2076 2913 2137 de
2967 2076 3477 2154 transgressione,

1913 2183 2100 2244 quam
2136 2166 2560 2229 de'voluntate
2593 2167 2869 2243 alteriuS,
2911 2174 2972 2229 et
3010 2169 3176 2230 civili
3203 2188 3274 2231 ac
3297 2188 3479 2249 spon-

1911 2265 2099 2321 taneo
2120 2261 2304 2322 modo
2331 2261 2637 2339 exigentis
2658 2279 2892 2339 poenas.
3052 2294 3055 2297 ⁴

1995 2355 2094 2413 10.
2137 2355 2302 2417 Dicet
2330 2358 2580 2417 testator
2599 2355 2790 2416 sotum
2819 2356 2981 2417 dicat
3006 2355 3115 2418 sub
3139 2356 3255 2418 tali
3275 2374 3473 2436 poena,

1911 2463 2029 2506 non
2051 2447 2305 2524 implens
2326 2446 2456 2524 ejus
2472 2447 2834 2509 voluntatem
2852 2453 3082 2511 conetur
3099 2450 3166 2511 in
3188 2452 3479 2514 conscien-

1912 2539 2006 2600 tia
2042 2563 2065 2598 .·
2115 2543 2203 2600 est
2251 2539 2408 2600 enim
2450 2540 2706 2601 conditio
2735 2540 2863 2601 sine
2893 2557 3013 2618 qua
3054 2559 3194 2604 mm.
3231 2575 3314 2589 —
3341 2545 3479 2605 Alia

1913 2630 2065 2690 item
2088 2629 2377 2691 limitatio
2403 2630 2482 2691 ad
2510 2630 2740 2691 dictam
2774 2632 3054 2710 regulam
3082 2634 3361 2697 adhiberi
3383 2654 3480 2698 so-

1915 2721 2022 2797 let,
2053 2727 2147 2797 ut,
2181 2722 2431 2797 scilicet,
2480 2740 2605 2782 non
2646 2723 2937 2801 procedat
2977 2725 3045 2786 in
3077 2741 3263 2805 poena
3293 2736 3480 2791 testa-

1917 2815 2225 2875 mentaria
2259 2832 2398 2892 quae
2438 2814 2592 2874 solet
2622 2815 2769 2893 poni
2800 2815 2869 2875 in
2900 2816 3129 2895 legato,
3160 2837 3267 2881 seu
3302 2839 3478 2883 man-

1914 2907 2060 2967 dato
2118 2907 2426 2969 testatoris
2479 2907 2856 2986 imponentis
2902 2909 3090 2970 talem
3139 2913 3238 2973 vel
3287 2915 3478 2976 talem

1914 3016 2188 3078 poenam,
2229 3001 2279 3059 si
2308 3016 2437 3059 non
2476 2999 2827 3077 impleatur.
2852 3002 3030 3078 Nam,
3051 3003 3198 3066 licet
3224 3012 3477 3069 testator

1915 3092 2117 3153 solum
2148 3092 2312 3154 dicat
2338 3091 2452 3153 sub
2479 3091 2588 3152 tali
2632 3111 2839 3172 poena,
2884 3113 3011 3156 non
3052 3096 3315 3177 implens
3345 3101 3498 3180 ejus

1914 3184 2298 3246 voluntatem
2343 3189 2588 3246 tenetur
2636 3186 2705 3244 in
2755 3188 3147 3250 conscientia.
3194 3192 3338 3263 Quae
3387 3200 3478 3254 est

1915 3278 2268 3339 communis
2291 3278 2617 3353 sententia,
2646 3280 2933 3340 Panorm.
2965 3281 3033 3341 in
3059 3300 3192 3362 cap.
3222 3286 3479 3348 Raima·-

1915 3371 2051 3445 dus,
2070 3371 2148 3432 de
2165 3371 2567 3444 Testament.,
2590 3389 2655 3430 n.
2679 3372 2781 3448 253
2803 3371 3058 3448 Anton.,
3087 3375 3229 3453 3p.,
3256 3376 3356 3436 tit.
3375 3378 3474 3453 10,

1914 3480 2050 3541 cap.
2084 3464 2144 3538 3,
2180 3463 2342 3542 §1¹2
2384 3463 2744 3542 quaestiunc.
2773 3464 2814 3523 Δ
2828 3479 2850 3540 3
2880 3465 3067 3544 CaJet.
3096 3465 3164 3526 in
3192 3468 3472 3544 Summa,

1913 3555 2085 3616 verb.
2116 3556 2588 3630 Poena,·Covar.,
2616 3555 2779 3616 dicto
2802 3574 2936 3635 cap.
2964 3558 3329 3635 Raimaldus,
3352 3560 3389 3639 ἓ
3412 3566 3474 3637 1,

1917 3666 1980 3707 n.
2013 3649 2074 3723 6,
2119 3647 2275 3707 etin
2311 3649 2372 3720 4,
2404 3666 2464 3726 p.
2507 3650 2567 3721 Ξ,
2612 3646 2649 3725 ξ
2686 3649 2749 3721 8,
2788 3666 2854 3707 11.
2893 3651 2992 3727 173
3025 3650 3275 3727 Navar„
3315 3653 3477 3714 dicto

1915 3759 2049 3820 cap.
2086 3742 2188 3817 23,
2219 3759 2285 3800 n.
2325 3742 2439 3816 67;
2484 3746 2545 3801 et
2576 3741 2807 3816 Castro,
2844 3739 3007 3801 dicto
3042 3741 3087 3802 l.
3119 3745 3180 3818 2,
3220 3761 3351 3823 cap.
3404 3750 3473 3822 13

1916 3834 2254 3912 Tiraquel.‚
2286 3850 2495 3911 supra,
2524 3851 2589 3892 n.
2616 3834 2713 3894 54.
2747 3834 2890 3894 Haec
2922 3839 3133 3896 autem
3158 3836 3474 3915 limitatio,

1883 3926 2061 3988 -licet
2086 3944 2298 3989 veram
2331 3925 2676 3987 doctrinam
2714 3926 3050 4002 contineat,
3095 3946 3313 3992 revera
3347 3951 3478 3994 non

1918 4025 2011 4081 est
2035 4020 2326 4082 limitatio
2353 4019 2583 4097 regulae
2604 4019 2838 4099 positoe.
2866 4020 3023 4093 Quia
3048 4019 3180 4083 haec
3206 4042 3333 4085 non
3383 4031 3478 4087 est

1915 4131 2061 4174 vera
2087 4130 2292 4192 poena,
2320 4113 2428 4174 sed
2453 4112 2746 4187 conditio,
2773 4117 2846 4173 ut
2884 4119 3045 4174 recte
3092 4117 3332 4178 notavit
3355 4118 3478 4179 Ab·

1916 4205 2045 4266 bat.
2067 4224 2255 4285 supra
2276 4224 2355 4266 ex
2371 4206 2533 4268 Glos.
2559 4204 2669 4280 ibi,
2695 4204 2868 4266 verb.
2884 4204 3227 4283 Adjioiens.
3272 4211 3478 4272 Testa-

1915 4306 2014 4360 tor
2057 4300 2249 4375 enim,
2304 4298 2417 4360 ait·
2441 4303 2606 4360 recte
2661 4299 2950 4358 Panorm.
2964 4346 2978 4371 ‚
3010 4316 3138 4360 non
3166 4301 3353 4363 habet
3378 4304 3477 4382 ju-

1914 4391 2336 4453 risdictionem
2366 4410 2490 4470 qua
2517 4390 2737 4470 puniat
2779 4396 2841 4452 et
2876 4398 3089 4469 cogat,
3135 4393 3242 4454 sed
3289 4395 3480 4458 habet

1915 4483 2170 4562 plenum
2196 4484 2546 4546 dominium
2571 4483 2663 4544 rei
2695 4501 2843 4560 suae,
2885 4486 3126 4546 ratione
3163 4488 3340 4566 cujus
3367 4507 3478 4568 po-

1914 4582 2038 4638 test
2061 4576 2292 4656 legare,
2325 4583 2508 4657 prout
2526 4576 2686 4652 vult,
2710 4582 2772 4638 et
2801 4576 2941 4637 ideo
2959 4579 3207 4656 quando
3231 4580 3477 4642 videtur

1916 4670 2234 4749 imponere
2251 4687 2524 4749 poenam,
2562 4669 2729 4747 legat
2774 4686 2909 4730 rem
2945 4670 3060 4730 sub
3096 4672 3471 4750 conditione,

1916 4780 2040 4840 qua
2076 4780 2205 4824 non
2227 4763 2505 4843 impleta,
2535 4780 2663 4823 non
2689 4761 2825 4822 vult
2850 4779 2984 4827 rem
3003 4780 3179 4824 suam
3207 4764 3474 4827 detineri

1918 4854 1997 4915 ab
2011 4855 2253 4917 haerede
2266 4854 2695 4933 vellegatariO,
2722 4859 2785 4915 et
2800 4855 2865 4914 in
2884 4853 3002 4915 hoc
3011 4873 3196 4917 sensu
3206 4858 3474 4937 imponit

1915 4965 2189 5026 poenam,
2210 4949 2275 5008 id
2303 4956 2416 5024 est,
2437 4967 2595 5010 onus
2622 4966 2751 5009 11011
2774 4947 3083 5009 retinendi
3109 4949 3305 5025 illam,
3328 4953 3476 5031 quia

1913 5040 1981 5100 in
2008 5040 2115 5102 illo
2156 5049 2382 5103 eventu
2408 5060 2536 5103 non
2562 5041 2699 5103 vult
2741 5040 2913 5102 illam
2958 5041 3215 5119 donare,
3244 5049 3305 5105 et
3333 5045 3474 5107 ideo

1913 5133 2056 5195 talis
2081 5152 2268 5214 poena
2292 5134 2527 5214 obligat
2549 5135 2619 5197 in
2660 5134 3066 5211 conscientia3
3096 5135 3244 5213 quia
3283 5143 3477 5198 cessat

1910 5225 2108 5305 justus
2133 5228 2351 5289 titulus
2384 5228 2695 5289 retinendi
2719 5228 2914 5304 illam,
2939 5232 3003 5287 et
3028 5227 3174 5306 quia
3193 5229 3476 5292 voluntas

1912 5320 2220 5381 testatoris
2246 5338 2324 5382 ex
2347 5320 2603 5400 justitiae
2631 5319 3003 5398 obligatione
3019 5319 3336 5400 implenda
3357 5330 3470 5387 est.

1914 5412 2099 5474 Secus
2120 5431 2269 5475 vero
2293 5418 2384 5476 est
2413 5412 2491 5474 de
2518 5431 2702 5493 poena
2727 5411 2933 5492 legali,
2964 5430 3102 5491 quae
3128 5432 3239 5493 per
3272 5421 3476 5495 potes-

1913 5509 2109 5570 tatem
2153 5506 2599 5587 jtuisdictionis
2641 5506 3019 5589 imponitur,
3065 5512 3129 5570 et
3172 5526 3285 5589 per
3332 5527 3474 5574 eam
