3976 6219
1427 625 1721 716 LIBER
1773 624 2218 716 TERTIUS.

226 929 508 1148 DE
637 928 1206 1153 LEGE
1336 920 2353 1245 PoslTlvl
2466 929 3430 1155 HUMANA

1468 1333 1994 1415 SECUNDUM
2059 1331 2171 1413 SE

608 1562 690 1626 ET
725 1563 930 1628 PROUT
965 1564 1030 1627 IN
1066 1564 1233 1627 PURA
1273 1565 1834 1730 HOMINISGNATURA
1870 1565 2168 1630 SPEGTARI
2208 1563 2463 1641 POTEST,
2502 1564 2652 1635 QUAE
2688 1565 2823 1630 LEX
2861 1567 3057 1632 ΕΤΙΑΜ

1590 1666 1782 1731 IVILIS
1820 1666 2095 1733 DIGITUR.

1254 1882 2395 1937 W

305 2149 703 2211 Distinximus
733 2152 801 2212 in
830 2153 1034 2232 primo
1067 2154 1226 2215 libro
1259 2153 1665 2234 temporalem
1691 2149 1777 2214 le·

224 2259 366 2320 gem
394 2242 460 2302 10
481 2244 824 2306 naturalem
852 2253 915 2306 et
936 2247 1287 2326 positivam,
1319 2253 1382 2309 et
1417 2246 1579 2322 ideo,
1611 2252 1775 2325 post·

224 2353 410 2414 quam
428 2336 503 2397 de
521 2342 752 2398 aeterna
768 2338 904 2416 1636
927 2345 989 2400 61
1006 2338 1622 2419 temporalinaturali
1649 2339 1777 2400 dic-

224 2432 358 2488 tum
386 2435 500 2504 est,
530 2430 859 2492 dicendum
888 2434 1166 2512 sequitur
1194 2433 1269 2494 de
1297 2433 1578 2512 positiva.
1606 2435 1776 2493 Hanc

220 2537 367 2580 vero
414 2520 646 2582 ibidem
690 2524 1199 2586 subdistinximus
1254 2526 1318 2586 in
1389 2526 1666 2586 divinam
1714 2530 1778 2585 et

219 2612 584 2690 humanam,
619 2617 782 2678 inter
812 2637 967 2698 quas
989 2619 1203 2680 divina
1231 2619 1484 2699 quidem
1515 2619 1780 2679 nobilior

220 2710 316 2764 est
332 2716 395 2766 et
419 2706 666 2785 dignior
697 2730 712 2769 ε
740 2716 951 2772 tamen
972 2711 1250 2773 humana
1277 2717 1370 2772 est
1384 2711 1563 2772 nobis
1574 2711 1779 2771 notior

221 2803 287 2856 et
312 2800 712 2880 propinquior
737 2808 1000 2879 naturae,
1042 2805 1189 2884 quia
1224 2803 1500 2883 ejusdem
1545 2803 1777 2864 ordinis

222 2898 316 2951 est
344 2914 359 2950 :
393 2898 448 2954 et
482 2894 570 2954 ita
591 2895 752 2956 sicut
780 2902 1005 2957 natura
1030 2896 1244 2975 gratiae
1272 2896 1658 2975 supponitur,
1689 2896 1778 2956 ita

221 3002 302 3045 ex
326 3002 437 3047 suo
470 3004 694 3065 genere
716 2988 818 3049 lex
848 2988 1124 3050 humana
1145 2989 1338 3051 veluti
1363 2989 1777 3068 generationis

220 3076 438 3140 ordine
456 3080 625 3158 prior
649 3087 739 3143 est
758 3099 945 3161 quam
973 3082 1208 3158 divina,
1240 3081 1386 3162 quia
1414 3081 1545 3143 haec
1566 3099 1775 3161 super-

219 3173 520 3233 naturalis
574 3180 669 3234 cst
716 3182 777 3236 et
817 3176 894 3236 ad
935 3175 1219 3236 ordinem
1268 3176 1481 3254 gratiae
1506 3175 1768 3254 {spectat

217 3264 481 3344 Ideoque
504 3268 674 3344 prius
695 3267 772 3329 de
792 3267 928 3346 1636
956 3269 1231 3329 humana
1251 3284 1443 3346 quam
1461 3266 1538 3328 de
1563 3267 1776 3327 diviua

219 3362 577 3418 1166161003.
614 3360 699 3421 Ι)6
731 3360 972 3421 ratione
1004 3366 1212 3422 autem
1252 3359 1567 3421 communi
1615 3359 1775 3437 posi·

216 3450 361 3512 11166
407 3449 583 3528 16313,
627 3456 698 3511 01
729 3469 768 3512 6
794 3452 1007 3513 divina
1042 3457 1104 3514 et
1147 3451 1423 3512 humana
1449 3450 1773 3525 abstrahit,

217 3543 378 3603 nihil
423 3543 625 3605 dicere
652 3562 896 3606 necesse
930 3551 1043 3621 est,
1095 3545 1243 3624 quia
1271 3550 1494 3623 praeter
1521 3543 1777 3604 modum

217 3637 475 3714 originis
510 3637 616 3716 qui
643 3655 754 3716 per
779 3637 939 3699 hanc
981 3637 1378 3715 negationem
1412 3634 1772 3715 explicatur,

216 3730 384 3809 quod
411 3736 716 3809 praecepta
734 3731 1054 3809 utriusque
1062 3729 1229 3809 juris
1251 3729 1448 3789 divini
1474 3733 1537 3789 et
1557 3728 1776 3788 huma-

216 3824 286 3883 ni
317 3823 568 3902 positivi
593 3840 722 3883 non
757 3822 988 3883 habent
1015 3841 1127 3902 per
1151 3840 1217 3883 se
1238 3821 1637 3883 intrinsecam
1672 3839 1777 3881 ne·

218 3917 587 3991 cessitatem,
603 3915 708 3976 sed
723 3934 800 3976 ex
816 3915 1134 3976 voluntate
1152 3914 1496 3976 extrinseca
1519 3935 1533 3973 :
1559 3919 1780 3993 praeter

219 4008 333 4069 hoc
361 4008 660 4087 (inquam)
682 4013 746 4069 et
770 4013 994 4086 praeter
1010 4024 1085 4068 ea
1105 4024 1246 4086 (1οω
1267 4006 1345 4067 (16
1359 4006 1497 4085 1636
1521 4005 1586 4065 10
1614 4021 1779 4065 com·

220 4101 395 4163 muni
422 4101 490 4162 in
516 4101 717 4180 primo
744 4099 906 4161 libro
931 4105 1077 4160 sunt
1102 4099 1288 4174 dicta,
1321 4098 1449 4160 fere
1492 4096 1651 4157 nihil
1677 4115 1778 4156 su-

218 4200 421 4274 perest
445 4194 775 4256 dicendum
800 4194 869 4253 in
900 4192 1218 4254 communi
1246 4190 1413 4270 quod
1446 4190 1526 4251 ad
1574 4207 1776 4249 mora-

217 4287 341 4348 lem
367 4289 717 4349 doctrinam
739 4285 892 4346 01116
935 4284 1052 4361 311;
1081 4285 1209 4344 1100
1237 4300 1352 4344 066
1377 4281 1460 4342 ad
1494 4279 1775 4361 specula-

215 4381 451 4442 tionem
480 4380 739 4460 alicujus
752 4379 1076 4440 momenti.
1095 4379 1170 4438 Et
1191 4375 1494 4455 explicato
1515 4380 1776 4453 utroque

217 4473 520 4548 membro,
546 4473 758 4534 omnia
794 4490 931 4551 quae
967 4470 1319 4532 deillorum
1348 4467 1778 4531 convenientia

218 4573 326 4626 aut
365 4565 714 4626 differentia
746 4563 1082 4626 desiderari
1133 4567 1387 4642 possunt
1402 4606 1422 4637 ,
1478 4559 1780 4638 explicata

216 4657 669 4736 relinquentur.

293 4751 358 4809 Ξ.
402 4750 528 4812 Lea·
559 4751 821 4811 humana
845 4747 1146 4811 dividitur
1170 4747 1239 4809 iu
1266 4763 1394 4808 eam
1416 4761 1548 4825 quoe
1568 4748 1655 4806 ost
1667 4744 1779 4821 ju-

216 4843 311 4905 ris
344 4844 670 4905 communis
698 4847 752 4904 ec
776 4841 1037 4920 proprii.
1055 4873 1138 4886 —
1161 4840 1287 4902 Lex
1313 4839 1577 4901 humana
1599 4837 1664 4898 in
1697 4836 1779 4898 oi-

215 4934 393 4995 vilem
419 4938 474 4995 et
500 4933 842 4995 canonicam
870 4933 1299 5011 distinguitur.
1318 4932 1533 4992 -Lex
1568 4934 1779 4990 autem

214 5025 515 5100 hnmana,
535 5026 715 5102 juxta
736 5029 1011 5086 mentem
1030 5023 1367 5084 Justiniani
1383 5022 1501 5102 1οἓ
1521 5023 1573 5084 J
1575 5040 1648 5083 us
1670 5038 1778 5082 au-

215 5125 331 5182 tem
363 5119 827 5179 Institutionum
849 5117 928 5178 de
948 5118 1097 5179 Jure
1124 5123 1329 5178 natur.
1339 5161 1358 5192 ,
1394 5122 1562 5194 gent.
1603 5121 1665 5176 et
1693 5116 1778 5177 ci·

212 5213 347 5288 vili,
380 5212 578 5272 dividi
605 5216 805 5290 potest
832 5211 901 5270 in
924 5210 1127 5287 163610
1155 5226 1293 5288 quae
1325 5213 1415 5268 est
1426 5207 1586 5284 juris
1614 5226 1777 5267 rom-

212 5306 426 5366 munis
470 5311 534 5366 et
578 5322 717 5384 quae
755 5309 846 5365 est
876 5304 1035 5382 juris
1062 5302 1327 5382 proprii3
1358 5301 1528 5380 prior
1572 5300 1650 5359 ad
1672 5302 1777 5379 jus

212 5399 502 5476 gentium
529 5401 785 5476 spectat,
835 5402 896 5458 et
928 5395 1048 5455 hoc
1074 5395 1330 5455 nomine
1372 5390 1774 5471 significatur,

212 5497 273 5551 et
294 5492 376 5552 de
405 5491 514 5554 illa
536 5491 668 5569 jam
695 5490 840 5551 satis
870 5489 1109 5550 dictum
1149 5492 1260 5550 est.
1303 5485 1419 5547 Hic
1446 5499 1593 5561 ergo
1623 5489 1778 5545 trac-

1855 2158 2060 2213 tamus
2098 2152 2174 2214 de
2212 2154 2354 2232 jure
2396 2154 2672 2217 humano
2707 2158 2979 2236 proprio,
3036 2160 3140 2220 cui
3190 2178 3420 2222 nomen

1856 2245 2012 2324 legis
2041 2247 2334 2308 humanae
2383 2247 2659 2326 positivae
2686 2252 3219 2313 accommodatum
3264 2259 3357 2313 est
3399 2272 3417 2315 ε

1857 2339 2085 2401 dicitur
2110 2345 2321 2401 autem
2348 2339 2668 2418 proprium
2697 2341 2955 2419 alicujus
2984 2344 3275 2419 civitatis,
3302 2345 3422 2406 rei-

1857 2430 2139 2510 publicae,
2179 2437 2287 2492 aut
2320 2431 2537 2492 similis
2579 2433 2864 2511 perfectas
2900 2437 3418 2514 congregationis

1858 2523 2035 2583 Unde
2061 2522 2418 2601 hujusmodi
2445 2523 2634 2585 etiam
2657 2526 2758 2587 lex
2786 2525 3062 2587 humana
3081 2528 3146 2588 in
3177 2529 3421 2589 civilem

1859 2621 1920 2676 et
1942 2617 2303 2677 canonicam
2321 2617 2757 2695 distinguitur.
2787 2636 2936 2679 nam
2957 2618 3103 2681 licet
3125 2622 3424 2683 canonica

1860 2708 1936 2770 de
1960 2728 2024 2770 se
2038 2710 2225 2788 possit
2248 2727 2376 2771 esse
2399 2710 2746 2771 communis
2769 2712 3060 2773 universo
3083 2712 3238 2787 orbi,
3263 2714 3422 2774 sicut

1855 2803 2117 2865 Ecclesia
2160 2804 2459 2865 6611101166
2483 2803 2850 2865 universalis
2878 2810 2971 2866 est
3016 2826 3030 2864 :
3078 2811 3291 2867 tamen
3335 2807 3412 2867 de

1855 2894 2018 2957 facto
2048 2907 2139 2957 est
2161 2898 2409 2975 propria
2434 2897 2621 2974 hujus
2650 2897 3134 2974 communitatis,
3160 2917 3299 2979 quae
3324 2906 3420 2960 est

1856 2988 2124 3049 Ecclesia
2144 2988 2391 3064 Christi,
2420 2994 2483 3050 et
2500 3006 2629 3049 non
2650 2993 2740 3049 est
2757 2989 3103 3049 communis
3130 2991 3421 3052 omnibus

1857 3080 2168 3160 gentibuS,
2206 3079 2354 3160 quia
2397 3098 2525 3142 non
2557 3097 2774 3142 omnes
2813 3086 2959 3142 sunt
3012 3080 3089 3143 de
3130 3083 3416 3145 Ecclesia.

1854 3176 2271 3253 Praeterquam
2301 3175 2467 3252 quod
2492 3174 2561 3234 in
2580 3173 2763 3234 modo
2790 3192 2915 3252 quo
2941 3173 3140 3234 fertur
3167 3181 3257 3236 est
3278 3194 3421 3254 pro-

1855 3267 1987 3347 prie
2033 3266 2135 3326 lex
2174 3265 2439 3346 positiva
2487 3265 2788 3341 humana,
2840 3271 2924 3342 et,
2952 3265 3139 3344 longe
3166 3267 3421 3329 diversae

1854 3360 2111 3422 rationis
2137 3378 2176 3420 a
2197 3360 2340 3438 jure
2371 3360 2675 3438 gentium,
2699 3360 2768 3419 in
2802 3359 3015 3419 multis
3054 3360 3411 3423 similitudi-

1857 3472 2002 3515 nem
2031 3459 2235 3515 servat
2259 3453 2339 3514 ad
2359 3453 2465 3531 jus
2486 3452 2688 3514 civile.
2714 3452 3106 3515 Conveniunt
3125 3456 3293 3516 enim
3321 3455 3419 3517 hae

1856 3548 1995 3608 (11116
2024 3547 2192 3625 16363
2218 3546 2285 3605 in
2323 3546 2640 3608 communi
2679 3545 2922 3606 ratione
2960 3545 3115 3624 16313
3141 3547 3420 3626 positivae

1856 3639 2170 3701 1101061163.
2203 3640 2370 3701 Inter
2387 3656 2491 3699 eas
2511 3655 2659 3699 vero
2685 3636 2888 3698 notari
2903 3642 3104 3716 potest
3135 3638 3422 3699 differen-

1856 3733 1968 3808 tia,
1994 3733 2141 3812 quia
2177 3732 2280 3795 lex
2308 3732 2506 3793 civilis
2542 3736 2636 3792 est
2658 3747 2826 3792 mere
2855 3730 3153 3792 naturalis
3188 3733 3421 3794 ordinis

1858 3825 2060 3905 quoad
2085 3842 2256 3886 suam
2300 3824 2605 3902 originem
2630 3828 2691 3883 et
2713 3828 3079 3902 potestatem
3122 3846 3137 3883 ε
3175 3843 3324 3885 0610
3348 3825 3421 3885 11-

1857 3922 1952 3977 661
2005 3933 2133 3977 000
2174 3916 2409 3976 feratur
2444 3913 2802 3975 immediate
2836 3930 2875 3973 6
2915 3920 3163 3991 natura,
3221 3916 3421 3977 fertur

1858 4015 2071 4070 tamen
2107 4026 2220 4087 per
2253 4012 2618 4086 potestatem
2651 4004 2895 4065 homini
2929 4008 3416 4069 connaturalem.

1855 4101 1937 4161 At
1965 4117 2110 4163 vero
2131 4099 2232 4160 lex
2277 4098 2576 4159 canonica
2602 4096 2847 4175 proprie
2892 4102 2986 4157 est
3028 4097 3138 4158 illa
3176 4116 3313 4178 quae
3339 4100 3419 4160 ab

1855 4190 2211 4253 hominibus
2240 4189 2437 4250 fertur
2456 4206 2568 4268 per
2586 4191 2951 4267 potestatem
2981 4195 3420 4266 supernatura·

1856 4285 2003 4346 lem.
2029 4285 2104 4343 Et
2129 4282 2247 4343 hac
2263 4281 2502 4342 ratione
2529 4279 2746 4341 ordine
2775 4276 3066 4339 doctrinas
3107 4297 3147 4339 a
3182 4280 3417 4342 facilio-

1856 4377 2027 4438 ribus
2053 4372 2630 4454 incipiendo,.prius
2674 4371 2751 4433 de
2774 4370 2941 4432 civili
2967 4371 3104 4452 lege
3128 4391 3319 4453 quam
3341 4376 3418 4436 de
3543 4447 3547 4452 ,

1859 4470 2155 4531 canonica
2189 4465 2522 4528 dicendum
2543 4464 2811 4526 videtur.
2857 4464 2943 4525 De
2960 4466 3277 4525 communi
3311 4484 3420 4527 au-

1858 4567 1986 4623 tem
2008 4560 2250 4622 ratione
2268 4558 2430 4638 legis
2443 4558 2734 4618 humanae
2762 4556 3041 4636 positivae
3065 4557 3251 4618 simul
3273 4577 3418 4618 cum

1856 4655 1995 4732 lege
2006 4653 2172 4715 civili
2184 4652 2552 4713 disseremus
2571 4650 2687 4710 :sic
2700 4649 2869 4710 enim
2883 4649 3124 4711 facilior
3141 4651 3261 4711 erit
3278 4651 3421 4712 doc-

1859 4748 2046 4821 trina,
2087 4746 2385 4824 facileque
2425 4743 2649 4822 poterit
2697 4742 2775 4803 ad
2818 4742 3021 4821 legem
3057 4744 3416 4804 canonicam

1857 4837 2336 4912 accommodari,
2361 4854 2436 4897 66
2457 4841 2703 4896 tantum
2717 4835 2998 4896 addendo
3020 4853 3156 4914 quae
3180 4836 3418 4897 ratione

1857 4930 2338 5013 supernaturalis
2359 4928 2677 5008 potestatis
2700 4927 2788 4987 illi
2826 4928 3224 5003 conveniunt,
3252 4930 3415 5007 quod

1858 5025 1926 5085 in
1947 5024 2109 5085 libro
2145 5022 2426 5102 sequenti
2464 5018 2910 5099 praestabimus·
2948 5021 3023 5078 Et
3048 5018 3195 5079 hinc
3231 5020 3420 5080 etiam

1860 5123 1953 5178 est
1983 5122 2053 5178 ut
2083 5117 2151 5177 in
2177 5117 2310 5194 ipsa
2343 5114 2481 5191 lege
2524 5111 2690 5172 civili
2730 5110 2855 5170 duo
2891 5114 3085 5170 status
3120 5109 3420 5189 distingui

1858 5211 2113 5288 possint,
2138 5225 2301 5267 unus
2324 5204 2662 5266 secundum
2691 5221 2755 5263 se
2783 5220 2854 5261 66
2889 5219 3065 5280 pure,
3091 5208 3273 5280 prout
3301 5202 3421 5262 fuit

1858 5303 1925 5361 in
1950 5299 2257 5378 gentibus,
2302 5303 2364 5357 et
2395 5313 2562 5355 nunc
2590 5300 2682 5354 est
2727 5293 2795 5353 10
2825 5293 3178 5353 infidelibus
3193 5309 3215 5369 3
3263 5292 3420 5355 alius

1856 5399 2040 5472 prout
2067 5397 2157 5452 est
2184 5391 2547 5468 conjunctus
2583 5403 2723 5447 cum
2762 5386 2908 5462 fide,
2930 5392 2991 5447 et
3014 5387 3176 5446 inter
3209 5385 3420 5446 fideles

1858 5486 1924 5546 in
1940 5482 2210 5546 Ecclesia
2230 5479 2454 5542 Christi
2476 5480 2544 5541 in
2562 5497 2681 5540 usu
2707 5496 2836 5542 esse
2854 5484 3074 5570 potest,
3098 5477 3207 5560 qui
3225 5482 3419 5537 status
