3976 6219
812 406 948 459 CAP.
983 407 1065 460 1v.
1101 408 1397 467 Possum:
1425 415 1633 479 vals
1662 415 1995 469 anscerus
2025 415 2088 469 ΙΝ
2119 416 2241 471 su».
2272 416 2542 470 moecnsl
2572 415 2785 481 LEGES,
2820 414 2959 468 ETC.

284 500 656 564 habentibus
683 507 1062 584 superiorem
1089 509 1157 571 in
1188 511 1297 573 illo
1317 515 1557 578 ordine.
1586 518 1663 579 Et
1685 517 1843 578 ratio

285 601 398 670 est,
442 596 590 674 quia
617 598 699 657 ad
728 598 1084 678 hujusmodi
1105 605 1409 683 regimen,
1448 610 1640 671 etiam
1680 611 1845 671 ordi-

285 686 529 747 narium
544 732 569 762 ,
613 690 1015 771 principalius
1054 696 1276 758 sufficit
1316 707 1585 778 potestas
1627 705 1843 783 praeci-

282 779 495 858 piendi
535 800 648 860 pro
687 789 987 864 tempore,
1014 806 1128 866 pro
1153 807 1277 868 quo
1319 793 1503 859 durat
1533 797 1838 875 regimen,

283 877 345 931 et
356 870 691 951 obligandi,
714 878 1000 954 cogendi,
1023 897 1098 941 ac
1114 882 1459 963 judicandi,
1474 907 1613 966 quae
1631 890 1844 952 omnia

281 971 536 1041 possunt
557 965 772 1028 haberi
791 969 924 1030 sine
965 978 1264 1050 potestate
1286 977 1525 1040 ferendi
1556 981 1747 1059 leges,
1775 983 1841 1044 id

282 1060 392 1128 est,
418 1064 714 1137 perpetua
735 1070 1061 1143 praecepta,
1085 1071 1148 1126 et
1174 1068 1481 1132 durabilia
1498 1079 1644 1152 post
1674 1093 1842 1136 mor·-

278 1152 406 1208 tem
435 1152 867 1232 praecipientis
912 1157 1025 1218 Vel
1062 1159 1279 1223 saltem
1305 1171 1509 1243 posset
1553 1167 1838 1230 Pontifex

279 1241 589 1321 ordinare,
634 1252 705 1306 ut
730 1253 958 1312 statuta
986 1251 1425 1332 Episcoporum
1463 1277 1591 1320 non
1637 1267 1839 1322 essent

279 1331 462 1394 firma
489 1342 551 1396 et
593 1337 922 1416 durabilia,
965 1343 1085 1404 nisi
1128 1345 1369 1427 abipso
1394 1351 1837 1416 confirmaren-

278 1430 403 1502 tur,
432 1428 529 1488 vel
569 1431 689 1491 nisi
724 1434 1214 1512 approbarentur
1240 1459 1279 1501 a
1305 1445 1564 1506 concilio
1586 1449 1837 1525 provin-

279 1517 444 1594 ciali,
469 1521 569 1582 vel
596 1541 635 1584 a
660 1525 1149 1606 Metropolitano,
1169 1539 1278 1593 aut
1304 1536 1679 1614 patriarcha,
1695 1559 1837 1619 pro-

279 1618 351 1672 ut
377 1613 492 1693 ipsi
512 1616 693 1694 juxta
717 1620 1042 1697 regionum
1070 1625 1455 1703 varietatem,
1497 1649 1568 1691 ac
1604 1633 1837 1694 distan-

278 1706 431 1767 tiam
456 1708 768 1770 videretur
806 1714 1155 1792 expediens.
1187 1717 1309 1779 Cur
1334 1721 1503 1783 enim
1542 1724 1660 1786 hoc
1706 1744 1833 1788 non

277 1799 502 1876 poterit
535 1801 856 1864 Pontifex?
882 1812 989 1866 aut
1015 1826 1154 1886 quae
1174 1816 1267 1871 est
1308 1813 1375 1874 in
1407 1814 1505 1875 his
1543 1819 1834 1881 omnibus

275 1895 729 1970 repugnantia?
753 1898 882 1958 Imo
909 1917 1056 1961 usus
1080 1902 1212 1981 ipse
1253 1907 1539 1984 ostendit,
1570 1916 1834 1989 potesta-

276 1986 402 2042 tem
429 1983 592 2046 hanc
618 2007 778 2068 saepe
807 1991 930 2052 illis
957 1996 1210 2056 concedi
1255 2016 1397 2059 cum
1432 2000 1640 2080 aliqua
1667 2004 1834 2065 limi-

275 2074 531 2150 tatione,
576 2085 645 2139 ut
669 2087 839 2158 patet
875 2101 951 2145 ex
981 2103 1113 2166 cap.
1145 2087 1258 2150 ult.
1291 2090 1367 2151 de
1396 2092 1528 2155 Fer.
1562 2094 1649 2155 ibi
1681 2095 1833 2158 Cum

276 2167 450 2243 olem,
477 2176 531 2231 et
541 2175 784 2250 populo,
807 2181 870 2236 et
888 2195 966 2237 ex
982 2197 1033 2240 c.
1065 2182 1143 2245 N
1139 2184 1282 2258 evit,
1309 2203 1451 2246 cum
1470 2193 1600 2250 toto
1613 2189 1744 2251 fere
1757 2191 1835 2251 ti-

273 2260 405 2321 tulo
442 2261 518 2323 de
551 2264 628 2323 Iis
655 2284 793 2344 quae
827 2268 986 2330 fiunt
1017 2289 1056 2331 a
1087 2274 1356 2351 praelatis
1378 2279 1511 2341 sine
1529 2298 1833 2343 consensu

276 2351 562 2431 Capituli.
608 2359 769 2437 Ergo
816 2379 894 2421 ex
939 2363 1150 2426 divino
1197 2368 1342 2444 jure
1396 2374 1668 2437 naturali
1703 2395 1831 2436 non

275 2454 578 2524 repugnat
605 2451 947 2532 episcopale
973 2459 1253 2535 regimen
1283 2480 1426 2523 cum
1453 2465 1569 2527 hac
1597 2468 1832 2530 limita·-

273 2535 441 2599 tione
465 2540 751 2619 instituti,
782 2549 1282 2629 quandoquidem
1313 2556 1596 2637 Episcopi
1635 2562 1699 2620 in
1721 2580 1832 2623 suo

273 2630 490 2692 ordine
512 2652 639 2695 non
660 2644 805 2698 sunt
836 2644 1106 2720 supremi
1149 2646 1478 2727 principa,
1510 2651 1616 2711 sed
1654 2671 1830 2733 supe-

271 2722 499 2784 riorem
535 2727 869 2809 habentes;
899 2752 1011 2795 nec
1033 2737 1221 2797 etiam
1248 2749 1554 2819 repugnat
1573 2761 1650 2804 ex
1671 2746 1828 2806 divi-

271 2831 354 2875 no
367 2817 506 2894 jure
529 2822 815 2897 positivo,
841 2831 912 2884 ut
932 2844 970 2886 a
992 2828 1233 2890 fortiori
1259 2839 1497 2894 constat
1522 2853 1600 2896 ex
1621 2837 1823 2914 dictis;

272 2908 418 2984 quia
449 2911 693 2972 nullum
735 2921 829 2975 est
872 2917 1129 2979 verbum
1179 2922 1247 2981 in
1279 2941 1451 2983 sacra
1488 2926 1824 3005 Scriptura,

272 3019 387 3061 nec
416 3001 616 3064 ullum
642 3008 973 3085 vestigium
1011 3012 1380 3087 traditionis,
1415 3017 1581 3078 unde
1623 3019 1830 3098 colligi

271 3094 462 3172 possit
484 3096 607 3157 tale
634 3099 965 3177 positivum
981 3103 1108 3181 jue,
1139 3105 1191 3164 si
1219 3124 1295 3166 ex
1322 3114 1548 3169 natura
1581 3112 1674 3171 rei
1702 3130 1829 3172 non

272 3191 363 3246 est
390 3185 497 3248 illa
518 3197 786 3268 potestas
826 3197 1168 3258 necessario
1191 3217 1469 3260 connexa
1504 3220 1645 3263 cum
1673 3204 1828 3282 epis-

270 3280 467 3357 copali
518 3301 796 3346 munere.
859 3288 1097 3349 Habent
1145 3309 1292 3371 ergo
1340 3295 1619 3375 Episcopi
1664 3296 1827 3357 hanc

266 3380 650 3451 potestatem,
684 3379 830 3457 quia
858 3398 1183 3460 supremus
1208 3385 1489 3448 Ecclesiae
1516 3387 1830 3466 legislator

267 3468 601 3545 humanus,
641 3472 749 3549 qui
780 3478 872 3532 est
900 3474 1206 3552 Pontifex,
1237 3477 1410 3537 illam
1441 3480 1553 3555 eis,
1598 3482 1695 3542 vel
1723 3501 1828 3544 ex-

266 3579 492 3641 presse,
525 3563 622 3624 vel
653 3565 834 3626 tacite
858 3569 1177 3644 concessit,
1227 3588 1415 3631 suove
1442 3574 1687 3634 muneri
1718 3576 1826 3636 ad-

263 3653 489 3732 junxit.
553 3655 725 3718 Sicut
776 3676 962 3738 supra
1010 3660 1367 3723 dicebamus
1419 3664 1494 3725 de
1548 3666 1827 3744 dynastis

268 3746 556 3824 subjectis
594 3749 976 3829 imperatori,
1020 3752 1119 3815 vel
1154 3755 1331 3815 alteri
1363 3757 1495 3835 regi
1539 3777 1827 3839 supremo

266 3839 335 3901 in
363 3842 824 3919 temporalibus,
862 3850 1008 3906 tunc
1037 3865 1208 3925 posse
1235 3847 1402 3927 leges
1439 3851 1645 3912 civiles
1672 3872 1824 3914 con-

264 3933 433 4008 dere,
461 3936 707 4013 quando
734 3937 822 3998 eis
849 3955 1199 4001 concessum
1239 3946 1352 4017 est,
1384 3948 1445 4003 et
1470 3962 1598 4004 non
1634 3945 1787 4007 alias
1801 3969 1820 4022 3

265 4027 430 4104 quod
453 4033 660 4089 autem
689 4029 1003 4111 Episcopis
1040 4034 1120 4094 sit
1142 4033 1272 4094 hoec
1296 4040 1561 4113 potestas
1583 4056 1827 4100 conces-

265 4134 356 4193 sa,
386 4135 464 4179 ex
486 4138 627 4199 usu,
657 4126 720 4183 et
742 4141 819 4183 ex
834 4123 1080 4203 juribus
1110 4127 1310 4187 citatis
1337 4134 1596 4190 constat.

346 4212 444 4274 21.
509 4216 916 4293 Respondetur
966 4220 1380 4293 fundamentis
1439 4223 1822 4286 adversario-

237 4313 423 4366 ‘rum.
444 4307 836 4386 —E'piscopi
875 4312 1187 4373 succedunt
1224 4310 1535 4390 Apostolie
1575 4320 1645 4377 uc
1687 4318 1823 4392 fue·

263 4401 412 4458 runt
455 4398 752 4476 Episcopi
763 4444 784 4475 ,
836 4418 954 4462 non
995 4408 1065 4464 ut
1112 4402 1414 4482 Apostoli.
1440 4437 1522 4451 —
1557 4407 1651 4467 Ad
1696 4410 1823 4487 pri-

263 4506 438 4548 mum
455 4507 625 4567 ergo,
644 4495 706 4551 et
717 4492 1094 4572 praecipuum
1107 4493 1585 4559 fundamentum
1600 4501 1817 4578 Castri,

260 4584 421 4662 quod
448 4584 726 4664 Episcopi
750 4591 896 4648 sunt
943 4605 1320 4650 successores
1356 4594 1812 4671 Apostolorum,

255 4675 660 4753 respondetur
692 4696 819 4739 uno
844 4678 1032 4740 verbo
1059 4682 1378 4743 succedere
1405 4683 1526 4745 illis
1555 4693 1624 4745 ut
1644 4689 1815 4766 Epis-

253 4767 391 4844 copi
433 4767 709 4843 fuerunt,
741 4788 867 4830 non
903 4777 975 4831 ut
1011 4771 1266 4835 fuerunt
1291 4776 1567 4855 Apostoli
1602 4795 1617 4837 ε
1671 4785 1815 4840 sunt

253 4858 423 4918 enim
477 4860 576 4921 hae
632 4862 963 4940 dignitates
1012 4865 1396 4928 diversarum
1450 4870 1763 4933 rationum
1792 4890 1809 4934 ι

251 4951 480 5012 Paulus
502 4954 670 5014 enim
697 4956 1020 5034 Apostolus
1039 4957 1182 5034 fuit,
1214 4965 1276 5021 et
1297 4962 1603 5023 nescimus
1627 4963 1813 5026 fuisse

249 5044 627 5124 Episcopum
675 5047 934 5126 alicujus
988 5056 1169 5111 certae
1218 5052 1515 5129 dioecesis,
1571 5055 1671 5115 vel
1700 5057 1811 5118 ha-

248 5135 455 5198 buisse
483 5138 755 5217 aliquam
778 5142 1090 5220 propriam
1115 5144 1467 5221 Ecclesiam,
1511 5153 1809 5227 tanquam

247 5230 633 5293 ordinarium
661 5240 721 5294 et
758 5238 1113 5313 proximum
1152 5246 1457 5318 pastorem
1494 5241 1682 5318 illius,
1732 5243 1807 5303 li-

245 5330 342 5384 cet
369 5324 625 5387 haberet
660 5327 1138 5391 sollicitudinem
1181 5334 1464 5394 omnium
1511 5336 1808 5399 Ecclesia·

242 5435 412 5493 rum,
438 5420 477 5480 2
514 5419 789 5483 Corinth.
824 5426 925 5499 11,
955 5430 1019 5485 et
1050 5425 1117 5485 in
1142 5426 1355 5488 multis
1380 5429 1611 5488 creavit
1637 5430 1808 5509 Epis-

241 5527 453 5592 copos,
492 5518 565 5575 ut
609 5514 816 5578 Titum
852 5516 1068 5595 Cretae,
1116 5519 1511 5585 Timotheum
1554 5520 1804 5605 Ephesi,

3365 409 3483 473 3⁸7

1922 519 2292 598 Dionysium:
2315 518 2595 581 Athenis.
2618 519 2703 580 De
2727 518 2968 579 Joanne
2985 515 3176 579 etiam
3202 513 3485 594 Evange-

1922 612 2065 672 lista
2080 612 2332 690 legitur,
2358 613 2583 673 rexisse
2610 612 2928 673 universas
2956 608 3250 671 Ecclesiae
3267 608 3483 669 Orien-

1921 705 2021 778 tis,
2055 711 2118 766 et
2138 706 2206 765 in
2228 706 2315 766 eis
2337 706 2658 784 Episcopos
2680 704 3087 776 constituisse,
3118 720 3244 763 non
3273 708 3482 762 tamen

1922 799 2238 878 propriam
2257 799 2518 877 alicujus
2539 798 2747 859 sedem
2759 798 3085 877 privatum
3110 795 3482 873 Episcopum

1921 908 2269 969 occupasse.
2293 892 2566 952 Fuerunt
2596 909 2748 969 ergo
2763 907 2979 952 omnes
3001 888 3276 968 Apostoli
3307 887 3481 966 Epis-

1921 985 2058 1063 copi
2103 984 2457 1045 immediate
2493 984 2639 1045 i'acti
2678 1001 2717 1044 a
2766 982 3003 1044 Christo
3030 980 3232 1060 quoad
3270 995 3481 1039 conse-

1920 1078 2282 1152 cretionem,
2314 1083 2376 1138 et
2405 1077 2608 1156 quoad
2642 1077 2806 1137 hanc
2833 1074 3170 1136 succedunt
3194 1072 3319 1132 illis
3346 1088 3480 1132 om-

1917 1187 2030 1230 nes
2062 1169 2343 1248 Episcopi
2375 1190 2389 1228 :
2430 1168 2683 1230 fuerunt
2721 1169 2873 1228 item
2893 1165 3168 1244 Apostoli
3194 1163 3480 1243 Episcopi

1918 1263 2093 1340 quasi
2111 1261 2486 1323 universales
2507 1261 2695 1323 totius
2716 1260 2996 1321 Ecclesiae
3016 1277 3096 1320 ex
3121 1256 3479 1318 immediata

1918 1357 2309 1418 concessione
2334 1357 2581 1430 Christi,
2615 1361 2678 1417 et
2707 1354 3047 1416 secundum
3096 1352 3260 1412 hanc
3288 1351 3479 1411 ratio·-

1918 1467 2066 1511 nem
2102 1467 2230 1509 non
2249 1449 2603 1510 habuerunt
2628 1465 3003 1509 successores
3026 1450 3249 1525 praeter
3275 1443 3477 1504 solum

1917 1544 2202 1617 Petrum,
2244 1542 2354 1621 qui
2405 1541 2610 1602 altiori
2660 1540 2845 1601 modo
2887 1537 3315 1619 pontificatum
3366 1535 3479 1598 ha-

1917 1635 2078 1696 buit.

1993 1730 2094 1791 22.
2139 1727 2346 1806 Aliqui
2367 1727 2557 1789 etiam
2582 1726 2858 1807 Apostoli
2888 1725 3057 1802 (licet
3080 1741 3210 1786 non
3240 1723 3476 1799 omues)

1911 1821 2267 1882 habuerunt
2301 1820 2739 1882 determinatas
2772 1819 2944 1881 sedes
2988 1816 3385 1897 episcopales,
3414 1820 3478 1877 et

1914 1913 2119 1992 quoad
2145 1912 2262 1974 hoc
2288 1932 2414 1974 non
2434 1913 2784 1975 habuerunt
2822 1911 3237 1991 episcopatum
3258 1909 3479 1969 imme-

1912 2006 2078 2067 diate
2100 2023 2139 2066 a
2160 2006 2422 2082 Christo,
2458 2008 2561 2067 sed
2595 2024 2703 2085 per
2738 2004 3315 2068 determinationem
3360 2000 3478 2061 hu-

1912 2116 2185 2160 manam.
2232 2099 2331 2160 Sic
2378 2098 2640 2161 Jacobus
2677 2098 2913 2178 Alpboei
2949 2100 3190 2159 creatus
3225 2100 3318 2155 est
3343 2093 3477 2173 pri—

1910 2211 2052 2254 mus
2080 2194 2412 2272 Episcopus
2461 2192 3056 2271 Hierosolymitanus
3096 2206 3135 2249 a
3172 2189 3375 2263 Petra,
3408 2192 3480 2248 ut

1909 2291 2171 2346 testatur
2184 2286 2627 2369 §lhrysostom.,
2657 2284 2872 2347 homil.
2901 2285 2977 2345 87
3006 2284 3072 2343 in
3112 2283 3334 2344 Joann.
3359 2328 3372 2350 ‚
3416 2285 3479 2342 et

1910 2379 2163 2453 Euseb.,
2189 2379 2299 2440 lib.
2331 2381 2370 2439 Ξ
2395 2380 2695 2453 Historias,
2734 2396 2867 2455 cap.
2900 2380 2960 2438 1.
2996 2376 3097 2437 Sic
3129 2374 3315 2436 etiam
3346 2373 3478 2452 ipse

1911 2473 2129 2533 Petrus
2151 2473 2389 2552 primus
2415 2473 2747 2551 Episcopus
2763 2470 2884 2531 fuit
2901 2467 3264 2541 Antiochiae,
3286 2483 3478 2544 quam

1910 2565 2118 2626 sedem
2144 2583 2272 2626 non
2289 2565 2645 2626 immediate
2667 2583 2706 2624 a
2723 2563 2961 2625 Christo
2978 2560 3218 2634 habuit,
3240 2559 3346 2620 sed
3364 2576 3478 2619 sua

1909 2659 2271 2718 auctoritate
2298 2659 2550 2736 accepit,
2595 2664 2657 2718 et
2701 2657 2920 2718 eadem
2947 2659 3155 2734 postea
3198 2651 3472 2730 reliquit.

1908 2749 2117 2823 Quoad
2143 2750 2258 2810 hos
2290 2768 2437 2827 ergo
2459 2750 2842 2829 episcopatus
2867 2746 3203 2809 succedunt
3220 2745 3478 2823 Aposto-

1905 2841 1983 2903 lis
2009 2843 2310 2922 Episcopi,
2340 2842 2587 2921 proprie
2628 2841 2901 2921 quidem,
2954 2844 3017 2900 et
3049 2839 3118 2898 in
3145 2837 3351 2914 rigore
3380 2853 3476 2896 so-

1905 2932 2041 2993 lum
2074 2935 2141 2994 in
2171 2935 2293 2994 illis
2319 2934 2623 3010 Ecclesiis,
2652 2952 2789 3013 quae
2815 2934 3087 3011 aliquem
3108 2948 3189 2991 ex
3218 2930 3475 3008 Aposto-

1906 3025 1986 3084 lis
2013 3025 2367 3087 habuerunt
2393 3028 2461 3087 in
2487 3027 2760 3106 primum
2805 3026 3196 3105 Episcopum,
3226 3023 3293 3082 in
3333 3021 3473 3083 reli-

1908 3119 2046 3196 quis
2071 3136 2222 3185 vero,
2262 3119 2464 3179 solum
2509 3136 2621 3198 per
2661 3118 2996 3196 quamdam
3036 3116 3473 3190 imitationem,

1908 3210 2008 3271 vel
2031 3212 2778 3290 participationem,quam
2804 3210 3037 3271 habent
3058 3227 3097 3269 a
3120 3209 3318 3281 Petr0,
3344 3225 3474 3268 non

1908 3302 2267 3363 immediate
2299 3321 2335 3363 a
2358 3303 2617 3364 Christo·
2649 3303 2740 3363 Ad
2766 3302 2955 3363 verba
2992 3301 3217 3362 Christi
3251 3299 3468 3362 Matth.

1907 3395 2148 3455 decimo
2175 3400 2415 3470 octavo,
2463 3396 2595 3474 jam
2644 3396 2882 3456 dictum
2919 3399 3010 3455 oet
3050 3393 3249 3454 solum
3286 3393 3472 3454 fuisse

1906 3487 2293 3566 promissiva.
2325 3488 2542 3549 Modus
2559 3493 2766 3549 autem
2786 3506 2911 3567 quo
2932 3487 3073 3550 talis
3094 3491 3360 3566 potestas
3379 3504 3472 3547 es-

1906 3586 1999 3640 set
2029 3580 2235 3641 danda
2265 3581 2613 3660 pastoribus
2639 3581 2941 3656 Ecclesiae,
2979 3580 3071 3641 ibi
3104 3598 3233 3641 non
3272 3579 3473 3641 decla-

1906 3679 2101 3733 ratur.
2147 3674 2345 3749 Unde,
2387 3674 2530 3735 licet
2574 3673 2857 3752 Episcopi
2901 3673 3171 3734 habeant
3211 3690 3320 3751 per
3364 3673 3473 3733 Pe-

1907 3769 2077 3825 trum
2108 3770 2495 3844 potestatem,
2527 3766 2845 3827 verissime
2881 3765 2947 3825 in
2981 3765 3121 3826 illos
3156 3767 3465 3841 convenit,

1909 3856 2309 3937 Quoscumque
2349 3858 2715 3936 ligaveritis,
2767 3862 2884 3919 etc.
2901 3903 2922 3933 ,
2967 3876 3110 3919 cum
3144 3859 3471 3939 participu-

1904 3949 2099 4024 tione,
2145 3963 2209 4012 et
2260 3950 2694 4011 distributione
2746 3951 3162 4013 accommoda.
3213 3952 3471 4031 Reliqua

1903 4043 2260 4102 testimonia
2286 4042 2598 4102 immerito
2625 4041 2914 4117 afferunt,
2944 4044 3089 4120 quia
3114 4061 3243 4104 non
3268 4043 3468 4105 solum

1903 4134 1980 4195 de
2003 4135 2340 4213 EpiscopiS‚
2376 4135 2481 4195 sed
2509 4135 2697 4195 etiam
2721 4134 2797 4194 de
2823 4135 3115 4196 omnibus
3141 4136 3469 4216 superiori-

1901 4226 2041 4301 bus,
2072 4244 2180 4287 seu
2209 4227 2482 4288 Praelatis
2510 4226 2905 4288 inferioribus
2932 4245 3150 4288 verum
3181 4229 3414 4291 habent
3441 4252 3461 4303 3

1903 4324 1966 4379 et
1990 4336 2101 4379 suo
2129 4319 2313 4380 modo
2334 4321 2519 4380 etiam
2543 4320 2611 4379 in
2644 4319 3102 4397 magistratibus
3146 4327 3209 4382 et
3237 4322 3467 4400 princi-

1899 4411 2083 4492 pibus
2127 4412 2590 4490 temporalibus,
2630 4413 2913 4492 quamvis
2945 4419 3183 4475 certum
3223 4413 3302 4474 sit
3336 4432 3463 4475 non

1900 4504 2257 4566 immediate
2279 4523 2318 4565 a
2340 4506 2486 4581 Deo,
2517 4507 2620 4567 sed
2641 4524 2751 4585 per
2773 4507 3226 4568 concessionem
3263 4507 3464 4569 homi-

1899 4616 2055 4658 num
2081 4597 2308 4659 habere
2332 4617 2507 4660 suam
2533 4604 2935 4680 potestatem:
2971 4617 3119 4660 nam
3138 4606 3463 4680 postquam

1894 4690 2032 4752 illas
2083 4690 2342 4765 habent,
2391 4691 2694 4771 incipiunt
2740 4710 2872 4756 esse
2915 4693 3185 4756 ministri
3224 4694 3358 4769 Dei,
3400 4698 3464 4756 et

1893 4783 2033 4844 ideo
2061 4783 2185 4844 illis
2211 4783 2472 4845 debetur
2488 4785 2857 4848 obedientia.

1973 4878 2073 4938 23.
2118 4875 2511 4955 Apostolum
2531 4880 2660 4956 fuit
2682 4879 2954 4958 dianitas
2973 4879 3339 4943 universalis
3347 4880 3460 4959 jx-

1891 4969 2271 5032 risdictionis
2314 4971 2383 5032 in
2430 4976 2616 5034 totam
2655 4973 2998 5037 Ecclesiam
3024 5018 3047 5049 ,
3096 4991 3169 5037 ao
3206 4975 3459 5052 proinde

1890 5061 2241 5139 compotita·
2269 5065 2434 5140 ferre
2456 5064 2633 5143 loyes,
2659 5083 2777 5127 nou
2793 5065 2885 5128 sie
2908 5083 3043 5128 voro
3079 5067 3452 5145 episcopalis.

1886 5185 1968 5199 —
1995 5153 2091 5213 Ad
2135 5154 2498 5230 secundum,
2542 5161 2712 5235 patet
2753 5157 3070 5237 responsio
3113 5175 3191 5218 ex
3225 5158 3402 5221 dictis
3430 5181 3449 5234 3

1888 5262 2175 5306 concessa
2203 5247 2372 5307 enim
2399 5248 2623 5325 majori
2659 5248 2724 5308 in
2752 5248 2915 5309 bono
2950 5266 3156 5325 sensu,
3187 5257 3453 5329 negatur

1886 5339 2114 5413 minor,
2145 5339 2291 5416 quia
2328 5345 2595 5418 potestas
2636 5340 2878 5401 ferendi
2904 5340 3070 5421 leges
3090 5361 3218 5404 non
3258 5351 3350 5406 est
3370 5344 3448 5406 de

1884 5431 2124 5491 ratione
2171 5430 2507 5492 intrinseca
2533 5433 2809 5494 muneris
2850 5435 3207 5516 episcopalis
3233 5454 3449 5498 secun·

1885 5523 2039 5589 dum
2078 5525 2436 5605 generalem
2475 5528 2786 5592 rationem
2845 5546 3024 5594 suam
3034 5574 3059 5608 ,
3105 5530 3446 5596 secundum
3495 5598 3512 5607 ‚
3605 5598 3609 5608 ,
