3976 6219
484 407 605 470 344
1481 408 1598 462 Lm.
1633 409 1715 462 IV.
1752 411 1833 464 DE
1863 410 2027 464 LEGE
2056 402 2347 463 POSITIVA
2379 405 2710 462 memes.

484 514 573 576 ita
602 513 806 587 datur,
850 514 922 569 ut
945 514 1158 588 postea
1196 506 1491 569 Praelatus
1517 527 1629 571 suo
1666 511 1805 588 Jure
1831 517 2043 573 utatur

485 607 565 668 ad
585 604 838 666 modum
863 620 1061 663 causas
1085 601 1300 681 primae
1317 602 1751 681 proecipientis,
1774 603 1914 667 ideo
1936 623 2046 666 ne-

485 715 648 759 cesse
689 714 818 758 non
851 700 944 755 est
986 700 1058 754 ut
1089 693 1394 773 exprimat
1433 695 1501 754 in
1537 713 1648 756 suo
1679 699 1847 771 actu,
1881 698 2048 776 quod

482 789 708 852 habeat
723 791 1087 868 potestatem
1106 785 1185 847 ad
1213 784 1412 846 illam:
1441 803 1588 847 nam
1615 786 1733 847 hoc
1758 787 1890 866 ipso
1903 790 2048 867 jure

487 887 752 957 constat,
765 886 827 941 et
842 884 1285 958 consequenter
1300 896 1416 939 nec
1433 885 1675 958 oportet
1697 881 2047 960 exprimere

484 993 523 1035 a
547 991 670 1054 quo
693 971 987 1052 receperit
1007 970 1325 1046 virtutem,
1343 971 1490 1049 quia
1507 970 1624 1032 hoc
1641 971 2048 1051 impertinens

486 1073 579 1130 est
605 1066 683 1126 ad
706 1064 1012 1125 effectum.
1045 1064 1319 1124 Potestas
1345 1069 1553 1124 autem
1575 1063 1859 1142 delegata
1887 1084 2048 1127 sem-

482 1180 598 1243 per
625 1165 716 1220 est
740 1158 935 1219 veluti
971 1157 1120 1237 quid
1163 1157 1335 1232 facti,
1375 1162 1438 1218 et
1475 1159 1583 1237 qui
1616 1158 1725 1219 illa
1755 1160 1953 1221 utitur
1979 1179 2044 1221 se

483 1253 672 1315 habet
717 1251 796 1311 ad
844 1251 1099 1311 modum
1128 1250 1529 1311 instrumenti
1577 1258 1723 1312 actu
1772 1254 1947 1325 moti,
1984 1258 2047 1314 et

480 1344 810 1428 pendentis
828 1343 907 1403 ab
929 1343 1173 1403 influxu
1195 1361 1395 1403 causae
1414 1343 1800 1424 principalis3
1824 1351 1885 1406 et
1905 1345 2046 1406 ideo

486 1446 558 1501 ut
590 1439 666 1499 de
689 1435 1117 1517 jurisdictione
1144 1441 1404 1511 constet,
1434 1437 1805 1498 conveniens
1828 1443 1921 1498 est
1943 1456 2049 1499 ex-

483 1533 751 1614 primere
781 1534 1163 1609 operantem,
1212 1546 1276 1589 se
1307 1527 1480 1588 illam
1511 1529 1760 1607 habere,
1802 1536 1864 1591 et
1903 1549 2050 1592 con-

484 1628 812 1704 sequenter
837 1622 1008 1682 unde
1029 1621 1202 1682 illam
1229 1621 1454 1683 habeat
1466 1644 1485 1697 ;
1531 1641 1669 1701 quse
1702 1623 2052 1686 differentia

487 1722 581 1780 cst
607 1715 860 1788 moralis
889 1719 1136 1775 tantum
1165 1715 1596 1792 congruentia,
1631 1715 1720 1775 ita
1745 1721 1816 1776 ut
1843 1734 2052 1777 neces-

488 1810 726 1871 sarium
761 1825 890 1867 non
910 1807 990 1866 sit
1010 1823 1251 1885 semper
1279 1807 1531 1867 servari.
1546 1808 1703 1867 Nam
1725 1809 1833 1886 qui
1851 1808 2053 1869 utitur

487 1905 789 1982 potestate
812 1898 1115 1977 delegata,
1142 1916 1270 1960 non
1298 1916 1538 1977 semper
1559 1899 1621 1959 id
1650 1901 1964 1979 exprimit,
1993 1906 2054 1961 et

488 1994 783 2055 Proelatus
816 1991 1165 2053 ordinarius
1201 1996 1426 2069 potest,
1456 1991 1509 2051 si
1537 1991 1707 2068 velit,
1752 1991 1817 2051 id
1861 1993 2058 2071 expli-

489 2105 654 2162 care,
681 2091 743 2145 et
774 2083 1089 2145 interdum
1119 2083 1282 2145 forte
1307 2088 1562 2163 propter
1588 2083 1852 2145 aliorum
1880 2085 2059 2163 igno-

488 2178 761 2239 rantiam
794 2176 1017 2254 poterit
1056 2192 1184 2235 esse
1220 2175 1574 2254 expediens.

571 2274 599 2330 1
612 2272 670 2331 3.
719 2270 986 2332 Ponitur
1005 2269 1291 2330 secundus
1312 2270 1521 2331 modus
1540 2269 1879 2348 (implicandi
1903 2287 2063 2348 proe-

489 2364 711 2425 dictam
738 2362 1108 2423 sententiam.
1136 2393 1218 2406 —
1239 2361 1435 2421 Venio
1462 2360 1542 2420 ad
1577 2361 1832 2422 modum
1860 2362 2056 2422 alium

489 2453 838 2534 explicandi
870 2459 932 2514 et
960 2452 1331 2513 defendendi
1357 2454 1625 2532 priorem
1660 2455 2052 2529 sententiam,

490 2547 790 2607 nimirum
842 2545 1152 2605 Christum
1192 2545 1527 2606 Dominum
1572 2546 1937 2620 instituisse,
1985 2552 2058 2607 ut

492 2642 695 2700 essent
736 2639 803 2698 in
842 2636 1110 2698 Ecclesia
1154 2637 1538 2717 episcopatus
1577 2638 1693 2698 sub
1737 2638 2055 2715 Pontifice,

493 2734 640 2812 quia
677 2750 807 2793 non
839 2736 1080 2811 poterat
1111 2736 1240 2791 tota
1266 2732 1533 2793 Ecclesia
1558 2732 1916 2794 immediate
1948 2751 2062 2811 gu-

493 2825 746 2887 bernari
794 2842 908 2904 per
955 2842 1153 2883 unum
1206 2824 1572 2905 Episcopum
1620 2826 2058 2902 universalem,

496 2917 698 2997 qualis
741 2922 834 2979 est
871 2934 1147 2977 summus
1188 2917 1504 2978 Pontifex:
1543 2918 1862 2998 voluitque
1895 2918 2062 2980 idem

497 3010 773 3072 Christus
809 3010 1104 3070 Dominus
1144 3015 1214 3070 ut
1246 3010 1339 3070 illi
1364 3011 1717 3071 intermedii
1758 3011 2062 3090 guberna-

498 3108 662 3164 tores
690 3108 892 3164 essent
925 3122 1053 3165 non
1080 3107 1324 3164 tantum
1352 3102 1641 3182 delegati,
1679 3109 1742 3165 et
1770 3104 1945 3184 quasi
1972 3104 2065 3166 vi-

499 3196 650 3257 carii
685 3198 887 3276 Papae,
917 3196 1022 3257 scd
1054 3200 1127 3256 ut
1166 3201 1367 3257 essent
1412 3197 1546 3256 veri
1591 3198 1871 3258 Pastores
1897 3198 2065 3260 ordi-

498 3289 694 3365 narii,
744 3294 806 3350 et
855 3289 1166 3369 Principes
1209 3289 1556 3368 spirituales
1602 3290 1716 3350 sub
1768 3290 2065 3352 Pontifice

499 3400 765 3445 summ0.
794 3384 920 3443 Hoc
946 3384 1114 3445 enim
1142 3382 1407 3443 ostendit
1432 3382 1843 3444 ecclesiastica
1866 3384 2067 3444 tradi-

500 3476 610 3551 tio,
644 3480 707 3537 et
733 3475 998 3536 sumitur
1025 3492 1102 3536 ex
1132 3474 1335 3536 verbis
1362 3475 1536 3536 Pauli
1568 3476 1807 3537 citatis}
1833 3477 1917 3538 In
1952 3494 2066 3556 quo

504 3568 799 3648 Spiritus
817 3568 1099 3632 Sanctus
1132 3586 1236 3631 vos
1267 3570 1474 3648 posuit
1504 3570 1840 3648 Epi-scopos
1866 3587 2069 3649 regere

503 3661 861 3748 Ecclesiam,
870 3661 1010 3723 Dei.
1046 3661 1205 3721 Hinc
1229 3678 1378 3740 ergo
1403 3660 1662 3722 ulterius
1693 3660 1788 3737 fit,
1809 3665 1882 3721 ut
1908 3662 2067 3741 epis-

505 3758 760 3831 copatus
781 3751 913 3832 ipse
940 3769 1017 3812 ex
1039 3752 1103 3812 vi
1124 3752 1523 3813 institutionis
1545 3753 1767 3813 Christi
1783 3753 2070 3832 jurisdic-
2093 3774 2099 3780 ·

504 3845 740 3906 tionem
784 3844 1161 3905 ordinariam
1201 3850 1262 3906 et
1305 3844 1709 3925 principalem
1755 3845 2030 3906 includat
2044 3861 2064 3922 ;

508 3938 639 3999 imo
676 3937 839 4016 quod
885 3941 1014 3998 tota
1041 3936 1148 3997 illa
1177 3937 1467 4016 dignitas,
1497 3943 1568 3998 ut
1593 3938 2001 4016 distinguitur
2031 3956 2070 3999 a

506 4029 988 4105 consecratione,
1019 4029 1086 4090 in
1128 4035 1424 4108 potestate
1446 4030 1891 4109 jurisdictionis
1917 4048 2070 4091 con-

505 4124 703 4199 sistat,
735 4124 880 4203 quia
903 4129 995 4184 est
1020 4123 1290 4202 dignitas
1317 4123 1692 4203 praelationis
1728 4130 1793 4185 ει
1817 4123 2072 4203 regimi-

507 4218 625 4294 nis,
651 4235 789 4298 quae
806 4218 940 4279 sine
961 4218 1384 4297 jurisdictione
1403 4219 1668 4297 intelligi
1688 4237 1815 4279 non
1833 4223 2034 4297 potest
2044 4233 2066 4295 3

505 4317 570 4373 et
595 4317 1060 4390 consequenter,
1090 4329 1205 4372 nec
1229 4311 1361 4372 sine
1389 4316 1686 4391 potestate
1715 4312 2071 4391 praecipien-

506 4404 603 4481 di;
634 4404 768 4464 haec
800 4403 969 4464 enim
1009 4405 1102 4481 (ut
1133 4421 1319 4483 supra
1344 4404 1647 4480 dicebam)
1677 4404 1829 4465 adeo
1856 4409 1948 4465 est
1974 4404 2072 4463 in-

507 4498 776 4558 trinseca
816 4497 1141 4577 superiori,
1183 4502 1255 4558 ut
1293 4503 1597 4577 repugnet
1625 4497 1893 4579 aliquem
1934 4496 2072 4559 fleri

506 4590 909 4669 superiorem,
957 4606 1066 4650 seu
1117 4588 1470 4665 Praelatum,
1514 4595 1575 4650 et
1625 4607 1752 4650 non
1796 4588 2068 4668 recipere

505 4688 868 4763 potestatem
896 4682 1315 4762 praecipiendi.
1341 4681 1500 4743 Hinc
1522 4700 1670 4762 ergo
1695 4682 2069 4745 concludunt

503 4775 656 4835 dicti
671 4780 968 4848 auctores,
990 4774 1153 4835 banc
1176 4780 1540 4854 potestatem
1558 4775 1692 4836 dari
1710 4774 2068 4836 immediate

505 4884 544 4929 a
582 4866 842 4941 Christo,
874 4871 936 4928 et
965 4884 1043 4926 ex
1069 4867 1133 4926 vi
1158 4867 1314 4946 juris
1354 4867 1575 4942 divini,
1605 4868 1753 4947 quia
1778 4867 1964 4928 datur
1991 4884 2069 4928 ex

501 4961 568 5021 vi
592 4960 868 5022 muneris
885 4979 924 5022 a
941 4960 1178 5021 Christo
1198 4956 1467 5031 instituti
1477 4977 1497 5038 ;
1518 4967 1580 5022 et
1597 4960 1737 5022 licet
1760 4960 2065 5036 Pontifex,

502 5053 603 5116 vel
643 5071 757 5134 per
796 5071 860 5115 se
908 5053 1174 5133 applicet
1218 5053 1339 5115 tale
1367 5072 1599 5115 munus
1643 5054 1790 5114 huic
1834 5053 1934 5116 vel
1974 5054 2068 5114 illi

501 5165 800 5228 personae,
834 5146 931 5209 vel
973 5147 1161 5227 possit
1205 5146 1529 5209 instituere
1574 5146 1830 5207 modum
1871 5146 2068 5226 appli-

501 5241 683 5301 candi
710 5241 888 5317 illud,
910 5240 1317 5302 nihilominus
1334 5241 1443 5302 tali
1463 5241 1709 5303 muneri
1733 5258 1810 5302 ex
1831 5240 1894 5303 vi
1910 5240 2067 5319 juris

500 5332 699 5394 divini
725 5333 998 5395 adhaeret
1026 5333 1168 5394 talis
1188 5334 1561 5412 jurisdictio,
1600 5341 1663 5396 et
1687 5334 1892 5414 ipsum
1930 5350 2069 5393 mu-

503 5443 623 5487 nus
647 5441 725 5485 ex
753 5425 818 5484 vi
853 5424 1079 5486 divinae
1107 5425 1513 5487 institutionis
1537 5427 1743 5502 datur,
1769 5432 1831 5486 et
1856 5442 2068 5486 conse-

503 5523 765 5599 quenter
785 5517 1071 5582 Pontifex
1090 5518 1292 5581 solum
1314 5537 1379 5582 se
1405 5518 1616 5597 habet,
1640 5524 1712 5582 ut
1735 5518 2069 5599 designans

2123 526 2490 593 personam:
2521 511 2679 571 Deus
2703 525 2850 570 vero
2876 514 2990 584 est,
3020 506 3130 588 qui
3151 527 3265 589 per
3293 527 3359 572 se
3380 515 3445 572 et
3471 510 3685 575 imme·

2123 606 2290 667 diate
2328 603 2549 665 tribuit
2578 620 2825 677 munus,
2866 607 2928 663 et
2952 608 3400 681 consequenter
3432 609 3689 683 potesta-

2125 702 2279 760 tem.

2209 791 2307 851 14.
2353 787 2658 867 Rejicitm·
2692 787 3024 866 pra-dictus
3059 788 3286 850 modus.
3320 823 3400 834 -
3430 789 3688 852 Verum-

2127 888 2338 944 tamen
2386 886 2600 941 contra
2642 880 2809 941 hunc
2852 879 3104 940 modum
3146 880 3494 960 explicandi
3532 883 3689 945 hanc

2127 981 2491 1055 potestatem
2513 972 2689 1034 facile
2712 978 2910 1052 potest
2928 979 3174 1052 recepta
3194 974 3421 1035 veritas
3439 975 3690 1037 demon-

2127 1068 2340 1129 strari:
2377 1084 2524 1127 nam
2558 1065 2887 1144 imprimis,
2909 1064 3052 1126 licet
3077 1065 3351 1126 dicamus
3384 1067 3690 1147 episcopa-

2123 1165 2260 1220 tum
2291 1177 2422 1220 esse
2455 1158 2531 1219 de
2552 1159 2694 1236 jure
2720 1157 2955 1231 divino,
2985 1175 3113 1217 non
3140 1157 3340 1219 solum
3369 1159 3571 1238 quoad
3600 1160 3689 1220 di-

2126 1253 2427 1331 gnitatem
2452 1250 2710 1324 ordinis,
2738 1251 2844 1309 sed
2874 1251 3062 1311 etiam
3085 1250 3289 1330 quoad
3313 1269 3542 1312 munus
3559 1271 3691 1332 pas-

2124 1344 2320 1405 torale
2339 1390 2360 1419 ,
2394 1361 2520 1405 non
2562 1342 2707 1403 inde
2748 1343 3026 1421 sequitur
3057 1343 3512 1405 institutionem
3536 1390 3557 1420 ,
3595 1345 3692 1406 vel

2128 1436 2518 1499 collationem
2531 1435 2671 1496 talis
2694 1434 2971 1494 muneris
2988 1434 3087 1494 vel
3103 1435 3548 1513 jurisdictionis
3566 1455 3692 1499 esse

2127 1530 2483 1591 immediate
2512 1546 2550 1588 a
2582 1527 2845 1602 Christo,
2868 1527 3016 1606 quia
3041 1526 3178 1588 fieri
3203 1533 3366 1589 recte
3395 1529 3597 1607 potuit
3627 1536 3693 1590 ut

2130 1624 2405 1685 Christus
2445 1620 2740 1694 docuerit,
2776 1625 2839 1680 et
2868 1620 3227 1700 praeoeperit
3265 1620 3593 1700 Apostolis,
3635 1626 3694 1683 et

2133 1717 2438 1797 praecipue
2468 1716 2670 1789 Petro,
2708 1713 2962 1780 modum
2989 1712 3246 1791 regendi
3273 1713 3692 1774 monarchiam

2132 1808 2599 1870 ecclesiasticam
2626 1806 2847 1867 mediis
2873 1805 3185 1884 Episcopis
3224 1810 3524 1884 tanquam
3565 1823 3694 1886 pas-

2132 1900 2368 1963 toribus
2388 1899 2737 1975 ordinariis,
2768 1903 2830 1959 et
2858 1896 3242 1977 principibus
3267 1896 3383 1957 sub
3413 1899 3611 1973 Petro,
3634 1905 3695 1959 et

2136 1991 2548 2054 nihilominus
2586 1991 2751 2070 quod
2779 1990 3160 2051 commiserit
3200 1991 3403 2063 Petro,
3434 1997 3494 2051 et
3521 1991 3694 2052 insti-

2138 2085 2443 2145 tutionem
2458 2084 2735 2145 muneris
2753 2100 2897 2144 cum
2914 2081 3026 2142 tali
3033 2081 3489 2159 jurisdictione,
3503 2089 3567 2144 et
3576 2084 3696 2145 col-

2140 2177 2436 2237 lationem
2465 2177 2623 2254 ejus‚
2656 2193 2782 2235 non
2815 2180 3060 2235 tantum
3089 2174 3472 2251 designando
3496 2194 3700 2254 perso-

2139 2287 2309 2345 nam,
2327 2269 2435 2330 sed
2453 2269 2641 2328 etiam
2661 2272 3026 2347 potestatem
3046 2267 3242 2346 ipsam
3262 2267 3694 2346 impertiendo.

2141 2363 2284 2423 Haec
2312 2362 2482 2422 enim
2510 2361 2633 2421 duo
2655 2360 2835 2421 valde
2859 2360 3145 2420 distincta
3173 2366 3338 2434 sunt,
3364 2366 3429 2420 et
3456 2380 3702 2440 separa-

2135 2455 2309 2526 bilia,
2333 2455 2661 2534 praecipere
2694 2453 2930 2532 aliquid
2963 2452 3121 2527 fieri,
3149 2451 3248 2513 vel
3274 2452 3480 2514 facere
3511 2454 3697 2533 illud3

2139 2553 2200 2608 et
2217 2547 2355 2608 fieri
2382 2548 2570 2607 etiam
2597 2546 2820 2626 potuit,
2840 2550 2911 2605 ut
2934 2545 3207 2605 Christus
3222 2545 3529 2624 Apostolis
3550 2566 3703 2626 proe-

2140 2641 2371 2720 ceperit
2397 2646 2468 2700 ut
2498 2637 2856 2700 ordinarent
2896 2638 3178 2712 modum,
3223 2643 3286 2698 et
3322 2639 3512 2699 ritum
3540 2640 3701 2702 cele-

2138 2733 2361 2793 brandi
2405 2730 2772 2792 sacrificium
2818 2731 3015 2792 Missas
3059 2731 3262 2810 quoad
3303 2732 3703 2794 accidentales

2141 2826 2537 2886 caeremonias
2554 2868 2574 2899 ,
2622 2829 2684 2884 et
2736 2823 3142 2884 nihilominus
3196 2824 3285 2884 eis
3333 2825 3706 2885 commiserit

2141 2916 2278 2977 illas
2298 2917 2584 2977 ordinare
2608 2920 2670 2976 et
2687 2915 3025 2976 instituere.
3052 2915 3342 2995 Idemque
3364 2917 3491 2977 dici
3509 2924 3703 2996 potest

2143 3012 2220 3073 de
2246 3012 2526 3072 oratione
2548 3010 2796 3090 publica
2821 3010 3126 3086 Ecclesiae,
3158 3018 3220 3072 et
3248 3012 3582 3073 similibus.
3607 3014 3702 3074 Sic

2143 3123 2291 3183 ergo
2314 3107 2515 3184 potuit
2536 3103 2808 3166 Christus
2842 3103 3197 3184 praecipere,
3222 3111 3294 3186 ιιι
3322 3112 3480 3166 esset
3503 3106 3570 3167 in
3600 3108 3705 3167 Ec-

2144 3199 2330 3260 clesia
2359 3196 2661 3278 pastorale
2687 3214 2916 3256 munus
2941 3197 3407 3276 Episcoporum,
3436 3204 3500 3259 et
3525 3199 3708 3259 nihil-

2145 3293 2390 3353 ominus
2429 3289 2880 3351 institutionem
2921 3288 3087 3349 illius
3129 3290 3401 3350 muneris
3427 3293 3713 3351 commit-

2145 3390 2275 3445 tere
2324 3386 2525 3445 Petro.
2562 3383 2691 3443 Hoc
2736 3387 2944 3442 autem
2989 3382 3183 3461 posito
3229 3382 3317 3459 (in
3361 3400 3485 3461 quo
3532 3382 3712 3443 nulla

2147 3477 2560 3558 repugnantia
2580 3493 2694 3537 nec
2713 3476 2962 3537 moralis
2979 3474 3444 3536 incommoditas
3462 3475 3714 3537 ostendi

2145 3572 2393 3650 potest),
2427 3569 2610 3649 plane
2643 3569 2922 3649 sequitur
2943 3568 3431 3647 jurisdictionem
3457 3568 3718 3647 Episco-

2145 3681 2368 3743 porum
2396 3680 2525 3723 esse
2552 3662 2629 3722 de
2667 3662 2809 3741 jure
2845 3661 3143 3732 humano,
3173 3665 3237 3720 ct
3274 3677 3386 3739 per
3425 3659 3718 3721 homines

2149 3757 2315 3831 dari3
2350 3756 2500 3835 quia
2523 3773 2621 3816 res
2660 3760 2752 3816 est
2790 3754 2932 3814 talis
2972 3771 3051 3814 ex
3080 3753 3443 3814 immediata
3470 3752 3721 3813 institu-

2147 3851 2340 3925 tione,
2368 3867 2493 3910 non
2521 3865 2599 3910 ex
2624 3852 2950 3928 praecepto,
2975 3847 3139 3925 quod
3172 3845 3251 3905 ad
3278 3845 3450 3906 illam
3474 3846 3668 3906 movit
3696 3863 3715 3907 ε

2150 3959 2298 4002 nam
2325 3948 2699 4022 proeceptum
2733 3944 2968 4001 remote
2997 3956 3062 4000 se
3102 3938 3292 3999 habet
3324 3944 3388 3999 et
3412 3943 3503 3999 est
3530 3955 3720 4016 gene-

2148 4034 2303 4111 rale,
2345 4040 2409 4095 et
2440 4053 2567 4095 non
2599 4033 2970 4095 determinat
3007 4031 3410 4113 particulares
3451 4031 3723 4092 circum·

2149 4128 2406 4188 stantias
2432 4128 2546 4203 rei,
2590 4127 2723 4188 sine
2749 4126 2974 4205 quibus
3000 4144 3099 4186 res
3140 4125 3274 4204 ipsa
3313 4142 3442 4185 non
3469 4123 3571 4201 fit3
3619 4124 3723 4185 in-

2149 4220 2386 4281 stitutio
2425 4237 2573 4280 vero
2617 4219 2901 4299 proxime
2928 4236 2993 4280 se
3037 4216 3248 4291 habet,
3290 4222 3355 4279 et
3393 4217 3723 4277 constituit

2150 4331 2283 4374 rem
2316 4313 2382 4372 in
2418 4312 2777 4391 particulari
2810 4329 2951 4371 cum
2991 4309 3419 4372 determinatis
3457 4309 3726 4370 circum-

2148 4405 2408 4466 stantiiS.
2465 4405 2636 4466 Sicut
2661 4405 2729 4465 in
2756 4403 3054 4483 exemplis
3093 4402 3374 4464 adductis
3419 4419 3726 4463 caeremo-

2149 4498 2270 4558 nioe
2297 4498 2495 4560 Missas
2529 4504 2672 4559 sunt
2704 4497 2782 4559 de
2812 4499 2952 4577 jure
2984 4497 3261 4557 humano
3284 4541 3305 4571 ,
3334 4500 3465 4555 esto
3490 4511 3727 4574 pratee-

2149 4596 2326 4668 ptum
2354 4590 2640 4668 generale
2661 4590 2988 4651 ordinandi
3021 4588 3157 4649 illas
3185 4586 3373 4648 fuerit
3401 4586 3724 4660 divinum,

2147 4687 2218 4743 ut
2262 4699 2479 4743 revera
2519 4688 2633 4758 est,
2677 4683 2804 4744 sive
2847 4682 3039 4744 fuerit
3078 4680 3364 4741 divinum
3402 4678 3723 4752 naturale,

2146 4775 2273 4836 sive
2310 4775 2681 4854 positivum:
2712 4780 2774 4836 et
2802 4774 2890 4835 sic
2919 4775 2987 4835 in
3015 4772 3339 4834 similibus.
3367 4771 3536 4832 Idem
3564 4788 3727 4848 ergo

2147 4869 2266 4930 erit
2288 4870 2355 4929 in
2381 4870 2670 4949 praesenti
2701 4888 2779 4930 ex
2800 4868 2966 4930 dicta
2986 4865 3338 4947 hypothesi,
3364 4864 3531 4945 quod
3559 4866 3729 4943 epis-

2147 4966 2402 5041 copatus
2426 4962 2744 5023 inferiores
2771 4959 3110 5041 pontificali
3130 4959 3434 5038 dignitate
3454 4975 3588 5018 non
3605 4956 3732 5017 ha-

2146 5053 2296 5114 bent
2333 5071 2372 5114 a
2400 5054 2538 5132 jure
2581 5054 2821 5125 divino,
2855 5052 2976 5113 nisi
3003 5050 3293 5131 generale
3335 5055 3735 5130 praeceptum

2145 5146 2509 5208 instituendi
2536 5151 2597 5207 et
2623 5145 2980 5208 conferendi
3006 5144 3198 5206 talem
3227 5143 3619 5221 dignitatem3
3652 5146 3738 5200 ut

2146 5239 2199 5299 si
2229 5258 2341 5301 rex
2366 5240 2619 5300 mittens
2647 5255 2971 5318 proregem
2996 5238 3067 5297 in
3092 5236 3357 5310 Indiam,
3382 5234 3479 5296 ini
3502 5234 3737 5314 praeci-

2146 5332 2277 5412 piat
2321 5332 2689 5393 constituere
2724 5331 2793 5391 in
2839 5329 3171 5410 provinciis
3217 5326 3561 5389 ordinarios
3602 5344 3738 5406 gu-

2145 5424 2521 5499 bernatoroe,
2547 5424 2640 5484 illi
2664 5441 2813 5485 vero
2840 5422 3205 5498 committat,
3232 5425 3295 5481 et
3323 5420 3584 5481 modum
3607 5436 3743 5498 po-

2145 5517 2380 5580 testatis
2410 5516 2529 5578 illis
2555 5516 2968 5593 conferendas,
2993 5521 3057 5577 et
3076 5530 3412 5577 munerum
3438 5511 3745 5594 largitio·
