<?xml version="1.0" encoding="UTF-8"?>
<!DOCTYPE html PUBLIC "-//W3C//DTD XHTML 1.0 Transitional//EN"
    "http://www.w3.org/TR/xhtml1/DTD/xhtml1-transitional.dtd">
<html xmlns="http://www.w3.org/1999/xhtml" xml:lang="en" lang="en">
 <head>
  <title>
</title>
<meta http-equiv="Content-Type" content="text/html;charset=utf-8" />
  <meta name='ocr-system' content='tesseract 3.04.00' />
  <meta name='ocr-capabilities' content='ocr_page ocr_carea ocr_par ocr_line ocrx_word'/>
</head>
<body>
  <div class='ocr_page' id='page_1' title='image "./rpfranciscisuar02duvagoog_0202.png"; bbox 0 0 3976 6219; ppageno 0'>
   <div class='ocr_carea' id='block_1_1' title="bbox 444 381 566 443">
    <p class='ocr_par' dir='ltr' id='par_1_1' title="bbox 444 381 566 443">
     <span class='ocr_line' id='line_1_1' title="bbox 444 381 566 443; baseline -0.016 0"><span class='ocrx_word' id='word_1_1' title='bbox 444 381 566 443; x_wconf 70' lang='lat'>184</span> 
     </span>
    </p>
   </div>
   <div class='ocr_carea' id='block_1_2' title="bbox 442 480 2026 2513">
    <p class='ocr_par' dir='ltr' id='par_1_2' title="bbox 442 480 2026 2513">
     <span class='ocr_line' id='line_1_2' title="bbox 442 480 2004 566; baseline -0.001 -17"><span class='ocrx_word' id='word_1_2' title='bbox 442 483 663 550; x_wconf 78' lang='lat' dir='ltr'>testate</span> <span class='ocrx_word' id='word_1_3' title='bbox 710 480 1039 545; x_wconf 88' lang='lat' dir='ltr'>hominum</span> <span class='ocrx_word' id='word_1_4' title='bbox 1091 482 1559 545; x_wconf 88' lang='lat' dir='ltr'>monarchicum</span> <span class='ocrx_word' id='word_1_5' title='bbox 1605 486 1884 566; x_wconf 89' lang='lat' dir='ltr'>regimen</span> <span class='ocrx_word' id='word_1_6' title='bbox 1934 486 2004 548; x_wconf 90' lang='lat' dir='ltr'>in</span> 
     </span>
     <span class='ocr_line' id='line_1_3' title="bbox 444 577 2006 642; baseline 0 -1"><span class='ocrx_word' id='word_1_7' title='bbox 444 577 718 642; x_wconf 81' lang='lat' dir='ltr'>Ecclesia</span> <span class='ocrx_word' id='word_1_8' title='bbox 743 581 1017 637; x_wconf 88' lang='lat' dir='ltr'>mutare:</span> <span class='ocrx_word' id='word_1_9' title='bbox 1050 578 1463 638; x_wconf 89' lang='lat' dir='ltr'>communitas</span> <span class='ocrx_word' id='word_1_10' title='bbox 1491 585 1702 639; x_wconf 91' lang='lat' dir='ltr'>autem</span> <span class='ocrx_word' id='word_1_11' title='bbox 1729 578 2006 641; x_wconf 91' lang='lat' dir='ltr'>humana</span> 
     </span>
     <span class='ocr_line' id='line_1_4' title="bbox 443 669 2007 753; baseline -0.001 -21"><span class='ocrx_word' id='word_1_12' title='bbox 443 676 646 753; x_wconf 89' lang='lat' dir='ltr'>potest</span> <span class='ocrx_word' id='word_1_13' title='bbox 672 687 847 729; x_wconf 90' lang='lat' dir='ltr'>suam</span> <span class='ocrx_word' id='word_1_14' title='bbox 860 669 1354 746; x_wconf 88' lang='lat' dir='ltr'>jurisdictionem</span> <span class='ocrx_word' id='word_1_15' title='bbox 1377 670 1709 731; x_wconf 86' lang='lat' dir='ltr'>transferre</span> <span class='ocrx_word' id='word_1_16' title='bbox 1728 672 1793 730; x_wconf 92' lang='lat' dir='ltr'>in</span> <span class='ocrx_word' id='word_1_17' title='bbox 1814 689 2007 731; x_wconf 88' lang='lat' dir='ltr'>unam</span> 
     </span>
     <span class='ocr_line' id='line_1_5' title="bbox 446 761 2010 845; baseline -0.001 -20"><span class='ocrx_word' id='word_1_18' title='bbox 446 780 796 845; x_wconf 84' lang='lat' dir='ltr'><strong>personam,</strong></span> <span class='ocrx_word' id='word_1_19' title='bbox 844 761 941 820; x_wconf 85' lang='lat' dir='ltr'>vel</span> <span class='ocrx_word' id='word_1_20' title='bbox 991 762 1057 820; x_wconf 91' lang='lat' dir='ltr'>in</span> <span class='ocrx_word' id='word_1_21' title='bbox 1108 761 1296 822; x_wconf 89' lang='lat' dir='ltr'>aliam</span> <span class='ocrx_word' id='word_1_22' title='bbox 1351 764 1891 838; x_wconf 89' lang='lat' dir='ltr'>communitatem,</span> <span class='ocrx_word' id='word_1_23' title='bbox 1936 770 2010 824; x_wconf 91' lang='lat' dir='ltr'>ut</span> 
     </span>
     <span class='ocr_line' id='line_1_6' title="bbox 447 853 2010 936; baseline 0 -21"><span class='ocrx_word' id='word_1_24' title='bbox 447 855 702 936; x_wconf 90' lang='lat' dir='ltr'>patebit.</span> <span class='ocrx_word' id='word_1_25' title='bbox 735 855 839 913; x_wconf 87' lang='lat' dir='ltr'>Est</span> <span class='ocrx_word' id='word_1_26' title='bbox 867 871 1013 931; x_wconf 90' lang='lat' dir='ltr'>ergo</span> <span class='ocrx_word' id='word_1_27' title='bbox 1042 853 1174 913; x_wconf 85' lang='lat' dir='ltr'>haec</span> <span class='ocrx_word' id='word_1_28' title='bbox 1199 860 1468 932; x_wconf 87' lang='lat' dir='ltr'>potestas</span> <span class='ocrx_word' id='word_1_29' title='bbox 1494 873 1621 915; x_wconf 91' lang='lat' dir='ltr'>non</span> <span class='ocrx_word' id='word_1_30' title='bbox 1644 854 1845 915; x_wconf 90' lang='lat' dir='ltr'>solum</span> <span class='ocrx_word' id='word_1_31' title='bbox 1872 873 2010 915; x_wconf 89' lang='lat' dir='ltr'>mu-</span> 
     </span>
     <span class='ocr_line' id='line_1_7' title="bbox 448 946 2010 1026; baseline 0 -17"><span class='ocrx_word' id='word_1_32' title='bbox 448 949 679 1023; x_wconf 87' lang='lat' dir='ltr'>tabilis,</span> <span class='ocrx_word' id='word_1_33' title='bbox 716 946 822 1007; x_wconf 90' lang='lat' dir='ltr'>sed</span> <span class='ocrx_word' id='word_1_34' title='bbox 853 946 1041 1007; x_wconf 88' lang='lat' dir='ltr'>etiam</span> <span class='ocrx_word' id='word_1_35' title='bbox 1076 947 1459 1023; x_wconf 82' lang='lat' dir='ltr'>mutabilior,</span> <span class='ocrx_word' id='word_1_36' title='bbox 1492 955 1811 1026; x_wconf 82' lang='lat' dir='ltr'>magisque</span> <span class='ocrx_word' id='word_1_37' title='bbox 1838 968 1876 1009; x_wconf 91' lang='lat' dir='ltr'>a</span> <span class='ocrx_word' id='word_1_38' title='bbox 1903 968 2010 1009; x_wconf 52' lang='grc' dir='ltr'>νον</span> 
     </span>
     <span class='ocr_line' id='line_1_8' title="bbox 449 1039 2011 1120; baseline -0.001 -18"><span class='ocrx_word' id='word_1_39' title='bbox 449 1040 790 1102; x_wconf 88' lang='lat' dir='ltr'>luntatibus</span> <span class='ocrx_word' id='word_1_40' title='bbox 832 1039 1161 1099; x_wconf 90' lang='lat' dir='ltr'>hominum</span> <span class='ocrx_word' id='word_1_41' title='bbox 1215 1040 1508 1119; x_wconf 78' lang='lat' dir='ltr'>pendens,</span> <span class='ocrx_word' id='word_1_42' title='bbox 1559 1041 1763 1101; x_wconf 89' lang='lat' dir='ltr'>Tertio</span> <span class='ocrx_word' id='word_1_43' title='bbox 1809 1046 2011 1120; x_wconf 91' lang='lat' dir='ltr'>potest</span> 
     </span>
     <span class='ocr_line' id='line_1_9' title="bbox 451 1132 2015 1212; baseline -0.001 -16"><span class='ocrx_word' id='word_1_44' title='bbox 451 1133 626 1196; x_wconf 84' lang='lat' dir='ltr'>reddi</span> <span class='ocrx_word' id='word_1_45' title='bbox 652 1133 811 1193; x_wconf 90' lang='lat' dir='ltr'>ratio</span> <span class='ocrx_word' id='word_1_46' title='bbox 826 1132 1015 1211; x_wconf 87' lang='lat' dir='ltr'>hujus</span> <span class='ocrx_word' id='word_1_47' title='bbox 1034 1132 1419 1207; x_wconf 70' lang='lat' dir='ltr'>differentiae,</span> <span class='ocrx_word' id='word_1_48' title='bbox 1444 1132 1593 1212; x_wconf 89' lang='lat' dir='ltr'>quia</span> <span class='ocrx_word' id='word_1_49' title='bbox 1618 1151 1691 1194; x_wconf 91' lang='lat' dir='ltr'>ea</span> <span class='ocrx_word' id='word_1_50' title='bbox 1713 1152 1849 1212; x_wconf 85' lang='lat' dir='ltr'>quae</span> <span class='ocrx_word' id='word_1_51' title='bbox 1868 1141 2015 1195; x_wconf 90' lang='lat' dir='ltr'>sunt</span> 
     </span>
     <span class='ocr_line' id='line_1_10' title="bbox 454 1225 2015 1305; baseline 0.001 -17"><span class='ocrx_word' id='word_1_52' title='bbox 454 1244 531 1288; x_wconf 83' lang='lat' dir='ltr'>ex</span> <span class='ocrx_word' id='word_1_53' title='bbox 574 1227 960 1286; x_wconf 85' lang='lat' dir='ltr'>institutione</span> <span class='ocrx_word' id='word_1_54' title='bbox 1015 1225 1261 1304; x_wconf 90' lang='lat' dir='ltr'>speciali</span> <span class='ocrx_word' id='word_1_55' title='bbox 1307 1226 1578 1305; x_wconf 90' lang='lat' dir='ltr'>pendent</span> <span class='ocrx_word' id='word_1_56' title='bbox 1625 1245 1662 1287; x_wconf 90' lang='lat' dir='ltr'>a</span> <span class='ocrx_word' id='word_1_57' title='bbox 1697 1227 2015 1289; x_wconf 85' lang='lat' dir='ltr'>voluntate</span> 
     </span>
     <span class='ocr_line' id='line_1_11' title="bbox 453 1318 2014 1396; baseline 0.001 -17"><span class='ocrx_word' id='word_1_58' title='bbox 453 1319 858 1395; x_wconf 77' lang='lat' dir='ltr'>instituentiS,</span> <span class='ocrx_word' id='word_1_59' title='bbox 914 1336 1053 1396; x_wconf 78' lang='lat' dir='ltr'>quae</span> <span class='ocrx_word' id='word_1_60' title='bbox 1097 1318 1176 1378; x_wconf 88' lang='lat' dir='ltr'>ab</span> <span class='ocrx_word' id='word_1_61' title='bbox 1210 1318 1604 1380; x_wconf 87' lang='lat' dir='ltr'>inferioribus</span> <span class='ocrx_word' id='word_1_62' title='bbox 1630 1321 1857 1381; x_wconf 89' lang='lat' dir='ltr'>mutari</span> <span class='ocrx_word' id='word_1_63' title='bbox 1885 1338 2014 1381; x_wconf 90' lang='lat' dir='ltr'>non</span> 
     </span>
     <span class='ocr_line' id='line_1_12' title="bbox 456 1412 2016 1491; baseline 0.001 -20"><span class='ocrx_word' id='word_1_64' title='bbox 456 1416 689 1490; x_wconf 88' lang='lat' dir='ltr'>potest:</span> <span class='ocrx_word' id='word_1_65' title='bbox 723 1412 853 1472; x_wconf 83' lang='lat' dir='ltr'>haec</span> <span class='ocrx_word' id='word_1_66' title='bbox 880 1416 1088 1472; x_wconf 90' lang='lat' dir='ltr'>autem</span> <span class='ocrx_word' id='word_1_67' title='bbox 1111 1417 1375 1491; x_wconf 89' lang='lat' dir='ltr'>potestas</span> <span class='ocrx_word' id='word_1_68' title='bbox 1401 1430 1529 1472; x_wconf 92' lang='lat' dir='ltr'>non</span> <span class='ocrx_word' id='word_1_69' title='bbox 1556 1419 1646 1473; x_wconf 87' lang='lat' dir='ltr'>est</span> <span class='ocrx_word' id='word_1_70' title='bbox 1667 1412 1746 1473; x_wconf 90' lang='lat' dir='ltr'>ab</span> <span class='ocrx_word' id='word_1_71' title='bbox 1773 1413 2016 1473; x_wconf 89' lang='lat' dir='ltr'>institu-</span> 
     </span>
     <span class='ocr_line' id='line_1_13' title="bbox 455 1504 2020 1585; baseline 0.002 -21"><span class='ocrx_word' id='word_1_72' title='bbox 455 1505 647 1580; x_wconf 85' lang='lat' dir='ltr'>tione,</span> <span class='ocrx_word' id='word_1_73' title='bbox 672 1504 775 1565; x_wconf 90' lang='lat' dir='ltr'>sed</span> <span class='ocrx_word' id='word_1_74' title='bbox 798 1522 837 1564; x_wconf 97' lang='lat' dir='ltr'>a</span> <span class='ocrx_word' id='word_1_75' title='bbox 861 1509 1107 1579; x_wconf 88' lang='lat' dir='ltr'>natura,</span> <span class='ocrx_word' id='word_1_76' title='bbox 1129 1510 1191 1565; x_wconf 93' lang='lat' dir='ltr'>et</span> <span class='ocrx_word' id='word_1_77' title='bbox 1210 1504 1349 1566; x_wconf 91' lang='lat' dir='ltr'>ideo</span> <span class='ocrx_word' id='word_1_78' title='bbox 1378 1523 1451 1566; x_wconf 90' lang='lat' dir='ltr'>eo</span> <span class='ocrx_word' id='word_1_79' title='bbox 1475 1506 1660 1566; x_wconf 92' lang='lat' dir='ltr'>modo</span> <span class='ocrx_word' id='word_1_80' title='bbox 1692 1506 1875 1567; x_wconf 90' lang='lat' dir='ltr'>datur</span> <span class='ocrx_word' id='word_1_81' title='bbox 1896 1524 2020 1585; x_wconf 91' lang='lat' dir='ltr'>quo</span> 
     </span>
     <span class='ocr_line' id='line_1_14' title="bbox 458 1598 2021 1662; baseline 0.002 -4"><span class='ocrx_word' id='word_1_82' title='bbox 458 1603 547 1658; x_wconf 90' lang='lat' dir='ltr'>est</span> <span class='ocrx_word' id='word_1_83' title='bbox 564 1599 934 1659; x_wconf 86' lang='lat' dir='ltr'>conveniens</span> <span class='ocrx_word' id='word_1_84' title='bbox 960 1604 1199 1659; x_wconf 83' lang='lat' dir='ltr'>naturae</span> <span class='ocrx_word' id='word_1_85' title='bbox 1221 1598 1510 1659; x_wconf 81' lang='lat' dir='ltr'><strong>rationali</strong></span> <span class='ocrx_word' id='word_1_86' title='bbox 1534 1600 1872 1660; x_wconf 91' lang='lat' dir='ltr'>secundum</span> <span class='ocrx_word' id='word_1_87' title='bbox 1890 1618 2021 1662; x_wconf 91' lang='lat' dir='ltr'>rec-</span> 
     </span>
     <span class='ocr_line' id='line_1_15' title="bbox 459 1691 2015 1771; baseline 0.001 -20"><span class='ocrx_word' id='word_1_88' title='bbox 459 1696 588 1751; x_wconf 87' lang='lat' dir='ltr'>tam</span> <span class='ocrx_word' id='word_1_89' title='bbox 612 1691 918 1753; x_wconf 88' lang='lat' dir='ltr'>rationem</span> <span class='ocrx_word' id='word_1_90' title='bbox 945 1697 1007 1752; x_wconf 90' lang='lat' dir='ltr'>et</span> <span class='ocrx_word' id='word_1_91' title='bbox 1032 1691 1425 1771; x_wconf 87' lang='lat' dir='ltr'>prudentiam</span> <span class='ocrx_word' id='word_1_92' title='bbox 1450 1707 1465 1752; x_wconf 88' lang='lat'>:</span> <span class='ocrx_word' id='word_1_93' title='bbox 1495 1692 1653 1752; x_wconf 90' lang='lat' dir='ltr'>ratio</span> <span class='ocrx_word' id='word_1_94' title='bbox 1679 1698 1889 1753; x_wconf 90' lang='lat' dir='ltr'>autem</span> <span class='ocrx_word' id='word_1_95' title='bbox 1910 1711 2015 1754; x_wconf 90' lang='lat' dir='ltr'>na-</span> 
     </span>
     <span class='ocr_line' id='line_1_16' title="bbox 460 1784 2020 1860; baseline 0.001 -16"><span class='ocrx_word' id='word_1_96' title='bbox 460 1784 678 1844; x_wconf 87' lang='lat' dir='ltr'>turalis</span> <span class='ocrx_word' id='word_1_97' title='bbox 705 1785 893 1845; x_wconf 81' lang='lat' dir='ltr'>dictat</span> <span class='ocrx_word' id='word_1_98' title='bbox 933 1803 1063 1845; x_wconf 93' lang='lat' dir='ltr'>non</span> <span class='ocrx_word' id='word_1_99' title='bbox 1103 1803 1232 1846; x_wconf 91' lang='lat' dir='ltr'>esse</span> <span class='ocrx_word' id='word_1_100' title='bbox 1275 1786 1710 1860; x_wconf 89' lang='lat' dir='ltr'>necessarium,</span> <span class='ocrx_word' id='word_1_101' title='bbox 1743 1786 1869 1846; x_wconf 92' lang='lat' dir='ltr'>imo</span> <span class='ocrx_word' id='word_1_102' title='bbox 1905 1804 2020 1847; x_wconf 89' lang='lat' dir='ltr'>nec</span> 
     </span>
     <span class='ocr_line' id='line_1_17' title="bbox 460 1877 2019 1957; baseline 0.001 -20"><span class='ocrx_word' id='word_1_103' title='bbox 460 1878 832 1937; x_wconf 86' lang='lat' dir='ltr'>conveniens</span> <span class='ocrx_word' id='word_1_104' title='bbox 872 1877 982 1937; x_wconf 90' lang='lat' dir='ltr'>tali</span> <span class='ocrx_word' id='word_1_105' title='bbox 1023 1884 1261 1938; x_wconf 83' lang='lat' dir='ltr'>naturae</span> <span class='ocrx_word' id='word_1_106' title='bbox 1289 1877 1519 1938; x_wconf 89' lang='lat' dir='ltr'>habere</span> <span class='ocrx_word' id='word_1_107' title='bbox 1558 1877 1721 1938; x_wconf 90' lang='lat' dir='ltr'>hanc</span> <span class='ocrx_word' id='word_1_108' title='bbox 1756 1883 2019 1957; x_wconf 89' lang='lat' dir='ltr'>potesta-</span> 
     </span>
     <span class='ocr_line' id='line_1_18' title="bbox 462 1970 2021 2031; baseline 0 -1"><span class='ocrx_word' id='word_1_109' title='bbox 462 1976 591 2030; x_wconf 90' lang='lat' dir='ltr'>tem</span> <span class='ocrx_word' id='word_1_110' title='bbox 629 1970 1084 2031; x_wconf 87' lang='lat' dir='ltr'>immutabilem</span> <span class='ocrx_word' id='word_1_111' title='bbox 1116 1971 1185 2030; x_wconf 91' lang='lat' dir='ltr'>in</span> <span class='ocrx_word' id='word_1_112' title='bbox 1225 1976 1355 2031; x_wconf 91' lang='lat' dir='ltr'>tota</span> <span class='ocrx_word' id='word_1_113' title='bbox 1394 1971 1865 2031; x_wconf 87' lang='lat' dir='ltr'>communitate:</span> <span class='ocrx_word' id='word_1_114' title='bbox 1913 1971 2021 2030; x_wconf 85' lang='lat' dir='ltr'>vix</span> 
     </span>
     <span class='ocr_line' id='line_1_19' title="bbox 463 2062 2021 2142; baseline -0.001 -19"><span class='ocrx_word' id='word_1_115' title='bbox 463 2062 631 2123; x_wconf 89' lang='lat' dir='ltr'>enim</span> <span class='ocrx_word' id='word_1_116' title='bbox 660 2067 860 2140; x_wconf 88' lang='lat' dir='ltr'>potest</span> <span class='ocrx_word' id='word_1_117' title='bbox 892 2063 997 2122; x_wconf 92' lang='lat' dir='ltr'>illa</span> <span class='ocrx_word' id='word_1_118' title='bbox 1025 2063 1112 2123; x_wconf 87' lang='lat' dir='ltr'>sic</span> <span class='ocrx_word' id='word_1_119' title='bbox 1139 2068 1408 2142; x_wconf 90' lang='lat' dir='ltr'>sumpta,</span> <span class='ocrx_word' id='word_1_120' title='bbox 1443 2067 1506 2123; x_wconf 86' lang='lat' dir='ltr'>et</span> <span class='ocrx_word' id='word_1_121' title='bbox 1531 2063 1703 2123; x_wconf 91' lang='lat' dir='ltr'>nulla</span> <span class='ocrx_word' id='word_1_122' title='bbox 1731 2063 2021 2124; x_wconf 87' lang='lat' dir='ltr'>determi-</span> 
     </span>
     <span class='ocr_line' id='line_1_20' title="bbox 463 2155 2017 2232; baseline 0.001 -20"><span class='ocrx_word' id='word_1_123' title='bbox 463 2155 715 2215; x_wconf 88' lang='lat' dir='ltr'>natione</span> <span class='ocrx_word' id='word_1_124' title='bbox 737 2155 1028 2232; x_wconf 88' lang='lat' dir='ltr'>adjuncta</span> <span class='ocrx_word' id='word_1_125' title='bbox 1054 2156 1153 2216; x_wconf 86' lang='lat' dir='ltr'>vel</span> <span class='ocrx_word' id='word_1_126' title='bbox 1180 2156 1523 2217; x_wconf 86' lang='lat' dir='ltr'>mutatione</span> <span class='ocrx_word' id='word_1_127' title='bbox 1546 2155 1730 2230; x_wconf 88' lang='lat' dir='ltr'>facta,</span> <span class='ocrx_word' id='word_1_128' title='bbox 1760 2156 1867 2217; x_wconf 82' lang='lat' dir='ltr'>illa</span> <span class='ocrx_word' id='word_1_129' title='bbox 1889 2156 2017 2216; x_wconf 90' lang='lat' dir='ltr'>uti:</span> 
     </span>
     <span class='ocr_line' id='line_1_21' title="bbox 465 2247 2025 2329; baseline 0.002 -22"><span class='ocrx_word' id='word_1_130' title='bbox 465 2264 611 2324; x_wconf 91' lang='lat' dir='ltr'>ergo</span> <span class='ocrx_word' id='word_1_131' title='bbox 638 2247 723 2306; x_wconf 89' lang='lat' dir='ltr'>ita</span> <span class='ocrx_word' id='word_1_132' title='bbox 752 2248 936 2308; x_wconf 89' lang='lat' dir='ltr'>datur</span> <span class='ocrx_word' id='word_1_133' title='bbox 962 2267 1000 2308; x_wconf 87' lang='lat' dir='ltr'>a</span> <span class='ocrx_word' id='word_1_134' title='bbox 1026 2258 1250 2309; x_wconf 88' lang='lat' dir='ltr'>natura</span> <span class='ocrx_word' id='word_1_135' title='bbox 1277 2254 1338 2309; x_wconf 89' lang='lat' dir='ltr'>et</span> <span class='ocrx_word' id='word_1_136' title='bbox 1366 2248 1500 2327; x_wconf 85' lang='lat' dir='ltr'>ejus</span> <span class='ocrx_word' id='word_1_137' title='bbox 1527 2254 1773 2310; x_wconf 89' lang='lat' dir='ltr'>auctore</span> <span class='ocrx_word' id='word_1_138' title='bbox 1797 2255 1869 2309; x_wconf 93' lang='lat' dir='ltr'>ut</span> <span class='ocrx_word' id='word_1_139' title='bbox 1885 2267 2025 2329; x_wconf 88' lang='lat' dir='ltr'>pos-</span> 
     </span>
     <span class='ocr_line' id='line_1_22' title="bbox 465 2339 2026 2419; baseline 0.004 -22"><span class='ocrx_word' id='word_1_140' title='bbox 465 2339 545 2398; x_wconf 90' lang='lat' dir='ltr'>sit</span> <span class='ocrx_word' id='word_1_141' title='bbox 570 2340 638 2399; x_wconf 90' lang='lat' dir='ltr'>in</span> <span class='ocrx_word' id='word_1_142' title='bbox 679 2357 752 2400; x_wconf 89' lang='lat' dir='ltr'>ea</span> <span class='ocrx_word' id='word_1_143' title='bbox 795 2340 1056 2400; x_wconf 81' lang='lat' dir='ltr'>mutatio</span> <span class='ocrx_word' id='word_1_144' title='bbox 1097 2341 1254 2415; x_wconf 87' lang='lat' dir='ltr'>fieri,</span> <span class='ocrx_word' id='word_1_145' title='bbox 1299 2347 1484 2419; x_wconf 90' lang='lat' dir='ltr'>prout</span> <span class='ocrx_word' id='word_1_146' title='bbox 1516 2342 1833 2402; x_wconf 90' lang='lat' dir='ltr'>communi</span> <span class='ocrx_word' id='word_1_147' title='bbox 1860 2342 2026 2403; x_wconf 92' lang='lat' dir='ltr'>bono</span> 
     </span>
     <span class='ocr_line' id='line_1_23' title="bbox 467 2432 1260 2513; baseline 0.003 -22"><span class='ocrx_word' id='word_1_148' title='bbox 467 2432 665 2510; x_wconf 88' lang='lat' dir='ltr'>magis</span> <span class='ocrx_word' id='word_1_149' title='bbox 690 2432 877 2494; x_wconf 88' lang='lat' dir='ltr'>fuerit</span> <span class='ocrx_word' id='word_1_150' title='bbox 909 2434 1260 2513; x_wconf 77' lang='lat' dir='ltr'>expediens,</span> 
     </span>
    </p>
   </div>
   <div class='ocr_carea' id='block_1_3' title="bbox 1054 2622 1442 2684">
    <p class='ocr_par' dir='ltr' id='par_1_3' title="bbox 1054 2622 1442 2684">
     <span class='ocr_line' id='line_1_24' title="bbox 1054 2622 1442 2684; baseline 0 -2"><span class='ocrx_word' id='word_1_151' title='bbox 1054 2622 1303 2683; x_wconf 87' lang='lat' dir='ltr'>CAPUT</span> <span class='ocrx_word' id='word_1_152' title='bbox 1344 2624 1442 2684; x_wconf 80' lang='lat' dir='ltr'>lv,</span> 
     </span>
    </p>
   </div>
   <div class='ocr_carea' id='block_1_4' title="bbox 669 2822 1822 2870">
    <p class='ocr_par' dir='ltr' id='par_1_4' title="bbox 669 2822 1822 2870">
     <span class='ocr_line' id='line_1_25' title="bbox 669 2822 1822 2870; baseline -0.002 0"><span class='ocrx_word' id='word_1_153' title='bbox 669 2823 1016 2870; x_wconf 73' lang='lat' dir='ltr'>GOROLLARIA</span> <span class='ocrx_word' id='word_1_154' title='bbox 1056 2823 1137 2868; x_wconf 79' lang='lat' dir='ltr'>Ex</span> <span class='ocrx_word' id='word_1_155' title='bbox 1178 2823 1476 2869; x_wconf 78' lang='lat' dir='ltr'>SUPERIORI</span> <span class='ocrx_word' id='word_1_156' title='bbox 1516 2822 1822 2869; x_wconf 76' lang='lat' dir='ltr'>DOCTRINA.</span> 
     </span>
    </p>
   </div>
   <div class='ocr_carea' id='block_1_5' title="bbox 459 2997 2034 5594">
    <p class='ocr_par' dir='ltr' id='par_1_5' title="bbox 459 2997 2034 5594">
     <span class='ocr_line' id='line_1_26' title="bbox 552 2997 2032 3074; baseline -0.002 -15"><span class='ocrx_word' id='word_1_157' title='bbox 552 3001 613 3059; x_wconf 82' lang='lat'>1.</span> <span class='ocrx_word' id='word_1_158' title='bbox 656 2998 1112 3060; x_wconf 71' lang='lat' dir='ltr'>Monarchioum</span> <span class='ocrx_word' id='word_1_159' title='bbox 1157 2997 1445 3074; x_wconf 78' lang='lat' dir='ltr'>optimum</span> <span class='ocrx_word' id='word_1_160' title='bbox 1487 2997 1771 3074; x_wconf 75' lang='lat' dir='ltr'>rcyimen.</span> <span class='ocrx_word' id='word_1_161' title='bbox 1813 3029 1895 3042; x_wconf 98' lang='lat'>—</span> <span class='ocrx_word' id='word_1_162' title='bbox 1938 2997 2032 3057; x_wconf 86' lang='lat' dir='ltr'>Ex</span> 
     </span>
     <span class='ocr_line' id='line_1_27' title="bbox 472 3088 2032 3170; baseline -0.003 -16"><span class='ocrx_word' id='word_1_163' title='bbox 472 3092 651 3154; x_wconf 89' lang='lat' dir='ltr'>dictis</span> <span class='ocrx_word' id='word_1_164' title='bbox 693 3093 763 3152; x_wconf 92' lang='lat' dir='ltr'>in</span> <span class='ocrx_word' id='word_1_165' title='bbox 795 3090 1093 3170; x_wconf 86' lang='lat' dir='ltr'>superiori</span> <span class='ocrx_word' id='word_1_166' title='bbox 1126 3091 1324 3170; x_wconf 86' lang='lat' dir='ltr'>capite</span> <span class='ocrx_word' id='word_1_167' title='bbox 1345 3108 1668 3170; x_wconf 87' lang='lat' dir='ltr'>possumus</span> <span class='ocrx_word' id='word_1_168' title='bbox 1703 3089 1911 3170; x_wconf 90' lang='lat' dir='ltr'>aliqua</span> <span class='ocrx_word' id='word_1_169' title='bbox 1936 3088 2032 3149; x_wconf 88' lang='lat' dir='ltr'>in-</span> 
     </span>
     <span class='ocr_line' id='line_1_28' title="bbox 469 3183 2031 3265; baseline -0.003 -18"><span class='ocrx_word' id='word_1_170' title='bbox 469 3187 632 3248; x_wconf 87' lang='lat' dir='ltr'>ferre</span> <span class='ocrx_word' id='word_1_171' title='bbox 668 3205 806 3265; x_wconf 84' lang='lat' dir='ltr'>quae</span> <span class='ocrx_word' id='word_1_172' title='bbox 834 3187 912 3247; x_wconf 92' lang='lat' dir='ltr'>ad</span> <span class='ocrx_word' id='word_1_173' title='bbox 939 3185 1149 3246; x_wconf 87' lang='lat' dir='ltr'>omnia</span> <span class='ocrx_word' id='word_1_174' title='bbox 1186 3183 1448 3245; x_wconf 89' lang='lat' dir='ltr'>dicenda</span> <span class='ocrx_word' id='word_1_175' title='bbox 1489 3201 1782 3262; x_wconf 90' lang='lat' dir='ltr'>magnam</span> <span class='ocrx_word' id='word_1_176' title='bbox 1826 3183 2031 3244; x_wconf 91' lang='lat' dir='ltr'>lucem</span> 
     </span>
     <span class='ocr_line' id='line_1_29' title="bbox 469 3276 2032 3356; baseline -0.003 -16"><span class='ocrx_word' id='word_1_177' title='bbox 469 3279 748 3341; x_wconf 86' lang='lat' dir='ltr'>afferent.</span> <span class='ocrx_word' id='word_1_178' title='bbox 798 3278 1076 3338; x_wconf 90' lang='lat' dir='ltr'>Primum</span> <span class='ocrx_word' id='word_1_179' title='bbox 1107 3283 1222 3353; x_wconf 77' lang='lat' dir='ltr'>est,</span> <span class='ocrx_word' id='word_1_180' title='bbox 1248 3276 1410 3356; x_wconf 89' lang='lat' dir='ltr'>quod</span> <span class='ocrx_word' id='word_1_181' title='bbox 1439 3277 1581 3338; x_wconf 85' lang='lat' dir='ltr'>licet</span> <span class='ocrx_word' id='word_1_182' title='bbox 1604 3276 1735 3337; x_wconf 85' lang='lat' dir='ltr'>haec</span> <span class='ocrx_word' id='word_1_183' title='bbox 1766 3282 2032 3355; x_wconf 86' lang='lat' dir='ltr'>potestas</span> 
     </span>
     <span class='ocr_line' id='line_1_30' title="bbox 470 3370 2034 3450; baseline -0.003 -16"><span class='ocrx_word' id='word_1_184' title='bbox 470 3373 746 3434; x_wconf 88' lang='lat' dir='ltr'>absolute</span> <span class='ocrx_word' id='word_1_185' title='bbox 774 3372 854 3433; x_wconf 88' lang='lat' dir='ltr'>sit</span> <span class='ocrx_word' id='word_1_186' title='bbox 881 3373 956 3433; x_wconf 92' lang='lat' dir='ltr'>de</span> <span class='ocrx_word' id='word_1_187' title='bbox 980 3374 1121 3450; x_wconf 87' lang='lat' dir='ltr'>jure</span> <span class='ocrx_word' id='word_1_188' title='bbox 1144 3378 1406 3446; x_wconf 66' lang='lat' dir='ltr'>naturae,</span> <span class='ocrx_word' id='word_1_189' title='bbox 1438 3370 1869 3432; x_wconf 88' lang='lat' dir='ltr'>determinatio</span> <span class='ocrx_word' id='word_1_190' title='bbox 1900 3370 2034 3448; x_wconf 86' lang='lat' dir='ltr'>ejus</span> 
     </span>
     <span class='ocr_line' id='line_1_31' title="bbox 470 3463 2034 3544; baseline -0.004 -16"><span class='ocrx_word' id='word_1_191' title='bbox 470 3469 549 3528; x_wconf 90' lang='lat' dir='ltr'>ad</span> <span class='ocrx_word' id='word_1_192' title='bbox 578 3474 814 3528; x_wconf 88' lang='lat' dir='ltr'>certum</span> <span class='ocrx_word' id='word_1_193' title='bbox 848 3465 1103 3527; x_wconf 91' lang='lat' dir='ltr'>modum</span> <span class='ocrx_word' id='word_1_194' title='bbox 1130 3465 1448 3544; x_wconf 89' lang='lat' dir='ltr'>potestatis</span> <span class='ocrx_word' id='word_1_195' title='bbox 1479 3468 1542 3524; x_wconf 89' lang='lat' dir='ltr'>et</span> <span class='ocrx_word' id='word_1_196' title='bbox 1579 3463 1901 3541; x_wconf 86' lang='lat' dir='ltr'>regiminis</span> <span class='ocrx_word' id='word_1_197' title='bbox 1941 3467 2034 3523; x_wconf 89' lang='lat' dir='ltr'>est</span> 
     </span>
     <span class='ocr_line' id='line_1_32' title="bbox 473 3555 2033 3635; baseline -0.004 -13"><span class='ocrx_word' id='word_1_198' title='bbox 473 3580 549 3622; x_wconf 85' lang='lat' dir='ltr'>ex</span> <span class='ocrx_word' id='word_1_199' title='bbox 585 3560 842 3621; x_wconf 88' lang='lat' dir='ltr'>arbitrio</span> <span class='ocrx_word' id='word_1_200' title='bbox 872 3559 1168 3619; x_wconf 76' lang='lat' dir='ltr'>humano,</span> <span class='ocrx_word' id='word_1_201' title='bbox 1215 3558 1610 3618; x_wconf 85' lang='lat' dir='ltr'>Declaratur:</span> <span class='ocrx_word' id='word_1_202' title='bbox 1642 3574 1788 3616; x_wconf 92' lang='lat' dir='ltr'>nam</span> <span class='ocrx_word' id='word_1_203' title='bbox 1837 3555 2033 3635; x_wconf 84' lang='lat' dir='ltr'>(juxta</span> 
     </span>
     <span class='ocr_line' id='line_1_33' title="bbox 471 3647 2031 3727; baseline -0.003 -13"><span class='ocrx_word' id='word_1_204' title='bbox 471 3655 816 3714; x_wconf 83' lang='lat' dir='ltr'>doctrinam</span> <span class='ocrx_word' id='word_1_205' title='bbox 858 3651 1130 3712; x_wconf 85' lang='lat' dir='ltr'>Platonis</span> <span class='ocrx_word' id='word_1_206' title='bbox 1172 3652 1241 3711; x_wconf 92' lang='lat' dir='ltr'>in</span> <span class='ocrx_word' id='word_1_207' title='bbox 1278 3650 1530 3727; x_wconf 90' lang='lat' dir='ltr'>Dialogo</span> <span class='ocrx_word' id='word_1_208' title='bbox 1571 3647 1762 3724; x_wconf 87' lang='lat' dir='ltr'>civili,</span> <span class='ocrx_word' id='word_1_209' title='bbox 1804 3666 1913 3709; x_wconf 86' lang='lat' dir='ltr'>seu</span> <span class='ocrx_word' id='word_1_210' title='bbox 1954 3648 2031 3709; x_wconf 91' lang='lat' dir='ltr'>de</span> 
     </span>
     <span class='ocr_line' id='line_1_34' title="bbox 471 3741 2031 3823; baseline -0.002 -17"><span class='ocrx_word' id='word_1_211' title='bbox 471 3761 689 3823; x_wconf 89' lang='lat' dir='ltr'>regn0,</span> <span class='ocrx_word' id='word_1_212' title='bbox 722 3750 784 3806; x_wconf 93' lang='lat' dir='ltr'>et</span> <span class='ocrx_word' id='word_1_213' title='bbox 811 3745 877 3805; x_wconf 90' lang='lat' dir='ltr'>in</span> <span class='ocrx_word' id='word_1_214' title='bbox 903 3744 1076 3805; x_wconf 89' lang='lat' dir='ltr'>libris</span> <span class='ocrx_word' id='word_1_215' title='bbox 1103 3744 1178 3805; x_wconf 90' lang='lat' dir='ltr'>de</span> <span class='ocrx_word' id='word_1_216' title='bbox 1206 3742 1473 3822; x_wconf 83' lang='lat' dir='ltr'>Repub.,</span> <span class='ocrx_word' id='word_1_217' title='bbox 1516 3747 1581 3803; x_wconf 92' lang='lat' dir='ltr'>et</span> <span class='ocrx_word' id='word_1_218' title='bbox 1610 3741 1951 3803; x_wconf 90' lang='lat' dir='ltr'>Aristotelis</span> <span class='ocrx_word' id='word_1_219' title='bbox 1994 3743 2031 3803; x_wconf 89' lang='grc'><strong>3</strong></span> 
     </span>
     <span class='ocr_line' id='line_1_35' title="bbox 473 3833 2033 3918; baseline -0.003 -19"><span class='ocrx_word' id='word_1_220' title='bbox 473 3838 680 3915; x_wconf 90' lang='lat' dir='ltr'>Polit.,</span> <span class='ocrx_word' id='word_1_221' title='bbox 707 3856 837 3917; x_wconf 89' lang='lat' dir='ltr'>cap.</span> <span class='ocrx_word' id='word_1_222' title='bbox 873 3839 934 3911; x_wconf 84' lang='lat'>5,</span> <span class='ocrx_word' id='word_1_223' title='bbox 971 3843 1034 3898; x_wconf 89' lang='lat' dir='ltr'>et</span> <span class='ocrx_word' id='word_1_224' title='bbox 1067 3841 1102 3898; x_wconf 82' lang='grc'>8</span> <span class='ocrx_word' id='word_1_225' title='bbox 1131 3836 1360 3918; x_wconf 77' lang='lat' dir='ltr'>Ethic.,</span> <span class='ocrx_word' id='word_1_226' title='bbox 1391 3854 1523 3914; x_wconf 88' lang='lat' dir='ltr'>cap.</span> <span class='ocrx_word' id='word_1_227' title='bbox 1558 3835 1655 3912; x_wconf 95' lang='grc'>10)</span> <span class='ocrx_word' id='word_1_228' title='bbox 1684 3833 1910 3913; x_wconf 82' lang='lat' dir='ltr'>triplex</span> <span class='ocrx_word' id='word_1_229' title='bbox 1941 3839 2033 3896; x_wconf 89' lang='lat' dir='ltr'>est</span> 
     </span>
     <span class='ocr_line' id='line_1_36' title="bbox 468 3926 2028 4010; baseline -0.004 -18"><span class='ocrx_word' id='word_1_230' title='bbox 468 3931 716 4010; x_wconf 87' lang='lat' dir='ltr'>politica</span> <span class='ocrx_word' id='word_1_231' title='bbox 735 3930 1100 4009; x_wconf 83' lang='lat' dir='ltr'>gubernatio</span> <span class='ocrx_word' id='word_1_232' title='bbox 1127 3928 1405 4008; x_wconf 85' lang='lat' dir='ltr'>simplex:</span> <span class='ocrx_word' id='word_1_233' title='bbox 1425 3927 1805 4002; x_wconf 89' lang='lat' dir='ltr'>monarchia,</span> <span class='ocrx_word' id='word_1_234' title='bbox 1825 3926 1891 3986; x_wconf 92' lang='lat' dir='ltr'>id</span> <span class='ocrx_word' id='word_1_235' title='bbox 1913 3931 2028 4003; x_wconf 91' lang='lat' dir='ltr'>est,</span> 
     </span>
     <span class='ocr_line' id='line_1_37' title="bbox 470 4020 2032 4104; baseline -0.004 -19"><span class='ocrx_word' id='word_1_236' title='bbox 470 4043 580 4104; x_wconf 90' lang='lat' dir='ltr'>per</span> <span class='ocrx_word' id='word_1_237' title='bbox 600 4042 797 4085; x_wconf 87' lang='lat' dir='ltr'>unum</span> <span class='ocrx_word' id='word_1_238' title='bbox 821 4028 1045 4102; x_wconf 71' lang='lat' dir='ltr'>caput:</span> <span class='ocrx_word' id='word_1_239' title='bbox 1074 4022 1479 4096; x_wconf 87' lang='lat' dir='ltr'>aristocratia,</span> <span class='ocrx_word' id='word_1_240' title='bbox 1508 4020 1573 4082; x_wconf 90' lang='lat' dir='ltr'>id</span> <span class='ocrx_word' id='word_1_241' title='bbox 1602 4025 1716 4095; x_wconf 90' lang='lat' dir='ltr'>est,</span> <span class='ocrx_word' id='word_1_242' title='bbox 1746 4037 1855 4098; x_wconf 91' lang='lat' dir='ltr'>per</span> <span class='ocrx_word' id='word_1_243' title='bbox 1882 4037 2032 4098; x_wconf 89' lang='lat' dir='ltr'>pau-</span> 
     </span>
     <span class='ocr_line' id='line_1_38' title="bbox 468 4111 2029 4197; baseline -0.005 -18"><span class='ocrx_word' id='word_1_244' title='bbox 468 4137 569 4179; x_wconf 91' lang='lat' dir='ltr'>cos</span> <span class='ocrx_word' id='word_1_245' title='bbox 600 4123 661 4179; x_wconf 90' lang='lat' dir='ltr'>et</span> <span class='ocrx_word' id='word_1_246' title='bbox 689 4117 951 4197; x_wconf 90' lang='lat' dir='ltr'>optimos</span> <span class='ocrx_word' id='word_1_247' title='bbox 973 4138 992 4191; x_wconf 81' lang='lat'>3</span> <span class='ocrx_word' id='word_1_248' title='bbox 1024 4116 1426 4191; x_wconf 90' lang='lat' dir='ltr'>democratia,</span> <span class='ocrx_word' id='word_1_249' title='bbox 1452 4114 1517 4174; x_wconf 92' lang='lat' dir='ltr'>id</span> <span class='ocrx_word' id='word_1_250' title='bbox 1544 4118 1657 4190; x_wconf 90' lang='lat' dir='ltr'>est,</span> <span class='ocrx_word' id='word_1_251' title='bbox 1690 4113 1801 4192; x_wconf 82' lang='lat' dir='ltr'>per</span> <span class='ocrx_word' id='word_1_252' title='bbox 1823 4111 2029 4191; x_wconf 87' lang='lat' dir='ltr'>plures</span> 
     </span>
     <span class='ocr_line' id='line_1_39' title="bbox 468 4205 2028 4291; baseline -0.004 -19"><span class='ocrx_word' id='word_1_253' title='bbox 468 4217 530 4272; x_wconf 90' lang='lat' dir='ltr'>et</span> <span class='ocrx_word' id='word_1_254' title='bbox 573 4210 861 4291; x_wconf 82' lang='lat' dir='ltr'>plebeios,</span> <span class='ocrx_word' id='word_1_255' title='bbox 913 4210 1005 4270; x_wconf 93' lang='lat' dir='ltr'>Ex</span> <span class='ocrx_word' id='word_1_256' title='bbox 1044 4209 1269 4289; x_wconf 90' lang='lat' dir='ltr'>quibus</span> <span class='ocrx_word' id='word_1_257' title='bbox 1309 4208 1529 4270; x_wconf 89' lang='lat' dir='ltr'>confici</span> <span class='ocrx_word' id='word_1_258' title='bbox 1573 4211 1834 4287; x_wconf 89' lang='lat' dir='ltr'>possunt</span> <span class='ocrx_word' id='word_1_259' title='bbox 1872 4205 2028 4266; x_wconf 89' lang='lat' dir='ltr'>varii</span> 
     </span>
     <span class='ocr_line' id='line_1_40' title="bbox 467 4301 2028 4382; baseline -0.004 -18"><span class='ocrx_word' id='word_1_260' title='bbox 467 4304 635 4364; x_wconf 91' lang='lat' dir='ltr'>modi</span> <span class='ocrx_word' id='word_1_261' title='bbox 667 4303 1134 4382; x_wconf 81' lang='lat' dir='ltr'>gubernationis</span> <span class='ocrx_word' id='word_1_262' title='bbox 1163 4302 1398 4378; x_wconf 77' lang='lat' dir='ltr'>mixtae,</span> <span class='ocrx_word' id='word_1_263' title='bbox 1429 4319 1538 4362; x_wconf 90' lang='lat' dir='ltr'>seu</span> <span class='ocrx_word' id='word_1_264' title='bbox 1571 4301 1922 4378; x_wconf 80' lang='lat' dir='ltr'>compositae</span> <span class='ocrx_word' id='word_1_265' title='bbox 1949 4316 2028 4359; x_wconf 87' lang='lat' dir='ltr'>ex</span> 
     </span>
     <span class='ocr_line' id='line_1_41' title="bbox 463 4391 2028 4476; baseline -0.004 -19"><span class='ocrx_word' id='word_1_266' title='bbox 463 4397 583 4458; x_wconf 89' lang='lat' dir='ltr'>illis</span> <span class='ocrx_word' id='word_1_267' title='bbox 624 4395 1006 4476; x_wconf 88' lang='lat' dir='ltr'>simplicibus</span> <span class='ocrx_word' id='word_1_268' title='bbox 1045 4413 1157 4475; x_wconf 91' lang='lat' dir='ltr'>per</span> <span class='ocrx_word' id='word_1_269' title='bbox 1195 4394 1729 4473; x_wconf 87' lang='lat' dir='ltr'>participationem</span> <span class='ocrx_word' id='word_1_270' title='bbox 1769 4391 1868 4451; x_wconf 86' lang='lat' dir='ltr'>vel</span> <span class='ocrx_word' id='word_1_271' title='bbox 1895 4408 2028 4451; x_wconf 92' lang='lat' dir='ltr'>om-</span> 
     </span>
     <span class='ocr_line' id='line_1_42' title="bbox 465 4484 2028 4565; baseline -0.004 -15"><span class='ocrx_word' id='word_1_272' title='bbox 465 4490 642 4550; x_wconf 91' lang='lat' dir='ltr'>nium</span> <span class='ocrx_word' id='word_1_273' title='bbox 662 4489 761 4550; x_wconf 86' lang='lat' dir='ltr'>vel</span> <span class='ocrx_word' id='word_1_274' title='bbox 778 4490 1043 4549; x_wconf 89' lang='lat' dir='ltr'>duorum</span> <span class='ocrx_word' id='word_1_275' title='bbox 1070 4506 1146 4548; x_wconf 86' lang='lat' dir='ltr'>ex</span> <span class='ocrx_word' id='word_1_276' title='bbox 1173 4488 1317 4548; x_wconf 91' lang='lat' dir='ltr'>illis.</span> <span class='ocrx_word' id='word_1_277' title='bbox 1343 4488 1428 4548; x_wconf 92' lang='lat' dir='ltr'>De</span> <span class='ocrx_word' id='word_1_278' title='bbox 1451 4486 1674 4565; x_wconf 89' lang='lat' dir='ltr'>quibus</span> <span class='ocrx_word' id='word_1_279' title='bbox 1695 4484 1894 4546; x_wconf 85' lang='lat' dir='ltr'>videri</span> <span class='ocrx_word' id='word_1_280' title='bbox 1917 4502 2028 4563; x_wconf 91' lang='lat' dir='ltr'>po-</span> 
     </span>
     <span class='ocr_line' id='line_1_43' title="bbox 462 4578 2025 4660; baseline -0.004 -17"><span class='ocrx_word' id='word_1_281' title='bbox 462 4588 579 4644; x_wconf 89' lang='lat' dir='ltr'>test</span> <span class='ocrx_word' id='word_1_282' title='bbox 599 4582 732 4643; x_wconf 89' lang='lat' dir='ltr'>fuse</span> <span class='ocrx_word' id='word_1_283' title='bbox 754 4587 817 4642; x_wconf 91' lang='lat' dir='ltr'>et</span> <span class='ocrx_word' id='word_1_284' title='bbox 834 4581 1065 4660; x_wconf 89' lang='lat' dir='ltr'>optime</span> <span class='ocrx_word' id='word_1_285' title='bbox 1080 4580 1434 4641; x_wconf 88' lang='lat' dir='ltr'>Bellarmin.</span> <span class='ocrx_word' id='word_1_286' title='bbox 1444 4578 1585 4654; x_wconf 89' lang='lat' dir='ltr'>,lih.</span> <span class='ocrx_word' id='word_1_287' title='bbox 1611 4582 1636 4639; x_wconf 90' lang='grc'>1</span> <span class='ocrx_word' id='word_1_288' title='bbox 1669 4578 1744 4639; x_wconf 90' lang='lat' dir='ltr'>de</span> <span class='ocrx_word' id='word_1_289' title='bbox 1768 4578 2025 4638; x_wconf 90' lang='lat' dir='ltr'>Summo</span> 
     </span>
     <span class='ocr_line' id='line_1_44' title="bbox 464 4671 2019 4755; baseline -0.003 -17"><span class='ocrx_word' id='word_1_290' title='bbox 464 4676 780 4752; x_wconf 86' lang='lat' dir='ltr'>Pontifice,</span> <span class='ocrx_word' id='word_1_291' title='bbox 834 4694 873 4736; x_wconf 92' lang='lat' dir='ltr'>a</span> <span class='ocrx_word' id='word_1_292' title='bbox 922 4674 1231 4755; x_wconf 89' lang='lat' dir='ltr'>principio</span> <span class='ocrx_word' id='word_1_293' title='bbox 1282 4691 1391 4752; x_wconf 88' lang='lat' dir='ltr'>per</span> <span class='ocrx_word' id='word_1_294' title='bbox 1439 4671 1741 4733; x_wconf 89' lang='lat' dir='ltr'>nonnulla</span> <span class='ocrx_word' id='word_1_295' title='bbox 1799 4672 2019 4750; x_wconf 90' lang='lat' dir='ltr'>capita.</span> 
     </span>
     <span class='ocr_line' id='line_1_45' title="bbox 462 4767 2026 4847; baseline -0.005 -15"><span class='ocrx_word' id='word_1_296' title='bbox 462 4771 695 4832; x_wconf 92' lang='lat' dir='ltr'>Stando</span> <span class='ocrx_word' id='word_1_297' title='bbox 742 4787 890 4847; x_wconf 89' lang='lat' dir='ltr'>ergo</span> <span class='ocrx_word' id='word_1_298' title='bbox 930 4769 1000 4829; x_wconf 91' lang='lat' dir='ltr'>in</span> <span class='ocrx_word' id='word_1_299' title='bbox 1042 4769 1184 4847; x_wconf 85' lang='lat' dir='ltr'>jure</span> <span class='ocrx_word' id='word_1_300' title='bbox 1224 4767 1494 4827; x_wconf 88' lang='lat' dir='ltr'>naturali</span> <span class='ocrx_word' id='word_1_301' title='bbox 1544 4784 1670 4827; x_wconf 92' lang='lat' dir='ltr'>non</span> <span class='ocrx_word' id='word_1_302' title='bbox 1716 4770 2026 4842; x_wconf 89' lang='lat' dir='ltr'>coguntur</span> 
     </span>
     <span class='ocr_line' id='line_1_46' title="bbox 459 4859 2023 4942; baseline -0.005 -17"><span class='ocrx_word' id='word_1_303' title='bbox 459 4865 741 4925; x_wconf 91' lang='lat' dir='ltr'>homines</span> <span class='ocrx_word' id='word_1_304' title='bbox 768 4863 994 4942; x_wconf 85' lang='lat' dir='ltr'>eligere</span> <span class='ocrx_word' id='word_1_305' title='bbox 1023 4862 1427 4923; x_wconf 87' lang='lat' dir='ltr'>determinate</span> <span class='ocrx_word' id='word_1_306' title='bbox 1452 4878 1649 4921; x_wconf 90' lang='lat' dir='ltr'>unum</span> <span class='ocrx_word' id='word_1_307' title='bbox 1674 4878 1752 4920; x_wconf 90' lang='lat' dir='ltr'>ex</span> <span class='ocrx_word' id='word_1_308' title='bbox 1766 4859 1863 4919; x_wconf 90' lang='lat' dir='ltr'>his</span> <span class='ocrx_word' id='word_1_309' title='bbox 1892 4876 2023 4918; x_wconf 87' lang='lat' dir='ltr'>mo-</span> 
     </span>
     <span class='ocr_line' id='line_1_47' title="bbox 460 4953 2022 5035; baseline -0.005 -17"><span class='ocrx_word' id='word_1_310' title='bbox 460 4957 553 5018; x_wconf 86' lang='lat' dir='ltr'>dis</span> <span class='ocrx_word' id='word_1_311' title='bbox 593 4955 1099 5035; x_wconf 84' lang='lat' dir='ltr'>gubernationis:</span> <span class='ocrx_word' id='word_1_312' title='bbox 1131 4954 1278 5034; x_wconf 88' lang='lat' dir='ltr'>quia</span> <span class='ocrx_word' id='word_1_313' title='bbox 1303 4954 1452 5014; x_wconf 91' lang='lat' dir='ltr'>licet</span> <span class='ocrx_word' id='word_1_314' title='bbox 1468 4953 1631 5013; x_wconf 91' lang='lat' dir='ltr'>inter</span> <span class='ocrx_word' id='word_1_315' title='bbox 1653 4970 1757 5012; x_wconf 91' lang='lat' dir='ltr'>eos</span> <span class='ocrx_word' id='word_1_316' title='bbox 1776 4969 2022 5011; x_wconf 89' lang='lat' dir='ltr'>monar-</span> 
     </span>
     <span class='ocr_line' id='line_1_48' title="bbox 459 5045 2024 5125; baseline -0.005 -14"><span class='ocrx_word' id='word_1_317' title='bbox 459 5051 599 5111; x_wconf 90' lang='lat' dir='ltr'>chia</span> <span class='ocrx_word' id='word_1_318' title='bbox 625 5050 704 5109; x_wconf 89' lang='lat' dir='ltr'>sit</span> <span class='ocrx_word' id='word_1_319' title='bbox 734 5049 975 5125; x_wconf 89' lang='lat' dir='ltr'>melior,</span> <span class='ocrx_word' id='word_1_320' title='bbox 1001 5053 1072 5107; x_wconf 93' lang='lat' dir='ltr'>ut</span> <span class='ocrx_word' id='word_1_321' title='bbox 1101 5047 1457 5108; x_wconf 90' lang='lat' dir='ltr'>Aristoteles</span> <span class='ocrx_word' id='word_1_322' title='bbox 1483 5045 1606 5107; x_wconf 90' lang='lat' dir='ltr'>late</span> <span class='ocrx_word' id='word_1_323' title='bbox 1632 5045 1918 5118; x_wconf 86' lang='lat' dir='ltr'>ostendit,</span> <span class='ocrx_word' id='word_1_324' title='bbox 1959 5048 2024 5104; x_wconf 92' lang='lat' dir='ltr'>et</span> 
     </span>
     <span class='ocr_line' id='line_1_49' title="bbox 461 5136 2026 5222; baseline -0.005 -18"><span class='ocrx_word' id='word_1_325' title='bbox 461 5143 669 5220; x_wconf 86' lang='lat' dir='ltr'>colligi</span> <span class='ocrx_word' id='word_1_326' title='bbox 706 5147 908 5222; x_wconf 88' lang='lat' dir='ltr'>potest</span> <span class='ocrx_word' id='word_1_327' title='bbox 950 5159 1025 5202; x_wconf 86' lang='lat' dir='ltr'>ex</span> <span class='ocrx_word' id='word_1_328' title='bbox 1061 5140 1507 5219; x_wconf 79' lang='lat' dir='ltr'>gubernatione</span> <span class='ocrx_word' id='word_1_329' title='bbox 1540 5143 1602 5200; x_wconf 90' lang='lat' dir='ltr'>et</span> <span class='ocrx_word' id='word_1_330' title='bbox 1635 5136 2026 5218; x_wconf 84' lang='lat' dir='ltr'>providentia</span> 
     </span>
     <span class='ocr_line' id='line_1_50' title="bbox 459 5230 2020 5313; baseline -0.006 -16"><span class='ocrx_word' id='word_1_331' title='bbox 459 5236 652 5297; x_wconf 89' lang='lat' dir='ltr'>totius</span> <span class='ocrx_word' id='word_1_332' title='bbox 697 5234 992 5311; x_wconf 87' lang='lat' dir='ltr'>universi,</span> <span class='ocrx_word' id='word_1_333' title='bbox 1037 5251 1225 5313; x_wconf 88' lang='lat' dir='ltr'>quam</span> <span class='ocrx_word' id='word_1_334' title='bbox 1254 5237 1495 5312; x_wconf 87' lang='lat' dir='ltr'>oportet</span> <span class='ocrx_word' id='word_1_335' title='bbox 1532 5249 1662 5292; x_wconf 86' lang='lat' dir='ltr'>esse</span> <span class='ocrx_word' id='word_1_336' title='bbox 1691 5230 2020 5310; x_wconf 88' lang='lat' dir='ltr'>optimam,</span> 
     </span>
     <span class='ocr_line' id='line_1_51' title="bbox 460 5321 2026 5402; baseline -0.005 -13"><span class='ocrx_word' id='word_1_337' title='bbox 460 5336 523 5391; x_wconf 88' lang='lat' dir='ltr'>et</span> <span class='ocrx_word' id='word_1_338' title='bbox 568 5327 714 5388; x_wconf 90' lang='lat' dir='ltr'>inde</span> <span class='ocrx_word' id='word_1_339' title='bbox 769 5327 1065 5387; x_wconf 89' lang='lat' dir='ltr'>conclusit</span> <span class='ocrx_word' id='word_1_340' title='bbox 1111 5325 1465 5387; x_wconf 89' lang='lat' dir='ltr'>Aristoteles</span> <span class='ocrx_word' id='word_1_341' title='bbox 1515 5326 1592 5384; x_wconf 71' lang='lat'>12</span> <span class='ocrx_word' id='word_1_342' title='bbox 1638 5322 1906 5402; x_wconf 90' lang='lat' dir='ltr'>Metaph.</span> <span class='ocrx_word' id='word_1_343' title='bbox 1957 5321 2026 5382; x_wconf 92' lang='lat' dir='ltr'>in</span> 
     </span>
     <span class='ocr_line' id='line_1_52' title="bbox 459 5417 2025 5499; baseline -0.004 -16"><span class='ocrx_word' id='word_1_344' title='bbox 459 5424 606 5499; x_wconf 91' lang='lat' dir='ltr'>fine,</span> <span class='ocrx_word' id='word_1_345' title='bbox 624 5439 751 5484; x_wconf 89' lang='lat' dir='ltr'>esse</span> <span class='ocrx_word' id='word_1_346' title='bbox 771 5420 1215 5495; x_wconf 88' lang='lat' dir='ltr'>monarchiam,</span> <span class='ocrx_word' id='word_1_347' title='bbox 1231 5420 1463 5480; x_wconf 88' lang='lat' dir='ltr'>dicens:</span> <span class='ocrx_word' id='word_1_348' title='bbox 1492 5419 1662 5481; x_wconf 71' lang='lat' dir='ltr'>Unus</span> <span class='ocrx_word' id='word_1_349' title='bbox 1677 5434 1813 5497; x_wconf 67' lang='lat' dir='ltr'>erqo</span> <span class='ocrx_word' id='word_1_350' title='bbox 1835 5417 2025 5478; x_wconf 78' lang='lat' dir='ltr'>Prin-</span> 
     </span>
     <span class='ocr_line' id='line_1_53' title="bbox 460 5509 2027 5594; baseline -0.006 -16"><span class='ocrx_word' id='word_1_351' title='bbox 460 5531 612 5594; x_wconf 77' lang='lat' dir='ltr'>ceps.</span> <span class='ocrx_word' id='word_1_352' title='bbox 650 5514 940 5592; x_wconf 85' lang='lat' dir='ltr'>Idemque</span> <span class='ocrx_word' id='word_1_353' title='bbox 969 5513 1237 5573; x_wconf 87' lang='lat' dir='ltr'>ostendit</span> <span class='ocrx_word' id='word_1_354' title='bbox 1260 5510 1615 5590; x_wconf 87' lang='lat' dir='ltr'>exemplum</span> <span class='ocrx_word' id='word_1_355' title='bbox 1645 5509 1867 5570; x_wconf 87' lang='lat' dir='ltr'>Christi</span> <span class='ocrx_word' id='word_1_356' title='bbox 1907 5510 2027 5570; x_wconf 88' lang='lat' dir='ltr'>Do-</span> 
     </span>
    </p>
   </div>
   <div class='ocr_carea' id='block_1_6' title="bbox 1454 384 2642 444">
    <p class='ocr_par' dir='ltr' id='par_1_6' title="bbox 1454 384 2642 444">
     <span class='ocr_line' id='line_1_54' title="bbox 1454 384 2642 444; baseline 0.004 -8"><span class='ocrx_word' id='word_1_357' title='bbox 1454 384 1572 442; x_wconf 87' lang='lat' dir='ltr'>LIB.</span> <span class='ocrx_word' id='word_1_358' title='bbox 1607 386 1692 438; x_wconf 90' lang='lat'>111.</span> <span class='ocrx_word' id='word_1_359' title='bbox 1726 386 1809 438; x_wconf 84' lang='lat' dir='ltr'>DE</span> <span class='ocrx_word' id='word_1_360' title='bbox 1841 387 2001 441; x_wconf 81' lang='lat' dir='ltr'>LEGE</span> <span class='ocrx_word' id='word_1_361' title='bbox 2034 388 2294 443; x_wconf 74' lang='lat' dir='ltr'>HUMANA</span> <span class='ocrx_word' id='word_1_362' title='bbox 2325 392 2405 443; x_wconf 87' lang='grc' dir='ltr'>ΕΤ</span> <span class='ocrx_word' id='word_1_363' title='bbox 2438 390 2642 444; x_wconf 77' lang='lat' dir='ltr'>clvlu.</span> 
     </span>
    </p>
   </div>
   <div class='ocr_carea' id='block_1_7' title="bbox 2084 488 3724 5586">
    <p class='ocr_par' dir='ltr' id='par_1_7' title="bbox 2084 488 3724 3543">
     <span class='ocr_line' id='line_1_55' title="bbox 2084 488 3649 568; baseline 0.001 -17"><span class='ocrx_word' id='word_1_364' title='bbox 2084 489 2241 551; x_wconf 91' lang='lat' dir='ltr'>mini</span> <span class='ocrx_word' id='word_1_365' title='bbox 2276 491 2344 551; x_wconf 93' lang='lat' dir='ltr'>in</span> <span class='ocrx_word' id='word_1_366' title='bbox 2375 489 2763 552; x_wconf 89' lang='lat' dir='ltr'>institutione</span> <span class='ocrx_word' id='word_1_367' title='bbox 2799 495 2862 552; x_wconf 91' lang='lat' dir='ltr'>et</span> <span class='ocrx_word' id='word_1_368' title='bbox 2900 488 3351 568; x_wconf 81' lang='lat' dir='ltr'>gubernatione</span> <span class='ocrx_word' id='word_1_369' title='bbox 3385 508 3511 552; x_wconf 76' lang='lat' dir='ltr'>suae</span> <span class='ocrx_word' id='word_1_370' title='bbox 3537 491 3649 552; x_wconf 91' lang='lat' dir='ltr'>Ec-</span> 
     </span>
     <span class='ocr_line' id='line_1_56' title="bbox 2086 583 3651 665; baseline 0.001 -22"><span class='ocrx_word' id='word_1_371' title='bbox 2086 583 2310 645; x_wconf 81' lang='lat' dir='ltr'>clesiae:</span> <span class='ocrx_word' id='word_1_372' title='bbox 2345 603 2417 645; x_wconf 91' lang='lat' dir='ltr'>ac</span> <span class='ocrx_word' id='word_1_373' title='bbox 2443 584 2708 663; x_wconf 90' lang='lat' dir='ltr'>denique</span> <span class='ocrx_word' id='word_1_374' title='bbox 2732 583 2798 643; x_wconf 91' lang='lat' dir='ltr'>id</span> <span class='ocrx_word' id='word_1_375' title='bbox 2822 583 3011 644; x_wconf 88' lang='lat' dir='ltr'>etiam</span> <span class='ocrx_word' id='word_1_376' title='bbox 3036 585 3251 645; x_wconf 88' lang='lat' dir='ltr'>suadet</span> <span class='ocrx_word' id='word_1_377' title='bbox 3267 585 3651 665; x_wconf 80' lang='lat' dir='ltr'>frequentior</span> 
     </span>
     <span class='ocr_line' id='line_1_57' title="bbox 2086 676 3649 759; baseline 0 -23"><span class='ocrx_word' id='word_1_378' title='bbox 2086 695 2232 737; x_wconf 91' lang='lat' dir='ltr'>usus</span> <span class='ocrx_word' id='word_1_379' title='bbox 2278 677 2556 737; x_wconf 91' lang='lat' dir='ltr'>omnium</span> <span class='ocrx_word' id='word_1_380' title='bbox 2600 677 2968 736; x_wconf 87' lang='lat' dir='ltr'>nationum:</span> <span class='ocrx_word' id='word_1_381' title='bbox 3005 676 3148 737; x_wconf 90' lang='lat' dir='ltr'>licet</span> <span class='ocrx_word' id='word_1_382' title='bbox 3187 678 3306 738; x_wconf 91' lang='lat' dir='ltr'>hoc</span> <span class='ocrx_word' id='word_1_383' title='bbox 3348 678 3649 759; x_wconf 87' lang='lat' dir='ltr'>(inquam)</span> 
     </span>
     <span class='ocr_line' id='line_1_58' title="bbox 2089 768 3655 847; baseline -0.001 -17"><span class='ocrx_word' id='word_1_384' title='bbox 2089 770 2177 830; x_wconf 87' lang='lat' dir='ltr'>ita</span> <span class='ocrx_word' id='word_1_385' title='bbox 2203 771 2302 845; x_wconf 88' lang='lat' dir='ltr'>sit,</span> <span class='ocrx_word' id='word_1_386' title='bbox 2338 770 2743 830; x_wconf 89' lang='lat' dir='ltr'>nihilominus</span> <span class='ocrx_word' id='word_1_387' title='bbox 2770 768 2875 828; x_wconf 89' lang='lat' dir='ltr'>alii</span> <span class='ocrx_word' id='word_1_388' title='bbox 2905 769 3075 829; x_wconf 92' lang='lat' dir='ltr'>modi</span> <span class='ocrx_word' id='word_1_389' title='bbox 3103 771 3488 847; x_wconf 88' lang='lat' dir='ltr'>gubernandi</span> <span class='ocrx_word' id='word_1_390' title='bbox 3524 788 3655 831; x_wconf 93' lang='lat' dir='ltr'>non</span> 
     </span>
     <span class='ocr_line' id='line_1_59' title="bbox 2090 860 3653 940; baseline 0.002 -19"><span class='ocrx_word' id='word_1_391' title='bbox 2090 868 2235 922; x_wconf 91' lang='lat' dir='ltr'>sunt</span> <span class='ocrx_word' id='word_1_392' title='bbox 2278 861 2450 938; x_wconf 91' lang='lat' dir='ltr'>mali,</span> <span class='ocrx_word' id='word_1_393' title='bbox 2495 860 2603 922; x_wconf 91' lang='lat' dir='ltr'>sed</span> <span class='ocrx_word' id='word_1_394' title='bbox 2653 866 2907 940; x_wconf 89' lang='lat' dir='ltr'>possunt</span> <span class='ocrx_word' id='word_1_395' title='bbox 2956 880 3085 923; x_wconf 90' lang='lat' dir='ltr'>esse</span> <span class='ocrx_word' id='word_1_396' title='bbox 3130 862 3280 922; x_wconf 79' lang='lat' dir='ltr'>boni</span> <span class='ocrx_word' id='word_1_397' title='bbox 3335 870 3398 924; x_wconf 86' lang='lat' dir='ltr'>et</span> <span class='ocrx_word' id='word_1_398' title='bbox 3444 863 3653 938; x_wconf 83' lang='lat' dir='ltr'>utiles,</span> 
     </span>
     <span class='ocr_line' id='line_1_60' title="bbox 2090 953 3652 1034; baseline 0.001 -19"><span class='ocrx_word' id='word_1_399' title='bbox 2090 954 2352 1034; x_wconf 90' lang='lat' dir='ltr'>ideoque</span> <span class='ocrx_word' id='word_1_400' title='bbox 2398 973 2475 1015; x_wconf 85' lang='lat' dir='ltr'>ex</span> <span class='ocrx_word' id='word_1_401' title='bbox 2518 973 2674 1033; x_wconf 87' lang='lat' dir='ltr'>pura</span> <span class='ocrx_word' id='word_1_402' title='bbox 2702 953 2839 1031; x_wconf 86' lang='lat' dir='ltr'>lege</span> <span class='ocrx_word' id='word_1_403' title='bbox 2887 960 3127 1015; x_wconf 84' lang='lat' dir='ltr'>naturoe</span> <span class='ocrx_word' id='word_1_404' title='bbox 3173 974 3302 1016; x_wconf 90' lang='lat' dir='ltr'>non</span> <span class='ocrx_word' id='word_1_405' title='bbox 3342 960 3652 1033; x_wconf 87' lang='lat' dir='ltr'>coguntur</span> 
     </span>
     <span class='ocr_line' id='line_1_61' title="bbox 2089 1046 3655 1125; baseline 0.002 -19"><span class='ocrx_word' id='word_1_406' title='bbox 2089 1046 2374 1109; x_wconf 91' lang='lat' dir='ltr'>homines</span> <span class='ocrx_word' id='word_1_407' title='bbox 2403 1047 2630 1108; x_wconf 86' lang='lat' dir='ltr'>habere</span> <span class='ocrx_word' id='word_1_408' title='bbox 2669 1046 2830 1107; x_wconf 91' lang='lat' dir='ltr'>hanc</span> <span class='ocrx_word' id='word_1_409' title='bbox 2871 1052 3238 1125; x_wconf 87' lang='lat' dir='ltr'>potestatem</span> <span class='ocrx_word' id='word_1_410' title='bbox 3275 1048 3341 1107; x_wconf 91' lang='lat' dir='ltr'>in</span> <span class='ocrx_word' id='word_1_411' title='bbox 3372 1067 3522 1124; x_wconf 91' lang='lat' dir='ltr'>un0,</span> <span class='ocrx_word' id='word_1_412' title='bbox 3552 1048 3655 1109; x_wconf 88' lang='lat' dir='ltr'>vel</span> 
     </span>
     <span class='ocr_line' id='line_1_62' title="bbox 2093 1134 3724 1220; baseline 0.001 -20"><span class='ocrx_word' id='word_1_413' title='bbox 2093 1141 2160 1201; x_wconf 92' lang='lat' dir='ltr'>in</span> <span class='ocrx_word' id='word_1_414' title='bbox 2188 1140 2489 1220; x_wconf 89' lang='lat' dir='ltr'>pluribus,</span> <span class='ocrx_word' id='word_1_415' title='bbox 2531 1140 2630 1200; x_wconf 86' lang='lat' dir='ltr'>vel</span> <span class='ocrx_word' id='word_1_416' title='bbox 2657 1138 2724 1199; x_wconf 91' lang='lat' dir='ltr'>in</span> <span class='ocrx_word' id='word_1_417' title='bbox 2753 1138 3109 1201; x_wconf 91' lang='lat' dir='ltr'>collectione</span> <span class='ocrx_word' id='word_1_418' title='bbox 3137 1142 3463 1218; x_wconf 84' lang='lat' dir='ltr'>omnium3</span> <span class='ocrx_word' id='word_1_419' title='bbox 3508 1159 3657 1218; x_wconf 86' lang='lat' dir='ltr'>ergo</span> <span class='ocrx_word' id='word_1_420' title='bbox 3717 1134 3724 1137; x_wconf 68' lang='grc'>’</span> 
     </span>
     <span class='ocr_line' id='line_1_63' title="bbox 2093 1234 3657 1297; baseline 0 -1"><span class='ocrx_word' id='word_1_421' title='bbox 2093 1236 2225 1296; x_wconf 85' lang='lat' dir='ltr'>haec</span> <span class='ocrx_word' id='word_1_422' title='bbox 2246 1234 2678 1296; x_wconf 89' lang='lat' dir='ltr'>determinatio</span> <span class='ocrx_word' id='word_1_423' title='bbox 2694 1235 3034 1294; x_wconf 88' lang='lat' dir='ltr'>necessario</span> <span class='ocrx_word' id='word_1_424' title='bbox 3048 1235 3183 1295; x_wconf 86' lang='lat' dir='ltr'>fieri</span> <span class='ocrx_word' id='word_1_425' title='bbox 3197 1235 3380 1295; x_wconf 89' lang='lat' dir='ltr'>debet</span> <span class='ocrx_word' id='word_1_426' title='bbox 3402 1236 3657 1297; x_wconf 91' lang='lat' dir='ltr'>arbitrio</span> 
     </span>
     <span class='ocr_line' id='line_1_64' title="bbox 2093 1327 3659 1407; baseline 0.001 -20"><span class='ocrx_word' id='word_1_427' title='bbox 2093 1327 2399 1388; x_wconf 85' lang='lat' dir='ltr'>humano:</span> <span class='ocrx_word' id='word_1_428' title='bbox 2433 1332 2496 1389; x_wconf 91' lang='lat' dir='ltr'>et</span> <span class='ocrx_word' id='word_1_429' title='bbox 2512 1327 2601 1387; x_wconf 91' lang='lat' dir='ltr'>ita</span> <span class='ocrx_word' id='word_1_430' title='bbox 2627 1328 2817 1388; x_wconf 89' lang='lat' dir='ltr'>etiam</span> <span class='ocrx_word' id='word_1_431' title='bbox 2846 1333 3084 1387; x_wconf 90' lang='lat' dir='ltr'>constat</span> <span class='ocrx_word' id='word_1_432' title='bbox 3112 1328 3497 1407; x_wconf 87' lang='lat' dir='ltr'>experientia</span> <span class='ocrx_word' id='word_1_433' title='bbox 3527 1346 3659 1389; x_wconf 90' lang='lat' dir='ltr'>ma-</span> 
     </span>
     <span class='ocr_line' id='line_1_65' title="bbox 2099 1418 3660 1499; baseline -0.001 -18"><span class='ocrx_word' id='word_1_434' title='bbox 2099 1438 2288 1499; x_wconf 89' lang='lat' dir='ltr'>gnam</span> <span class='ocrx_word' id='word_1_435' title='bbox 2320 1438 2449 1481; x_wconf 90' lang='lat' dir='ltr'>esse</span> <span class='ocrx_word' id='word_1_436' title='bbox 2470 1420 2538 1480; x_wconf 90' lang='lat' dir='ltr'>in</span> <span class='ocrx_word' id='word_1_437' title='bbox 2564 1418 2682 1479; x_wconf 91' lang='lat' dir='ltr'>hoc</span> <span class='ocrx_word' id='word_1_438' title='bbox 2709 1419 3110 1480; x_wconf 86' lang='lat' dir='ltr'>varietatem:</span> <span class='ocrx_word' id='word_1_439' title='bbox 3141 1438 3290 1480; x_wconf 92' lang='lat' dir='ltr'>nam</span> <span class='ocrx_word' id='word_1_440' title='bbox 3322 1418 3548 1480; x_wconf 77' lang='lat' dir='ltr'>alicubi</span> <span class='ocrx_word' id='word_1_441' title='bbox 3570 1425 3660 1480; x_wconf 86' lang='lat' dir='ltr'>est</span> 
     </span>
     <span class='ocr_line' id='line_1_66' title="bbox 2100 1512 3661 1592; baseline -0.001 -19"><span class='ocrx_word' id='word_1_442' title='bbox 2100 1513 2480 1589; x_wconf 89' lang='lat' dir='ltr'>monarchia,</span> <span class='ocrx_word' id='word_1_443' title='bbox 2505 1518 2567 1573; x_wconf 90' lang='lat' dir='ltr'>et</span> <span class='ocrx_word' id='word_1_444' title='bbox 2591 1531 2732 1573; x_wconf 91' lang='lat' dir='ltr'>raro</span> <span class='ocrx_word' id='word_1_445' title='bbox 2758 1518 2849 1573; x_wconf 89' lang='lat' dir='ltr'>est</span> <span class='ocrx_word' id='word_1_446' title='bbox 2874 1512 3158 1592; x_wconf 85' lang='lat' dir='ltr'>simplex,</span> <span class='ocrx_word' id='word_1_447' title='bbox 3179 1513 3327 1591; x_wconf 89' lang='lat' dir='ltr'>quia</span> <span class='ocrx_word' id='word_1_448' title='bbox 3349 1513 3661 1591; x_wconf 89' lang='lat' dir='ltr'>supposita</span> 
     </span>
     <span class='ocr_line' id='line_1_67' title="bbox 2099 1605 3656 1686; baseline -0.002 -18"><span class='ocrx_word' id='word_1_449' title='bbox 2099 1607 2456 1686; x_wconf 82' lang='lat' dir='ltr'>fragilitate,</span> <span class='ocrx_word' id='word_1_450' title='bbox 2513 1607 2867 1686; x_wconf 86' lang='lat' dir='ltr'>ignorantia</span> <span class='ocrx_word' id='word_1_451' title='bbox 2911 1613 2974 1667; x_wconf 90' lang='lat' dir='ltr'>et</span> <span class='ocrx_word' id='word_1_452' title='bbox 3017 1605 3257 1668; x_wconf 90' lang='lat' dir='ltr'>malitia</span> <span class='ocrx_word' id='word_1_453' title='bbox 3303 1606 3656 1681; x_wconf 89' lang='lat' dir='ltr'>hominum,</span> 
     </span>
     <span class='ocr_line' id='line_1_68' title="bbox 2100 1698 3661 1779; baseline -0.001 -19"><span class='ocrx_word' id='word_1_454' title='bbox 2100 1700 2468 1779; x_wconf 88' lang='lat' dir='ltr'>regulariter</span> <span class='ocrx_word' id='word_1_455' title='bbox 2494 1698 2742 1779; x_wconf 84' lang='lat' dir='ltr'>expedit</span> <span class='ocrx_word' id='word_1_456' title='bbox 2774 1699 3008 1779; x_wconf 89' lang='lat' dir='ltr'>aliquid</span> <span class='ocrx_word' id='word_1_457' title='bbox 3031 1699 3366 1760; x_wconf 86' lang='lat' dir='ltr'>admiscere</span> <span class='ocrx_word' id='word_1_458' title='bbox 3393 1716 3469 1760; x_wconf 88' lang='lat' dir='ltr'>ex</span> <span class='ocrx_word' id='word_1_459' title='bbox 3496 1716 3661 1759; x_wconf 89' lang='lat' dir='ltr'>com-</span> 
     </span>
     <span class='ocr_line' id='line_1_69' title="bbox 2100 1792 3661 1872; baseline 0.001 -20"><span class='ocrx_word' id='word_1_460' title='bbox 2100 1793 2276 1853; x_wconf 89' lang='lat' dir='ltr'>muni</span> <span class='ocrx_word' id='word_1_461' title='bbox 2312 1793 2784 1872; x_wconf 88' lang='lat' dir='ltr'>gubernatione,</span> <span class='ocrx_word' id='word_1_462' title='bbox 2830 1811 2966 1872; x_wconf 84' lang='lat' dir='ltr'>quae</span> <span class='ocrx_word' id='word_1_463' title='bbox 3007 1811 3120 1871; x_wconf 91' lang='lat' dir='ltr'>per</span> <span class='ocrx_word' id='word_1_464' title='bbox 3156 1792 3358 1871; x_wconf 88' lang='lat' dir='ltr'>plures</span> <span class='ocrx_word' id='word_1_465' title='bbox 3398 1792 3491 1868; x_wconf 86' lang='lat' dir='ltr'>fit,</span> <span class='ocrx_word' id='word_1_466' title='bbox 3523 1811 3661 1871; x_wconf 81' lang='lat' dir='ltr'>quae</span> 
     </span>
     <span class='ocr_line' id='line_1_70' title="bbox 2100 1884 3662 1965; baseline 0 -20"><span class='ocrx_word' id='word_1_467' title='bbox 2100 1886 2287 1946; x_wconf 85' lang='lat' dir='ltr'>etiam</span> <span class='ocrx_word' id='word_1_468' title='bbox 2317 1891 2409 1946; x_wconf 90' lang='lat' dir='ltr'>est</span> <span class='ocrx_word' id='word_1_469' title='bbox 2426 1887 2626 1963; x_wconf 90' lang='lat' dir='ltr'>major</span> <span class='ocrx_word' id='word_1_470' title='bbox 2641 1885 2740 1947; x_wconf 87' lang='lat' dir='ltr'>vel</span> <span class='ocrx_word' id='word_1_471' title='bbox 2764 1885 2969 1945; x_wconf 90' lang='lat' dir='ltr'>minor</span> <span class='ocrx_word' id='word_1_472' title='bbox 2986 1886 3165 1965; x_wconf 84' lang='lat' dir='ltr'>juxta</span> <span class='ocrx_word' id='word_1_473' title='bbox 3185 1884 3388 1945; x_wconf 85' lang='lat' dir='ltr'>varias</span> <span class='ocrx_word' id='word_1_474' title='bbox 3410 1902 3662 1945; x_wconf 90' lang='lat' dir='ltr'>consue-</span> 
     </span>
     <span class='ocr_line' id='line_1_71' title="bbox 2098 1977 3664 2056; baseline -0.001 -18"><span class='ocrx_word' id='word_1_475' title='bbox 2098 1977 2345 2038; x_wconf 91' lang='lat' dir='ltr'>tudines</span> <span class='ocrx_word' id='word_1_476' title='bbox 2373 1983 2434 2037; x_wconf 92' lang='lat' dir='ltr'>et</span> <span class='ocrx_word' id='word_1_477' title='bbox 2457 1977 2694 2056; x_wconf 85' lang='lat' dir='ltr'>judicia</span> <span class='ocrx_word' id='word_1_478' title='bbox 2718 1977 3078 2039; x_wconf 88' lang='lat' dir='ltr'>hominum:</span> <span class='ocrx_word' id='word_1_479' title='bbox 3108 1978 3335 2055; x_wconf 89' lang='lat' dir='ltr'>pendet</span> <span class='ocrx_word' id='word_1_480' title='bbox 3361 1995 3510 2055; x_wconf 90' lang='lat' dir='ltr'>ergo</span> <span class='ocrx_word' id='word_1_481' title='bbox 3533 1982 3664 2037; x_wconf 85' lang='lat' dir='ltr'>tota</span> 
     </span>
     <span class='ocr_line' id='line_1_72' title="bbox 2100 2071 3663 2133; baseline 0 -1"><span class='ocrx_word' id='word_1_482' title='bbox 2100 2071 2233 2132; x_wconf 87' lang='lat' dir='ltr'>haec</span> <span class='ocrx_word' id='word_1_483' title='bbox 2254 2091 2352 2133; x_wconf 93' lang='lat' dir='ltr'>res</span> <span class='ocrx_word' id='word_1_484' title='bbox 2376 2091 2454 2132; x_wconf 83' lang='lat' dir='ltr'>ex</span> <span class='ocrx_word' id='word_1_485' title='bbox 2480 2071 2760 2132; x_wconf 90' lang='lat' dir='ltr'>humano</span> <span class='ocrx_word' id='word_1_486' title='bbox 2788 2072 3045 2132; x_wconf 90' lang='lat' dir='ltr'>consilio</span> <span class='ocrx_word' id='word_1_487' title='bbox 3077 2077 3138 2133; x_wconf 91' lang='lat' dir='ltr'>et</span> <span class='ocrx_word' id='word_1_488' title='bbox 3165 2071 3443 2133; x_wconf 90' lang='lat' dir='ltr'>arbitrio.</span> <span class='ocrx_word' id='word_1_489' title='bbox 3476 2072 3663 2132; x_wconf 86' lang='lat' dir='ltr'>Intel-</span> 
     </span>
     <span class='ocr_line' id='line_1_73' title="bbox 2100 2163 3666 2243; baseline 0 -19"><span class='ocrx_word' id='word_1_490' title='bbox 2100 2163 2421 2242; x_wconf 87' lang='lat' dir='ltr'>ligendum</span> <span class='ocrx_word' id='word_1_491' title='bbox 2451 2165 2644 2242; x_wconf 90' lang='lat' dir='ltr'>igitur</span> <span class='ocrx_word' id='word_1_492' title='bbox 2685 2173 2775 2225; x_wconf 90' lang='lat' dir='ltr'>est</span> <span class='ocrx_word' id='word_1_493' title='bbox 2811 2164 3087 2243; x_wconf 86' lang='lat' dir='ltr'>singulos</span> <span class='ocrx_word' id='word_1_494' title='bbox 3123 2164 3406 2225; x_wconf 90' lang='lat' dir='ltr'>homines</span> <span class='ocrx_word' id='word_1_495' title='bbox 3438 2182 3516 2225; x_wconf 85' lang='lat' dir='ltr'>ex</span> <span class='ocrx_word' id='word_1_496' title='bbox 3554 2182 3666 2225; x_wconf 86' lang='lat' dir='ltr'>na-</span> 
     </span>
     <span class='ocr_line' id='line_1_74' title="bbox 2104 2256 3667 2336; baseline 0 -19"><span class='ocrx_word' id='word_1_497' title='bbox 2104 2262 2246 2317; x_wconf 89' lang='lat' dir='ltr'>tura</span> <span class='ocrx_word' id='word_1_498' title='bbox 2284 2260 2375 2318; x_wconf 90' lang='lat' dir='ltr'>rei</span> <span class='ocrx_word' id='word_1_499' title='bbox 2410 2256 2638 2317; x_wconf 85' lang='lat' dir='ltr'>habere</span> <span class='ocrx_word' id='word_1_500' title='bbox 2678 2256 3021 2336; x_wconf 87' lang='lat' dir='ltr'>partialiter</span> <span class='ocrx_word' id='word_1_501' title='bbox 3051 2258 3141 2333; x_wconf 90' lang='lat' dir='ltr'>(ut</span> <span class='ocrx_word' id='word_1_502' title='bbox 3168 2257 3254 2317; x_wconf 91' lang='lat' dir='ltr'>sic</span> <span class='ocrx_word' id='word_1_503' title='bbox 3282 2256 3505 2333; x_wconf 88' lang='lat' dir='ltr'>dicam)</span> <span class='ocrx_word' id='word_1_504' title='bbox 3542 2257 3667 2317; x_wconf 85' lang='lat' dir='ltr'>vir-</span> 
     </span>
     <span class='ocr_line' id='line_1_75' title="bbox 2105 2348 3667 2429; baseline -0.001 -19"><span class='ocrx_word' id='word_1_505' title='bbox 2105 2354 2303 2410; x_wconf 89' lang='lat' dir='ltr'>tutem</span> <span class='ocrx_word' id='word_1_506' title='bbox 2325 2350 2402 2408; x_wconf 91' lang='lat' dir='ltr'>ad</span> <span class='ocrx_word' id='word_1_507' title='bbox 2438 2349 2927 2429; x_wconf 88' lang='lat' dir='ltr'>componendam</span> <span class='ocrx_word' id='word_1_508' title='bbox 2961 2367 3068 2409; x_wconf 89' lang='lat' dir='ltr'>seu</span> <span class='ocrx_word' id='word_1_509' title='bbox 3092 2348 3479 2409; x_wconf 88' lang='lat' dir='ltr'>efficiendam</span> <span class='ocrx_word' id='word_1_510' title='bbox 3501 2366 3667 2409; x_wconf 88' lang='lat' dir='ltr'>com-</span> 
     </span>
     <span class='ocr_line' id='line_1_76' title="bbox 2108 2440 3668 2521; baseline -0.001 -19"><span class='ocrx_word' id='word_1_511' title='bbox 2108 2441 2481 2502; x_wconf 90' lang='lat' dir='ltr'>munitatem</span> <span class='ocrx_word' id='word_1_512' title='bbox 2523 2441 2891 2521; x_wconf 86' lang='lat' dir='ltr'>perfectam:</span> <span class='ocrx_word' id='word_1_513' title='bbox 2942 2459 3016 2502; x_wconf 93' lang='lat' dir='ltr'>eo</span> <span class='ocrx_word' id='word_1_514' title='bbox 3059 2445 3269 2501; x_wconf 90' lang='lat' dir='ltr'>autem</span> <span class='ocrx_word' id='word_1_515' title='bbox 3319 2442 3454 2520; x_wconf 91' lang='lat' dir='ltr'>ipso</span> <span class='ocrx_word' id='word_1_516' title='bbox 3502 2440 3668 2520; x_wconf 90' lang='lat' dir='ltr'>quod</span> 
     </span>
     <span class='ocr_line' id='line_1_77' title="bbox 2106 2533 3667 2615; baseline -0.002 -19"><span class='ocrx_word' id='word_1_517' title='bbox 2106 2535 2277 2596; x_wconf 90' lang='lat' dir='ltr'>illam</span> <span class='ocrx_word' id='word_1_518' title='bbox 2311 2541 2716 2615; x_wconf 91' lang='lat' dir='ltr'>componunt,</span> <span class='ocrx_word' id='word_1_519' title='bbox 2745 2535 3000 2595; x_wconf 90' lang='lat' dir='ltr'>resultat</span> <span class='ocrx_word' id='word_1_520' title='bbox 3031 2535 3098 2594; x_wconf 91' lang='lat' dir='ltr'>in</span> <span class='ocrx_word' id='word_1_521' title='bbox 3126 2539 3256 2595; x_wconf 90' lang='lat' dir='ltr'>tota</span> <span class='ocrx_word' id='word_1_522' title='bbox 3276 2533 3383 2594; x_wconf 90' lang='lat' dir='ltr'>illa</span> <span class='ocrx_word' id='word_1_523' title='bbox 3401 2534 3532 2594; x_wconf 78' lang='lat' dir='ltr'>haec</span> <span class='ocrx_word' id='word_1_524' title='bbox 3558 2552 3667 2614; x_wconf 89' lang='lat' dir='ltr'>po-</span> 
     </span>
     <span class='ocr_line' id='line_1_78' title="bbox 2107 2626 3666 2705; baseline -0.003 -16"><span class='ocrx_word' id='word_1_525' title='bbox 2107 2633 2292 2689; x_wconf 89' lang='lat' dir='ltr'>testas</span> <span class='ocrx_word' id='word_1_526' title='bbox 2327 2643 2343 2687; x_wconf 89' lang='lat'>:</span> <span class='ocrx_word' id='word_1_527' title='bbox 2396 2627 2805 2688; x_wconf 89' lang='lat' dir='ltr'>nihilominus</span> <span class='ocrx_word' id='word_1_528' title='bbox 2852 2634 3063 2687; x_wconf 85' lang='lat' dir='ltr'>tamen</span> <span class='ocrx_word' id='word_1_529' title='bbox 3104 2626 3209 2705; x_wconf 85' lang='lat' dir='ltr'>jus</span> <span class='ocrx_word' id='word_1_530' title='bbox 3252 2632 3491 2687; x_wconf 81' lang='lat' dir='ltr'>naturae</span> <span class='ocrx_word' id='word_1_531' title='bbox 3538 2643 3666 2686; x_wconf 93' lang='lat' dir='ltr'>non</span> 
     </span>
     <span class='ocr_line' id='line_1_79' title="bbox 2108 2719 3666 2800; baseline -0.001 -19"><span class='ocrx_word' id='word_1_532' title='bbox 2108 2720 2362 2798; x_wconf 88' lang='lat' dir='ltr'>obligat,</span> <span class='ocrx_word' id='word_1_533' title='bbox 2379 2726 2452 2780; x_wconf 92' lang='lat' dir='ltr'>ut</span> <span class='ocrx_word' id='word_1_534' title='bbox 2467 2720 2568 2781; x_wconf 86' lang='lat' dir='ltr'>vel</span> <span class='ocrx_word' id='word_1_535' title='bbox 2594 2739 2704 2799; x_wconf 89' lang='lat' dir='ltr'>per</span> <span class='ocrx_word' id='word_1_536' title='bbox 2725 2719 2924 2800; x_wconf 89' lang='lat' dir='ltr'>ipsam</span> <span class='ocrx_word' id='word_1_537' title='bbox 2944 2725 3140 2780; x_wconf 87' lang='lat' dir='ltr'>totam</span> <span class='ocrx_word' id='word_1_538' title='bbox 3160 2720 3666 2781; x_wconf 84' lang='lat' dir='ltr'>communitatem</span> 
     </span>
     <span class='ocr_line' id='line_1_80' title="bbox 2108 2813 3668 2892; baseline -0.002 -17"><span class='ocrx_word' id='word_1_539' title='bbox 2108 2813 2466 2875; x_wconf 88' lang='lat' dir='ltr'>immediate</span> <span class='ocrx_word' id='word_1_540' title='bbox 2494 2818 2873 2887; x_wconf 91' lang='lat' dir='ltr'>exerceatur,</span> <span class='ocrx_word' id='word_1_541' title='bbox 2898 2813 2998 2873; x_wconf 84' lang='lat' dir='ltr'>vel</span> <span class='ocrx_word' id='word_1_542' title='bbox 3026 2814 3094 2873; x_wconf 89' lang='lat' dir='ltr'>in</span> <span class='ocrx_word' id='word_1_543' title='bbox 3116 2814 3250 2891; x_wconf 89' lang='lat' dir='ltr'>ipsa</span> <span class='ocrx_word' id='word_1_544' title='bbox 3275 2831 3517 2892; x_wconf 88' lang='lat' dir='ltr'>semper</span> <span class='ocrx_word' id='word_1_545' title='bbox 3537 2830 3668 2872; x_wconf 90' lang='lat' dir='ltr'>ma·</span> 
     </span>
     <span class='ocr_line' id='line_1_81' title="bbox 2109 2904 3670 2984; baseline -0.003 -17"><span class='ocrx_word' id='word_1_546' title='bbox 2109 2911 2292 2967; x_wconf 87' lang='lat' dir='ltr'>neat:</span> <span class='ocrx_word' id='word_1_547' title='bbox 2330 2906 2458 2966; x_wconf 90' lang='lat' dir='ltr'>imo</span> <span class='ocrx_word' id='word_1_548' title='bbox 2503 2907 2650 2984; x_wconf 88' lang='lat' dir='ltr'>quia</span> <span class='ocrx_word' id='word_1_549' title='bbox 2688 2905 3005 2966; x_wconf 85' lang='lat' dir='ltr'>moraliter</span> <span class='ocrx_word' id='word_1_550' title='bbox 3036 2904 3474 2965; x_wconf 86' lang='lat' dir='ltr'>difficillimum</span> <span class='ocrx_word' id='word_1_551' title='bbox 3512 2910 3670 2965; x_wconf 89' lang='lat' dir='ltr'>esset</span> 
     </span>
     <span class='ocr_line' id='line_1_82' title="bbox 2111 2996 3668 3076; baseline -0.001 -18"><span class='ocrx_word' id='word_1_552' title='bbox 2111 2999 2198 3059; x_wconf 90' lang='lat' dir='ltr'>ita</span> <span class='ocrx_word' id='word_1_553' title='bbox 2228 2998 2366 3060; x_wconf 89' lang='lat' dir='ltr'>fieri</span> <span class='ocrx_word' id='word_1_554' title='bbox 2410 3001 2590 3076; x_wconf 90' lang='lat' dir='ltr'>(esset</span> <span class='ocrx_word' id='word_1_555' title='bbox 2619 2999 2787 3059; x_wconf 92' lang='lat' dir='ltr'>enim</span> <span class='ocrx_word' id='word_1_556' title='bbox 2831 2997 3080 3059; x_wconf 87' lang='lat' dir='ltr'>infinita</span> <span class='ocrx_word' id='word_1_557' title='bbox 3106 2996 3383 3058; x_wconf 87' lang='lat' dir='ltr'>confusio</span> <span class='ocrx_word' id='word_1_558' title='bbox 3429 3003 3492 3057; x_wconf 91' lang='lat' dir='ltr'>et</span> <span class='ocrx_word' id='word_1_559' title='bbox 3536 3015 3668 3057; x_wconf 93' lang='lat' dir='ltr'>mo-</span> 
     </span>
     <span class='ocr_line' id='line_1_83' title="bbox 2109 3090 3670 3171; baseline -0.001 -19"><span class='ocrx_word' id='word_1_560' title='bbox 2109 3092 2347 3167; x_wconf 87' lang='lat' dir='ltr'>rositas,</span> <span class='ocrx_word' id='word_1_561' title='bbox 2378 3092 2430 3152; x_wconf 92' lang='lat' dir='ltr'>si</span> <span class='ocrx_word' id='word_1_562' title='bbox 2449 3090 2759 3171; x_wconf 86' lang='lat' dir='ltr'>suffragiis</span> <span class='ocrx_word' id='word_1_563' title='bbox 2787 3091 3070 3152; x_wconf 89' lang='lat' dir='ltr'>omnium</span> <span class='ocrx_word' id='word_1_564' title='bbox 3097 3091 3265 3171; x_wconf 90' lang='lat' dir='ltr'>leges</span> <span class='ocrx_word' id='word_1_565' title='bbox 3293 3095 3498 3152; x_wconf 88' lang='lat' dir='ltr'>essent</span> <span class='ocrx_word' id='word_1_566' title='bbox 3526 3108 3670 3151; x_wconf 88' lang='lat' dir='ltr'>con-</span> 
     </span>
     <span class='ocr_line' id='line_1_84' title="bbox 2110 3184 3670 3264; baseline 0 -19"><span class='ocrx_word' id='word_1_567' title='bbox 2110 3185 2301 3261; x_wconf 83' lang='lat' dir='ltr'>ditae),</span> <span class='ocrx_word' id='word_1_568' title='bbox 2324 3184 2461 3244; x_wconf 92' lang='lat' dir='ltr'>ideo</span> <span class='ocrx_word' id='word_1_569' title='bbox 2500 3185 2709 3245; x_wconf 89' lang='lat' dir='ltr'>statim</span> <span class='ocrx_word' id='word_1_570' title='bbox 2745 3184 3191 3245; x_wconf 89' lang='lat' dir='ltr'>determinatur</span> <span class='ocrx_word' id='word_1_571' title='bbox 3235 3184 3364 3244; x_wconf 83' lang='lat' dir='ltr'>haec</span> <span class='ocrx_word' id='word_1_572' title='bbox 3403 3190 3670 3264; x_wconf 87' lang='lat' dir='ltr'>potestas</span> 
     </span>
     <span class='ocr_line' id='line_1_85' title="bbox 2110 3276 3673 3356; baseline -0.001 -18"><span class='ocrx_word' id='word_1_573' title='bbox 2110 3278 2189 3338; x_wconf 91' lang='lat' dir='ltr'>ab</span> <span class='ocrx_word' id='word_1_574' title='bbox 2218 3277 2572 3338; x_wconf 88' lang='lat' dir='ltr'>hominibus</span> <span class='ocrx_word' id='word_1_575' title='bbox 2598 3277 2677 3338; x_wconf 92' lang='lat' dir='ltr'>ad</span> <span class='ocrx_word' id='word_1_576' title='bbox 2717 3277 2987 3356; x_wconf 87' lang='lat' dir='ltr'>aliquem</span> <span class='ocrx_word' id='word_1_577' title='bbox 3018 3295 3096 3338; x_wconf 91' lang='lat' dir='ltr'>ex</span> <span class='ocrx_word' id='word_1_578' title='bbox 3126 3276 3432 3356; x_wconf 54' lang='lat' dir='ltr'>praedictis</span> <span class='ocrx_word' id='word_1_579' title='bbox 3470 3277 3673 3338; x_wconf 89' lang='lat' dir='ltr'>modis</span> 
     </span>
     <span class='ocr_line' id='line_1_86' title="bbox 2112 3369 3672 3449; baseline 0.001 -20"><span class='ocrx_word' id='word_1_580' title='bbox 2112 3370 2599 3449; x_wconf 76' lang='lat' dir='ltr'>gubernationiS,</span> <span class='ocrx_word' id='word_1_581' title='bbox 2623 3370 2769 3449; x_wconf 90' lang='lat' dir='ltr'>quia</span> <span class='ocrx_word' id='word_1_582' title='bbox 2795 3388 2922 3430; x_wconf 92' lang='lat' dir='ltr'>non</span> <span class='ocrx_word' id='word_1_583' title='bbox 2951 3375 3206 3449; x_wconf 90' lang='lat' dir='ltr'>possunt</span> <span class='ocrx_word' id='word_1_584' title='bbox 3231 3369 3338 3430; x_wconf 83' lang='lat' dir='ltr'>alii</span> <span class='ocrx_word' id='word_1_585' title='bbox 3364 3371 3672 3449; x_wconf 85' lang='lat' dir='ltr'>excogita-</span> 
     </span>
     <span class='ocr_line' id='line_1_87' title="bbox 2111 3463 3218 3543; baseline -0.001 -19"><span class='ocrx_word' id='word_1_586' title='bbox 2111 3465 2188 3539; x_wconf 92' lang='lat' dir='ltr'>ri,</span> <span class='ocrx_word' id='word_1_587' title='bbox 2216 3470 2286 3524; x_wconf 93' lang='lat' dir='ltr'>ut</span> <span class='ocrx_word' id='word_1_588' title='bbox 2313 3463 2491 3524; x_wconf 85' lang='lat' dir='ltr'>facile</span> <span class='ocrx_word' id='word_1_589' title='bbox 2519 3464 2934 3524; x_wconf 89' lang='lat' dir='ltr'>consideranti</span> <span class='ocrx_word' id='word_1_590' title='bbox 2961 3464 3218 3543; x_wconf 88' lang='lat' dir='ltr'>patebit.</span> 
     </span>
    </p>

    <p class='ocr_par' dir='ltr' id='par_1_8' title="bbox 2101 3556 3682 5586">
     <span class='ocr_line' id='line_1_88' title="bbox 2192 3556 3670 3637; baseline 0.002 -20"><span class='ocrx_word' id='word_1_591' title='bbox 2192 3558 2251 3617; x_wconf 78' lang='lat'>2.</span> <span class='ocrx_word' id='word_1_592' title='bbox 2299 3558 2579 3619; x_wconf 71' lang='lat' dir='ltr'>Potestas</span> <span class='ocrx_word' id='word_1_593' title='bbox 2616 3556 2820 3619; x_wconf 77' lang='lat' dir='ltr'>civilis</span> <span class='ocrx_word' id='word_1_594' title='bbox 2854 3558 3086 3637; x_wconf 78' lang='lat' dir='ltr'>quando</span> <span class='ocrx_word' id='word_1_595' title='bbox 3114 3563 3323 3619; x_wconf 76' lang='lat' dir='ltr'>manat</span> <span class='ocrx_word' id='word_1_596' title='bbox 3350 3576 3390 3620; x_wconf 83' lang='lat' dir='ltr'>a</span> <span class='ocrx_word' id='word_1_597' title='bbox 3418 3575 3670 3620; x_wconf 73' lang='lat' dir='ltr'>commu-</span> 
     </span>
     <span class='ocr_line' id='line_1_89' title="bbox 2109 3649 3672 3716; baseline -0.001 -4"><span class='ocrx_word' id='word_1_598' title='bbox 2109 3651 2321 3716; x_wconf 77' lang='lat' dir='ltr'>nitate.</span> <span class='ocrx_word' id='word_1_599' title='bbox 2344 3682 2427 3695; x_wconf 90' lang='lat'>—</span> <span class='ocrx_word' id='word_1_600' title='bbox 2452 3650 2732 3711; x_wconf 71' lang='lat' dir='ltr'>Potestas</span> <span class='ocrx_word' id='word_1_601' title='bbox 2755 3667 2826 3711; x_wconf 71' lang='lat' dir='ltr'>em</span> <span class='ocrx_word' id='word_1_602' title='bbox 2847 3654 3072 3712; x_wconf 78' lang='lat' dir='ltr'>natura</span> <span class='ocrx_word' id='word_1_603' title='bbox 3102 3650 3195 3711; x_wconf 79' lang='lat' dir='ltr'>rei</span> <span class='ocrx_word' id='word_1_604' title='bbox 3227 3655 3313 3712; x_wconf 77' lang='lat' dir='ltr'>est</span> <span class='ocrx_word' id='word_1_605' title='bbox 3336 3649 3672 3712; x_wconf 77' lang='lat' dir='ltr'>immediate</span> 
     </span>
     <span class='ocr_line' id='line_1_90' title="bbox 2112 3741 3672 3822; baseline -0.001 -17"><span class='ocrx_word' id='word_1_606' title='bbox 2112 3744 2180 3805; x_wconf 76' lang='lat' dir='ltr'>in</span> <span class='ocrx_word' id='word_1_607' title='bbox 2207 3743 2653 3813; x_wconf 50' lang='lat' dir='ltr'>communitate-</span> <span class='ocrx_word' id='word_1_608' title='bbox 2671 3743 2918 3822; x_wconf 71' lang='lat' dir='ltr'>primus</span> <span class='ocrx_word' id='word_1_609' title='bbox 2953 3741 3175 3804; x_wconf 76' lang='lat' dir='ltr'>titulus</span> <span class='ocrx_word' id='word_1_610' title='bbox 3205 3742 3392 3821; x_wconf 67' lang='grc' dir='ltr'>πρίω</span> <span class='ocrx_word' id='word_1_611' title='bbox 3412 3748 3672 3822; x_wconf 70' lang='lat' dir='ltr'>potesta-</span> 
     </span>
     <span class='ocr_line' id='line_1_91' title="bbox 2113 3837 3673 3915; baseline -0.003 -16"><span class='ocrx_word' id='word_1_612' title='bbox 2113 3838 2198 3901; x_wconf 71' lang='lat' dir='ltr'>tis</span> <span class='ocrx_word' id='word_1_613' title='bbox 2223 3843 2310 3900; x_wconf 76' lang='lat' dir='ltr'>est</span> <span class='ocrx_word' id='word_1_614' title='bbox 2331 3837 2670 3900; x_wconf 77' lang='lat' dir='ltr'>immediate</span> <span class='ocrx_word' id='word_1_615' title='bbox 2696 3855 2736 3899; x_wconf 82' lang='lat' dir='ltr'>a</span> <span class='ocrx_word' id='word_1_616' title='bbox 2762 3838 2908 3899; x_wconf 75' lang='lat' dir='ltr'>Deo.</span> <span class='ocrx_word' id='word_1_617' title='bbox 2935 3870 3017 3883; x_wconf 91' lang='lat'>-—</span> <span class='ocrx_word' id='word_1_618' title='bbox 3052 3837 3356 3913; x_wconf 90' lang='lat' dir='ltr'>Secundo,</span> <span class='ocrx_word' id='word_1_619' title='bbox 3394 3837 3673 3915; x_wconf 90' lang='lat' dir='ltr'>sequitur</span> 
     </span>
     <span class='ocr_line' id='line_1_92' title="bbox 2112 3929 3672 4009; baseline -0.001 -18"><span class='ocrx_word' id='word_1_620' title='bbox 2112 3949 2190 3992; x_wconf 89' lang='lat' dir='ltr'>ex</span> <span class='ocrx_word' id='word_1_621' title='bbox 2233 3930 2414 3991; x_wconf 89' lang='lat' dir='ltr'>dictis</span> <span class='ocrx_word' id='word_1_622' title='bbox 2446 3935 2811 4009; x_wconf 90' lang='lat' dir='ltr'>potestatem</span> <span class='ocrx_word' id='word_1_623' title='bbox 2858 3929 3132 4004; x_wconf 86' lang='lat' dir='ltr'>civilem,</span> <span class='ocrx_word' id='word_1_624' title='bbox 3167 3931 3408 4008; x_wconf 87' lang='lat' dir='ltr'>quoties</span> <span class='ocrx_word' id='word_1_625' title='bbox 3433 3930 3501 3989; x_wconf 92' lang='lat' dir='ltr'>in</span> <span class='ocrx_word' id='word_1_626' title='bbox 3544 3947 3672 3990; x_wconf 90' lang='lat' dir='ltr'>uno</span> 
     </span>
     <span class='ocr_line' id='line_1_93' title="bbox 2109 4021 3672 4102; baseline -0.001 -19"><span class='ocrx_word' id='word_1_627' title='bbox 2109 4021 2361 4084; x_wconf 90' lang='lat' dir='ltr'>homine</span> <span class='ocrx_word' id='word_1_628' title='bbox 2383 4023 2482 4084; x_wconf 86' lang='lat' dir='ltr'>vel</span> <span class='ocrx_word' id='word_1_629' title='bbox 2509 4022 2787 4102; x_wconf 89' lang='lat' dir='ltr'>principe</span> <span class='ocrx_word' id='word_1_630' title='bbox 2810 4023 3137 4101; x_wconf 90' lang='lat' dir='ltr'>reperitur,</span> <span class='ocrx_word' id='word_1_631' title='bbox 3164 4022 3446 4099; x_wconf 87' lang='lat' dir='ltr'>legitimo</span> <span class='ocrx_word' id='word_1_632' title='bbox 3469 4042 3542 4084; x_wconf 92' lang='lat' dir='ltr'>ac</span> <span class='ocrx_word' id='word_1_633' title='bbox 3571 4040 3672 4083; x_wconf 89' lang='lat' dir='ltr'>or-</span> 
     </span>
     <span class='ocr_line' id='line_1_94' title="bbox 2109 4115 3674 4195; baseline 0 -20"><span class='ocrx_word' id='word_1_634' title='bbox 2109 4115 2351 4177; x_wconf 89' lang='lat' dir='ltr'>dinario</span> <span class='ocrx_word' id='word_1_635' title='bbox 2393 4116 2556 4195; x_wconf 86' lang='lat' dir='ltr'>jure,</span> <span class='ocrx_word' id='word_1_636' title='bbox 2602 4133 2640 4175; x_wconf 92' lang='lat' dir='ltr'>a</span> <span class='ocrx_word' id='word_1_637' title='bbox 2677 4115 2906 4194; x_wconf 89' lang='lat' dir='ltr'>populo</span> <span class='ocrx_word' id='word_1_638' title='bbox 2952 4120 3015 4176; x_wconf 91' lang='lat' dir='ltr'>et</span> <span class='ocrx_word' id='word_1_639' title='bbox 3053 4115 3497 4176; x_wconf 90' lang='lat' dir='ltr'>communitate</span> <span class='ocrx_word' id='word_1_640' title='bbox 3543 4133 3674 4175; x_wconf 91' lang='lat' dir='ltr'>ma-</span> 
     </span>
     <span class='ocr_line' id='line_1_95' title="bbox 2107 4208 3670 4288; baseline -0.001 -19"><span class='ocrx_word' id='word_1_641' title='bbox 2107 4227 2309 4284; x_wconf 89' lang='lat' dir='ltr'>nasse,</span> <span class='ocrx_word' id='word_1_642' title='bbox 2361 4209 2462 4269; x_wconf 86' lang='lat' dir='ltr'>vel</span> <span class='ocrx_word' id='word_1_643' title='bbox 2509 4209 2815 4288; x_wconf 88' lang='lat' dir='ltr'>proxime,</span> <span class='ocrx_word' id='word_1_644' title='bbox 2872 4208 2971 4268; x_wconf 86' lang='lat' dir='ltr'>vel</span> <span class='ocrx_word' id='word_1_645' title='bbox 3030 4213 3288 4284; x_wconf 90' lang='lat' dir='ltr'>remote,</span> <span class='ocrx_word' id='word_1_646' title='bbox 3336 4225 3452 4268; x_wconf 90' lang='lat' dir='ltr'>nec</span> <span class='ocrx_word' id='word_1_647' title='bbox 3494 4226 3670 4288; x_wconf 91' lang='lat' dir='ltr'>posse</span> 
     </span>
     <span class='ocr_line' id='line_1_96' title="bbox 2106 4301 3673 4380; baseline -0.001 -18"><span class='ocrx_word' id='word_1_648' title='bbox 2106 4301 2284 4363; x_wconf 91' lang='lat' dir='ltr'>aliter</span> <span class='ocrx_word' id='word_1_649' title='bbox 2309 4301 2548 4376; x_wconf 89' lang='lat' dir='ltr'>haberi,</span> <span class='ocrx_word' id='word_1_650' title='bbox 2597 4308 2667 4362; x_wconf 92' lang='lat' dir='ltr'>ut</span> <span class='ocrx_word' id='word_1_651' title='bbox 2708 4302 2878 4380; x_wconf 52' lang='lat' dir='ltr'>,iusta</span> <span class='ocrx_word' id='word_1_652' title='bbox 2911 4302 3011 4361; x_wconf 89' lang='lat' dir='ltr'>sit.</span> <span class='ocrx_word' id='word_1_653' title='bbox 3054 4302 3197 4361; x_wconf 84' lang='lat' dir='ltr'>Haec</span> <span class='ocrx_word' id='word_1_654' title='bbox 3237 4306 3328 4362; x_wconf 88' lang='lat' dir='ltr'>est</span> <span class='ocrx_word' id='word_1_655' title='bbox 3365 4301 3673 4362; x_wconf 87' lang='lat' dir='ltr'>sententia</span> 
     </span>
     <span class='ocr_line' id='line_1_97' title="bbox 2107 4392 3670 4473; baseline -0.001 -18"><span class='ocrx_word' id='word_1_656' title='bbox 2107 4395 2452 4456; x_wconf 90' lang='lat' dir='ltr'>communis</span> <span class='ocrx_word' id='word_1_657' title='bbox 2486 4394 2991 4473; x_wconf 88' lang='lat' dir='ltr'>jurisperitorum</span> <span class='ocrx_word' id='word_1_658' title='bbox 3011 4392 3076 4454; x_wconf 90' lang='lat' dir='ltr'>in</span> <span class='ocrx_word' id='word_1_659' title='bbox 3104 4393 3149 4454; x_wconf 97' lang='lat' dir='ltr'>l.</span> <span class='ocrx_word' id='word_1_660' title='bbox 3184 4397 3244 4469; x_wconf 84' lang='lat'>1,</span> <span class='ocrx_word' id='word_1_661' title='bbox 3274 4394 3341 4454; x_wconf 84' lang='lat' dir='ltr'>ff.</span> <span class='ocrx_word' id='word_1_662' title='bbox 3369 4394 3446 4455; x_wconf 88' lang='lat' dir='ltr'>de</span> <span class='ocrx_word' id='word_1_663' title='bbox 3466 4395 3670 4454; x_wconf 91' lang='lat' dir='ltr'>Const.</span> 
     </span>
     <span class='ocr_line' id='line_1_98' title="bbox 2106 4486 3675 4567; baseline -0.002 -17"><span class='ocrx_word' id='word_1_664' title='bbox 2106 4489 2403 4567; x_wconf 88' lang='lat' dir='ltr'>Princip.,</span> <span class='ocrx_word' id='word_1_665' title='bbox 2429 4491 2493 4548; x_wconf 88' lang='lat' dir='ltr'>et</span> <span class='ocrx_word' id='word_1_666' title='bbox 2516 4487 2584 4547; x_wconf 93' lang='lat' dir='ltr'>in</span> <span class='ocrx_word' id='word_1_667' title='bbox 2612 4486 2654 4548; x_wconf 93' lang='lat'>1.</span> <span class='ocrx_word' id='word_1_668' title='bbox 2689 4489 2752 4562; x_wconf 77' lang='lat'>2,</span> <span class='ocrx_word' id='word_1_669' title='bbox 2785 4486 2854 4548; x_wconf 83' lang='lat' dir='ltr'>ff.</span> <span class='ocrx_word' id='word_1_670' title='bbox 2895 4489 2972 4549; x_wconf 90' lang='lat' dir='ltr'>de</span> <span class='ocrx_word' id='word_1_671' title='bbox 2996 4487 3163 4565; x_wconf 89' lang='lat' dir='ltr'>Orig.</span> <span class='ocrx_word' id='word_1_672' title='bbox 3192 4488 3425 4567; x_wconf 87' lang='lat' dir='ltr'>jur.Ex</span> <span class='ocrx_word' id='word_1_673' title='bbox 3451 4487 3675 4566; x_wconf 89' lang='lat' dir='ltr'>quibus</span> 
     </span>
     <span class='ocr_line' id='line_1_99' title="bbox 2101 4579 3676 4661; baseline -0.001 -20"><span class='ocrx_word' id='word_1_674' title='bbox 2101 4580 2346 4661; x_wconf 87' lang='lat' dir='ltr'>juribus</span> <span class='ocrx_word' id='word_1_675' title='bbox 2372 4579 2438 4640; x_wconf 90' lang='lat' dir='ltr'>id</span> <span class='ocrx_word' id='word_1_676' title='bbox 2472 4580 2660 4641; x_wconf 90' lang='lat' dir='ltr'>etiam</span> <span class='ocrx_word' id='word_1_677' title='bbox 2696 4579 2977 4641; x_wconf 90' lang='lat' dir='ltr'>habetur.</span> <span class='ocrx_word' id='word_1_678' title='bbox 3020 4580 3190 4640; x_wconf 91' lang='lat' dir='ltr'>Idem</span> <span class='ocrx_word' id='word_1_679' title='bbox 3221 4581 3443 4640; x_wconf 86' lang='lat' dir='ltr'>Panor.</span> <span class='ocrx_word' id='word_1_680' title='bbox 3481 4586 3543 4640; x_wconf 88' lang='lat' dir='ltr'>et</span> <span class='ocrx_word' id='word_1_681' title='bbox 3569 4580 3676 4640; x_wconf 88' lang='lat' dir='ltr'>alii</span> 
     </span>
     <span class='ocr_line' id='line_1_100' title="bbox 2106 4669 3676 4749; baseline -0.003 -16"><span class='ocrx_word' id='word_1_682' title='bbox 2106 4673 2450 4733; x_wconf 84' lang='lat' dir='ltr'>Canonistae</span> <span class='ocrx_word' id='word_1_683' title='bbox 2493 4672 2561 4731; x_wconf 92' lang='lat' dir='ltr'>in</span> <span class='ocrx_word' id='word_1_684' title='bbox 2607 4689 2744 4749; x_wconf 86' lang='lat' dir='ltr'>cap.</span> <span class='ocrx_word' id='word_1_685' title='bbox 2791 4672 2919 4733; x_wconf 75' lang='lat' dir='ltr'>Per</span> <span class='ocrx_word' id='word_1_686' title='bbox 2957 4672 3368 4745; x_wconf 78' lang='lat' dir='ltr'>venerabilem,</span> <span class='ocrx_word' id='word_1_687' title='bbox 3412 4671 3527 4744; x_wconf 88' lang='lat' dir='ltr'>Qui</span> <span class='ocrx_word' id='word_1_688' title='bbox 3561 4669 3676 4731; x_wconf 90' lang='lat' dir='ltr'>filii</span> 
     </span>
     <span class='ocr_line' id='line_1_101' title="bbox 2102 4762 3673 4843; baseline -0.001 -17"><span class='ocrx_word' id='word_1_689' title='bbox 2102 4766 2226 4826; x_wconf 89' lang='lat' dir='ltr'>sint</span> <span class='ocrx_word' id='word_1_690' title='bbox 2256 4764 2540 4843; x_wconf 87' lang='lat' dir='ltr'>legitimi.</span> <span class='ocrx_word' id='word_1_691' title='bbox 2587 4763 2756 4823; x_wconf 88' lang='lat' dir='ltr'>Idem</span> <span class='ocrx_word' id='word_1_692' title='bbox 2795 4764 2862 4823; x_wconf 92' lang='lat' dir='ltr'>D.</span> <span class='ocrx_word' id='word_1_693' title='bbox 2896 4762 3185 4837; x_wconf 75' lang='lat' dir='ltr'>ThomaS,</span> <span class='ocrx_word' id='word_1_694' title='bbox 3217 4782 3278 4842; x_wconf 90' lang='lat' dir='ltr'>q.</span> <span class='ocrx_word' id='word_1_695' title='bbox 3310 4765 3413 4839; x_wconf 85' lang='lat'>90,</span> <span class='ocrx_word' id='word_1_696' title='bbox 3458 4770 3576 4825; x_wconf 90' lang='lat' dir='ltr'>art.</span> <span class='ocrx_word' id='word_1_697' title='bbox 3612 4765 3673 4839; x_wconf 85' lang='lat'>3,</span> 
     </span>
     <span class='ocr_line' id='line_1_102' title="bbox 2104 4857 3676 4938; baseline -0.003 -17"><span class='ocrx_word' id='word_1_698' title='bbox 2104 4866 2166 4921; x_wconf 89' lang='lat' dir='ltr'>et</span> <span class='ocrx_word' id='word_1_699' title='bbox 2205 4878 2267 4938; x_wconf 89' lang='lat' dir='ltr'>q.</span> <span class='ocrx_word' id='word_1_700' title='bbox 2298 4861 2400 4934; x_wconf 84' lang='lat'>97,</span> <span class='ocrx_word' id='word_1_701' title='bbox 2436 4859 2714 4937; x_wconf 82' lang='lat' dir='ltr'>Cajetan.</span> <span class='ocrx_word' id='word_1_702' title='bbox 2769 4857 2957 4918; x_wconf 91' lang='lat' dir='ltr'>citato</span> <span class='ocrx_word' id='word_1_703' title='bbox 3001 4875 3211 4935; x_wconf 87' lang='lat' dir='ltr'>opusc.</span> <span class='ocrx_word' id='word_1_704' title='bbox 3258 4858 3336 4920; x_wconf 90' lang='lat' dir='ltr'>de</span> <span class='ocrx_word' id='word_1_705' title='bbox 3372 4859 3676 4919; x_wconf 87' lang='lat' dir='ltr'>Potestate</span> 
     </span>
     <span class='ocr_line' id='line_1_103' title="bbox 2104 4951 3679 5031; baseline -0.001 -19"><span class='ocrx_word' id='word_1_706' title='bbox 2104 4953 2304 5031; x_wconf 80' lang='lat' dir='ltr'>Papae,</span> <span class='ocrx_word' id='word_1_707' title='bbox 2337 4957 2497 5029; x_wconf 87' lang='lat' dir='ltr'>part.</span> <span class='ocrx_word' id='word_1_708' title='bbox 2529 4952 2593 5024; x_wconf 67' lang='lat'>⁹2,</span> <span class='ocrx_word' id='word_1_709' title='bbox 2630 4968 2764 5028; x_wconf 89' lang='lat' dir='ltr'>cap.</span> <span class='ocrx_word' id='word_1_710' title='bbox 2792 4951 2831 5009; x_wconf 71' lang='lat'><strong>2</strong></span> <span class='ocrx_word' id='word_1_711' title='bbox 2855 4956 2919 5011; x_wconf 91' lang='lat' dir='ltr'>et</span> <span class='ocrx_word' id='word_1_712' title='bbox 2945 4951 3043 5024; x_wconf 87' lang='grc'>10,</span> <span class='ocrx_word' id='word_1_713' title='bbox 3061 4951 3290 5010; x_wconf 87' lang='lat' dir='ltr'>Victor.</span> <span class='ocrx_word' id='word_1_714' title='bbox 3332 4951 3401 5011; x_wconf 91' lang='lat' dir='ltr'>in</span> <span class='ocrx_word' id='word_1_715' title='bbox 3428 4951 3679 5030; x_wconf 89' lang='lat' dir='ltr'>propria</span> 
     </span>
     <span class='ocr_line' id='line_1_104' title="bbox 2105 5042 3682 5122; baseline -0.001 -17"><span class='ocrx_word' id='word_1_716' title='bbox 2105 5045 2456 5107; x_wconf 91' lang='lat' dir='ltr'>Relectione</span> <span class='ocrx_word' id='word_1_717' title='bbox 2479 5044 2556 5104; x_wconf 92' lang='lat' dir='ltr'>de</span> <span class='ocrx_word' id='word_1_718' title='bbox 2584 5043 2700 5103; x_wconf 91' lang='lat' dir='ltr'>hac</span> <span class='ocrx_word' id='word_1_719' title='bbox 2723 5061 2816 5118; x_wconf 91' lang='lat' dir='ltr'>re,</span> <span class='ocrx_word' id='word_1_720' title='bbox 2843 5061 2907 5103; x_wconf 77' lang='lat' dir='ltr'>et</span> <span class='ocrx_word' id='word_1_721' title='bbox 2934 5042 3039 5103; x_wconf 88' lang='lat' dir='ltr'>alii</span> <span class='ocrx_word' id='word_1_722' title='bbox 3069 5042 3338 5122; x_wconf 86' lang='lat' dir='ltr'>allegati.</span> <span class='ocrx_word' id='word_1_723' title='bbox 3386 5044 3564 5105; x_wconf 88' lang='lat' dir='ltr'>Ratio</span> <span class='ocrx_word' id='word_1_724' title='bbox 3603 5061 3682 5104; x_wconf 86' lang='lat' dir='ltr'>ex</span> 
     </span>
     <span class='ocr_line' id='line_1_105' title="bbox 2106 5136 3682 5216; baseline -0.002 -17"><span class='ocrx_word' id='word_1_725' title='bbox 2106 5138 2283 5199; x_wconf 88' lang='lat' dir='ltr'>dictis</span> <span class='ocrx_word' id='word_1_726' title='bbox 2305 5142 2417 5211; x_wconf 89' lang='lat' dir='ltr'>est,</span> <span class='ocrx_word' id='word_1_727' title='bbox 2446 5137 2595 5216; x_wconf 89' lang='lat' dir='ltr'>quia</span> <span class='ocrx_word' id='word_1_728' title='bbox 2638 5136 2769 5196; x_wconf 85' lang='lat' dir='ltr'>haec</span> <span class='ocrx_word' id='word_1_729' title='bbox 2801 5141 3069 5215; x_wconf 84' lang='lat' dir='ltr'>potestas</span> <span class='ocrx_word' id='word_1_730' title='bbox 3111 5153 3188 5196; x_wconf 89' lang='lat' dir='ltr'>ex</span> <span class='ocrx_word' id='word_1_731' title='bbox 3216 5141 3441 5197; x_wconf 89' lang='lat' dir='ltr'>natura</span> <span class='ocrx_word' id='word_1_732' title='bbox 3472 5137 3562 5197; x_wconf 89' lang='lat' dir='ltr'>rei</span> <span class='ocrx_word' id='word_1_733' title='bbox 3591 5141 3682 5198; x_wconf 89' lang='lat' dir='ltr'>est</span> 
     </span>
     <span class='ocr_line' id='line_1_106' title="bbox 2105 5229 3679 5309; baseline -0.001 -18"><span class='ocrx_word' id='word_1_734' title='bbox 2105 5231 2462 5292; x_wconf 88' lang='lat' dir='ltr'>immediate</span> <span class='ocrx_word' id='word_1_735' title='bbox 2496 5231 2565 5290; x_wconf 91' lang='lat' dir='ltr'>in</span> <span class='ocrx_word' id='word_1_736' title='bbox 2608 5229 3092 5304; x_wconf 83' lang='lat' dir='ltr'>communitate3</span> <span class='ocrx_word' id='word_1_737' title='bbox 3124 5247 3272 5308; x_wconf 90' lang='lat' dir='ltr'>ergo</span> <span class='ocrx_word' id='word_1_738' title='bbox 3300 5236 3373 5290; x_wconf 91' lang='lat' dir='ltr'>ut</span> <span class='ocrx_word' id='word_1_739' title='bbox 3394 5231 3556 5309; x_wconf 87' lang='lat' dir='ltr'>juste</span> <span class='ocrx_word' id='word_1_740' title='bbox 3583 5230 3679 5290; x_wconf 88' lang='lat' dir='ltr'>in-</span> 
     </span>
     <span class='ocr_line' id='line_1_107' title="bbox 2106 5321 3680 5403; baseline -0.002 -19"><span class='ocrx_word' id='word_1_741' title='bbox 2106 5325 2293 5403; x_wconf 91' lang='lat' dir='ltr'>cipiat</span> <span class='ocrx_word' id='word_1_742' title='bbox 2327 5341 2457 5384; x_wconf 90' lang='lat' dir='ltr'>esse</span> <span class='ocrx_word' id='word_1_743' title='bbox 2498 5323 2566 5384; x_wconf 89' lang='lat' dir='ltr'>in</span> <span class='ocrx_word' id='word_1_744' title='bbox 2610 5321 2820 5401; x_wconf 89' lang='lat' dir='ltr'>aliqua</span> <span class='ocrx_word' id='word_1_745' title='bbox 2863 5339 3128 5401; x_wconf 88' lang='lat' dir='ltr'>persona</span> <span class='ocrx_word' id='word_1_746' title='bbox 3155 5326 3456 5401; x_wconf 81' lang='lat' dir='ltr'>tanquam</span> <span class='ocrx_word' id='word_1_747' title='bbox 3483 5322 3549 5381; x_wconf 91' lang='lat' dir='ltr'>in</span> <span class='ocrx_word' id='word_1_748' title='bbox 3577 5339 3680 5382; x_wconf 85' lang='lat' dir='ltr'>su-</span> 
     </span>
     <span class='ocr_line' id='line_1_108' title="bbox 2105 5416 3679 5495; baseline -0.002 -19"><span class='ocrx_word' id='word_1_749' title='bbox 2105 5433 2318 5495; x_wconf 91' lang='lat' dir='ltr'>premo</span> <span class='ocrx_word' id='word_1_750' title='bbox 2368 5416 2671 5495; x_wconf 89' lang='lat' dir='ltr'>principe,</span> <span class='ocrx_word' id='word_1_751' title='bbox 2715 5432 2962 5475; x_wconf 89' lang='lat' dir='ltr'>necesse</span> <span class='ocrx_word' id='word_1_752' title='bbox 3006 5420 3098 5475; x_wconf 90' lang='lat' dir='ltr'>est</span> <span class='ocrx_word' id='word_1_753' title='bbox 3137 5419 3210 5474; x_wconf 91' lang='lat' dir='ltr'>ut</span> <span class='ocrx_word' id='word_1_754' title='bbox 3249 5430 3328 5474; x_wconf 85' lang='lat' dir='ltr'>ex</span> <span class='ocrx_word' id='word_1_755' title='bbox 3379 5432 3679 5475; x_wconf 90' lang='lat' dir='ltr'>consensu</span> 
     </span>
     <span class='ocr_line' id='line_1_109' title="bbox 2107 5506 3676 5586; baseline -0.003 -16"><span class='ocrx_word' id='word_1_756' title='bbox 2107 5509 2570 5570; x_wconf 88' lang='lat' dir='ltr'>communitatis</span> <span class='ocrx_word' id='word_1_757' title='bbox 2597 5508 2691 5568; x_wconf 92' lang='lat' dir='ltr'>illi</span> <span class='ocrx_word' id='word_1_758' title='bbox 2719 5507 3049 5569; x_wconf 86' lang='lat' dir='ltr'>tribuatur.</span> <span class='ocrx_word' id='word_1_759' title='bbox 3074 5506 3306 5569; x_wconf 89' lang='lat' dir='ltr'>Deinde</span> <span class='ocrx_word' id='word_1_760' title='bbox 3337 5506 3676 5586; x_wconf 85' lang='lat' dir='ltr'>explicatur</span> 
     </span>
    </p>
   </div>
  </div>
 </body>
</html>
