3976 6219
514 391 635 452 520

511 515 641 558 non
667 512 844 575 posse
868 501 1118 575 propter
1155 497 1583 578 quodcumque
1606 501 1947 580 periculum
1973 504 2075 564 vel

512 596 750 651 metum
804 590 1019 649 mortis
1065 590 1426 652 contrahere
1481 594 1956 656 matrimonium
2013 602 2076 656 et

512 699 964 757 consummare,
1010 683 1158 761 quia
1179 702 1501 763 nunquam
1528 687 1647 747 erit
1676 687 1828 747 illud
1860 690 2076 749 matri-

512 775 794 836 monium
825 773 1100 834 validum
1127 782 1376 855 propter
1410 777 1891 855 inhabilitatem,
1934 799 2075 860 quae

491 886 639 953 ‚non
667 866 1015 929 restituitur
1058 886 1169 947 per
1203 874 1436 930 metum
1461 871 1560 932 vel
1596 871 1863 933 similem
1904 890 2074 934 occa-

511 961 771 1021 sionem.
801 961 891 1021 Ita
910 960 1120 1020 docuit
1148 961 1316 1037 Soto,
1341 961 1450 1023 lib.
1482 966 1509 1023 1
1542 964 1619 1025 de
1641 964 1874 1040 Justit„
1907 984 1969 1045 q.
2008 968 2072 1041 6,

511 1071 570 1114 a.
599 1055 663 1127 4,
687 1052 756 1112 in
781 1051 929 1127 fine,
962 1059 1024 1114 et
1053 1060 1394 1133 sequuntur
1420 1056 1647 1118 Medin.
1684 1059 1743 1118 1.
1782 1059 1843 1132 2,
1873 1077 1935 1137 q.
1967 1060 2070 1131 96,

512 1163 571 1206 a.
603 1148 667 1221 4,
691 1146 840 1206 dub.
866 1148 928 1221 2,
955 1146 1033 1206 ad
1062 1148 1125 1223 2,
1162 1147 1357 1208 etalii
1384 1149 1697 1211 moderni:
1727 1168 1876 1228 ergo
1908 1151 2075 1211 idem

512 1240 630 1301 erit
676 1240 746 1300 in
797 1258 1183 1319 quacumque
1229 1242 1415 1302 simili
1455 1242 1867 1305 inhabilitate.
1906 1244 2074 1305 Idem

509 1331 719 1392 videre
742 1331 884 1393 licet
910 1333 978 1393 in
1009 1334 1459 1411 irregularitate
1495 1354 1634 1415 quae
1660 1336 1739 1397 de
1765 1355 1830 1398 se
1856 1355 2075 1417 perpe-

508 1429 619 1485 tua
646 1430 760 1501 est3
784 1424 927 1486 licet
952 1427 1121 1487 enim
1143 1427 1211 1487 in
1238 1446 1383 1489 casu
1406 1429 1594 1507 possit
1618 1430 1909 1508 suspendi
1927 1449 2075 1491 usus

510 1518 646 1595 ejus
673 1518 834 1579 circa
856 1525 1065 1579 actum
1087 1538 1273 1599 quem
1288 1521 1572 1600 prohibet
1604 1527 1666 1582 et
1696 1540 1823 1583 non
1846 1522 2072 1599 irritat,

508 1628 637 1671 non
664 1617 876 1672 tamen
903 1618 1102 1691 potest
1126 1613 1259 1693 ipsa
1286 1614 1515 1674 auferri
1551 1614 1673 1674 nisi
1700 1614 2075 1694 dispensatio

506 1705 870 1766 intercedat.
906 1707 981 1765 Et
1003 1706 1172 1767 idem
1198 1712 1292 1767 est
1313 1707 1382 1766 in
1411 1707 2071 1784 excommunicatione,

507 1803 571 1858 et
609 1797 745 1858 aliis
780 1799 1052 1859 censuris
1079 1817 1217 1878 quae
1258 1818 1385 1860 non
1426 1799 1794 1861 auferuntur
1824 1807 2076 1881 propter

507 1892 882 1952 extrinsecas
925 1892 1300 1967 occasiones,
1337 1899 1408 1954 ut
1435 1893 1522 1954 sic
1562 1893 1788 1970 dicam,
1816 1895 1936 1955 nisi
1964 1914 2076 1975 per

506 1983 954 2046 absolutionem
989 1986 1350 2047 auferantur
1359 2003 1380 2064 3
1410 1987 1508 2048 vel
1535 1989 1655 2048 nisi
1682 1988 1751 2048 in
1779 1989 1914 2067 ipsa
1935 1988 2074 2068 lege

504 2075 775 2137 habeant
801 2078 1140 2139 terminum
1159 2079 1478 2160 praefixum
1495 2098 1619 2159 quo
1641 2080 1921 2142 absoluto
1944 2100 2072 2143 ces-

504 2177 661 2231 sent.
702 2171 876 2245 Quod
909 2172 1098 2233 etiam
1139 2173 1206 2232 in
1245 2172 1696 2234 irritationibus
1730 2180 1792 2234 et
1823 2174 2072 2237 inhabi-

503 2264 779 2324 litatibus
813 2264 1021 2326 locum
1062 2264 1270 2339 habet,
1302 2272 1375 2327 ut
1411 2271 1664 2327 constat.
1693 2268 1849 2327 Nam
1878 2267 2070 2328 inter-

502 2356 654 2416 dum
680 2357 1090 2436 imponuntur
1119 2377 1312 2438 usque
1338 2359 1418 2419 ad
1444 2364 1678 2420 certum
1706 2364 1969 2439 tempuS,
1999 2367 2069 2422 ut

499 2454 694 2528 patet,
739 2450 988 2528 quando
1032 2452 1369 2531 requiritur
1403 2456 1578 2512 tanta
1618 2458 1787 2527 aetaS,
1820 2464 1936 2515 etc.
1969 2455 2070 2514 In-

500 2541 748 2602 terdum
775 2561 886 2622 per
913 2543 1064 2604 alias
1091 2544 1257 2623 leges
1296 2543 1368 2603 fit
1395 2546 1698 2625 exceptio,
1728 2551 1800 2605 ut
1839 2546 1906 2606 in
1956 2564 2069 2607 ex-

498 2640 699 2695 trema
726 2637 1082 2698 necessitate
1122 2639 1340 2698 mortis
1365 2638 1628 2717 quilibet
1666 2638 1950 2699 minister
1973 2658 2068 2700 sa-

500 2728 799 2790 cramenti
827 2730 1219 2791 confessionis
1250 2731 1651 2810 quantumvis
1678 2732 1969 2792 inhabilis
1997 2732 2069 2793 fit

499 2819 744 2895 habilis,
786 2839 913 2882 non
958 2840 1069 2900 per
1101 2822 1395 2901 epiikiam
1416 2868 1438 2898 ,
1490 2823 1599 2883 sed
1642 2823 1869 2884 virtute
1913 2824 2067 2904 legis

500 2912 742 2991 scriptae
774 2911 875 2973 vel
892 2913 1157 2975 traditae.

583 3007 639 3067 5.
688 3007 911 3068 Contra
967 3007 1130 3069 hanc
1182 3008 1554 3070 sententiam
1604 3008 1821 3070 referri
1866 3015 2069 3089 potest

496 3100 737 3177 Molin.,
767 3106 948 3163 tract.
982 3104 1021 3164 Ξ
1064 3102 1142 3164 de
1172 3103 1407 3179 Justit„
1435 3104 1665 3184 disput.
1691 3105 1789 3180 81,
1830 3103 1867 3185 ξ
1899 3103 2069 3169 Sunt

495 3212 652 3268 vero,
693 3194 801 3255 ubi
829 3196 1015 3255 sentit
1038 3195 1373 3276 aliquando
1404 3197 1571 3258 hunc
1605 3198 1756 3276 juris
1791 3198 2065 3276 rigorem

495 3305 625 3349 esse
653 3288 1125 3364 moderandum,
1158 3290 1407 3368 quando
1445 3308 1574 3351 non
1614 3295 1744 3351 tota
1778 3289 2066 3351 solemni·

495 3386 614 3454 tas,
644 3381 752 3440 sed
790 3380 1002 3461 aliqua
1021 3400 1215 3461 parva
1258 3383 1719 3444 circumstantia
1749 3382 1913 3443 bona
1943 3383 2065 3444 fide

495 3473 721 3534 omissa
774 3483 888 3550 est,
939 3481 1184 3536 servata
1229 3477 1518 3555 aequitate
1563 3476 1855 3537 naturali.
1908 3478 2065 3537 Nam

495 3571 645 3626 tunc
665 3567 930 3646 ipsamet
955 3568 1254 3630 naturalis
1283 3569 1539 3648 aequitas
1560 3567 1871 3648 postulare
1898 3569 2067 3630 vide-

495 3664 599 3718 tur
637 3664 708 3718 ut
747 3664 924 3720 actus
966 3661 1364 3722 sustineatur.
1400 3661 1518 3722 Sed
1560 3661 1638 3721 de
1679 3660 1794 3721 hoc
1835 3666 2066 3740 puncto

495 3752 768 3813 dicemu's
785 3752 854 3811 in
877 3769 931 3812 c.
960 3754 1059 3812 27.
1087 3753 1262 3813 Nunc
1281 3753 1484 3814 solum
1502 3753 1640 3814 dico
1666 3753 1896 3832 regulae
1918 3772 2067 3833 pro-

493 3844 708 3924 positas
748 3842 1041 3904 standum
1090 3862 1219 3906 esse
1246 3860 1267 3922 ;
1315 3864 1576 3926 eamque
1622 3864 1695 3907 eo
1741 3846 2064 3908 certiorem

494 3936 917 3999 essefuturam
936 3955 1060 4016 quo
1091 3940 1355 4000 materia
1376 3940 1532 4018 legis
1561 3939 1752 4001 fuerit
1789 3942 2061 4019 gravior,

494 4036 564 4091 ut
577 4029 1006 4091 suntmateriae
1035 4039 1586 4109 sacramentorum,
1611 4039 1721 4093 aut
1746 4038 1942 4094 status
1967 4052 2065 4095 re-

494 4123 721 4202 ligiosi,
759 4129 945 4202 atque
980 4124 1069 4185 ita
1102 4143 1214 4204 per
1241 4125 1500 4187 modum
1534 4125 1767 4204 reguloe
1813 4126 2064 4186 moralis

493 4214 928 4276 universaliter
954 4233 1172 4278 censeo
1195 4236 1323 4280 esse
1350 4236 1587 4294 veram,
1615 4219 1763 4298 quia
1788 4219 2062 4279 rationes

491 4309 670 4370 factae
689 4308 1066 4370 universales
1083 4317 1249 4372 sunt.
1274 4314 1350 4372 Et
1388 4312 1534 4372 licet
1571 4311 1759 4390 possit
1800 4312 2056 4373 fortasse

491 4401 719 4461 habere
748 4403 1175 4481 exceptionem
1189 4404 1564 4465 recurrendo
1582 4403 1661 4464 ad
1677 4404 1812 4481 conj
1819 4409 2058 4465 ectura-

490 4500 620 4554 tam
675 4500 950 4555 mentem
987 4495 1377 4573 legislatoris,
1432 4497 1591 4557 mihi
1626 4502 1836 4557 tamen
1886 4514 2057 4558 nunc

490 4587 632 4646 talis
670 4586 948 4665 exceptio
983 4604 1111 4648 non
1147 4590 1414 4650 occurrit
1455 4606 1594 4668 quoe
1626 4588 1942 4650 moraliter
1975 4590 2057 4650 sit

489 4678 893 4739 admittenda.
926 4679 1081 4752 Quia
1099 4681 1151 4740 si
1180 4687 1529 4742 contractus
1555 4687 1646 4742 est
1659 4682 1790 4761 jam
1827 4681 2053 4758 factuS,

490 4774 554 4829 et
592 4787 808 4830 revera
849 4769 971 4831 fuit
996 4772 1302 4833 invalidus
1328 4780 1578 4853 propter
1602 4774 2055 4835 solemnitatem

487 4864 984 4942 praetermissam,
1010 4884 1134 4926 non
1157 4865 1345 4928 habet
1370 4868 1798 4947 postealocum
1827 4869 2059 4948 epiikia

488 4956 590 5017 vel
630 4958 908 5036 aequitaS,
961 4965 1211 5039 propter
1238 4961 1488 5022 effectus
1514 4968 1727 5042 postea
1766 4962 2055 5022 subsecu-

490 5054 612 5125 tos,
631 5049 731 5110 vel
753 5050 1053 5113 utilitates
1076 5071 1214 5132 quae
1236 5054 1416 5115 alteri
1438 5055 1601 5134 parti
1628 5060 2009 5115 accesserunt
2032 5075 2050 5129 3

488 5142 551 5203 id
585 5142 756 5203 enim
799 5145 1282 5208 accidentarium
1317 5153 1427 5210 est.
1474 5147 1541 5209 Si
1571 5164 1718 5208 vero
1745 5147 1952 5225 agitur
1976 5147 2055 5208 de

490 5240 810 5297 contractu
837 5236 1140 5317 faciendo,
1186 5243 1292 5320 qui
1326 5242 1552 5303 habeat
1594 5239 1878 5302 effectum
1904 5241 2056 5302 vali-

488 5328 641 5388 dum
694 5334 756 5388 et
795 5340 1287 5411 permanentem,
1345 5341 1494 5397 tunc
1543 5352 1786 5414 semper
1825 5340 1915 5396 est
1952 5353 2053 5396 res

488 5421 668 5482 valde
700 5424 929 5499 graviS,
959 5444 1099 5504 quae
1131 5428 1425 5490 intentari
1452 5447 1580 5489 non
1607 5433 1807 5507 potest
1841 5434 2053 5488 contra

487 5512 707 5596 legem⁸
729 5514 1076 5582 irritantem
1124 5527 1376 5602 propter
1413 5522 1609 5584 solam
1643 5520 2052 5583 extrinsecam

1419 397 1535 450 LIB.
1572 398 1632 451 V.
1666 398 1749 450 DE
1780 399 2138 454 VARIETATE
2167 400 2379 454 mmm
2411 394 2823 453 nuuANARUM.

2154 504 2603 578 necessitatem,
2648 500 2782 561 sine
2817 496 3190 560 adminiculo
3234 498 3537 578 alicujus
3600 495 3831 575 legis.

2154 599 2245 658 Ita
2268 597 2436 657 enim
2453 592 2856 671 intelligenda
2871 597 2963 652 est
2985 593 3240 652 assertio
3265 592 3515 671 posita,
3552 596 3665 648 ut
3702 608 3831 668 per

2154 708 2219 751 se
2246 696 2506 751 constat.
2542 690 2698 749 Nam
2726 686 2780 746 si
2799 687 2869 746 in
2895 685 3124 746 virtute
3146 686 3401 747 alterius
3421 684 3643 761 legis
3696 682 3825 742 fiat

2154 782 2453 861 exceptio,
2493 783 2627 860 jam
2652 797 2780 840 non
2807 778 2925 839 erit
2955 778 3208 856 epiikia‚
3240 778 3348 838 sed
3377 778 3525 856 jus·
3571 778 3689 836 Et
3724 777 3819 836 sic

2153 873 2561 952 intelligenda
2573 875 2718 932 sunt
2736 888 2873 950 quae
2891 875 3114 931 tractat
3135 870 3332 931 Felin.
3361 870 3436 929 in
3465 887 3648 947 cap.
3684 869 3817 930 Bae

2149 973 2347 1046 parce,
2390 965 2467 1027 de
2495 966 2778 1038 Constit.,
2810 982 2876 1024 n.
2926 966 2987 1038 t,
3029 981 3190 1024 vers.
3229 963 3635 1040 Recepistie,
3678 961 3811 1021 ubi

2153 1060 2242 1120 ait
2267 1059 2507 1120 ratione
2538 1056 2794 1138 periculi
2820 1056 3097 1118 validum
3117 1073 3248 1117 esse
3268 1060 3499 1115 actum
3534 1060 3806 1115 contra

2152 1152 2419 1213 formam
2461 1152 2764 1225 mandati,
2807 1150 2875 1209 in
2926 1149 3255 1210 omissione
3306 1147 3590 1209 consilii
3614 1164 3645 1223 ;
3698 1149 3799 1207 ita

2154 1247 2324 1307 enim
2346 1246 2416 1306 in
2443 1246 2588 1323 jure
2615 1243 2946 1304 fundatum
2971 1247 3086 1318 est,
3113 1242 3183 1301 in
3209 1260 3261 1303 c.
3303 1241 3527 1315 unic„
3569 1240 3615 1320 ξ
3652 1240 3791 1300 ult.

2154 1340 2243 1399 Ne
2269 1339 2396 1399 sed.
2422 1356 2667 1412 vacan„
2698 1336 2766 1396 in
2799 1337 2861 1396 6.
2895 1337 2972 1396 Et
3013 1334 3093 1395 ad
3126 1332 3421 1396 eumdem
3469 1333 3794 1395 modum

2154 1438 2298 1493 sunt
2316 1431 2548 1493 similes
2569 1429 2955 1509 exceptiones
2974 1428 3394 1489 admittendae.

2233 1528 2295 1587 6.
2340 1525 2671 1587 Discinotio
2707 1525 2868 1585 inter
2899 1521 3368 1602 prohibitionem
3409 1526 3470 1582 ot
3513 1521 3789 1583 irrita-

2155 1618 2391 1681 tiam.
2419 1649 2505 1663 —
2530 1618 2605 1677 Et
2644 1616 2734 1677 ita
2766 1632 3133 1694 responsum
3170 1618 3263 1675 est
3302 1614 3383 1674 ad
3412 1614 3785 1675 rationem

2156 1708 2481 1770 dubitandi
2512 1708 2579 1768 in
2612 1706 2913 1787 principio
2950 1706 3135 1785 hujus
3162 1706 3380 1786 puncti
3412 1705 3775 1784 positam3

2154 1807 2421 1881 negatur
2464 1801 2632 1861 enim
2685 1799 3086 1879 aequiparatio
3140 1799 3305 1860 inter
3354 1797 3780 1877 prohibitio-

2154 1913 2301 1956 nem
2337 1900 2401 1955 et
2441 1893 2877 1967 irritationem,
2920 1892 3069 1971 quia
3118 1891 3454 1970 prohibitio
3500 1896 3776 1952 natura

2152 2004 2266 2046 sua
2292 1986 2563 2047 admittit
2601 1985 3058 2046 excusationem
3090 1984 3189 2046 vel
3220 1984 3616 2062 ignorantiae
3652 1984 3771 2044 vel

2153 2080 2403 2142 moralis
2444 2082 2822 2160 impotentiae
2853 2126 2872 2156 ‚
2926 2086 2989 2140 et
3028 2080 3168 2141 ideo
3200 2080 3267 2139 in
3301 2098 3449 2139 casu
3499 2078 3763 2139 morali

2148 2172 2503 2252 frequenter
2534 2177 2726 2233 caesat
2750 2188 2770 2249 ;
2807 2190 2956 2232 nam
2985 2170 3056 2252 (si
3078 2171 3218 2251 quis
3246 2176 3411 2231 recte
3439 2169 3763 2230 conside-

2148 2266 2265 2342 ret)
2314 2266 2443 2326 fere
2490 2264 2558 2325 in
2609 2265 2781 2325 omni
2833 2264 3341 2344 interpretatione
3394 2262 3566 2341 legis
3628 2280 3761 2341 per

2148 2359 2443 2438 epiikiam
2465 2359 2716 2420 moralis
2738 2358 3019 2438 quaedam
3044 2357 3413 2436 impotentia
3445 2357 3756 2417 interve-

2148 2452 2263 2513 nit.
2290 2453 2554 2513 Irritatio
2580 2470 2727 2513 vero
2755 2470 2884 2511 non
2905 2450 3193 2511 fundatur
3215 2450 3287 2509 in
3306 2449 3747 2527 obligatione,

2147 2563 2262 2605 nec
2293 2545 2556 2623 requirit
2581 2544 2983 2620 voluntatem,
3023 2543 3126 2604 vel
3157 2548 3524 2621 potestatem
3565 2542 3746 2601 suh·

2148 2638 2294 2712 diti,
2343 2639 2449 2698 sed
2496 2639 2701 2717 potius
2747 2637 2989 2699 inducit
3029 2635 3449 2714 impotentiam
3479 2653 3744 2711 quam-

2148 2732 2316 2806 dam,
2356 2730 2455 2791 vel
2493 2730 2951 2791 inhabilitatem
2979 2729 3049 2790 in
3074 2728 3200 2804 illo,
3226 2729 3356 2806 ipso
3383 2729 3584 2788 etiam
3618 2728 3740 2788 iu-

2147 2824 2276 2885 vito
2303 2868 2325 2899 ,
2383 2842 2523 2903 quae
2574 2842 2687 2904 per
2738 2824 2932 2885 solam
2976 2821 3430 2883 excusationem
3475 2821 3730 2881 auferri

2146 2934 2273 2977 non
2295 2922 2517 2995 potest.
2543 2916 2774 2978 Deinde
2800 2917 2870 2977 in
2894 2914 3135 2994 legibus
3159 2914 3526 2994 simpliciter
3550 2932 3722 2992 prae-

2147 3009 2515 3088 cipientibus
2554 3009 2656 3070 vel
2708 3008 3201 3088 prohibentibuS,
3258 3025 3388 3067 non
3434 3013 3521 3067 ω
3573 3013 3711 3066 tam

2146 3102 2490 3165 necessaria
2534 3101 2615 3163 ad
2660 3120 2988 3164 commune
3030 3101 3269 3162 bonum
3319 3099 3713 3162 uniformitas

2146 3197 2213 3257 in
2258 3196 2682 3257 observatione
2728 3196 2905 3274 legis,
2951 3196 3105 3275 quin
3154 3194 3476 3256 moraliter
3524 3197 3710 3274 possit

2145 3309 2305 3369 saepe
2333 3291 2623 3370 expedire
2659 3308 2787 3351 non
2814 3290 3134 3352 observare
3161 3290 3365 3369 legem
3395 3307 3417 3366 3
3459 3291 3526 3350 in
3557 3291 3707 3370 legi·

2145 3382 2260 3442 bus
2300 3387 2510 3444 autem
2542 3382 3001 3462 imponentibus
3039 3383 3309 3444 formam
3339 3383 3702 3443 substantia-

2146 3475 2271 3536 lem
2292 3520 2313 3552 ,
2349 3477 2447 3537 vel
2482 3475 2918 3536 inducentibus
2972 3475 3453 3552 inhabilitatem,
3510 3479 3701 3554 mag-is

2146 3569 2489 3629 necessaria
2506 3575 2599 3629 est
2616 3568 3030 3645 uniformitas,
3057 3569 3207 3647 quia
3229 3569 3542 3631 ordinarie
3562 3577 3701 3630 sunt

2146 3661 2483 3740 graviores,
2513 3666 2576 3722 et
2601 3660 2668 3721 in
2695 3679 2913 3723 earum
2938 3663 3422 3740 transgressione
3452 3669 3545 3723 est
3575 3682 3698 3724 ma-

2138 3754 2243 3833 jus
2287 3752 2631 3833 periculum
2650 3799 2671 3829 ,
2712 3759 2776 3814 et
2819 3755 2961 3815 ideo
3004 3754 3206 3834 magis
3245 3755 3496 3835 expedit
3538 3755 3694 3816 bono

2144 3846 2462 3909 communi
2483 3846 2649 3925 quod
2675 3846 3114 3908 inviolabiliter
3140 3855 3481 3923 serventur,
3509 3868 3690 3927 quam

2144 3941 2307 4020 quod
2335 3941 2403 3999 in
2439 3957 2566 4000 uno
2592 3939 2692 4000 vel
2722 3938 2845 3999 alio
2885 3956 3030 4000 casu
3071 3939 3324 4019 aliquod
3363 3941 3683 4001 incommo-

2144 4032 2295 4092 dum
2322 4032 2573 4092 vitetur.

2221 4127 2280 4186 7.
2325 4125 2421 4185 Ad
2459 4122 2739 4203 regulam
2779 4141 2819 4184 a
2857 4123 3069 4185 Felino
3109 4125 3399 4204 positam,
3431 4124 3562 4185 dico
3585 4125 3682 4186 vel

2141 4222 2299 4278 esset
2337 4216 2804 4295 intelligendam
2839 4217 2918 4277 de
2953 4216 3194 4294 legibus
3229 4235 3358 4278 non
3401 4218 3682 4279 irritanti-

2139 4309 2254 4369 bus
2287 4309 2419 4387 ipso
2456 4310 2618 4388 jure,
2662 4308 2769 4369 sed
2797 4308 3291 4388 proecipientibus
3334 4310 3563 4370 irritari
3590 4329 3681 4371 ac-

2136 4407 2270 4461 tum
2313 4401 2491 4462 aliter
2530 4402 2767 4461 factum
2781 4445 2802 4476 ,
2834 4407 2983 4461 tunc
3023 4401 3194 4462 enim
3233 4419 3377 4462 cum
3417 4409 3582 4463 actus
3604 4405 3680 4464 sit

2136 4494 2398 4570 validuS,
2438 4494 2583 4555 licet
2621 4494 2875 4555 fortasse
2920 4493 3319 4574 prohibeatur
3360 4495 3519 4571 fieri,
3564 4515 3680 4557 non

2137 4593 2229 4649 est
2246 4588 2478 4648 mirum
2499 4587 2666 4666 quod
2685 4604 2797 4666 per
2814 4586 3109 4666 epiikiam
3128 4588 3320 4665 possit
3345 4587 3510 4648 licite
3528 4587 3673 4649 fieri.

2135 4682 2291 4741 Nam
2305 4685 2455 4740 tunc
2473 4697 2660 4758 penes
2682 4678 2957 4757 judicem
2976 4678 3096 4738 crit
3114 4680 3468 4755 arbitrium,
3498 4698 3574 4741 an
3597 4682 3676 4741 ir-

2134 4773 2414 4834 ritandus
2439 4772 2519 4832 sit
2538 4777 2751 4850 postea
2771 4770 2912 4832 talis
2937 4777 3131 4846 actus,
3156 4790 3299 4833 cum
3318 4791 3394 4834 ex
3418 4791 3676 4837 necessa-

2136 4866 2232 4926 ria
2274 4864 2591 4925 occasione
2629 4864 2819 4925 fuerit
2855 4863 3075 4926 factus.
3136 4865 3249 4925 Vel
3293 4873 3459 4928 certe
3504 4869 3554 4927 si
3587 4868 3672 4928 illi

2135 4962 2413 5018 auctores
2430 4957 2866 5036 loquunturssde
2887 4963 3028 5018 actu
3049 4957 3228 5018 irrito
3250 4958 3386 5038 ipso
3404 4958 3555 5020 facto
3574 4979 3673 5039 per

2135 5050 2337 5129 legem
2366 5095 2386 5125 ,
2429 5049 2630 5111 solum
2664 5049 2918 5111 habebit
2960 5050 3166 5111 locum
3216 5068 3436 5113 corum
3477 5052 3669 5130 regula

2134 5144 2382 5224 quando
2404 5144 2669 5205 irritatio
2703 5161 2831 5204 non
2871 5149 2963 5205 est
2995 5144 3297 5221 absoluta,
3335 5147 3445 5207 sed
3482 5147 3670 5207 condi-

2131 5237 2402 5313 tionalis,
2446 5243 2517 5297 ut
2542 5236 2695 5299 solet
2726 5255 2853 5299 esse
2884 5237 3133 5317 quando
3169 5238 3583 5318 principaliter
3602 5239 3668 5300 fit

2132 5331 2199 5391 in
2225 5331 2499 5392 favorem
2529 5329 2787 5410 alicujus
2815 5331 3070 5410 privatae
3099 5348 3401 5411 personoe,
3426 5350 3555 5410 quae
3583 5334 3666 5393 in-

2132 5425 2325 5485 cludit
2367 5425 2807 5500 conditionem,
2856 5426 2908 5486 si
2953 5425 3061 5486 illa
3097 5444 3225 5485 non
3272 5428 3517 5487 cesserit
3549 5428 3662 5506 juri

2130 5535 2264 5596 suo,
2295 5516 2393 5580 vel
2416 5518 2468 5579 si
2494 5519 2670 5581 cedat
2694 5519 2763 5581 in
2793 5517 2961 5581 illius
2984 5519 3467 5583 incommodum.
3504 5522 3572 5583 Et
3587 5521 3663 5581 ita
