3976 6219
554 399 631 459 80

549 504 675 563 lam
703 506 997 584 temporis
1029 503 1523 565 diuturnitatem.
1576 501 1662 559 Eo
1687 499 1785 559 vel
1816 501 2108 575 maxime,

550 598 712 674 quod
734 616 872 657 cum
901 599 1000 658 lex
1029 615 1157 658 esse
1175 596 1393 656 debeat
1424 592 1810 653 rationabilis
1829 599 1890 653 et
1919 593 2109 671 justa,

549 708 870 768 nunquam
910 690 1264 766 praescribet
1316 693 1555 748 certum
1599 687 1936 746 terminum
1987 704 2112 746 suae

549 783 912 858 durationis,
943 784 1064 844 nisi
1091 784 1239 862 quia
1278 782 1344 840 in
1372 780 1478 840 illo
1510 779 1794 852 termine,
1830 797 1938 838 seu
1986 778 2112 839 fine

549 875 841 953 temporis
871 876 1128 937 cessabit
1154 873 1253 935 vel
1276 873 1518 950 justitia
1560 872 1736 948 18313,
1790 871 1889 932 vel
1925 873 2113 950 potis-

548 967 705 1027 sima
731 969 910 1044 ratio,
942 985 1081 1047 quae
1112 966 1306 1026 movit
1333 964 1745 1042 legislatorem
1773 963 1851 1022 ad
1874 981 2109 1041 ponen-

547 1059 693 1119 dam
744 1060 953 1136 illam,
1013 1066 1076 1121 et
1122 1060 1210 1119 ita
1258 1075 1575 1136 nunquam
1618 1056 1814 1116 oritur
1861 1057 2106 1135 proprie

549 1151 808 1212 mutatio
838 1171 913 1213 ex
947 1151 1076 1212 solo
1103 1150 1397 1229 temporis
1428 1149 1710 1223 decursu,
1748 1147 1852 1208 sed
1892 1166 1969 1208 ex
1996 1148 2107 1207 ali-

548 1261 672 1322 qua
698 1243 823 1304 alia
849 1244 1214 1318 mutatione,
1232 1259 1368 1321 quae
1388 1259 1529 1301 cum
1548 1241 1655 1301 illo
1683 1241 2102 1319 conjungitur.

628 1337 689 1396 2.
737 1336 1014 1399 Secunda
1043 1335 1799 1399 asserum—Mutationem
1821 1334 1972 1412 leyis
1999 1334 2108 1395 da-

541 1429 788 1508 pliciter
826 1431 1086 1493 aee-idere
1104 1447 1298 1509 posse,
1330 1429 1420 1490 vel
1444 1445 1556 1506 per
1592 1428 1883 1502 defectum
1913 1444 2110 1489 eaueoe

547 1521 972 1595 conservantis,
997 1523 1088 1584 vel
1103 1540 1213 1601 per
1232 1522 1520 1584 actionem
1539 1520 1834 1581 contrarii
1847 1519 2101 1597 agentis.

545 1647 627 1660 -
654 1614 956 1691 Secunde,
993 1615 1322 1676 dicendum
1370 1619 1461 1675 est
1499 1612 1908 1673 mutationem
1953 1611 2108 1690 legis

545 1706 871 1785 dupliciter
889 1707 1166 1768 accidere
1200 1725 1397 1786 posse.
1431 1707 1567 1766 Uno
1596 1704 1779 1765 modo
1802 1704 1975 1783 quasi
2027 1704 2107 1764 ab

544 1800 880 1860 intrinseco
903 1818 981 1861 ex
999 1800 1242 1861 defectu
1274 1799 1569 1872 materiae,
1607 1816 1713 1858 seu
1743 1815 1941 1857 causae
1965 1815 2109 1857 con-

544 1892 866 1952 servantiS.
884 1892 1186 1966 Secundo,
1208 1891 1286 1952 ub
1303 1891 1644 1953 extrinseco
1663 1908 1774 1969 per
1795 1890 2103 1950 actionem

546 1985 842 2044 contrarii
882 1985 1156 2061 agentis3
1187 2002 1325 2063 quae
1368 1983 1619 2044 assertio
1662 1999 1787 2042 non
1833 1986 1926 2041 est
1962 1981 2104 2041 uni-

542 2077 860 2137 versaliter
887 2076 1267 2154 accipienda,
1294 2077 1382 2137 ita
1409 2081 1480 2135 ut
1503 2093 1712 2135 sensus
1742 2074 1822 2134 sit
1855 2093 2105 2136 omnem

543 2168 746 2247 legem
776 2187 905 2229 esse
937 2166 1298 2228 mutabilem
1328 2167 1422 2227 his
1462 2167 1681 2241 modiS,
1709 2166 1853 2245 quia
1872 2184 1999 2227 non
2018 2167 2106 2227 ita

543 2266 634 2320 est
665 2259 916 2339 :aliqua
956 2259 1124 2320 enim
1172 2277 1304 2321 esse
1347 2265 1544 2338 potest
1571 2258 1999 2334 immutabilis,
2044 2264 2106 2319 et

541 2351 750 2431 aliqua
781 2357 979 2430 potest
1007 2352 1239 2411 mutari
1262 2370 1389 2412 uno
1413 2351 1619 2426 mode,
1664 2357 1726 2411 81
1769 2369 1895 2411 non
1923 2351 2047 2411 alio
2084 2369 2101 2412 ι

542 2444 740 2504 solum
768 2461 916 2522 ergo
949 2443 1268 2504 indefinite
1297 2442 1585 2518 dicimus,
1624 2444 1691 2502 in
1720 2442 1856 2520 1838
1873 2443 2104 2504 11811818

541 2536 744 2596 locum
773 2535 880 2596 illo
922 2535 1076 2595 duos
1104 2534 1318 2594 modos
1349 2535 1729 2596 mutationis,
1776 2534 1852 2594 Et
1884 2535 1971 2594 ita
1999 2536 2102 2596 dc-

541 2627 764 2688 clarari
783 2632 984 2706 potest
1009 2627 1233 2705 primo,
1258 2627 1404 2704 quia
1427 2627 1528 2687 lex
1567 2645 1631 2687 se
1654 2626 1843 2687 habet
1869 2626 1948 2686 ad
1971 2645 2103 2688 mo-

542 2720 692 2779 dum
743 2718 1061 2796 cujusdam
1125 2719 1453 2779 accidentis
1472 2763 1492 2793 ,
1549 2727 1854 2796 quatenus
1899 2725 1992 2779 est
2033 2720 2101 2779 in

542 2810 824 2885 subditis,
854 2809 953 2870 vel
981 2809 1117 2870 illos
1147 2809 1400 2888 obligat,
1420 2828 1528 2870 seu
1550 2809 1855 2871 debitores
1878 2813 2101 2872 consti-

542 2904 663 2963 tuit
704 2925 719 2961 z
753 2901 1031 2963 accidens
1078 2908 1289 2963 autem
1339 2902 1458 2962 illis
1499 2901 1740 2963 duobus
1786 2903 1983 2963 modis
2032 2905 2100 2964 in

540 2994 814 3074 generali
835 2994 1059 3053 mutari
1094 2993 1316 3073 potest,
1350 2999 1459 3054 aut
1478 2994 1733 3069 destrui,
1773 3001 1843 3055 ut
1865 3002 2101 3057 constat

539 3106 613 3149 ex
643 3086 1026 3165 philosophia
1058 3103 1073 3147 ε
1122 3087 1289 3148 idem
1319 3105 1466 3166 ergo
1508 3087 1628 3148 erit
1672 3106 1814 3149 cum
1843 3107 2098 3169 propor-

535 3184 704 3241 tione
723 3182 789 3240 in
811 3180 970 3258 lege.
994 3180 1296 3255 Secund0,
1327 3180 1623 3259 probatur
1645 3181 2012 3243 declarando
2030 3184 2098 3243 in

536 3272 892 3352 particulari
918 3277 1252 3352 utrumque
1275 3274 1628 3335 membrum
1655 3296 1669 3333 ε
1698 3275 1855 3336 18110
1874 3276 2099 3353 prioris

537 3365 800 3427 membri
849 3369 962 3439 est,
1011 3365 1157 3442 quia
1199 3365 1301 3426 181
1335 3366 1596 3443 requirit
1626 3385 1874 3428 causam
1920 3368 2096 3447 quasi

536 3456 946 3530 materialem,
977 3456 1138 3516 circa
1174 3475 1365 3535 quam
1400 3463 1699 3533 versetur,
1748 3464 1810 3519 et
1855 3460 1993 3519 ideo
2043 3460 2095 3520 si

536 3550 645 3612 illa
663 3551 841 3625 desit,
860 3548 1118 3611 cessabit
1135 3550 1430 3628 obligatio
1453 3551 1646 3629 legis:
1670 3557 1739 3612 ut
1763 3551 1814 3612 si
1839 3553 2094 3613 omnino

535 3643 763 3704 subditi
815 3642 1038 3717 desint,
1086 3642 1346 3704 cessabit
1391 3643 1684 3722 obligatio
1733 3644 1908 3723 18313,
1951 3645 2097 3706 11881

537 3737 670 3815 ipsa
696 3736 885 3815 possit
911 3753 1161 3796 manere
1186 3736 1255 3795 in
1290 3741 1496 3796 mente
1529 3736 1893 3814 legislatoris
1925 3759 1939 3797 ε
1987 3739 2091 3798 38(1

535 3828 669 3889 haec
698 3829 962 3888 mutatio
999 3827 1156 3887 nihil
1195 3827 1273 3887 ad
1320 3828 1617 3888 moralem
1659 3829 2092 3890 consideratio-

536 3938 683 3981 nem
705 3920 914 3981 refert.
954 3920 1154 3980 Habet
1203 3920 1391 3980 etiam
1417 3920 1519 3980 lex
1553 3938 1799 3981 causam
1828 3921 2093 3982 efficien-

534 4021 686 4087 tem,
713 4019 775 4075 et
801 4032 880 4074 ex
922 4013 1038 4073 hac
1065 4018 1238 4092 parte
1287 4013 1440 4073 solet
1483 4012 1736 4074 effectus
1785 4013 2086 4090 desinere,

533 4125 642 4167 seu
660 4106 889 4166 mutari
908 4123 1017 4184 per
1035 4105 1496 4183 suspensionem
1514 4104 1812 4181 influxus,
1839 4123 1947 4167 seu
1960 4124 2090 4167 11011

530 4201 1059 4260 conservationem
1114 4215 1313 4257 causae
1358 4197 1718 4275 efficientis;
1757 4199 1903 4277 quia
1942 4217 2089 4260 vero

530 4291 801 4353 efficiens
827 4308 1011 4351 causa
1037 4289 1213 4367 18313,
1244 4294 1428 4367 prout
1454 4296 1547 4350 est
1577 4289 1646 4349 in
1673 4290 1955 4367 subditis,
1980 4310 2091 4352 seu

531 4391 705 4445 extra
742 4383 1180 4461 legislatorem,
1219 4399 1346 4441 non
1374 4387 1466 4442 est
1508 4382 1631 4442 nisi
1678 4383 1961 4444 voluntas
2000 4385 2090 4446 le-

528 4475 853 4554 gislatoris,
907 4491 1044 4552 quae
1087 4473 1302 4534 eadem
1348 4491 1735 4552 perseverare
1781 4481 2086 4552 censetur,

526 4568 828 4647 quamdiu
853 4566 1161 4627 contraria
1182 4583 1309 4625 non
1333 4566 1691 4641 intervenit,
1719 4566 1857 4627 ideo
1886 4574 2089 4628 muta-

524 4661 761 4721 tionem
795 4658 949 4736 legis
987 4675 1064 4718 ex
1093 4662 1268 4735 parte
1308 4673 1507 4717 causae
1555 4658 1876 4719 efficientis
1924 4678 2089 4721 com-

524 4751 966 4832 prehendimus
1009 4749 1124 4809 sub
1152 4748 1282 4824 illa,
1320 4768 1457 4829 quoe
1508 4749 1581 4810 fit
1632 4769 1744 4830 per
1779 4753 2089 4815 actionem

523 4846 915 4907 contrariam.
962 4843 1237 4921 Denique
1273 4842 1462 4905 habet
1507 4843 1609 4904 lex
1649 4862 1898 4906 88838111
1929 4846 2089 4908 fina-

520 4940 669 5015 lem,
703 4944 764 4999 et
783 4956 860 4999 ex
887 4937 1003 4997 hac
1028 4940 1201 5016 parte
1231 4936 1502 4997 maxime
1529 4943 1813 4998 censetur
1831 4937 1930 4999 181
1960 4958 2088 5001 883-

523 5050 677 5107 3818,
713 5050 822 5092 388
839 5030 1070 5092 mutari
1097 5028 1175 5089 ab
1200 5028 1534 5090 intrinseco
1561 5047 1638 5090 ex
1666 5029 1907 5091 defectu
1943 5050 2087 5093 cau-

522 5143 605 5185 381
628 5123 854 5198 finalis,
891 5124 959 5183 in
1006 5140 1130 5201 qua
1172 5121 1441 5183 maxime
1464 5122 1651 5183 habet
1669 5122 1875 5184 locum
1903 5124 2080 5201 illud,

524 5216 803 5279 Cessante
829 5232 1036 5289 eausa,
1079 5219 1256 5276 cesset
1283 5216 1552 5293 effeetus,
1610 5231 1742 5294 cap.
1807 5214 2085 5279 Cessante

517 5309 595 5369 de
623 5307 928 5385 Appellat.
975 5307 1418 5366 Verumtamen
1471 5307 1574 5366 hic
1621 5308 1840 5367 modus
1880 5314 2082 5367 muta-

515 5401 703 5461 tionis
734 5399 1004 5459 maxime
1026 5397 1211 5457 habet
1234 5397 1438 5458 locum
1457 5398 1522 5458 in
1535 5398 1777 5477 legibus
1805 5401 2082 5477 positivis

516 5492 833 5570 humanis,
865 5490 1017 5572 quia
1037 5490 1105 5551 in
1131 5491 1397 5553 naturali
1424 5509 1553 5552 non
1584 5493 1829 5555 videtur
1849 5492 2078 5556 11811818

1542 400 1659 451 LlB.
1694 401 1733 451 1.
1772 400 1851 451 DE
1885 399 2138 451 NATURA
2169 400 2346 454 LEGIS
2378 402 2441 454 IN
2474 402 2767 455 commum.

2187 502 2417 577 locum,
2441 503 2602 563 etde
2619 502 2832 564 divina
2857 502 3121 582 positiva
3148 507 3239 562 est
3257 520 3355 562 res
3378 501 3492 562 sub
3511 509 3745 563 contro·
3819 513 3824 517 ”

2187 596 2406 670 versia,
2438 601 2499 654 et
2516 595 2655 654 ideo
2678 595 2745 654 in
2774 594 3030 672 singulis
3053 595 3275 654 melius
3298 593 3738 672 explicabitur:

2186 687 2344 747 ratio
2369 706 2513 748 vero
2541 688 2792 748 alterius
2825 687 3015 766 partis
3063 698 3176 762 est,
3202 687 3349 766 quia
3389 687 3490 747 lex
3525 688 3745 767 accipit

2186 797 2367 840 suum
2397 798 2547 855 esse,
2596 786 2658 840 et
2706 780 2834 840 vim
2885 779 3199 858 obligandi
3229 798 3342 858 per
3364 779 3745 840 voluntatem

2184 871 2551 949 legislatoris
2579 889 2595 932 ε
2633 889 2780 950 8130
2808 890 2918 951 per
2945 872 3317 932 contrariam
3365 872 3744 933 voluntatem

2185 964 2415 1026 auferri
2457 964 2703 1044 poterit,
2751 964 2896 1042 quia
2928 965 3334 1043 supponimus
3379 983 3504 1024 11011
3541 966 3744 1026 deesse

2186 1062 2572 1134 potestatem,
2605 1074 2750 1117 cum
2772 1056 2880 1117 illa
2922 1057 3001 1117 sit
3027 1057 3244 1117 eadem
3286 1057 3355 1117 in
3399 1056 3743 1134 legislatore

2183 1148 2261 1209 ad
2288 1155 2620 1228 utrumque
2646 1155 2877 1225 actum,
2914 1150 3227 1228 supposita
3244 1150 3581 1228 capacitate
3614 1167 3739 1209 ma·

2183 1242 2371 1316 teriae‚
2402 1247 2474 1302 81
2500 1242 2700 1320 magis
2742 1259 2820 1302 ex
2868 1242 3267 1321 sequentibus
3302 1241 3731 1304 declarabitur.

2264 1335 2323 1394 3.
2358 1334 2569 1397 Tertia
2586 1335 3156 1413 asserum—Leaena
3178 1352 3348 1413 posse
3373 1336 3625 1409 mutari,
3657 1336 3742 1396 vel

2180 1444 2289 1505 per
2307 1427 2661 1489 ablationem
2683 1426 2880 1503 illias,
2904 1427 2995 1488 vel
3010 1444 3121 1505 per
3138 1426 3474 1505 inm-essum
3493 1427 3742 1489 alteriue

2184 1520 2290 1598 qui
2333 1519 2510 1580 illam
2539 1519 2878 1597 eoetinyuat.
2912 1551 2995 1565 —
3021 1519 3248 1592 Tertio,
3293 1518 3557 1579 dicimus
3584 1519 3742 1579 hanc

2184 1613 2340 1691 18313
2385 1613 2792 1674 mutationem
2842 1613 3156 1674 interdum
3198 1631 3327 1674 esse
3375 1632 3549 1692 posse
3591 1632 3741 1693 pure

2184 1705 2540 1781 ablativam,
2561 1725 2669 1767 seu
2697 1708 3117 1785 corruptivam
3145 1724 3255 1785 per
3285 1723 3385 1782 se;
3412 1707 3740 1785 aliquando

2183 1817 2327 1859 vero
2351 1816 2481 1859 esse
2499 1817 2670 1877 posse
2690 1816 2800 1877 per
2821 1799 3077 1859 modum
3098 1798 3518 1878 generationis
3534 1799 3737 1873 unius,

2183 1909 2322 1969 quae
2370 1891 2449 1950 sit
2494 1891 2805 1968 corruptio
2855 1891 3127 1951 alterius
3175 1891 3551 1965 Declaratur,
3596 1891 3741 1968 quia

2183 1983 2513 2062 imprimiS,
2545 1984 2783 2062 quoties
2817 1984 3077 2043 mutatio
3105 1983 3261 2060 legis
3299 1982 3371 2043 fit
3414 2000 3526 2060 per
3551 1982 3739 2042 solam

2182 2076 2613 2150 mutationem,
2643 2075 2742 2136 vel
2782 2075 3088 2136 defectum
3143 2092 3341 2135 causae
3389 2074 3739 2134 necessariae

2182 2170 2259 2230 ad
2286 2170 2813 2229 conservationem
2838 2169 2995 2246 ejuS,
3014 2173 3163 2229 tunc
3182 2174 3275 2229 est
3290 2185 3461 2229 mera
3489 2167 3737 2228 cessatio

2179 2261 2334 2339 legis
2375 2279 2486 2339 per
2511 2261 2849 2322 carentiam
2878 2260 3275 2339 obligationis
3316 2260 3469 2334 8183,
3508 2259 3738 2338 absque

2179 2354 2630 2415 introductione
2666 2354 2917 2414 alterius
2950 2353 3366 2432 obligationis,
3408 2353 3565 2412 sicut
3605 2369 3737 2412 cor-

2178 2449 2492 2526 rumpitur
2515 2448 2730 2508 lumen
2773 2466 2885 2528 per
2912 2446 3254 2508 absentiam
3286 2446 3449 2506 solis.
3507 2445 3737 2506 Deinde

2180 2541 2423 2600 etiamsi
2442 2541 2692 2601 tollatur
2708 2540 2810 2601 lex
2834 2558 2943 2619 per
2960 2541 3342 2600 voluntatem
3363 2540 3738 2599 contrariam

2178 2632 2567 2711 legislatoris,
2589 2632 2853 2712 quivult
2874 2632 3075 2709 legem
3106 2649 3364 2706 cessare,
3383 2637 3530 2691 tunc
3550 2631 3738 2691 etiam

2177 2725 2367 2786 habet
2414 2725 2621 2786 locum
2653 2743 2814 2805 pura
2839 2725 3171 2785 subtractio
3207 2724 3384 2802 legis,
3432 2723 3580 2802 quia
3610 2741 3739 2783 non

2178 2827 2270 2879 est
2310 2837 2551 2880 necesse
2584 2819 2771 2879 aliam
2795 2818 3102 2878 introduci
3129 2818 3207 2878 ad
3235 2818 3455 2895 prioris
3483 2816 3741 2878 ablatio-

2178 2930 2342 2972 nem.
2382 2912 2551 2972 Unde
2573 2911 2721 2971 licet
2751 2912 2820 2971 in
2851 2929 2924 2971 80
2952 2910 3192 2971 dicatur
3217 2909 3318 2970 lex
3347 2909 3480 2969 tolli
3508 2926 3620 2988 per
3642 2927 3742 2969 88-

2173 3004 2405 3064 tionem
2455 3004 2828 3064 contrariam
2858 3002 3033 3081 quasi
3060 3003 3542 3077 immanentem,
3588 3003 3737 3080 quia

2174 3095 2459 3157 voluntas
2509 3095 2815 3158 contraria
2843 3095 3075 3156 versari
3111 3098 3311 3174 potest
3346 3095 3506 3154 circa
3541 3093 3736 3155 solam

2173 3189 2609 3268 privationem,
2634 3205 2741 3248 seu
2770 3187 3148 3248 ablationem
3174 3186 3349 3264 legis,
3378 3204 3504 3246 non
3527 3193 3737 3246 tamen

2173 3282 2413 3343 tollitur
2426 3300 2536 3361 per
2556 3281 2962 3341 mutationem
2981 3280 3352 3341 contrariam
3376 3278 3553 3358 quasi
3570 3285 3739 3339 tran-

2175 3382 2476 3450 seuntem,
2509 3374 2613 3435 sed
2649 3393 2758 3453 per
2802 3374 3211 3434 mutationem
3252 3373 3643 3452 privativam,
3675 3377 3741 3432 et

2171 3466 2506 3528 ablativam
2542 3467 2697 3544 legis
2728 3483 2744 3526 τ
2781 3466 2870 3526 118
2914 3483 3062 3544 8130
3090 3465 3235 3527 satis
3283 3469 3523 3525 constat
3561 3465 3739 3543 prius

2173 3559 2542 3621 membrum.
2615 3558 2918 3619 Posterius
2975 3563 3183 3618 autem
3236 3556 3440 3616 locum
3509 3555 3736 3630 habet,

2172 3652 2419 3731 quando
2440 3669 2567 3711 una
2592 3650 2693 3711 lex
2715 3649 2954 3710 tollitur
2978 3667 3089 3728 per
3114 3647 3632 3709 introductionem
3652 3646 3739 3706 al-

2168 3745 2361 3804 terius
2388 3743 2581 3823 priori
2609 3743 3033 3821 repugnantis,
3074 3748 3145 3802 ut
3174 3743 3230 3802 si
3250 3746 3622 3821 praeceptum
3640 3740 3740 3817 je·

2166 3835 2329 3913 junii
2364 3835 2612 3896 tollatur
2635 3880 2655 3911 ,
2712 3835 3090 3914 imponendo
3132 3839 3503 3913 praeceptum
3533 3850 3739 3893 come·

2176 3927 2364 3989 dendi
2385 3944 2653 4000 carnem,
2682 3933 2791 3987 aut
2817 3925 3005 3987 bisin
3026 3926 3149 3986 die.
3190 3927 3301 3987 Hic
3336 3926 3505 3986 enim
3532 3929 3739 3985 muta-

2169 4020 2356 4111 tion'u
2378 4019 2598 4080 modus
2615 4019 2821 4079 locum
2838 4018 3025 4079 habet
3045 4020 3114 4078 in
3132 4018 3392 4079 materia
3419 4017 3733 4093 mutabili,

2170 4117 2233 4172 et
2264 4130 2401 4191 quae
2428 4130 2595 4172 nunc
2620 4116 2819 4192 potest
2841 4129 2972 4173 esse
2994 4111 3187 4185 utilia,
3222 4117 3285 4171 et
3321 4116 3533 4190 postea
3563 4110 3737 4170 noci-

2169 4221 2248 4264 va
2275 4222 2291 4265 1
2323 4208 2386 4264 81
2408 4210 2557 4264 tunc
2586 4204 2638 4264 si
2662 4209 2965 4283 praecepta
2984 4204 3108 4264 sint
3133 4205 3463 4278 contraria,
3487 4219 3737 4263 necesse

2168 4300 2258 4356 est
2294 4300 2365 4355 ut
2392 4313 2593 4355 unum
2616 4295 2899 4356 excludat
2921 4294 3115 4369 aliud,
3142 4296 3383 4356 etiamsi
3411 4295 3475 4355 id
3503 4295 3737 4355 directe

2168 4405 2296 4447 non
2324 4387 2653 4466 exprimat,
2672 4388 2820 4466 quia
2837 4405 2966 4447 non
2986 4392 3239 4466 possunt
3256 4385 3444 4447 simul
3457 4385 3739 4464 obligare

2166 4479 2335 4557 leges
2361 4479 2704 4554 contrariae,
2733 4484 2805 4539 ut
2830 4497 2942 4558 per
2960 4497 3025 4540 se
3042 4483 3264 4539 notum
3295 4484 3407 4539 est.

2247 4573 2308 4632 4.
2358 4571 2593 4644 Quarta
2613 4572 2886 4633 assertio.
2916 4603 2998 4617 —
3017 4571 3417 4632 Mutationem
3454 4569 3608 4648 leyie
3643 4570 3740 4631 vel

2158 4680 2331 4741 posse
2370 4680 2490 4725 esee
2537 4662 2958 4740 universalem,
3006 4662 3098 4725 vel
3135 4661 3600 4741 particularem,
3642 4661 3743 4724 vel

2163 4754 2542 4833 simpliciter,
2569 4754 2660 4817 vel
2691 4756 3008 4818 secandam
3034 4754 3202 4834 qaid.
3227 4785 3309 4799 —
3328 4753 3583 4827 Quarta,
3624 4768 3742 4830 po-

2162 4851 2282 4906 test
2332 4844 2466 4906 haec
2512 4847 2778 4907 mutatio
2824 4847 2980 4924 legis
3016 4863 3147 4907 esse
3198 4844 3585 4919 universalis,
3634 4843 3743 4905 vel

2163 4938 2552 5018 particularis
2585 4945 2856 5015 tantum,
2893 4956 3004 5001 seu
3034 4944 3235 5018 potest
3279 4956 3410 4999 esse
3465 4936 3743 4997 mutatio

2164 5031 2547 5111 simpliciter,
2590 5033 2690 5093 vel
2739 5033 3084 5094 secundum
3106 5030 3274 5110 quid.
3308 5030 3565 5092 Mutatio
3591 5030 3743 5089 uni-

2165 5124 2415 5184 versalis
2445 5129 2507 5185 et
2531 5124 2892 5203 simpliciter
2939 5124 3080 5197 erit,
3127 5122 3373 5201 quando
3401 5122 3503 5182 lex
3531 5123 3600 5181 111
3641 5126 3743 5181 10-

2159 5222 2296 5277 tum
2325 5222 2386 5277 et
2434 5215 2795 5295 simpliciter
2824 5216 3085 5290 tollitur,
3113 5215 3177 5275 id
3206 5224 3318 5290 est,
3347 5220 3411 5275 et
3443 5219 3739 5293 respectu

2162 5310 2471 5385 omnium,
2518 5328 2627 5371 seu
2646 5311 2835 5371 totius
2862 5308 3323 5371 communitatis
3350 5326 3538 5387 quam
3573 5306 3741 5368 ohli-

2159 5402 2366 5479 gabat,
2412 5407 2474 5462 et
2501 5408 2785 5481 respectu
2838 5403 2932 5463 sui
2990 5418 3152 5476 esse,
3194 5417 3303 5460 seu
3353 5399 3735 5476 durationis,

2156 5493 2304 5573 quia
2328 5494 2688 5574 simpliciter
2732 5495 2998 5570 tollitur,
3029 5494 3117 5554 ita
3167 5497 3239 5553 ut
3282 5491 3552 5572 amplius
3599 5510 3742 5554 non
