3976 6219
493 398 641 461 ,538

521 520 748 584 pressa.
784 502 935 561 Item
957 505 1151 562 totam
1179 500 1517 562 efficaciam
1548 502 1724 582 ponit
1758 502 1824 562 in
1867 501 2087 563 volun-

521 602 648 656 tate
675 594 1037 671 legislatoris
1069 615 1082 653 τ
1134 593 1264 656 haec
1300 601 1509 656 autem
1541 596 1738 674 magis
1764 596 1992 656 resistit
2019 596 2086 656 in

521 687 935 769 prohibitione
963 705 1266 766 expressa.
1295 689 1570 767 Denique
1603 689 1742 749 ideo
1777 694 1948 749 actus
1974 707 2087 768 per

519 779 1003 841 fraudulentiam
1033 780 1231 841 factus
1258 787 1543 842 censetur
1571 782 1804 857 irritus,
1836 781 1982 861 quia
2009 799 2088 843 ex

522 872 679 951 16315
704 873 1019 934 voluntate
1051 879 1376 953 reputatur
1410 874 1585 953 quasi
1615 892 1895 955 expresse
1943 893 2087 953 pro-

522 964 755 1025 hibitus
781 980 801 1041 ;
855 983 1003 1043 ergo
1054 965 1319 1027 irritatio
1370 985 1482 1046 per
1529 985 1594 1028 se
1634 968 1836 1047 primo
1885 966 2086 1028 tendit

524 1056 603 1117 ad
626 1074 908 1135 expresse
936 1058 1269 1137 prohibita,
1301 1064 1364 1120 et
1387 1060 1737 1121 extenditur
1759 1060 1836 1120 ad
1876 1059 2087 1138 aliqua

523 1148 592 1209 in
642 1155 947 1228 quantum
1001 1157 1331 1212 censentur
1384 1152 1498 1212 sub
1540 1151 1636 1213 his
1672 1152 2085 1232 comprehen-

523 1259 612 1302 sa.
647 1243 900 1323 Semper
938 1262 1085 1322 ergo
1113 1250 1175 1306 et
1215 1251 1361 1306 ante
1393 1246 1607 1306 omnia
1641 1245 2086 1324 intelliguntur

524 1335 965 1414 comprehensa
991 1337 1105 1397 sub
1144 1338 1252 1398 illa
1286 1338 1445 1417 1636,
1478 1356 1616 1418 11661
1644 1345 1856 1400 666116
1885 1339 2088 1417 163661

524 1445 806 1507 expresse
833 1429 1264 1509 prohibentem
1309 1432 1492 1507 fiunt,
1533 1438 1596 1493 et
1621 1432 1700 1493 ad
1727 1433 1922 1493 instar
1952 1432 2089 1493 illo-

521 1538 665 1581 rum
695 1521 1087 1584 declarantur
1113 1525 1301 1585 etiam
1328 1525 1504 1585 irrita
1531 1543 1669 1604 quae
1700 1544 1811 1605 per
1838 1525 2089 1585 fraudu-

522 1613 781 1674 lentiam
810 1614 991 1676 fiunt.
1040 1618 1116 1677 Et
1158 1618 1298 1678 ideo
1341 1619 1569 1679 iterum
1616 1618 1681 1677 16
1712 1617 1929 1679 6611616
1950 1617 2089 1695 1636

522 1707 821 1784 repetitur
846 1708 1067 1770 inutile
1104 1728 1232 1771 esse
1279 1711 1501 1772 debere
1544 1710 1709 1789 quod
1735 1710 1968 1771 factum
1997 1716 2089 1771 est

524 1804 737 1861 contra
768 1800 973 1879 legem
1012 1802 1467 1883 prohibentem,
1509 1805 1749 1865 etiamsi
1775 1803 2090 1882 legislator

523 1891 910 1971 prohibuerit
937 1902 1205 1971 tantum,
1233 1901 1296 1957 et
1322 1914 1449 1958 non
1467 1897 1811 1977 specialiter
1833 1897 2083 1972 dixerit,

523 1986 576 2045 si
599 1986 748 2065 quid
775 2002 990 2050 contra
1016 1988 1147 2066 fiat,
1176 1990 1394 2051 inutile
1430 2008 1558 2051 esse
1592 1990 1835 2051 debere.
1868 1992 1945 2050 Et
1972 1991 2086 2051 ite-

523 2096 667 2138 rum
706 2082 1062 2160 praecipitur
1099 2088 1171 2143 111
1217 2084 1382 2162 quod
1442 2084 1630 2145 fuerit
1692 2084 2086 2144 subsecutum

525 2188 603 2232 ex
628 2190 701 2232 66
732 2174 894 2251 quod
932 2175 1068 2254 lege
1096 2176 1501 2238 interdicente
1541 2177 1774 2238 factum
1812 2182 1925 2252 est,
1957 2194 2087 2237 cas·

523 2281 663 2324 sum
690 2271 753 2326 et
783 2266 1001 2327 inutile
1029 2268 1128 2329 sit.

604 2360 664 2418 6.
708 2360 785 2418 lit
814 2360 899 2420 ita
926 2362 1114 2421 etiam
1160 2362 1545 2423 concluditur
1578 2363 1736 2424 ratio
1762 2362 1951 2441 hujus
1992 2362 2089 2422 in-

524 2453 1003 2531 terpretationis,
1025 2455 1172 2533 quia
1214 2462 1461 2536 propter
1486 2456 1653 2535 quod
1697 2456 2090 2534 unumquod-

525 2561 646 2621 que
673 2543 820 2620 1616,
864 2553 925 2607 61
950 2546 1104 2608 111611
1147 2549 1387 2626 166315;
1422 2550 1528 2609 5611
1554 2548 1852 2627 implicite
1878 2548 2088 2627 prohi-

522 2635 653 2698 bita
674 2639 998 2700 irritantur
1022 2660 1133 2721 per
1158 2641 1318 2703 11666
1340 2642 1567 2720 1636111,
1598 2643 1745 2721 quia
1768 2643 2088 2702 continen-

521 2734 628 2789 tur
679 2731 748 2790 in
802 2750 1085 2811 expressa
1131 2735 1549 2814 prohibitione
1597 2753 1613 2796 :
1677 2753 1826 2813 ergo
1889 2733 2087 2795 multo

523 2823 724 2900 magis
752 2842 860 2902 per
890 2826 1175 2888 eamdem
1215 2828 1418 2906 legem
1447 2828 1771 2889 irritantur
1803 2844 2086 2905 expresse

521 2915 854 2994 prohibita.
886 2919 1094 2996 Neque
1126 2921 1447 2981 contrariae
1492 2920 1814 2980 sententiae
1860 2920 2084 2980 funda·

523 3013 807 3069 mentum
832 3011 1177 3090 quidquam
1199 3019 1406 3091 urget,
1428 3013 1576 3092 quia
1594 3013 1698 3074 1116
1723 3031 1935 3074 5665115
1958 3031 2083 3074 666

523 3100 732 3163 1111665
769 3101 1078 3181 colligitur
1125 3124 1202 3166 ex
1242 3106 1534 3184 originali
1574 3105 1709 3185 lege
1756 3105 2085 3168 Theodosii

522 3214 712 3274 qnam
753 3215 830 3258 cx
866 3200 1301 3277 compendiosa
1337 3201 1669 3261 Justiniani
1689 3217 1709 3278 3
1741 3218 1912 3276 66111,
1943 3201 2085 3261 11661

523 3290 758 3349 occasio
786 3290 951 3351 illius
976 3292 1132 3369 16315
1175 3293 1443 3354 ferendae
1497 3298 1744 3374 sumpta
1791 3293 1977 3354 fuerit
2008 3313 2084 3356 ex

520 3380 912 3442 fraudulenta
963 3384 1285 3462 cujusdam
1341 3387 1495 3463 legis
1549 3387 2036 3465 transgressione
2060 3432 2080 3463 ‚

522 3491 649 3533 111111
693 3481 1016 3553 propterea
1071 3478 1201 3538 sola
1248 3478 1642 3540 fraudulenta
1682 3481 2086 3558 transgressio

521 3567 744 3646 punita
783 3573 895 3644 cst,
943 3570 1046 3629 sed
1097 3571 1304 3650 potius
1348 3590 1533 3651 poena
1580 3574 2086 3652 transgressionis

520 3666 748 3739 apertae
797 3668 1051 3723 extensa
1090 3670 1180 3724 651
1211 3664 1291 3725 611
1340 3665 1824 3726 fraudulentam.
1862 3668 1939 3726 Et
1968 3665 2086 3727 hoc

522 3753 725 3831 ipsum
756 3760 1001 3815 tuntum
1030 3757 1095 3816 in
1124 3757 1305 3817 initio
1330 3758 1483 3835 16315
1524 3758 1941 3836 significatum
1968 3765 2083 3835 est,

523 3863 666 3906 cum
706 3845 932 3906 dicitur
963 3868 977 3906 ε
1011 3849 1143 3911 Nec
1177 3866 1387 3927 peenas
1413 3851 1675 3913 incertas
1705 3851 1938 3931 lacibus
1965 3854 2087 3915 coi-

522 3940 700 4015 tabit,
730 3941 836 4019 qui
856 3959 917 4003 cc
951 3946 1156 4003 contra
1186 3942 1341 4021 lcyic
1366 3943 1719 4004 sententiam
1746 3962 1905 4006 coeva
1927 3962 2087 4024 prm-

520 4034 802 4112 royatioa
822 4034 1129 4095 verborum
1169 4035 1589 4110 fraudulenter
1624 4041 1869 4099 cacusat
1894 4063 1918 4098 .·
1956 4055 2086 4098 666

520 4125 766 4186 videtur
807 4143 957 4204 ergo
998 4125 1258 4187 dubium
1303 4127 1457 4206 quin
1503 4145 1579 4189 ex
1610 4128 1676 4188 vi
1715 4129 1883 4190 illius
1930 4128 2086 4209 legis

519 4218 845 4280 irritentur
873 4225 1043 4279 actus
1083 4218 1225 4279 facti
1265 4225 1480 4280 666116
1506 4220 1709 4298 163616
1753 4223 2085 4302 11161111166-

519 4316 671 4386 tem,
703 4311 1077 4391 ubicumque
1104 4311 1206 4372 lex
1229 4311 1338 4376 illa
1363 4311 1638 4392 obligare
1664 4319 1886 4392 potest.

600 4408 661 4466 7.
708 4404 987 4468 Seomda
1032 4405 1348 4468 conclusio.
1369 4438 1451 4451 -
1478 4406 1893 4468 Nihilominus
1944 4408 2084 4470 dico

518 4497 787 4560 secundo
816 4518 830 4557 x
863 4498 1146 4577 quamvis
1169 4516 1247 4559 ex
1273 4498 1338 4558 vi
1366 4496 1534 4558 illius
1576 4497 1732 4576 legis
1779 4506 1955 4560 actus
2003 4502 2084 4562 sit

518 4590 730 4652 irritus
769 4591 899 4669 ipso
941 4592 1086 4669 jure
1101 4636 1122 4667 ,
1179 4589 1585 4651 nihilominus
1631 4590 1773 4651 talis
1815 4592 2082 4653 irritatio

517 4702 647 4746 666
671 4683 907 4761 obligat
931 4683 999 4743 in
1026 4683 1424 4758 conscientia,
1448 4700 1562 4744 nec
1581 4682 1656 4744 fit
1672 4702 1815 4744 cum
1835 4685 2080 4763 effectu,

520 4778 717 4838 donec
773 4794 884 4856 per
933 4775 1205 4854 judicem
1254 4775 1618 4837 declaretur.
1671 4777 1844 4850 Quod
1889 4779 2082 4858 probo

517 4871 722 4951 primo
762 4886 839 4929 cx
888 4868 1190 4948 principio
1222 4887 1407 4949 supra
1436 4868 1637 4952 posito
1675 4869 1753 4931 de
1788 4869 1926 4949 lege
1953 4889 2082 4950 poe-

519 4963 671 5039 nali,
693 4962 859 5043 quod
885 4950 1070 5043 poena
1087 4963 1277 5024 etiam
1304 4965 1436 5044 ipso
1463 4963 1622 5024 facto
1649 4965 1935 5043 1161165116
1957 4984 2085 5026 666

518 5056 859 5117 incurritur
884 5047 1030 5117 ante
1054 5057 1445 5118 sententiam.
1476 5057 1633 5118 Nam
1659 5058 1790 5118 hoec
1820 5057 2085 5119 irritatio

518 5148 586 5209 in
605 5147 714 5209 illa
730 5148 866 5227 loge
883 5142 1009 5210 lata
1034 5150 1294 5228 poenalis
1321 5155 1451 5211 est:
1483 5168 1630 5228 ergo
1663 5168 1789 5210 non
1824 5149 2085 5211 incurri-

520 5247 625 5301 tur
651 5247 794 5302 antc
839 5243 1234 5320 sententiam,
1255 5243 1345 5305 ita
1377 5249 1447 5304 ut
1471 5243 1903 5305 contrahentes
1930 5244 2083 5304 obli·

520 5339 748 5412 gentur
775 5335 854 5395 ud
873 5336 1284 5397 irritationem
1312 5344 1682 5414 6661166165,
1711 5338 1808 5399 vel
1831 5338 1909 5399 ad
1930 5338 2083 5398 alios

521 5425 772 5488 effectus
789 5427 856 5487 111
889 5428 998 5503 1116
1026 5435 1365 5491 666166165.
1401 5432 1603 5492 Minor
1619 5436 1811 5511 patet,
1840 5437 1976 5491 tum
2006 5449 2081 5491 ex

520 5518 644 5582 11115
669 5519 872 5584 verbis
902 5522 1178 5602 eJ‘usdem
1211 5523 1398 5605 legis:
1423 5526 1556 5592 Ncc
1583 5542 1795 5605 pamas
1823 5525 2083 5588 insertas

1422 402 1522 454 Lm
1575 403 1634 454 V.
1670 402 1751 455 DE
1784 401 2139 455 VARIETATE
2170 402 2381 455 LEGUM
2412 400 2820 456 numanum.

2168 502 2400 581 lcqibus
2438 501 2703 564 evitabit.
2754 500 2913 561 Nam
2955 497 3073 558 1166
3116 498 3387 578 positum
3434 496 3556 559 fuit
3598 501 3759 557 tan..

2168 612 2357 673 quam
2370 593 2849 655 fundamentum
2867 608 3084 652 eorum
3104 609 3243 669 quae
3254 591 3517 653 dicenda
3532 595 3752 652 erant.

2167 688 2342 763 Item,
2372 688 2521 767 quia
2567 686 2674 748 illa
2717 684 2983 746 irritatio
3028 684 3227 763 posita
3270 690 3361 744 est
3412 683 3482 744 in
3519 682 3759 743 odium

2166 780 2670 859 transgressionis
2691 778 2848 857 16315
2879 793 2896 837 t
2927 793 3077 854 ergo
3109 782 3203 838 est
3226 794 3410 855 poena
3441 792 3459 835 ε
3495 793 3651 854 6136
3672 774 3758 835 111

2165 892 2241 936 66
2292 873 2596 934 servanda
2647 877 2740 932 est
2791 869 3066 932 conditio
3118 886 3339 948 poenae.
3409 867 3702 929 Secundo
3727 911 3753 941 ,

2164 966 2331 1028 idem
2370 964 2772 1046 persuadetur
2817 982 2895 1024 ex
2951 961 3153 1024 verbis
3203 961 3485 1041 ejusdem
3532 960 3698 1039 legis
3728 982 3749 1033 3

2165 1076 2314 1121 6616
2368 1052 2676 1138 imprimis
2719 1054 3101 1118 Theodosius
3144 1053 3408 1134 loquens
3457 1053 3631 1133 prius
3669 1052 3754 1112 in

2168 1151 2525 1233 particulari
2554 1169 2701 1212 casu
2737 1150 2813 1210 de
2863 1148 3202 1210 curialibus
3249 1147 3752 1209 conducentibus

2167 1264 2265 1307 res
2293 1245 2547 1321 6116665,
2596 1243 2875 1324 11161611111
2920 1243 3147 1304 locatas
3185 1260 3283 1304 res
3320 1241 3462 1319 fisci
3501 1241 3752 1302 viribus

2167 1340 2499 1410 vindicari;
2526 1337 2693 1399 unde
2711 1341 2912 1417 potest
2936 1340 3101 1397 recte
3136 1334 3343 1413 colligi
3385 1352 3463 1396 ex
3500 1333 3566 1394 vi
3592 1333 3751 1394 talis

2168 1433 2322 1511 legis
2368 1449 2494 1493 non
2539 1431 2795 1492 omnino
2838 1428 3153 1490 annullari
3192 1428 3586 1503 locationem,
3630 1425 3749 1486 sed

2169 1526 2345 1607 quasi
2390 1523 2730 1586 confiscari.
2781 1521 3013 1584 Deinde
3056 1520 3228 1582 addit
3273 1537 3379 1583 πω
3419 1520 3749 1583 locatorem

2169 1621 2531 1695 condamm,
2555 1637 2659 1682 nec
2683 1618 3086 1681 conductorem
3114 1614 3366 1677 locatori
3395 1614 3629 1676 actione
3655 1619 3747 1675 tc-

2167 1715 2301 1777 neri
2321 1719 2551 1792 :negat
2575 1729 2725 1791 ergo
2757 1709 3088 1783 actionem,
3122 1725 3251 1767 666
3279 1706 3490 1768 5161116
3531 1706 3747 1767 imitat

2169 1808 2236 1869 in
2274 1806 2666 1869 conscientia.
2718 1805 2951 1866 Rursus
2997 1805 3444 1879 consequenter
3477 1799 3744 1878 subjun-

2167 1902 2299 1981 git:
2341 1901 2606 1966 Nullum
2627 1898 2808 1961 talem
2835 1900 3201 1958 conto-actm
3226 1893 3424 1954 videri
3461 1892 3743 1954 volamus

2166 1997 2535 2059 subsecutum
2561 1993 2722 2055 inter
2743 2008 2840 2053 cos
2866 1988 2971 2070 qui
2997 1988 3123 2067 lcac
3148 1986 3506 2049 contrahunt
3516 1985 3740 2063 prohi-

2167 2090 2359 2151 bente:
2387 2086 2662 2166 pondero
2681 2083 2851 2145 enim
2868 2080 3059 2143 verba
3086 2079 3196 2140 1116
3213 2079 3409 2141 videri
3438 2078 3732 2153 volumus,

2166 2182 2313 2262 quia
2339 2181 2418 2242 ad
2458 2185 2665 2241 actum
2697 2175 2970 2237 hominis
3016 2170 3592 2234 convenientissime
3638 2189 3739 2232 re·

2166 2275 2476 2349 feruntur,
2525 2278 2589 2334 et
2631 2270 2771 2332 ideo
2827 2269 2896 2330 16
2947 2266 3302 2345 benigniori
3350 2282 3534 2325 sensu
3588 2270 3739 2324 sunt

2167 2364 2664 2447 interpretanda3
2708 2382 2835 2424 666
2861 2360 3029 2422 66116
3071 2359 3285 2419 dicunt
3315 2362 3523 2417 6611116
3551 2355 3738 2417 abso-

2165 2461 2295 2522 lute
2317 2478 2447 2520 esse
2478 2458 2749 2532 nullum,
2780 2455 3003 2517 sedita
3036 2452 3255 2526 videri,
3281 2450 3347 2510 id
3386 2455 3502 2525 est,
3535 2448 3739 2509 decla-

2166 2556 2292 2615 rari
2328 2560 2389 2615 et
2420 2551 2694 2632 judicari
2731 2549 2976 2611 debere.
3020 2548 3099 2606 Et
3143 2544 3435 2607 eumdem
3481 2558 3736 2603 sensum

2165 2647 2400 2708 habeut
2417 2646 2553 2707 illa:
2570 2646 2718 2710 Non
2737 2644 2930 2707 colum
2950 2639 3219 2711 inutilia,
3235 2638 3342 2699 scd
3350 2654 3466 2714 pro
3481 2636 3740 2710 infectis

2168 2741 2349 2804 ctiam
2378 2741 2732 2813 habeantur,
2761 2736 2978 2815 utique
3001 2734 3066 2793 in
3101 2730 3373 2811 judicio:
3397 2745 3551 2789 nam
3593 2727 3738 2787 haec
3774 2770 3781 2781 .

2167 2839 2229 2894 et
2269 2832 2495 2892 similia
2525 2830 2719 2892 verba
2761 2829 2839 2890 ad
2862 2827 3169 2906 judicium
3193 2821 3466 2884 hominis
3509 2819 3735 2880 referri

2165 2924 2385 2986 solent.
2414 2924 2688 3003 Denique
2704 2921 2852 2983 huic
2873 2915 3367 2993 interpretationi
3389 2918 3731 2974 consonant

2163 3018 2353 3079 verba
2380 3018 2559 3079 Joan.
2596 3018 2775 3096 Papae
2810 3014 2878 3074 in
2903 3032 2957 3074 c.
3003 3012 3198 3087 Vides,
3235 3009 3379 3070 dist.
3406 3011 3483 3069 {0
3511 3023 3527 3065 :
3559 3007 3734 3080 Quod

2165 3117 2372 3176 contra
2415 3112 2569 3191 loyes
2596 3109 2895 3188 accipitur
2926 3126 3037 3187 per
3067 3106 3223 3185 leycs
3262 3102 3507 3165 dissolvi
3542 3120 3729 3164 merc-

2164 3212 2288 3268 tur.
2316 3206 2391 3264 Et
2414 3204 2480 3264 in
2504 3203 2620 3264 hac
2653 3201 3031 3282 expositione
3053 3198 3221 3259 illius
3247 3195 3402 3274 legis
3425 3194 3727 3255 consentit

2163 3299 2487 3362 nobiscum
2526 3296 2731 3376 quoad
2756 3295 2919 3356 hanc
2944 3299 3185 3374 partem
3208 3290 3484 3353 Mendoz.
3516 3307 3723 3369 supra,

2166 3397 2229 3454 et
2248 3391 2510 3453 inclinat
2537 3389 2750 3462 Molin,
2780 3392 2958 3448 tract.
2991 3390 3030 3447 Ξ
3056 3386 3133 3446 116
3176 3386 3211 3446 J
3215 3384 3386 3444 ustit.
3394 3428 3414 3458 ‚
3438 3382 3596 3460 disp.
3619 3382 3722 3456 88,

2165 3483 2243 3545 611
2270 3481 2803 3545 confirmationem
2822 3479 3009 3559 primi
3029 3477 3402 3556 argumenti.
3428 3474 3551 3535 Alii
3578 3492 3725 3535 vero

2165 3576 2406 3655 antiqui
2455 3574 2710 3635 confuse
2757 3573 3135 3652 loquuntur3
3182 3569 3516 3647 aliquando
3557 3567 3726 3627 enim

2166 3674 2482 3749 exponunt
2509 3668 2680 3728 illam
2715 3666 2919 3745 legem
2950 3666 3027 3726 de
3061 3663 3350 3725 nullitate
3384 3663 3517 3741 ipso
3554 3661 3721 3738 jure,

2166 3761 2501 3840 aliquando
2540 3778 2686 3822 vero
2732 3759 2810 3820 de
2838 3758 3122 3819 nullitate
3162 3774 3277 3836 ope
3310 3753 3722 3834 exceptionis;

2166 3860 2230 3916 et
2262 3854 2314 3914 si
2338 3853 2455 3914 hoc
2483 3851 2805 3933 posteriori
2841 3851 3026 3912 modo
3053 3849 3456 3928 intelligatur,
3489 3847 3724 3907 clarum

2165 3954 2257 4009 est
2282 3966 2410 4008 666
2461 3964 2590 4009 6556
2632 3951 2841 4007 actum
2884 3943 3141 4005 61661116
3186 3942 3429 4002 nullum
3474 3940 3540 3999 in
3578 3956 3723 3998 con·

2166 4041 2442 4116 scientia,
2479 4040 2672 4100 donec
2700 4056 2811 4117 per
2841 4036 3266 4116 exceptionem
3310 4033 3618 4108 irritetur;
3654 4031 3725 4092 in

2165 4133 2359 4215 priori
2404 4138 2610 4193 autem
2639 4149 2823 4191 sensu
2858 4131 3102 4190 videtur
3136 4128 3468 4189 dicendum
3510 4125 3724 4186 statim

2163 4225 2457 4287 inducere
2485 4224 2926 4303 obligationem
2947 4223 3015 4283 in
3037 4221 3430 4283 conscientia.

2242 4319 2303 4378 8.
2322 4316 3419 4397 objicitur.—Rcspondctwr.—Mcnc
3430 4313 3720 4375 auctoris.

2162 4409 2419 4472 -Unde
2451 4409 2716 4488 objicere
2742 4427 3062 4489 possumus
3091 4414 3307 4469 contra
3325 4406 3725 4468 assertionem

2162 4503 2446 4584 positam,
2488 4502 2636 4581 quia
2674 4502 2917 4564 videtur
2942 4502 3488 4564 contradictionem
3531 4496 3728 4559 invol-

2162 4613 2306 4657 vere
2325 4595 2488 4674 quod
2515 4595 2616 4655 lex
2637 4595 2838 4656 irritet
2863 4601 3073 4656 actum
3101 4596 3233 4674 ipso
3258 4594 3395 4673 jure
3413 4591 3512 4653 vel
3541 4591 3722 4663 facto,

2162 4694 2225 4750 et
2242 4689 2406 4767 quod
2430 4706 2555 4749 non
2583 4688 2792 4749 statim
2812 4688 3043 4767 obliget
3069 4688 3135 4748 in
3154 4685 3547 4748 66656166116.
3570 4685 3727 4744 Nam

2163 4781 2214 4840 si
2259 4785 2630 4856 contractus,
2659 4781 2834 4842 verbi
2870 4781 3092 4859 gratia,
3129 4785 3220 4841 est
3247 4781 3380 4859 ipso
3406 4779 3548 4858 jure
3589 4776 3727 4838 nul-

2160 4873 2259 4934 lus
2288 4895 2303 4934 ε
2326 4891 2604 4953 6136666
2636 4873 2928 4935 transfert
2944 4872 3316 4948 dominium,
3336 4890 3449 4933 nec
3470 4870 3577 4932 dat
3595 4871 3720 4951 jus:

2164 4986 2313 5046 ergo
2342 4986 2468 5028 non
2500 4967 2702 5028 reddit
2724 4973 2930 5030 tutum
2956 4969 3025 5028 in
3044 4967 3415 5029 conscientia
3445 4982 3590 5027 eum
3620 4965 3729 5044 qui

2164 5059 2397 5138 aliquid
2424 5060 2692 5140 possidet
2731 5078 2808 5121 ex
2855 5062 2919 5123 vi
2964 5059 3104 5122 talis
3147 5064 3498 5121 contractus
3511 5075 3531 5136 3
3582 5074 3729 5137 6136

2164 5151 2401 5212 inducit
2427 5152 2866 5231 obligationem
2913 5153 2979 5214 16
3016 5151 3412 5214 66656166116.
3455 5151 3730 5230 Respon-

2163 5246 2280 5306 deo
2320 5245 2536 5323 negari
2572 5264 2699 5306 non
2749 5264 2945 5326 posse,
2991 5245 3279 5325 inspectis
3312 5242 3518 5306 verbis
3559 5244 3728 5304 111165

2162 5338 2339 5416 16315,
2390 5339 2542 5417 quin
2588 5337 2862 5400 indicent
2906 5357 3156 5419 poenam
3192 5339 3323 5417 ipso
3354 5339 3497 5417 jure
3532 5336 3726 5398 latam

2154 5432 2335 5510 juxta
2354 5431 2516 5493 dicta
2530 5450 2716 5512 supra
2741 5433 2816 5493 de
2839 5433 2976 5512 lege
2997 5432 3248 5513 poenali.
3274 5430 3448 5505 Quod
3463 5436 3632 5510 patet
3652 5449 3730 5491 ex

2161 5524 2284 5587 illis
2315 5546 2330 5586 z
2367 5526 2514 5592 Non
2536 5526 2727 5589 colwm
2756 5527 3031 5603 inutilia,
3061 5526 3362 5590 sedetiam
3386 5542 3503 5606 pro
3534 5524 3730 5602 inscc-
