3976 6219
500 403 618 465 182

500 510 676 585 6161),
703 507 975 586 66611611
1001 512 1070 567 111
1097 506 1304 586 aliqua
1336 508 1690 567 communia
1721 508 1863 587 jura
1887 507 2064 586 quasi

500 602 817 664 communi
836 599 1063 660 foedere
1089 605 1151 660 et
1170 601 1564 662 consensione
1585 602 1746 662 inter
1768 619 1831 661 56
1856 599 2063 660 obser-

501 699 765 756 varent:
821 698 882 753 et
928 692 1060 752 haec
1108 699 1252 753 sunt
1311 712 1448 771 quae
1494 693 1886 772 appellantur
1919 693 2063 770 jura

501 788 804 866 gentium,
838 803 977 864 quae
1018 787 1216 865 magis
1255 787 1593 848 traditione
1635 793 1698 848 et
1737 792 2062 847 consuetu-

500 880 647 940 dine
702 896 891 958 quam
952 880 1390 940 constitutione
1437 879 1649 958 aliqua
1713 880 2064 940 introducta

501 977 667 1046 sunt,
699 977 769 1031 ut
791 970 1060 1031 diximus
1094 987 1109 1032 ε
1142 977 1204 1033 61
1237 971 1354 1032 1166
1378 977 1472 1032 651
1493 972 1722 1051 duplex
1766 971 1922 1031 illud
1958 972 2061 1051 jus

497 1063 817 1143 proprium
850 1067 913 1123 et
949 1081 1303 1138 commune,
1333 1064 1497 1143 quod
1528 1064 1854 1142 distinguit
1880 1064 2063 1142 Cajus

499 1156 568 1215 in
590 1154 635 1216 1.
672 1155 883 1218 Omnes
904 1156 1139 1236 populi,
1169 1156 1236 1217 ff.
1270 1156 1346 1217 de
1373 1156 1623 1217 Justitia
1654 1162 1717 1217 et
1741 1157 1908 1234 jure.

1079 1336 1328 1399 CAPUT
1370 1339 1468 1399 111.

499 1542 581 1589 AN
617 1538 906 1587 roTEs‘rAS
941 1539 1198 1585 1213OEan
1232 1541 1415 1586 LEGES
1448 1541 1732 1587 HUMANAS
1774 1541 1861 1586 SIT
1901 1542 2063 1588 DATA

578 1634 900 1681 nommus
946 1632 1283 1680 mMEmATE
1320 1634 1363 1680 A
1401 1634 1515 1680 1)Εο
1556 1636 1631 1680 UT
1670 1635 1926 1682 AUCTORE
1955 1636 2066 1682 NA-

578 1728 773 1774 TURAE.

582 1905 641 1962 1.
687 1902 872 1965 Ratio
909 1901 1343 1963 dubitandi.—
1362 1901 1539 1961 Ratio
1564 1900 1890 1961 dubitandi
1933 1921 2064 1964 6556

496 2000 722 2075 661651,
751 1995 897 2073 quia
927 2012 1004 2054 ex
1044 1993 1220 2053 dictis
1252 1995 1424 2072 sequi
1459 1992 1705 2053 videtur
1731 2011 1769 2053 a
1802 1993 2064 2071 singulis

494 2087 855 2149 hominibus
902 2105 1014 2166 per
1060 2085 1380 2165 proprium
1430 2103 1645 2146 eorum
1695 2104 2063 2147 consensum

494 2180 767 2241 derivari
791 2168 953 2240 hanc
980 2183 1344 2257 potestatem
1386 2178 1452 2237 in
1483 2184 1680 2237 totam
1717 2181 2064 2239 communi-

492 2278 690 2334 tatem
717 2289 794 2331 ex
836 2270 923 2332 eis
953 2276 1222 2331 coactam
1265 2291 1278 2328 :
1326 2287 1474 2329 nam
1509 2268 1673 2330 idem
1703 2276 1797 2330 est
1832 2273 2064 2349 princi-

493 2366 671 2446 pium
701 2363 842 2424 talis
870 2362 1191 2442 potestatis
1215 2366 1276 2421 et
1302 2361 1490 2445 ipsius
1514 2363 1977 2423 communitatis
1997 2364 2065 2423 in

495 2476 622 2536 qua
653 2455 879 2517 residet
911 2473 928 2515 ε
964 2455 1070 2515 sed
1102 2455 1235 2532 ipsa
1284 2454 1695 2513 communitas
1738 2455 2059 2531 coalescit,

495 2548 703 2619 medio
726 2565 1025 2608 consensu
1047 2552 1108 2606 et
1124 2545 1441 2606 voluntate
1458 2545 1848 2622 singulorum
1876 2563 1890 2607 ε
1915 2565 2064 2624 ergo

496 2643 576 2705 ah
604 2642 836 2703 eisdem
865 2640 1054 2700 etiam
1081 2637 1504 2698 voluntatibus
1531 2645 1743 2697 manat
1770 2645 2059 2717 potestas,

496 2736 692 2814 Major
705 2738 895 2812 patet,
920 2732 1067 2809 quia
1084 2731 1281 2809 posita
1295 2729 1758 2805 communitate,
1786 2733 2064 2809 sequitur

496 2828 627 2888 hoec
667 2830 932 2905 potestas
953 2838 974 2899 3
1006 2822 1112 2882 sed
1140 2821 1248 2900 qui
1274 2819 1381 2881 dat
1415 2820 1682 2881 formam
1718 2821 1827 2882 dat
1849 2841 2063 2883 conse-

497 2920 753 3000 quentia
789 2917 868 2978 ad
894 2917 1161 2977 formam
1211 2931 1228 2976 t
1267 2933 1415 2993 ergo
1462 2916 1573 2994 qui
1608 2921 1699 2976 est
1742 2917 2064 2995 proximus

498 3019 713 3074 auctor
750 3009 893 3071 talis
929 3008 1388 3069 communitatis
1420 3008 1667 3069 videtur
1693 3010 1883 3069 etiam
1929 3029 2057 3071 esse

496 3113 710 3169 auctor
732 3111 794 3166 et
812 3102 1069 3165 collator
1085 3102 1401 3182 potestatis
1414 3102 1568 3181 ejus,
1586 3104 1656 3163 In
1680 3105 2059 3164 contrarium

494 3218 643 3262 vero
681 3203 796 3274 est,
841 3198 988 3278 quia
1029 3196 1386 3275 priusquam
1430 3195 1715 3257 homines
1760 3198 1826 3256 in
1861 3216 2058 3258 unum

496 3311 717 3372 corpus
753 3290 1070 3370 politicum
1098 3294 1572 3367 congregentur,
1623 3288 1755 3348 hoec
1797 3294 2062 3367 potestas

497 3405 627 3448 non
658 3390 751 3446 est
776 3384 844 3444 in
869 3382 1153 3460 singulis,
1185 3397 1302 3441 nec
1332 3380 1626 3455 totaliter,
1676 3399 1792 3441 nec
1836 3383 2064 3460 partia-

497 3479 681 3539 liter:
712 3477 840 3537 1166
868 3492 983 3535 666
1018 3474 1087 3534 16
1126 3474 1258 3552 1656
1285 3473 1428 3533 rudi
1453 3472 1542 3553 (ut
1568 3473 1655 3533 sic
1686 3472 1909 3550 dicam)
1940 3475 2065 3535 col-

498 3570 760 3631 lectione
779 3566 880 3627 vel
901 3571 1235 3644 aggregato
1261 3564 1589 3625 hominum
1615 3565 1840 3640 existit,
1871 3571 1941 3625 ut
1964 3585 2063 3627 ca-

499 3665 627 3744 pite
641 3659 1013 3740 praecedenti
1026 3658 1407 3719 declaratum
1422 3663 1513 3718 est
1533 3678 1547 3717 ε
1576 3675 1723 3735 ergo
1742 3676 2064 3736 nunquam

500 3759 705 3836 potest
729 3753 863 3813 11666
904 3756 1174 3831 66165165
1202 3750 1527 3829 provenire
1578 3750 1933 3812 immediate
1984 3743 2064 3812 ab

498 3847 649 3929 ipsis
676 3844 1053 3907 hominibus.

582 3942 645 4000 2.
695 3938 1038 4002 Communis
1069 3941 1126 3999 et
1150 3953 1292 4000 vera
1318 3937 1629 4000 sententia.
1656 3939 1830 3997 —In
1858 3938 1975 3999 1166
1996 3957 2065 4001 16

503 4033 849 4096 6616166615
871 4031 1175 4092 566166116
1196 4030 1440 4092 videtur
1464 4049 1592 4093 esse
1613 4032 1775 4092 hanc
1800 4038 2063 4111 potesta-

502 4134 631 4189 tem
658 4126 792 4186 dari
819 4123 1174 4185 immediate
1201 4142 1239 4184 a
1267 4124 1390 4185 Deo
1425 4130 1496 4185 ut
1522 4131 1772 4186 auctore
1799 4131 2061 4203 6616161,

501 4222 591 4282 116
626 4227 698 4281 61
727 4221 1010 4281 homines
1056 4219 1235 4299 quasi
1269 4219 1599 4298 disponant
1638 4220 1961 4281 materiam
2005 4225 2067 4281 61

503 4316 772 4377 efficiant
822 4314 1166 4392 subjectum
1221 4332 1415 4392 capax
1470 4313 1657 4391 hujus
1714 4314 2062 4392 6616516115,

503 4410 660 4470 Deus
690 4413 898 4468 autem
927 4407 1100 4486 quasi
1122 4406 1355 4466 tribuat
1378 4406 1645 4467 formam
1678 4407 1882 4468 dando
1906 4408 2067 4468 hanc

509 4505 886 4580 potestatem.
915 4500 1005 4560 116
1037 4499 1268 4559 indicat
1297 4499 1646 4576 CajetanuS,
1671 4507 1718 4559 t.
1749 4502 1777 4558 1
1813 4500 2061 4579 Opusc.,

509 4598 683 4654 tract.
713 4594 776 4668 2,
814 4592 891 4652 de
923 4593 1224 4652 Potestatc
1263 4592 1464 4670 Papae,
1491 4597 1663 4670 parte
1699 4593 1760 4667 2,
1793 4611 1925 4672 cap.
1960 4596 2060 4671 10,

504 4686 583 4748 ad
617 4687 657 4746 2
697 4684 1252 4760 confirmationem,
1297 4690 1361 4745 et
1395 4685 1609 4745 Covar.
1640 4703 1692 4745 c.
1730 4689 1757 4744 1
1802 4687 2059 4747 Practic.

503 4785 754 4859 quaest.;
791 4778 976 4838 latius
1019 4778 1250 4838 Victor.
1296 4779 1365 4838 in
1414 4779 1639 4839 Relect.
1689 4779 1938 4858 propria
1986 4780 2064 4841 de

501 4872 621 4933 1166
659 4876 991 4950 6616516165
1024 4870 1191 4946 Soto,
1221 4871 1379 4931 libro
1418 4872 1460 4930 4
1498 4871 1575 4932 de
1604 4871 1872 4946 Justitia,
1902 4891 1962 4951 q.
1998 4874 2059 4948 2,

501 4985 560 5027 6.
590 4969 651 5042 13
675 4971 735 5026 et
755 4969 953 5044 potest
978 4964 1244 5038 suaderi,
1269 4963 1438 5043 quia,
1459 4969 1532 5024 ut
1554 4970 1736 5024 antea
1759 4964 2060 5039 dicebam,

502 5060 817 5140 supposita
853 5059 1172 5120 voluntate
1203 5058 1532 5119 hominum
1565 5058 1967 5119 conveniendi
1996 5059 2064 5119 in

504 5171 630 5213 una
651 5152 902 5233 politica
923 5151 1387 5225 communitate,
1411 5170 1538 5211 non
1562 5156 1653 5212 est
1679 5151 1745 5211 in
1765 5157 2063 5230 potestate

505 5263 721 5307 eorum
769 5245 1069 5323 impedire
1125 5245 1283 5305 hanc
1323 5244 1815 5324 jurisdictionem
1852 5262 1868 5304 :
1918 5263 2064 5323 ergo

504 5339 755 5415 signum
791 5342 881 5397 est
918 5338 1198 5415 proxime
1225 5356 1352 5398 non
1380 5337 1704 5416 provenire
1746 5355 1822 5398 ex
1850 5354 2065 5397 eorum

504 5429 928 5492 voluntatibus
954 5431 1127 5508 quasi
1154 5448 1229 5490 ex
1257 5431 1507 5510 propria
1541 5448 1723 5490 causa
1751 5429 2059 5491 efficienti.

504 5524 674 5585 Sicut
717 5524 786 5584 in
807 5522 1223 5598 ,matrimonio
1259 5529 1425 5584 recte
1468 5523 1814 5602 colligimus
1859 5523 2066 5585 virum

1508 406 1622 459 Lm.
1660 407 1742 459 111.
1779 406 1858 458 DE
1892 406 2052 458 LEGE
2084 406 2343 458 HUMANA
2374 406 2454 457 ET
2488 405 2696 459 c1v1L1.

2145 525 2271 567 6556
2312 510 2497 585 caput
2543 505 2821 566 mulieris
2867 522 2942 565 ex
2993 503 3156 564 dono
3202 505 3394 584 ipsius
3441 505 3708 567 auctoris

2143 608 2405 676 naturae,
2432 607 2494 661 et
2524 619 2652 661 non
2682 620 2757 661 ex
2785 599 3100 660 voluntate
3131 600 3362 675 uxoriS,
3389 600 3537 678 quia
3562 600 3709 661 licet

2142 695 2259 774 ipsi
2299 694 2616 755 voluntate
2661 712 2771 753 sua
2802 692 3267 753 matrimonium
3314 692 3704 768 contrahant,

2142 793 2353 847 tamen
2376 787 2426 847 si
2456 786 2923 846 matrimonium
2950 783 3321 845 contrahant
3341 784 3505 844 hanc
3529 802 3709 863 supe-

2142 880 2482 939 rioritatem
2514 879 2815 957 impedire
2839 896 2964 938 non
2993 881 3268 956 possunt.
3296 876 3709 937 Confirmatur

2145 990 2218 1032 ex
2253 971 2441 1032 Paulo
2467 970 2546 1031 ad
2579 972 2886 1032 Romanos
2923 972 2959 1031 3
2986 971 3227 1030 dicente
3253 990 3264 1032 :
3300 970 3447 1035 Non
3474 974 3560 1031 est
3590 987 3706 1047 po-

2146 1070 2330 1127 testas
2355 1066 2480 1126 nisi
2507 1082 2547 1126 a
2587 1065 2738 1139 Dee,
2768 1070 2822 1127 et
2848 1066 2952 1144 qui
2984 1064 3272 1142 potestati
3299 1063 3558 1138 resistit,
3591 1062 3709 1124 Dei

2143 1157 2510 1219 ordinationi
2549 1158 2826 1220 resistit:
2855 1173 3005 1233 ergo
3040 1156 3230 1216 etiam
3272 1155 3402 1215 haec
3443 1161 3705 1234 potestas

2143 1254 2234 1311 est
2273 1267 2310 1308 a
2339 1249 2462 1309 Deo
2473 1264 2493 1325 3
2524 1266 2671 1326 ergo
2716 1254 2805 1308 est
2850 1247 3205 1309 immediate
3250 1248 3330 1307 ab
3377 1247 3508 1326 ipso
3553 1249 3698 1324 De0,

2143 1341 2288 1420 quia
2315 1359 2353 1400 a
2378 1340 2548 1401 nullo
2579 1340 2700 1400 alio
2727 1341 2898 1418 61165
2926 1358 3034 1401 566
3061 1339 3480 1400 immediatius
3509 1345 3617 1400 est.

2225 1435 2282 1494 3.
2327 1433 2521 1496 Actus
2537 1433 2858 1511 potestatis
2887 1432 3278 1510 leyislatorie.
3315 1465 3397 1478 —
3424 1430 3705 1492 Declara-

2142 1532 2247 1586 tur
2288 1527 2578 1601 secundo,
2621 1525 2769 1604 quia
2797 1524 2929 1584 haec
2972 1530 3239 1603 potestas
3273 1523 3461 1583 habet
3499 1523 3705 1602 plures

2142 1625 2314 1680 actus
2342 1621 2450 1699 qui
2483 1619 2774 1679 videntur
2816 1618 3106 1679 excedere
3142 1618 3486 1677 humanam
3513 1614 3705 1675 facul-

2143 1718 2360 1787 tatem,
2404 1718 2586 1793 prout
2614 1713 2796 1773 estin
2822 1711 3082 1791 singulis
3102 1709 3464 1770 hominihus
3505 1725 3520 1769 ε
3558 1726 3704 1787 ergo

2141 1806 2390 1884 signum
2419 1812 2650 1867 estnon
2665 1824 2792 1866 esse
2820 1804 3071 1878 abillis,
3098 1804 3206 1864 sed
3228 1821 3266 1863 a
3289 1804 3433 1863 Dec.
3464 1803 3705 1862 Primus

2143 1906 2317 1960 actus
2344 1906 2436 1960 est
2464 1900 2710 1980 punitio
2743 1899 3210 1960 malefactorum
3230 1941 3250 1970 ,
3287 1896 3474 1956 etiam
3508 1913 3705 1974 usque

2145 1992 2223 2053 ad
2251 1998 2516 2053 mortem
2548 2010 2564 2053 :
2595 2010 2743 2053 nam
2771 2009 2914 2051 cum
2936 1990 3098 2051 solus
3126 1990 3286 2050 Deus
3314 1989 3393 2049 sit
3421 1988 3705 2048 dominus

2144 2086 2309 2161 vitae,
2341 2086 2505 2146 solus
2530 2087 2660 2165 ipse
2683 2085 2929 2144 videtur
2949 2083 3214 2161 potuisse
3242 2082 3388 2141 dare
3410 2080 3571 2141 hanc
3599 2099 3706 2159 po-

2143 2184 2427 2239 testatem
2472 2193 2490 2238 :
2537 2183 2599 2237 et
2647 2177 2787 2237 ideo
2833 2170 2991 2234 dixit
3035 2174 3417 2252 Augustinus
3465 2172 3574 2232 lib.
3630 2173 3706 2233 de

2143 2273 2375 2332 Natura
2396 2270 2568 2346 boni,
2598 2287 2731 2348 cap.
2763 2270 2838 2330 3⁹2
2865 2285 2881 2327 ι
2915 2267 3275 2333 Nocentium
3300 2270 3561 2344 potestas
3592 2283 3707 2325 non

2145 2370 2253 2438 est,
2288 2367 2412 2426 nisi
2442 2383 2480 2425 a
2507 2366 2650 2426 Deo,
2688 2362 3002 2423 Secundus
3025 2366 3199 2421 actus
3223 2365 3315 2421 est
3337 2359 3706 2420 constituere

2143 2457 2212 2516 in
2247 2457 2509 2517 materia
2553 2456 2760 2535 aliqua
2810 2454 3083 2515 medium
3137 2453 3384 2513 virtutis
3429 2469 3705 2512 necessa-

2143 2549 2308 2609 rium
2345 2549 2422 2608 ad
2473 2548 2860 2609 honestatem
2911 2548 3065 2625 ejus.
3115 2546 3346 2620 Terti0,
3400 2562 3543 2604 cum
3590 2544 3707 2604 hoc

2145 2646 2308 2700 statu
2331 2642 2693 2719 conjunctus
2721 2646 2814 2701 est
2846 2639 3095 2700 effectus
3119 2637 3439 2717 obligandi
3468 2637 3534 2696 in
3559 2654 3703 2696 con-

2143 2734 2420 2808 scientia,
2447 2740 2518 2792 ut
2544 2733 2710 2793 infra
2726 2732 3097 2807 videbimus,
3124 2730 3289 2810 quod
3314 2731 3586 2790 maxime
3610 2730 3706 2789 vi-

2144 2826 2323 2886 detur
2349 2827 2655 2905 pertinere
2684 2826 2762 2885 ad
2788 2825 3065 2885 divinam
3094 2828 3482 2903 potestatem.
3514 2822 3705 2895 Quar-

2143 2924 2243 2979 tus
2288 2925 2379 2979 est
2425 2919 2742 2978 vindicare
2792 2919 3053 2996 injurias
3101 2916 3515 2994 singulorum,
3563 2933 3705 2974 cum

2144 3011 2376 3089 alioqui
2425 3012 2719 3090 scriptum
2764 3010 2840 3070 sit
2876 3032 2889 3069 ε
2957 3010 3124 3071 Mihi
3178 3010 3469 3083 vindicta,
3517 3012 3571 3069 et
3603 3025 3704 3086 eqo

2139 3105 2490 3180 retribuam,
2543 3104 2692 3164 dicit
2734 3103 3056 3178 DominuS,
3100 3103 3359 3164 Roman.
3399 3103 3495 3163 12.
3542 3102 3706 3179 Ergo

2140 3198 2390 3275 signum
2444 3203 2535 3257 est
2582 3198 2745 3257 11666
2799 3200 3164 3275 66165161616
3216 3212 3343 3255 6556
3397 3195 3702 3269 divinam,

2142 3290 2372 3369 alioqui
2396 3291 2736 3370 potuissent
2756 3290 3042 3350 homines
3068 3289 3262 3349 alium
3287 3288 3541 3348 modum
3571 3290 3707 3348 vin-

2144 3383 2390 3443 dicandi
2432 3383 2691 3460 injurias
2742 3400 3040 3460 usurpare
3072 3426 3092 3456 ,
3140 3381 3305 3460 quod
3356 3386 3447 3441 651
3491 3387 3707 3442 666116

2142 3477 2493 3538 naturalem
2515 3477 2847 3556 justitiam.

2223 3573 2283 3633 4.
2331 3572 2401 3631 In
2428 3569 2544 3629 hac
2570 3570 2875 3630 sententia
2895 3587 3091 3629 unum
3114 3575 3207 3630 651
3235 3575 3470 3630 certum
3493 3576 3556 3631 et
3583 3569 3706 3630 cla-

2144 3682 2286 3724 rum
2303 3680 2322 3741 3
2358 3663 2529 3723 aliud
2555 3681 2702 3723 vero
2745 3662 2951 3741 aliqua
2991 3662 3394 3741 explicatione
3437 3664 3699 3743 indiget.

2147 3758 2424 3818 Primum
2461 3764 2554 3816 est
2594 3756 2759 3817 hanc
2789 3761 3150 3835 potestatem
3180 3774 3308 3817 esse
3336 3775 3373 3816 a
3402 3757 3526 3817 Deo
3567 3762 3639 3817 61
3668 3776 3707 3818 a

2144 3852 2348 3930 primo
2371 3855 2433 3911 et
2454 3849 2782 3929 principali
2800 3856 3070 3910 auctore.
3103 3851 3248 3910 Haec
3273 3850 3441 3914 enim
3463 3849 3707 3911 videtur

2146 3942 2312 4003 clara
2349 3942 2656 4003 sententia
2691 3942 2867 4003 Pauli
2888 3988 2908 4017 ‚
2955 3947 3017 4003 et
3044 3942 3418 4003 sufficienter
3457 3942 3706 4022 probari

2145 4035 2488 4096 rationibus
2528 4034 2700 4095 factis
2741 4056 2755 4094 ε
2803 4041 2864 4096 61
2904 4040 3222 4114 praeterea,
3255 4036 3410 4115 ,quia
3438 4041 3705 4114 potestas

2145 4128 2277 4189 haec
2301 4134 2395 4189 651
2416 4128 2650 4207 aliquid
2676 4128 2744 4189 in
2762 4146 2972 4188 rerum
2997 4133 3241 4203 natura,
3271 4134 3333 4188 et
3359 4128 3484 4189 sive
3508 4128 3588 4188 sit
3607 4146 3705 4188 res

2147 4221 2426 4300 physica,
2455 4221 2581 4282 sive
2605 4221 2877 4294 16616115,
2908 4225 2998 4281 651
3016 4220 3378 4299 511661161161
3396 4238 3493 4280 165
3515 4215 3702 4294 hona,

2147 4319 2209 4375 et
2236 4331 2479 4392 magnae
2519 4313 2940 4374 aestimationis
2975 4331 3049 4373 ac
3078 4313 3457 4374 necessitatis
3487 4313 3566 4373 ad
3597 4313 3705 4373 ho-

2145 4424 2295 4467 nam
2339 4406 2844 4467 consuetudinem
2889 4405 3180 4467 humanae
3225 4412 3506 4484 naturae-3
3557 4424 3704 4484 ergo

2145 4500 2487 4561 necessario
2522 4516 2774 4559 manare
2801 4498 2983 4559 dehet
3010 4500 3090 4559 ab
3118 4501 3250 4577 ejus
3278 4505 3552 4561 auctore.
3585 4502 3705 4561 De-

2143 4595 2333 4673 nique
2354 4639 2375 4670 ,
2420 4592 2568 4671 quia
2594 4591 2685 4652 illi
2728 4592 2837 4669 qui
2863 4593 2980 4652 hac
3013 4597 3316 4671 potestate
3344 4598 3605 4654 utuntur
3636 4594 3705 4654 in

2143 4686 2422 4747 humana
2454 4685 2896 4746 communitate
2920 4685 3027 4745 Dei
3055 4685 3321 4745 ministri
3339 4690 3484 4745 sunt
3502 4702 3522 4763 3
3554 4703 3705 4764 ergo

2144 4785 2508 4859 potestatem
2536 4797 2574 4839 a
2603 4779 2725 4839 Deo
2752 4783 3062 4856 acceptam
3094 4779 3535 4839 administrant
3565 4800 3579 4839 ε
3615 4785 3706 4839 651

2144 4891 2293 4951 ergo
2335 4874 2491 4933 Deus
2535 4877 2750 4932 auctor
2782 4890 2909 4932 non
2948 4870 3146 4931 solum
3178 4873 3557 4951 6116616665,
3598 4874 3703 4933 sed

2145 4966 2331 5026 etiam
2363 4964 2648 5044 proprius
2669 4963 2856 5042 hujus
2883 4965 3219 5044 potestatis.
3250 4964 3530 5025 Alterum
3557 4983 3702 5026 vero

2145 5059 2548 5138 explicatione
2576 5058 2886 5136 indigens,
2925 5064 3040 5134 651,
3086 5058 3396 5137 quomodo
3424 5060 3583 5119 Deus
3612 5058 3704 5118 di-

2145 5158 2317 5213 catur
2349 5150 2701 5211 immediate
2735 5150 3012 5212 conferre
3040 5151 3202 5211 hanc
3230 5157 3614 5230 potestatem.

2226 5247 2287 5307 5.
2333 5246 2614 5307 Potestas
2635 5245 2932 5322 proedieta
2964 5245 3246 5324 quomodo
3275 5246 3459 5306 datur
3486 5262 3524 5306 a
3550 5244 3698 5305 Dee.

2142 5371 2221 5381 —
2245 5337 2417 5399 Circa
2445 5335 2609 5415 quod
2647 5336 2916 5397 breviter
2950 5335 3086 5396 dico
3124 5337 3326 5415 primo
3345 5384 3362 5410 ‚
3408 5336 3567 5396 hanc
3590 5354 3698 5415 po·

2144 5434 2428 5490 testatem
2474 5427 2609 5488 dari
2641 5447 2679 5488 a
2710 5429 2832 5489 Deo
2869 5447 2979 5508 per
3019 5429 3274 5489 modum
3315 5429 3701 5508 proprietatis

2146 5522 2571 5603 consequentis
2609 5528 2900 5584 naturam
2928 5567 2949 5600 ,
3000 5540 3075 5584 66
3113 5523 3297 5583 modo
3333 5540 3455 5603 quo
3495 5520 3700 5583 dando
