3976 6219
495 363 610 423 162

489 469 758 544 minum,
806 474 867 529 et
910 486 1039 529 non
1067 468 1422 530 communia
1464 488 1605 530 cum
1638 470 1836 530 brutis
1859 470 2047 532 etiam

492 559 916 638 materialiter,
938 566 1221 622 ettamen
1248 562 1324 622 ad
1346 561 1628 623 naturale
1643 562 1747 641 jus
1779 563 2047 623 maxime

487 653 818 732 pertinent.

571 749 629 808 7.
693 746 788 807 Ad
838 745 971 807 haec
1025 764 1170 809 vero
1223 746 1580 826 responderi
1627 752 1825 826 potest
1862 747 2047 826 juxta

487 839 695 900 civilia
716 841 859 918 jura
877 840 983 918 jus
1009 841 1292 917 gentium
1317 858 1386 901 re
1408 859 1556 901 vera
1584 858 1714 901 esse
1738 841 1838 918 jus
1862 846 2045 901 natu·

483 934 637 1008 rale,
676 939 738 993 et
764 934 850 993 ita
877 951 1037 1012 saepe
1066 934 1131 993 in
1156 935 1299 1012 jure
1333 934 1497 996 civili
1523 934 1754 1009 vocari,
1781 938 1850 994 ut
1875 939 2044 1014 patet

485 1024 552 1085 in
574 1024 697 1104 leg.
720 1027 894 1088 Bona
910 1027 1083 1103 fides,
1101 1026 1164 1088 ff.
1197 1028 1496 1105 Depositi,
1517 1032 1578 1088 et
1601 1027 1637 1105 ξ
1666 1028 1758 1088 Et
1780 1027 2038 1107 quidem,

483 1124 546 1179 et
574 1117 611 1196 ἓ
646 1117 1070 1197 Sinyulorum,
1105 1119 1304 1179 Instit.
1349 1119 1426 1180 de
1453 1122 1682 1181 Rerum
1712 1120 2036 1195 divisione,

484 1217 546 1272 et
573 1197 880 1289 §penult
915 1213 1110 1273 Instit.
1149 1211 1225 1273 de
1252 1214 1399 1273 Jure
1426 1218 1632 1273 natur.
1664 1214 2041 1292 Quapropter

482 1322 610 1365 non
638 1304 756 1365 erit
788 1302 1125 1365 absurdum
1152 1305 1220 1365 in
1258 1305 1376 1366 hoc
1403 1324 1584 1366 sensu
1628 1324 1845 1367 vocare
1884 1324 2043 1385 prae-

485 1404 664 1477 cepta
695 1404 1198 1474 commemorata,
1230 1399 1356 1459 imo
1398 1404 1459 1460 et
1504 1399 1716 1459 omnia
1755 1399 2042 1477 Decalogi

487 1491 564 1552 de
591 1491 735 1569 jure
767 1492 1071 1569 gentium,
1121 1492 1266 1571 quia
1300 1509 1412 1571 per
1446 1491 1565 1552 hoc
1603 1509 1732 1552 non
1777 1497 2041 1570 negatur

482 1601 608 1644 esse
632 1583 708 1645 de
735 1583 983 1663 proprio
1011 1589 1073 1644 et
1099 1584 1308 1644 stricto
1335 1584 1476 1662 jure
1502 1583 1794 1660 naturali,
1812 1584 1918 1644 sed
1943 1585 2039 1643 in-

482 1676 724 1737 dicatur
753 1677 1078 1756 peculiaris
1110 1677 1350 1752 moduS,
1390 1681 1452 1737 et
1478 1676 1654 1756 quasi
1694 1676 2038 1756 proprietas

485 1768 622 1828 talis
665 1770 823 1847 juris
866 1774 1146 1849 respectu
1191 1769 1482 1829 humanae
1530 1774 1792 1844 naturae,
1842 1774 1903 1830 et
1948 1770 2039 1830 ita

479 1863 789 1924 contentio
818 1868 963 1924 ‘tota
1004 1863 1350 1925 versabitur
1394 1864 1556 1925 circa
1601 1863 1802 1924 solum
1857 1883 2037 1925 usum

477 1957 667 2031 vociS,
710 1956 811 2017 vel
856 1957 1305 2032 necessitatem,
1345 1962 1454 2017 aut
1494 1956 1826 2017 utilitatem
1870 1956 2037 2018 illius

480 2048 892 2108 distinctionis
915 2049 981 2109 in
1009 2050 1117 2109 illo
1143 2068 1347 2111 sensu.
1376 2049 1495 2110 Sed
1516 2049 1661 2110 licet
1684 2049 1801 2110 hoc
1826 2049 2037 2129 aliqua

479 2159 552 2203 ex
599 2147 772 2220 parte
817 2141 906 2201 ita
950 2143 1065 2217 sit,
1114 2142 1522 2203 nihilominus
1568 2143 1834 2204 secunda
1875 2145 2034 2205 ratio

475 2234 636 2296 facta
674 2235 900 2295 retinet
936 2252 1113 2295 suam
1149 2236 1279 2295 vim
1308 2241 1370 2296 et
1397 2236 1666 2296 ostendit
1701 2236 2035 2315 improprie

472 2327 652 2388 valde
690 2328 812 2388 dici
853 2327 984 2388 dari
1008 2329 1113 2407 jus
1141 2329 1422 2390 naturale
1452 2347 1781 2390 commune
1809 2329 2027 2391 brutia.

472 2421 549 2479 Et
595 2426 890 2498 praeterea
937 2422 1045 2497 (ne
1092 2422 1407 2482 contentio
1458 2422 1538 2481 sit
1582 2421 1658 2482 de
1701 2421 2031 2502 vocabulo)

473 2512 834 2592 simpliciter
861 2512 1191 2574 dicendum
1221 2515 1338 2575 erit
1370 2514 1552 2592 juxta
1582 2514 1757 2574 illam
1786 2519 2032 2575 senten-

472 2606 627 2667 tiam
649 2606 751 2685 jus
778 2606 1063 2683 gentium
1094 2624 1220 2667 esse
1249 2607 1577 2667 intrinsece
1610 2612 1672 2668 et
1693 2607 2032 2667 essentiali-

476 2705 570 2760 ter
590 2699 696 2777 jus
729 2699 1034 2774 naturale,
1065 2718 1173 2760 seu
1199 2705 1440 2778 partem
1470 2701 1623 2777 ejus.
1664 2701 1789 2760 Hoc
1822 2707 2033 2760 autem

473 2792 553 2852 ad
592 2792 804 2852 omnia
842 2810 980 2871 quae
1019 2792 1095 2852 de
1137 2793 1276 2871 jure
1321 2792 1604 2870 gentium
1644 2793 2034 2853 adducuntur

471 2885 925 2947 accommodari
968 2904 1096 2946 non
1129 2891 1326 2964 potest
1343 2902 1363 2962 3
1397 2885 1541 2964 quia
1575 2886 1856 2966 quasdam
1890 2904 2031 2946 con-

469 2979 678 3039 tinent
704 2979 1029 3040 materiam
1068 2996 1195 3038 non
1237 2978 1439 3038 solum
1466 2979 1894 3055 necessariam,
1926 2979 2032 3039 sed

470 3071 660 3133 etiam
698 3089 1092 3133 communem
1120 3071 1340 3146 brutiS,
1373 3078 1444 3133 ut
1477 3077 1824 3134 monstrant
1850 3091 2032 3151 argu-

472 3171 686 3226 menta
706 3165 902 3240 facta3
933 3166 1057 3226 alia
1083 3184 1210 3225 non
1232 3166 1432 3226 solum
1462 3173 1787 3227 versantur
1810 3167 1876 3226 in
1900 3186 2032 3229 ma-

471 3258 628 3318 teria
663 3258 914 3337 propria
939 3257 1292 3334 hominum,
1320 3259 1426 3319 sed
1453 3260 1641 3320 etiam
1681 3277 1808 3319 non
1836 3260 2032 3320 conti-

473 3356 626 3413 nent
653 3350 1052 3412 intrinsecam
1084 3352 1532 3428 necessitatem,
1563 3358 1634 3413 ut
1661 3370 1738 3413 ex
1765 3369 2033 3432 sequen-

470 3445 636 3505 tibus
668 3444 991 3503 constabit.

552 3538 613 3596 8.
657 3535 1034 3598 Emoluditur
1068 3537 1250 3598 etiam
1289 3537 1543 3598 secunda
1579 3535 1778 3615 opinio
1815 3537 2033 3599 distin·

471 3645 660 3707 ,quens
683 3629 798 3707 jus
827 3629 1095 3707 yentium
1140 3644 1178 3689 a
1217 3628 1516 3704 naturali,
1565 3630 1723 3707 quod
1752 3631 2033 3692 naturale

471 3723 600 3785 sine
626 3722 905 3783 discursu
930 3720 1018 3781 vel
1044 3719 1342 3795 facillimo
1368 3720 1701 3795 innotescit,
1720 3721 1974 3784 alteram
2004 3741 2033 3785 e

473 3818 699 3876 contra.
722 3845 803 3858 —
819 3811 1200 3892 Quapropter
1225 3810 1414 3870 etiam
1442 3829 1569 3871 non
1593 3812 1792 3890 placet
1813 3813 2032 3874 modus

470 3904 766 3984 loquendi
791 3904 1144 3984 aliquorum
1169 3903 1599 3981 theologorum
1622 3904 1732 3983 qui
1757 3906 2033 3966 sentiunt

465 3997 572 4075 jus
599 3997 880 4075 gentium
914 3994 1141 4056 habere
1174 3995 1575 4057 intrinsecam
1608 3997 2031 4059 necessitatem

472 4089 541 4149 in
572 4089 698 4148 suis
740 4089 1097 4168 proeceptis3
1144 4087 1466 4168 solumque
1492 4089 1738 4150 differre
1777 4108 1815 4150 a
1845 4096 2029 4151 natu-

470 4181 609 4257 rali,
640 4182 786 4261 quia
817 4182 920 4261 jus
951 4180 1233 4241 naturale
1259 4181 1394 4242 sine
1428 4181 1704 4242 discursu
1731 4182 1831 4243 vel
1856 4182 2029 4244 facil-

469 4274 621 4335 limo
655 4275 930 4335 discursu
963 4272 1324 4347 innotescit:
1363 4273 1464 4352 jus
1509 4280 1717 4336 autem
1746 4276 2029 4353 gentium

470 4384 580 4445 per
599 4366 807 4445 plures
834 4365 1141 4426 illationes
1180 4370 1243 4424 et
1282 4365 1652 4429 difficiliores
1689 4367 2020 4445 colligitur.

469 4458 642 4531 Quod
667 4461 865 4537 potaet
887 4458 1154 4518 sumi·ex
1174 4457 1340 4531 Soto,
1366 4456 1524 4517 libro
1549 4461 1609 4532 1,
1633 4476 1693 4536 q.
1726 4460 1787 4534 5,
1818 4464 1935 4519 art.
1960 4462 2023 4534 4,

467 4556 528 4611 et
568 4551 845 4611 indicant
869 4549 1061 4627 aliqui
1101 4548 1386 4609 moderni
1415 4549 1768 4627 Thomistae,
1812 4552 1901 4612 ita
1929 4553 2025 4613 in-

466 4643 812 4721 telligentes
847 4642 917 4701 D.
949 4641 1275 4715 Thomam,
1319 4658 1506 4719 quem
1530 4642 1696 4705 infra
1723 4644 2025 4723 interpre-

467 4736 759 4796 tabimur.
784 4734 970 4795 Nobis
987 4734 1181 4811 igitur
1207 4733 1341 4794 haec
1364 4734 1551 4795 etiam
1576 4736 1880 4797 sententia
1895 4755 2024 4799 non

464 4829 686 4908 placet,
731 4828 959 4906 prim0,
1005 4826 1152 4904 quia
1196 4826 1393 4885 multa
1439 4826 1732 4888 dicuntur
1774 4847 1902 4891 esse
1945 4830 2024 4892 de

456 4920 598 4998 jure
633 4921 912 4998 gentium
940 4936 1077 4997 quae
1116 4937 1244 4979 non
1272 4918 1504 4980 habent
1533 4920 1704 4980 illam
1735 4922 2026 4985 intrinse-

467 5030 606 5072 cam
634 5013 1079 5086 necessitatem,
1110 5016 1182 5071 ut
1211 5011 1432 5072 divisio
1461 5030 1697 5090 rerum,
1736 5016 2019 5093 servitus,

463 5109 526 5164 et
551 5104 674 5164 alia
702 5124 839 5184 quae
864 5104 1029 5165 infra
1057 5104 1425 5166 videbimus.
1452 5107 1733 5167 Secundo
1764 5127 1836 5169 ac
1870 5129 2023 5188 prae-

464 5197 667 5275 cipue,
697 5199 841 5275 quia
870 5198 971 5276 jus
995 5198 1273 5276 gentium
1303 5216 1418 5260 nec
1444 5199 1606 5260 cirea
1629 5202 1829 5280 prima
1853 5204 2022 5281 prin-

463 5289 625 5367 cipia
665 5290 943 5362 moralia,
975 5308 1090 5351 nec
1123 5292 1283 5351 circa
1317 5292 1736 5354 conclusiones
1771 5313 1907 5374 quae
1943 5314 2022 5356 ex

460 5381 583 5442 illis
612 5381 950 5441 necessario
979 5382 1332 5444 inferuntur
1358 5386 1589 5446 versari
1617 5393 1839 5465 potest,
1874 5388 2023 5466 quia

463 5475 675 5535 omnia
701 5474 807 5535 illa
844 5473 957 5533 sub
994 5477 1240 5554 proprio
1277 5478 1416 5553 jure
1451 5480 1718 5541 naturali
1747 5498 2022 5558 compre-

1124 367 1238 418 Lm.
1276 367 1334 418 11.
1373 367 1452 418 DE
1484 366 1645 420 LEGE
1677 364 1960 427 AETERNA,
1997 366 2076 418 ΕΤ
2108 367 2441 431 NATURALI,
2477 367 2557 419 AC
2588 367 2739 420 JL'RE
2772 365 3060 421 GENTIUM.

2127 470 2509 545 henduntur,
2539 476 2610 531 ut
2642 488 2777 549 cap.
2810 472 2847 529 7
2875 468 3203 548 probatum
3232 473 3344 530 est.
3362 469 3438 529 Et
3465 467 3693 530 confir-

2128 569 2357 638 matur,
2387 581 2533 624 nam
2565 563 2776 623 omnia
2809 567 3112 642 praecepta
3148 579 3285 640 quae
3310 579 3349 620 a
3387 562 3511 622 Deo
3545 568 3692 623 sunt

2127 656 2195 716 in
2227 655 2513 717 cordibus
2538 656 2863 716 hominum
2891 655 3116 733 scripta
3141 654 3452 732 pertinent
3478 654 3557 715 ad
3582 656 3690 733 jus

2127 748 2431 824 naturale,
2464 755 2534 809 ut
2573 749 2839 809 sumitur
2870 766 2947 808 ex
2973 746 3162 808 Paulo
3191 746 3268 807 ad
3297 748 3560 808 Roman.
3603 750 3683 826 23

2125 843 2231 903 sed
2260 842 2470 903 omnia
2501 842 2608 903 illa
2636 859 2773 921 quae
2800 840 3073 902 evidenti
3107 840 3346 900 ratione
3375 840 3689 902 deducun-

2123 941 2227 996 tur
2253 954 2329 996 ex
2357 933 2672 1014 principiis
2706 940 2943 995 naturae
2967 938 3112 994 sunt
3140 933 3365 1012 scripta
3392 934 3459 993 in
3481 935 3689 995 cordi-

2123 1029 2268 1106 bus;
2300 1048 2447 1109 ergo
2483 1029 2695 1090 omnia
2724 1029 3040 1109 pertinent
3076 1027 3154 1088 ad
3178 1029 3285 1106 jus
3317 1034 3577 1089 naturae.
3611 1030 3688 1090 Et

2122 1141 2156 1183 e
2183 1140 2497 1197 converSO,
2530 1127 2835 1201 praecepta
2861 1121 3020 1200 juris
3051 1123 3333 1198 gentium
3367 1120 3447 1180 ab
3476 1120 3684 1181 homi-

2122 1214 2305 1276 nibus
2347 1215 2697 1275 introducta
2738 1218 2882 1274 sunt
2922 1231 3031 1292 per
3074 1212 3401 1273 arbitrium
3448 1218 3510 1274 et
3541 1231 3682 1275 con-

2121 1325 2370 1368 sensum
2409 1306 2682 1381 illorum,
2726 1305 2854 1366 sive
2894 1305 2962 1366 in
2995 1310 3122 1366 tota
3147 1304 3476 1366 hominum
3516 1325 3682 1368 com-

2123 1400 2451 1477 munitate,
2512 1399 2642 1460 sive
2693 1399 2760 1460 in
2817 1399 3038 1476 majori
3093 1405 3267 1477 parte
3289 1415 3310 1475 3
3358 1417 3507 1477 ergo
3552 1419 3678 1462 non

2119 1497 2377 1570 possunt
2410 1491 2530 1552 dici
2558 1491 2783 1570 scripta
2812 1491 2878 1551 in
2917 1491 3203 1552 cordibus
3240 1490 3566 1554 hominum
3599 1493 3679 1555 ab

2120 1589 2368 1645 auctore
2408 1590 2689 1661 naturoe3
2737 1602 2884 1663 ergo
2931 1590 3075 1644 sunt
3112 1584 3271 1663 juris
3311 1584 3572 1646 humani
3618 1592 3682 1647 et

2117 1695 2246 1738 non
2269 1677 2591 1739 naturalis
2636 1676 2811 1750 Quod
2837 1677 2889 1737 si
2920 1678 2995 1739 de
3025 1677 3332 1756 aliquibus
3362 1679 3681 1758 praeceptis

2111 1770 2272 1848 juris
2300 1771 2582 1848 gentium
2607 1769 2727 1830 hoc
2753 1771 3092 1832 necessario
3115 1770 3435 1832 fatendum
3468 1777 3581 1848 est,
3607 1777 3679 1832 ut

2117 1864 2529 1940 ostendemuS,
2556 1881 2683 1924 non
2710 1868 2949 1943 oportet
2966 1863 3070 1940 jus
3097 1864 3377 1941 gentium
3405 1883 3546 1925 cum
3569 1884 3679 1925 na-

2116 1956 2304 2017 turali
2331 1956 2735 2032 confundere,
2768 1974 2883 2017 nec
2908 1961 3157 2035 propter
3185 1956 3344 2016 solas
3370 1956 3677 2018 illationes

2117 2049 2305 2109 etiam
2337 2049 2542 2129 plures
2569 2050 2658 2110 ita
2687 2067 2904 2111 vocare
2933 2049 3033 2127 jus
3068 2048 3221 2108 illud
3248 2049 3414 2128 quod
3443 2050 3676 2129 simpli-

2116 2143 2269 2202 citer
2290 2143 2572 2204 naturale
2600 2148 2728 2203 est:
2751 2161 2898 2203 nam
2923 2143 3232 2202 discursus
3255 2161 3381 2203 non
3411 2143 3677 2204 excludit

2115 2254 2328 2297 veram
2354 2242 2414 2298 et
2438 2236 2788 2298 naturalem
2814 2237 3239 2297 necessitatem
3264 2238 3552 2316 praecepti
3589 2239 3675 2297 sic

2117 2329 2372 2407 cogniti,
2419 2335 2481 2390 et
2521 2329 2687 2408 quod
2728 2330 3034 2390 discursus
3067 2330 3147 2389 sit
3189 2348 3299 2408 per
3337 2329 3543 2408 plures
3572 2328 3675 2391 vel

2113 2422 2433 2500 pauciores
2477 2422 2784 2484 illationes
2829 2421 3028 2500 magis
3074 2422 3171 2484 vel
3216 2422 3426 2483 minus
3469 2427 3669 2498 notaS‚

2111 2513 2291 2574 valde
2321 2514 2804 2576 accidentarium
2832 2521 2945 2575 est.

2192 2608 2254 2666 9.
2304 2607 2517 2669 Tertia
2554 2608 2754 2687 opinio
2782 2608 3285 2689 distinquoasjus
3306 2609 3584 2672 naturale
3607 2610 3673 2672 in

2114 2716 2176 2760 eo
2227 2700 2384 2778 quod
2428 2701 2643 2780 obliyet
2697 2701 2825 2763 sine
2875 2702 3257 2780 dependentia
3304 2720 3344 2763 a
3378 2707 3673 2781 potestate

2114 2791 2402 2867 humana,
2428 2812 2457 2855 e
2484 2798 2690 2855 contra
2725 2811 2860 2855 vero
2879 2795 2994 2872 jas
3020 2795 3308 2873 yentiam.
3332 2830 3410 2838 —
3441 2795 3671 2857 Exclu-

2113 2884 2284 2946 ditur
2313 2886 2475 2948 dicta
2504 2886 2790 2965 opinatio.
2813 2922 2894 2932 —
2912 2887 3136 2948 Dicunt
3166 2906 3313 2949 vero
3339 2887 3529 2967 aliqui
3568 2889 3671 2966 jus

2112 2977 2393 3038 naturale
2426 2978 2945 3057 comprehendere
2985 2978 3404 3041 conclusiones
3444 2980 3529 3040 ita
3563 2997 3671 3040 ne-

2112 3070 2424 3147 cessariaS,
2439 3076 2510 3132 ut
2536 3071 2710 3132 nulla
2735 3071 2898 3133 facta
2923 3072 3341 3153 suppositione
3369 3071 3671 3134 societatis

2110 3161 2401 3224 humanae
2426 3163 2524 3225 vel
2551 3165 2951 3244 dependentis
2972 3184 3011 3226 a
3031 3166 3348 3226 voluntate
3373 3166 3668 3239 humana,

2110 3260 2404 3333 sequatur
2447 3275 2524 3317 ex
2571 3257 2891 3336 principiis
2933 3262 3172 3319 naturae
3222 3258 3559 3333 evidenter,
3610 3262 3671 3317 et

2113 3344 2226 3406 has
2262 3365 2390 3407 non
2429 3354 2703 3427 spectare
2742 3350 2821 3410 ad
2860 3350 2963 3428 jus
2994 3351 3314 3429 gentium:
3349 3368 3479 3411 esse
3523 3366 3669 3409 vero

2113 3438 2265 3500 alias
2313 3441 2737 3504 conclusiones
2786 3461 2922 3521 quae
2971 3449 3314 3523 sequuntur
3361 3444 3550 3504 etiam
3594 3461 3670 3502 ex

2111 3531 2432 3612 principiis
2456 3540 2693 3596 naturae
2720 3536 3081 3612 necessario,
3105 3542 3317 3596 tamen
3340 3553 3467 3595 non
3493 3530 3673 3594 absoss

2111 3623 2262 3699 lute,
2297 3626 2402 3686 sed
2428 3629 2743 3706 supposita
2769 3627 3045 3690 humana
3074 3630 3387 3695 societate.
3423 3634 3487 3688 et
3518 3644 3668 3687 con-

2110 3717 2392 3779 sideratis
2440 3719 2749 3798 aliquibus
2794 3722 3270 3783 circumstantiis
3316 3721 3669 3782 necessariis

2112 3810 2190 3870 ad
2237 3810 2428 3889 ipsius
2472 3815 3026 3891 conservationem,
3068 3820 3131 3875 et
3174 3819 3480 3895 proecepta
3531 3831 3669 3892 quae

2110 3902 2273 3963 circa
2310 3904 2668 3983 hujusmodi
2703 3908 3120 3969 conclusiones
3158 3914 3483 3970 versantur
3519 3925 3668 3968 con-

2111 3996 2364 4057 stituere
2383 3997 2488 4074 jus
2507 3999 2810 4076 gentium.
2838 4001 3012 4073 Quod
3033 4001 3278 4061 videtur
3303 4018 3479 4079 posse
3506 3999 3669 4060 sumi

2110 4103 2188 4146 ex
2210 4087 2354 4148 divo
2383 4087 2620 4151 Thoma
2645 4090 2713 4151 in
2740 4094 2801 4152 2.
2829 4093 2891 4167 2,
2920 4092 3054 4154 loco
3076 4092 3362 4171 aUegato.
3403 4093 3521 4155 Sed
3557 4110 3668 4171 per

2107 4177 2222 4240 hoc
2263 4182 2450 4243 etiam
2491 4172 2619 4245 ndn
2646 4185 2990 4264 explicatur
3030 4203 3176 4248 vera
3204 4192 3266 4248 et
3296 4187 3547 4265 propria
3570 4204 3673 4246 ra-

2107 4272 2217 4348 tio,
2235 4279 2297 4334 et
2319 4275 2626 4337 distinctio
2646 4277 2806 4354 juris
2835 4279 3119 4357 gentium
3137 4297 3174 4340 a
3194 4278 3485 4339 naturali.
3510 4278 3667 4339 Nam

2108 4365 2306 4427 multa
2333 4374 2477 4427 sunt
2504 4368 2580 4430 de
2599 4370 2739 4447 jure
2760 4371 3049 4445 naturali,
3071 4390 3210 4452 quae
3235 4390 3360 4432 non
3390 4370 3667 4449 obligant

2106 4475 2221 4518 nec
2268 4457 2474 4519 locum
2526 4460 2758 4523 habent
2798 4462 2920 4524 nisi
2977 4463 3187 4543 aliqua
3247 4464 3668 4542 suppositione

2104 4550 2288 4626 facta,
2333 4557 2403 4612 ut
2432 4561 2806 4634 praeceptum
2846 4574 2975 4617 non
3013 4556 3265 4617 furandi
3308 4575 3434 4618 non
3477 4556 3666 4617 habet

2104 4641 2313 4704 locum
2348 4645 2469 4705 nisi
2506 4645 2667 4708 facta
2693 4648 2993 4714 divisione
3037 4648 3344 4711 bonorum
3377 4654 3438 4710 et
3463 4649 3663 4710 domi-

2102 4736 2374 4799 niorum.
2393 4741 2771 4820 Praeceptum
2794 4744 2944 4804 item
2967 4744 3224 4822 parendi
3247 4744 3512 4804 dominis
3536 4762 3662 4803 non

2103 4828 2291 4891 habet
2316 4832 2522 4893 locum
2557 4835 2680 4895 nisi
2716 4837 3031 4916 supposita
3056 4837 3349 4899 servitute
3375 4853 3390 4899 ε
3418 4837 3662 4915 justitia

2105 4925 2292 4985 etiam
2320 4932 2750 4989 contractuum
2777 4948 2904 4990 non
2947 4929 3136 4991 habet
3173 4930 3378 4992 locum
3414 4930 3535 4991 nisi
3584 4949 3661 4991 ex

2103 5018 2521 5097 suppositione
2564 5024 2918 5083 commercii
2958 5023 3240 5084 humani.
3290 5025 3366 5084 Et
3400 5023 3487 5084 ita
3517 5028 3661 5083 sunt

2100 5109 2280 5188 plura
2306 5110 2430 5171 alia
2464 5130 2602 5190 quae
2626 5114 2947 5175 manifeste
2980 5116 3291 5194 pertinent
3327 5115 3407 5175 ad
3426 5117 3526 5195 jus
3553 5134 3663 5176 na-

2102 5201 2301 5293 turale
2326 5219 2342 5263 ε
2369 5222 2516 5265 nam
2536 5205 2625 5266 ita
2648 5213 2793 5268 sunt
2811 5227 2921 5286 per
2943 5226 3006 5281 se
3028 5208 3310 5283 honesta,
3330 5214 3401 5268 ut
3423 5216 3662 5270 contra-

2101 5294 2195 5354 ria
2224 5295 2668 5374 prohibeantur
2696 5300 2844 5379 quia
2884 5299 3071 5375 mala,
3106 5306 3167 5361 et
3196 5319 3322 5360 non
3357 5319 3390 5361 e
3421 5306 3661 5361 contra-

2101 5388 2195 5448 rio
2243 5408 2257 5447 ε
2321 5390 2481 5449 ratio
2537 5393 2726 5452 etiam
2777 5393 2952 5454 reddi
3008 5400 3229 5473 potest,
3287 5394 3436 5472 quia
3493 5393 3656 5473 quod

2101 5480 2408 5543 conclusio
2462 5491 2755 5562 sequatur
2811 5504 2889 5547 ex
2925 5486 3243 5566 principiis
3304 5492 3542 5547 naturae
3582 5504 3659 5545 ex
