3976 6219
540 384 658 445 204

534 498 631 551 tra
659 489 923 569 legalem
944 487 1272 567 justitiam,
1311 486 1409 565 jus
1446 487 1627 566 regni
1654 493 1717 548 et
1742 486 2090 549 dominium

535 584 784 644 feminae
820 581 1119 651 conferre,
1151 581 1299 661 quia
1330 587 1546 641 contra
1573 581 1880 641 rationem
1909 586 2002 640 est
2041 579 2097 639 ei

538 680 901 755 potestatem
921 674 1092 749 dare,
1113 675 1221 753 qui
1240 692 1364 734 non
1388 679 1589 753 potest
1609 674 1741 752 ejus
1755 678 1963 733 actum
1985 691 2097 753 po·

536 768 844 829 tissimum
874 784 1177 828 exercere.
1210 767 1487 827 Tandem
1514 766 1748 826 femina
1788 783 1979 844 capax
2004 769 2096 824 est

530 860 978 940 jurisdictionis
1023 860 1211 920 ctiam
1243 860 1451 937 regiae,
1504 864 1575 919 ut
1621 858 1988 937 supponitur
2029 859 2095 918 in

537 973 671 1033 cap.
702 954 812 1015 Em
846 959 1044 1031 parte,
1080 955 1119 1013 2
1145 953 1222 1013 de
1269 952 1586 1030 Privileg„
1617 958 1679 1013 et
1725 952 1992 1012 sumitur
2029 952 2096 1011 in

537 1066 672 1125 cap.
708 1046 957 1118 Dilecti,
990 1045 1067 1105 de
1092 1045 1349 1118 Arbitr.,
1383 1045 1492 1104 ubi
1534 1044 1596 1105 id
1643 1050 1818 1104 notat
1847 1045 2092 1119 Innoc.;

537 1146 598 1201 et
625 1139 782 1200 Abb.
814 1158 879 1199 n.
916 1143 942 1199 1
986 1144 1047 1198 et
1075 1140 1111 1198 3
1137 1138 1282 1198 inde
1328 1138 1517 1199 infert
1541 1138 1839 1199 feminam
1866 1138 2101 1199 haben-

537 1240 663 1294 tem
700 1250 965 1311 regnum
994 1249 1191 1311 posse,
1232 1231 1283 1291 si
1313 1231 1482 1300 velit,
1509 1249 1619 1309 per
1642 1249 1705 1291 se
1724 1249 1970 1291 causam
1999 1250 2100 1292 co-

537 1344 847 1406 gnoscere,
866 1332 930 1387 et
946 1326 1105 1386 ferre
1125 1327 1518 1400 sententiam,
1533 1331 1593 1386 et
1608 1325 2099 1404 jurisdictionem

535 1422 603 1481 in
649 1420 922 1480 subditos
949 1437 1252 1480 exercere.
1312 1421 1388 1479 Et
1432 1419 1597 1479 idem
1646 1419 1836 1478 tradit
1863 1419 2092 1479 Anton.

538 1514 764 1574 Corset.
787 1514 988 1573 Tract.
1005 1513 1081 1573 de
1112 1513 1413 1572 Potestate
1440 1512 1626 1590 regis,
1652 1531 1713 1591 p.
1744 1512 1880 1582 ult„
1906 1531 1964 1591 q.
1992 1514 2094 1587 98,

537 1609 710 1683 n.58;
725 1624 873 1685 ergo
892 1605 1136 1685 quando
1152 1605 1387 1665 femina
1400 1603 1588 1665 habet
1603 1604 2097 1684 jurisdictionem

538 1718 914 1780 supremam,
938 1699 1166 1778 poterit
1191 1697 1299 1758 illa
1328 1697 1423 1758 uti
1450 1698 1528 1757 ad
1579 1697 1744 1776 leges
1787 1698 2093 1773 ferendaS‚

538 1794 684 1872 quia
711 1799 803 1853 est
826 1792 1039 1853 eadem
1063 1791 1246 1866 rati0,
1274 1809 1387 1852 nec
1410 1796 1499 1851 est
1518 1790 1749 1869 aliquid
1777 1791 1940 1870 quod
1963 1810 2097 1870 spe-

540 1886 779 1947 cialiter
830 1883 1146 1964 impediat.
1188 1885 1343 1945 Nam
1393 1884 1665 1944 defectus
1713 1884 1982 1944 scientiae
2038 1889 2099 1945 et

538 1979 883 2059 prudentiae
913 1996 1023 2058 per
1063 1976 1411 2057 sapientum
1452 1977 1776 2037 consilium
1829 1978 2097 2056 suppleri

537 2077 760 2152 potest,
797 2078 866 2131 ut
894 2076 1112 2131 notant
1134 2071 1282 2131 dicti
1311 2076 1622 2131 auctores:
1661 2076 1723 2130 ct
1768 2071 1856 2129 ita
1895 2070 2100 2149 quoad

537 2165 654 2225 hoc
683 2166 898 2225 eadem
927 2170 1020 2226 est
1044 2165 1203 2225 ratio
1230 2164 1307 2225 de
1360 2164 1590 2225 caeteris
1636 2163 1873 2223 actibus
1912 2163 2099 2242 juris-

537 2257 839 2318 dictioniS.

618 2353 677 2412 9.
724 2352 930 2429 Neque
961 2355 1174 2411 contra
1223 2350 1340 2410 hoc
1390 2349 1635 2410 obstant
1683 2350 1869 2410 citata
1910 2348 2099 2410 verba

539 2442 717 2504 Pauli
742 2464 755 2502 :
785 2462 933 2503 nam
959 2444 1063 2503 ille
1090 2443 1368 2522 loquitur
1409 2443 1484 2502 de
1530 2443 1810 2502 doctrina
1836 2442 2005 2515 fidei,
2037 2448 2100 2501 et

538 2537 614 2597 de
639 2537 821 2596 modo
840 2536 1085 2615 publice
1106 2535 1277 2596 illam
1305 2535 1587 2596 tradendi
1612 2542 1673 2594 et
1695 2534 2098 2595 concionandi

538 2631 606 2691 in
634 2630 934 2690 Ecclesia:
969 2629 1045 2690 de
1078 2630 1194 2690 hoc
1222 2630 1391 2691 enim
1422 2629 1509 2689 ihi
1535 2634 1779 2704 tractat,
1811 2634 1874 2689 et
1902 2629 2098 2706 magis

540 2722 812 2782 declarat
853 2725 878 2780 1
939 2722 1212 2783 Corinth.
1271 2724 1368 2798 14,
1418 2722 1685 2800 dicitque
1728 2721 1792 2780 id
1849 2721 2098 2782 feminae

538 2834 666 2875 non
695 2815 991 2895 permitti,
1033 2833 1156 2874 non
1196 2828 1323 2874 tam
1354 2821 1605 2896 propter
1632 2816 2099 2894 incapacitatem

542 2910 694 2987 (haec
745 2910 911 2970 enim
961 2914 1159 2988 posset
1208 2911 1427 2988 saepius
1472 2928 1599 2969 non
1637 2911 1862 2986 deesse)
1912 2926 2101 2987 quam

537 3007 792 3082 propter
822 3000 1204 3061 honestatem
1240 3008 1300 3062 et
1342 3003 1709 3063 decentiam.
1759 3001 1903 3073 Quae
1943 3002 2101 3061 ratio

541 3114 666 3154 non
696 3093 883 3155 hahet
909 3093 1118 3156 locum
1146 3095 1210 3155 in
1239 3101 1380 3155 actu
1410 3094 1650 3156 ferendi
1676 3093 1843 3173 leges
1859 3111 1878 3171 3
1904 3099 2104 3174 potest

542 3188 711 3248 enim
750 3206 827 3248 ex
855 3196 1026 3267 parte
1054 3189 1306 3250 ferentis
1340 3189 1541 3266 legem
1579 3194 1806 3249 secrete
1856 3194 1917 3249 et
1960 3206 2104 3249 cum

538 3299 784 3342 summa
812 3281 1090 3342 decentia
1117 3282 1276 3356 fieri,
1306 3281 1547 3343 etiamsi
1578 3280 1674 3341 lex
1703 3280 1836 3360 ipsa
1858 3280 2104 3359 publice

538 3378 751 3451 postca
804 3373 1257 3452 promulganda
1308 3376 1405 3434 sit.
1472 3373 1608 3433 Alia
1659 3379 1868 3434 autem
1918 3373 2104 3433 verba

543 3465 717 3525 Pauli
756 3466 1001 3544 proprie
1050 3466 1483 3544 intelliguntur
1514 3466 1590 3526 de
1626 3466 1860 3526 femina
1892 3464 2105 3525 matri·

544 3557 754 3617 monio
785 3558 1115 3634 conjuncta
1142 3564 1419 3636 respectu
1457 3557 1691 3631 mariti,
1723 3557 1798 3617 de
1835 3576 1956 3636 qua
1983 3562 2106 3616 sta·

542 3650 658 3710 tim
688 3650 983 3709 dicemus.
1018 3650 1136 3710 Nec
1165 3649 1326 3711 valet
1359 3655 1795 3728 argumentum
1826 3669 1864 3710 a
1891 3649 2101 3725 simili,

546 3741 735 3821 quod,
753 3742 909 3801 sicut
930 3741 1153 3802 mulier
1171 3760 1297 3802 non
1318 3748 1515 3822 potest
1532 3743 1837 3802 dominari
1859 3743 2102 3816 marita,

546 3836 636 3895 ita
663 3852 776 3894 nec
802 3835 991 3914 possit
1017 3834 1323 3895 dominari
1368 3853 1493 3895 suae
1543 3835 1916 3913 reipublicae,
1960 3836 2108 3914 quia

547 3928 615 3988 in
642 3927 858 3988 ordine
882 3928 962 3987 ad
985 3947 1164 3987 usum
1191 3929 1572 3989 matrimonii
1608 3933 1670 3989 et
1711 3928 1988 4006 regimen
2018 3928 2106 3988 fa-

547 4020 737 4080 miliae
765 4020 990 4081 mulier
1016 4031 1108 4081 est
1135 4021 1499 4082 naturaliter
1522 4021 1776 4082 inferior
1803 4040 1874 4082 ac
1900 4020 2107 4081 subdi-

547 4122 613 4174 ta
648 4131 664 4174 :
695 4114 761 4174 in
802 4114 1018 4174 ordine
1058 4120 1265 4174 autem
1306 4115 1382 4174 ad
1418 4114 1697 4192 regimen
1725 4112 1904 4175 civile
1949 4113 2107 4181 nihil

546 4212 640 4267 est
685 4225 762 4267 ex
805 4206 942 4286 lege
969 4212 1204 4267 naturae
1250 4212 1589 4283 statutum;
1620 4206 1727 4267 sed
1768 4205 2109 4286 respublica

547 4300 750 4379 potuit
780 4300 1107 4361 transferre
1148 4306 1511 4379 potestatem
1541 4300 1607 4359 in
1652 4299 1977 4374 feminam,
2009 4297 2107 4358 vel

548 4394 616 4454 in
640 4411 872 4472 regem,
895 4412 1036 4453 cum
1059 4411 1135 4454 ea
1157 4393 1510 4453 conditione
1534 4399 1602 4452 ut
1629 4392 1685 4453 ci
1706 4399 1909 4472 posset
1930 4392 2106 4452 femi·
2131 4398 2143 4408 “

548 4505 632 4548 na
658 4486 1003 4547 succedere.
1032 4487 1153 4547 Nec
1194 4487 1459 4564 denique
1486 4485 1734 4545 obstant
1763 4486 1930 4563 leges
1958 4484 2107 4546 civi-

547 4578 636 4640 les
663 4597 772 4640 seu
787 4581 932 4658 jura
956 4580 1253 4655 humana,
1280 4579 1424 4658 quia
1451 4578 1792 4657 loquuntur
1815 4579 1890 4638 de
1929 4578 2109 4638 semi-

548 4672 646 4732 nis
690 4671 1120 4733 communibus
1152 4674 1244 4749 (ut
1279 4672 1367 4731 ita
1414 4671 1638 4748 dicam)
1680 4690 1787 4732 seu
1827 4689 1955 4731 non
1999 4672 2107 4732 ha·

548 4765 838 4826 bentibus
863 4765 1175 4845 propriam
1195 4765 1682 4844 jurisdictionem
1698 4781 1719 4844 3
1752 4783 1925 4825 secus
1959 4783 2108 4825 vero

550 4876 682 4920 esse
713 4858 788 4919 de
815 4858 1063 4918 feminis
1106 4845 1625 4937 praecellentibus,
1667 4863 1729 4919 et
1768 4858 2107 4938 praesertim

550 4952 782 5032 reginis
809 4952 1134 5032 supremis,
1166 4969 1301 5030 quae
1324 4957 1466 5011 sunt
1487 4969 1670 5029 supra
1692 4952 1898 5031 ipsum
1929 4951 2110 5012 civile

546 5048 648 5130 jus
683 5066 697 5109 ε
739 5064 939 5126 neque
967 5045 1102 5106 illas
1125 5044 1873 5134 comprehenderepotest
1914 5045 1982 5105 in
2015 5043 2113 5106 his

555 5159 693 5222 quae
718 5140 968 5200 illarum
992 5139 1279 5219 potestati
1308 5144 1681 5218 repugnant.

636 5236 735 5295 10.
781 5232 1090 5294 Nonnulla
1112 5232 1313 5311 major
1335 5231 1635 5292 dubitatio
1666 5236 1756 5292 est
1779 5231 1855 5293 de
1896 5231 2114 5309 regina

553 5327 821 5388 habente
853 5327 1170 5402 maritum,
1197 5326 1302 5405 qui
1324 5326 1564 5387 ratione
1598 5326 1977 5387 matrimonii
2008 5343 2115 5385 rex

553 5420 922 5502 appellatur,
972 5425 1034 5480 et
1077 5425 1148 5478 ut
1188 5436 1300 5479 rex
1326 5419 1666 5480 honoratur
1697 5425 1760 5479 et
1806 5419 2114 5502 obeditur.

555 5518 627 5577 In
670 5534 793 5595 qua
824 5531 893 5575 re
922 5512 1267 5573 communis
1294 5512 1599 5573 sententia
1618 5512 2119 5592 jurisperitorum

1537 386 1654 440 Lm.
1692 389 1772 439 111.
1814 387 1890 438 DE
1926 387 2084 439 LEGE
2120 388 2383 439 HUMANA
2416 389 2495 440 ET
2528 387 2731 442 ClvlLl.

2180 493 2274 548 cst
2300 488 2605 565 reginam,
2633 487 2820 548 etiam
2858 493 2994 566 post
3015 493 3397 549 contractum
3424 477 3752 551 matrimo-

2178 581 2378 656 nium,
2406 581 2672 641 retinere
2692 586 2754 640 et
2776 599 3037 659 regnum
3062 586 3125 640 et
3152 580 3409 642 liberam
3435 584 3613 661 regni
3634 583 3751 643 ad·-

2179 674 2696 735 ministrationem
2721 720 2741 749 ,
2804 693 2875 734 ac
2937 674 3197 735 subinde
3251 681 3618 753 potestatem
3680 682 3750 737 et

2177 787 2360 828 usum
2388 768 2627 828 ferendi
2674 767 2864 846 leges,
2913 768 3261 846 Praecipuus
3298 774 3511 829 auctor
3551 769 3750 848 hujus

2177 861 2498 921 sententiae
2548 862 2666 921 fuit
2701 860 2871 921 Bald.
2921 861 2988 920 in
3033 879 3167 939 cap.
3204 860 3630 939 Siynificavit,
3664 862 3747 923 de

2178 954 2501 1034 Rescript.,
2531 972 2717 1034 quem
2750 954 3026 1033 sequitur
3055 954 3364 1033 Tiraquel.
3408 954 3483 1014 de
3510 955 3748 1016 Nobili-

2178 1052 2320 1121 tat.,
2351 1066 2484 1126 cap.
2516 1048 2615 1123 18,
2645 1066 2709 1108 n.
2746 1050 2805 1122 3,
2832 1046 3103 1107 referens
3124 1047 3401 1121 Decium,
3433 1047 3650 1110 Alciat.
3681 1053 3748 1109 et

2181 1141 2354 1202 alioS.
2402 1142 2568 1203 Idem
2597 1141 2841 1203 Martin.
2889 1141 3152 1202 Garatus
3179 1147 3352 1202 tract.
3387 1141 3464 1202 de
3507 1143 3738 1203 Princi-

2181 1236 2311 1315 pib.
2341 1254 2403 1315 q.
2437 1237 2589 1313 1763
2620 1236 2802 1313 Greg.
2833 1236 2980 1313 Lop.
3009 1234 3076 1293 in
3100 1233 3144 1294 1.
3181 1236 3241 1310 1,
3267 1234 3458 1294 GlosS.
3490 1236 3553 1309 9,
3584 1241 3646 1295 et
3673 1236 3742 1295 in

2179 1330 2222 1391 l.
2255 1332 2317 1405 9,
2347 1330 2540 1390 Glos5.
2572 1332 2634 1405 4,
2666 1334 2711 1389 t.
2747 1333 2806 1405 1,
2828 1347 2889 1407 p.
2926 1329 2985 1389 2.
3021 1327 3198 1388 Ratio
3221 1327 3392 1388 Baldi
3425 1327 3566 1404 fuit,
3593 1329 3745 1408 quia

2179 1423 2397 1502 regina
2433 1439 2543 1501 per
2595 1421 3066 1482 matrimonium
3124 1439 3252 1481 non
3301 1421 3594 1481 transfert
3645 1439 3744 1481 re-

2179 1534 2374 1593 gnum
2402 1515 2466 1574 in
2490 1515 2809 1589 maritum,
2846 1512 2999 1574 illud
3025 1532 3064 1574 a
3103 1531 3168 1575 se
3203 1513 3546 1573 abdicando
3575 1529 3590 1572 :
3627 1531 3744 1574 nec

2178 1608 2364 1669 etiam
2393 1608 2548 1668 illud
2577 1608 2664 1667 ita
2689 1606 2924 1667 confert
2945 1607 3168 1666 marito
3188 1609 3259 1666 ut
3285 1624 3458 1685 aeque
3492 1611 3746 1666 maneat

2177 1700 2244 1759 iu
2277 1707 2559 1778 utroque,
2594 1718 2708 1761 nec
2741 1699 2967 1759 retinet
2987 1699 3426 1780 proprietatem
3459 1698 3526 1758 in
3559 1716 3648 1774 se,
3679 1704 3743 1758 et

2179 1792 2777 1854 administrationem
2824 1791 3058 1872 praebet
3095 1792 3361 1853 marito:
3392 1809 3540 1869 ergo
3581 1792 3647 1851 in
3676 1809 3742 1852 se

2179 1885 2307 1945 sola
2339 1891 2672 1964 utrumque
2711 1886 2958 1962 retinet,
3008 1885 3240 1945 scilicet
3284 1890 3647 1964 potestatem
3680 1890 3743 1945 et

2179 1979 2802 2055 administrationem,
2850 1984 2912 2040 et
2957 1980 3044 2039 ita
3087 1997 3198 2058 per
3242 1996 3306 2039 se
3351 1983 3550 2057 potest
3584 1979 3744 2038 sicut

2181 2077 2365 2134 antea
2390 2073 2888 2151 jurisdictionem
2917 2090 3224 2148 exercere,
3271 2090 3343 2132 ac
3369 2071 3627 2151 proinde
3655 2072 3742 2132 le-

2180 2184 2288 2244 ges
2315 2166 2494 2226 ferre.
2528 2167 2974 2245 Consequentia
2997 2165 3162 2226 clara
3201 2171 3314 2226 est.
3357 2164 3743 2225 Antecedens

2180 2257 2478 2337 probatur
2502 2257 2706 2337 quoad
2746 2258 3020 2336 singulas
3067 2263 3291 2336 parteS.
3346 2257 3553 2317 Prima
3593 2275 3744 2335 ergo

2179 2369 2322 2430 pars
2349 2351 2670 2430 probatur,
2708 2351 2855 2431 quia
2886 2368 3153 2429 regnum
3182 2368 3307 2411 non
3347 2355 3549 2430 potest
3593 2350 3744 2410 alie-

2179 2444 2337 2518 nari,
2353 2462 2551 2524 neque
2579 2445 2644 2503 in
2665 2445 2872 2504 dotem
2896 2444 3052 2518 dari,
3080 2450 3149 2503 ut
3176 2445 3263 2504 ait
3282 2442 3481 2518 Bald.,
3501 2448 3562 2502 et
3583 2444 3744 2503 ratio

2180 2555 2309 2599 esse
2342 2538 2610 2612 videtur,
2646 2537 2792 2616 quia
2835 2541 2926 2596 est
2957 2535 3149 2596 veluti
3172 2535 3442 2595 officium
3487 2539 3549 2594 et
3585 2553 3744 2595 onus

2178 2630 2494 2710 personale
2523 2649 2559 2690 a
2598 2648 2791 2708 regno
2842 2628 3159 2703 collatum,
3205 2633 3267 2687 et
3305 2627 3444 2688 idco
3476 2645 3602 2687 non
3634 2646 3743 2706 po·

2177 2730 2296 2784 test
2323 2724 2388 2783 in
2422 2723 2615 2783 alium
2656 2721 2977 2783 transferri
3014 2722 3145 2782 sine
3190 2739 3489 2782 consensu
3535 2722 3737 2800 regni,

2178 2817 2279 2878 vel
2309 2818 2428 2877 nisi
2464 2818 2645 2896 juxta
2673 2817 3087 2877 conditionem
3140 2816 3442 2876 inclusam
3491 2815 3555 2874 in
3609 2815 3741 2894 ipsa

2178 2912 2358 2988 regni
2387 2910 2797 2984 institutione,
2828 2927 2966 2989 quae
3006 2908 3160 2969 solet
3201 2926 3329 2968 esse
3378 2913 3447 2967 ut
3479 2906 3742 2967 transfe-

2180 3011 2354 3065 ratur
2384 3022 2496 3083 per
2539 3002 2923 3078 electionem,
2969 3000 3068 3063 vel
3113 3001 3581 3074 successionem,
3613 3016 3741 3059 non

2181 3117 2330 3161 vero
2357 3117 2468 3179 per
2494 3096 2689 3158 alium
2717 3097 2974 3158 modum
3014 3094 3423 3156 alienationis.
3451 3093 3622 3155 Adde
3649 3098 3742 3153 ta-

2181 3191 2308 3252 lem
2333 3191 2771 3252 alienationem
2799 3209 2906 3251 seu
2954 3189 3416 3250 translationem
3451 3187 3630 3265 regni
3676 3186 3742 3245 in

2184 3284 2479 3344 maritum
2509 3302 2623 3344 nec
2665 3283 2802 3343 fieri
2847 3282 3162 3342 voluntate
3203 3281 3458 3360 reginae,
3488 3284 3560 3339 ut
3599 3297 3744 3339 con-

2186 3380 2330 3452 stat,
2361 3394 2474 3436 nec
2515 3376 2722 3454 aliquo
2747 3377 2910 3455 jure,
2953 3375 3100 3453 quia
3145 3392 3258 3434 nec
3302 3373 3426 3433 tale
3471 3374 3604 3451 ejus
3651 3377 3745 3431 est

2185 3469 2490 3545 naturale,
2514 3475 2582 3528 ut
2610 3487 2719 3548 per
2742 3487 2803 3530 se
2827 3475 3046 3529 notum
3070 3473 3199 3529 est:
3228 3486 3341 3528 nec
3373 3468 3447 3527 de
3470 3467 3743 3526 humano

2185 3568 2444 3638 constat,
2470 3580 2584 3622 nec
2618 3567 2814 3640 posset
2837 3561 2912 3622 ad
2937 3561 3054 3621 hoc
3082 3578 3299 3639 cogere
3334 3559 3610 3638 reginam
3644 3575 3746 3616 su-

2185 3672 2466 3735 premam
2516 3654 2832 3715 dominam
2859 3699 2879 3729 ,
2936 3672 3074 3733 quoe
3138 3657 3498 3732 potestatem
3559 3648 3746 3708 habet

2187 3766 2375 3827 supra
2406 3747 2529 3807 tale
2562 3747 2681 3825 juS.
2709 3748 2976 3808 Maxime
3017 3746 3162 3825 quia
3194 3763 3308 3805 nec
3356 3744 3421 3803 in
3453 3741 3747 3804 dominiis

2186 3840 2604 3915 inferioribuS,
2650 3858 2763 3901 nec
2791 3840 2857 3900 in
2885 3840 3024 3900 aliis
3047 3839 3244 3913 boniS,
3275 3855 3384 3917 per
3429 3836 3748 3896 matrimo-

2188 3937 2363 3995 nium
2401 3934 2630 3993 amittit
2679 3952 2836 3993 uxor
2879 3931 3225 3992 dominium
3266 3947 3518 3990 suorum
3555 3929 3748 3988 bono·

2186 4046 2328 4089 rum
2374 4033 2436 4088 et
2484 4025 2640 4087 iilud
2685 4027 2751 4085 in
2793 4026 3086 4086 maritum
3142 4021 3451 4096 transfert,
3498 4021 3605 4081 sed
3665 4020 3747 4081 ad

2187 4136 2501 4181 summum
2551 4119 3166 4179 administrationem.
3218 4113 3494 4193 Denique
3548 4112 3704 4173 alias
3724 4158 3745 4189 ,

2188 4212 2430 4273 etiamsi
2479 4212 2621 4271 talis
2669 4211 2888 4289 regina
2939 4213 3279 4270 moreretur
3334 4206 3466 4266 sine
3510 4203 3745 4280 liberis,

2190 4304 2451 4365 maritus
2484 4304 2778 4363 retineret
2824 4302 3175 4363 dominium
3216 4298 3416 4380 regni,
3463 4297 3626 4378 quod
3660 4302 3753 4357 est

2188 4403 2396 4476 aperte
2425 4395 2672 4456 falsum.

2270 4494 2368 4550 11.
2417 4488 2764 4549 Secundum
2790 4487 3139 4548 membrum
3170 4482 3590 4545 antecedentis
3617 4501 3755 4562 pro·

2187 4582 2324 4642 bari
2351 4581 2526 4655 solet,
2552 4581 2700 4659 quia
2726 4585 2818 4641 est
2844 4585 3055 4640 contra
3070 4577 3373 4639 rationem
3383 4575 3753 4650 naturalem,

2189 4681 2259 4735 ut
2286 4675 2454 4735 idem
2481 4691 2746 4751 regnum
2775 4673 2854 4733 sit
2872 4689 3047 4751 aeque
3067 4671 3131 4730 in
3153 4670 3413 4744 duobus,
3439 4668 3585 4747 quia
3602 4672 3758 4728 esset

2191 4786 2388 4829 unum
2443 4785 2661 4845 corpus
2715 4765 2948 4827 habens
2990 4765 3115 4824 duo
3156 4763 3358 4842 capita
3378 4806 3399 4837 ‚
3455 4760 3620 4840 quod
3663 4764 3755 4820 est

2190 4867 2606 4922 monstrosum
2634 4865 2695 4919 et
2723 4865 2901 4919 rectae
2917 4855 3351 4936 gubernationi
3377 4854 3557 4933 regui
3578 4852 3757 4914 valde

2191 4956 2627 5037 perniciosum.
2660 4954 2814 5026 Quia
2845 4952 2897 5012 si
2924 4953 3090 5012 inter
3115 4968 3180 5011 se
3212 4948 3628 5022 dissentirent,
3664 4947 3760 5007 ni·

2191 5049 2282 5110 hil
2303 5049 2501 5121 fleret,
2528 5065 2642 5108 nec
2666 5051 2902 5126 pateret
2933 5045 3036 5105 via
3054 5049 3162 5104 aut
3178 5042 3399 5103 modus
3419 5038 3759 5101 definiendi

2193 5142 2343 5222 quid
2372 5140 2684 5220 agendum
2731 5138 2830 5199 vel
2864 5137 3344 5219 praecipiendum
3378 5139 3555 5195 esset.
3587 5132 3762 5194 Unde

2194 5234 2431 5295 facilius
2453 5238 2654 5312 posset
2680 5249 2810 5293 esse
2853 5230 3220 5311 gubernatio
3245 5245 3356 5308 per
3397 5233 3524 5286 tres
3551 5224 3759 5300 simul,

2196 5334 2266 5388 ut
2299 5331 2503 5405 posset
2543 5325 2743 5403 major
2769 5341 2911 5405 pars
2955 5323 3226 5397 vincere,
3257 5338 3445 5399 quam
3474 5336 3585 5398 per
3613 5317 3766 5377 duos

2198 5425 2466 5493 tantum,
2499 5417 2617 5478 nisi
2646 5418 2809 5478 inter
2835 5435 2937 5476 eos
2963 5416 3119 5476 alter
3153 5414 3360 5492 aliquo
3390 5411 3572 5472 modo
3611 5428 3767 5490 prae-

2200 5514 2465 5589 cederet,
2505 5517 2567 5571 et
2607 5511 2900 5592 qualitate
2939 5509 3215 5630 xjtinccret
3251 5507 3319 5566 in
3355 5523 3500 5567 casu
3540 5504 3769 5565 discor-
