3976 6219
842 427 977 479 cAP.
1007 427 1231 499 ‘xxxm
1268 426 1517 489 QUANDO
1550 425 1675 478 mx
1706 424 1996 478 manans
2029 424 2298 479 mmmm·
2331 425 2646 492 amum,
2680 424 2816 478 mc.

219 526 353 590 nita
374 529 766 592 incommoda
791 529 859 591 in
886 530 1329 592 communitate
1352 534 1774 609 sequerentur,

220 627 283 682 et
307 622 448 685 ideo
476 643 553 685 ex
587 630 814 686 natura
848 623 1190 686 necessaria
1234 628 1326 685 est
1363 621 1778 702 promulgatio

219 712 375 793 legis
407 716 595 778 etiam
622 717 702 778 ad
729 717 898 778 hunc
921 716 1233 778 effectum.

298 809 359 868 2.
390 809 586 872 Unam
596 810 1058 889 publicationem
1083 811 1315 885 factam
1327 807 1396 870 in
1416 807 1590 872 ouria
1600 806 1777 887 prin-

218 899 376 978 cipis
395 903 699 980 sufficere,
711 902 804 965 vol
820 902 889 965 in
899 900 1232 981 mtropoli,
1255 905 1325 964 ut
1345 900 1777 980 obliyete-Se-

218 992 444 1069 cundo,
475 990 756 1075 suppono
794 1013 906 1075 per
941 1012 1007 1056 se
1045 999 1109 1055 et
1147 1011 1224 1055 ex
1259 994 1324 1056 vi
1348 992 1492 1054 talis
1526 991 1779 1054 effectus

216 1101 409 1146 unam
429 1087 991 1167 promulgationem
1015 1086 1294 1149 sufficere
1319 1086 1550 1148 factam
1571 1086 1638 1146 in
1670 1102 1779 1147 cu-

215 1177 313 1238 ria
333 1181 647 1260 principis,
677 1181 776 1242 vel
801 1181 869 1241 in
892 1180 1220 1261 metropoli
1238 1181 1439 1259 regni,
1472 1198 1615 1241 cum
1633 1196 1780 1259 pro-

214 1271 499 1350 portione
517 1273 636 1334 hoc
663 1273 1027 1353 applicando
1053 1274 1132 1334 ad
1153 1274 1320 1352 leges
1346 1273 1552 1335 civiles
1579 1278 1641 1335 et
1676 1291 1777 1335 ca-

217 1365 495 1440 nonicas,
524 1366 706 1444 juxta
734 1366 1017 1446 superius
1053 1366 1219 1427 dicta
1256 1366 1332 1428 de
1368 1366 1668 1446 utrisque.
1702 1368 1780 1427 Et

216 1456 495 1536 probatio
534 1459 721 1520 etiam
748 1460 893 1520 iude
925 1459 1226 1521 sumenda
1250 1466 1363 1536 est,
1390 1461 1537 1539 quia
1577 1477 1778 1539 neque

217 1568 295 1611 ex
325 1557 545 1613 natura
580 1553 671 1614 rei
692 1572 799 1615 seu
827 1553 956 1614 sola
982 1554 1245 1629 ratione,
1282 1572 1483 1633 neque
1524 1573 1601 1616 ex
1633 1555 1777 1632 jure

217 1642 434 1723 aliquo
452 1646 713 1724 positivo
741 1645 909 1707 aliud
937 1646 1280 1725 postulatur
1301 1648 1370 1706 111
1394 1647 1489 1707 his
1509 1647 1770 1727 legibus,

215 1736 426 1815 Aliqui
445 1756 591 1798 vero
609 1738 892 1800 moderni
909 1740 1258 1818 oppositum
1278 1740 1555 1801 sentiunt
1576 1741 1774 1820 quoad

216 1826 383 1906 leges
403 1832 728 1892 canonicas
756 1831 1092 1907 irritantes,
1120 1833 1423 1893 nimirum
1451 1818 1577 1894 non
1590 1834 1778 1895 habe-

215 1939 285 1982 re
308 1921 474 1984 hunc
502 1923 788 1985 effectum
810 1929 949 2004 post
971 1927 1315 1987 Romanam
1335 1924 1781 2005 promulgatio-2

215 2031 385 2091 nem,
412 2016 605 2077 donec
631 2018 698 2078 in
734 2018 993 2096 singulis
1024 2018 1355 2098 provinciis
1382 2020 1778 2099 promulgen-

214 2111 340 2168 tur.
379 2109 577 2170 Sentit
602 2112 850 2172 Medina
873 2114 932 2171 1.
958 2113 1110 2191 2,1q.
1142 2114 1244 2189 90,
1279 2117 1398 2173 611.
1430 2115 1470 2173 4
1486 2128 1506 2191 3
1556 2114 1781 2175 citatur

217 2199 405 2260 etiam
444 2202 612 2277 Sot0,
661 2204 768 2265 sed
795 2204 1133 2280 immerito,
1162 2210 1235 2265 ut
1273 2205 1497 2266 dicam.
1536 2206 1779 2267 Funda-

216 2298 500 2352 mentum
551 2299 664 2369 est,
725 2297 871 2375 quia
926 2296 1302 2358 irritationes
1358 2297 1780 2360 ecclesiastieae

215 2390 364 2445 sunt
389 2385 463 2446 de
489 2386 674 2447 rebus
707 2390 1060 2467 gavioribus
1082 2396 1145 2452 et
1170 2391 1424 2469 majoris
1453 2393 1777 2468 momenti,

217 2481 282 2538 et
322 2478 462 2539 ideo
494 2498 623 2540 non
660 2481 907 2560 expedit
944 2483 1123 2545 aliter
1164 2483 1320 2544 fieri.
1356 2486 1782 2563 Respondetur

214 2569 410 2630 solam
433 2573 845 2650 conjecturam
865 2592 993 2635 non
1024 2576 1302 2637 sufficere
1324 2576 1405 2637 ad
1422 2583 1654 2637 certam
1686 2595 1780 2638 re-

213 2661 427 2740 gulam
451 2664 969 2741 constituendam,
994 2666 1125 2726 sine
1149 2666 1413 2745 positiva
1430 2667 1592 2746 1636,
1621 2668 1688 2728 111
1710 2686 1780 2731 16

216 2772 354 2832 quse
376 2774 451 2815 ex
470 2755 600 2815 solo
610 2757 752 2833 jure
765 2762 1006 2818 naturae
1019 2759 1360 2819 necessaria
1382 2778 1511 2820 non
1534 2765 1643 2821 est.
1669 2761 1779 2822 Illa

214 2861 362 2921 ergo
399 2845 557 2905 ratio
598 2846 676 2906 ad
722 2864 1040 2907 summum
1089 2849 1380 2909 declarat·
1396 2852 1775 2913 convenien-

215 2935 370 2994 tiam
393 2938 726 3015 quamdam
752 2938 830 2999 ob
856 2957 1044 3018 quam
1069 2946 1271 3020 potest
1309 2941 1625 3003 interdum
1671 2962 1776 3004 ex·-

217 3027 430 3106 pedire
457 3029 650 3090 alium
672 3031 928 3092 modum
944 3033 1458 3112 promulgationis
1480 3039 1774 3115 statuere3

217 3121 363 3182 inde
391 3137 538 3183 vero
568 3124 766 3185 solum
794 3125 1011 3186 inferri
1033 3131 1256 3206 potest,
1286 3128 1365 3188 ad
1385 3127 1777 3207 prudentiam

219 3212 616 3276 Praelatorum
640 3223 702 3277 et
725 3217 1093 3279 Pontificum
1120 3220 1452 3299 pertinere,
1478 3225 1572 3297 ut,
1600 3220 1778 3300 juxta

216 3308 491 3369 materiae
514 3309 898 3388 qualitatem,
920 3312 1176 3372 modum
1205 3313 1394 3374 etiam
1423 3314 1777 3392 promulga-

213 3400 403 3461 tionis
427 3402 495 3463 in
521 3421 636 3464 sua
658 3402 796 3482 1636
822 3404 1257 3482 determinent,
1282 3423 1410 3466 non
1443 3412 1652 3468 tamen
1697 3425 1775 3468 ex

214 3511 442 3557 natura
490 3496 582 3557 rei
635 3513 765 3558 esse
810 3497 1222 3558 necessarium
1266 3498 1318 3558 si
1359 3498 1426 3558 in
1469 3499 1605 3579 1636
1651 3518 1779 3561 11011

214 3588 615 3667 exprimatur.
655 3587 1022 3668 Exemplum
1058 3590 1360 3669 optimum
1405 3597 1497 3652 661
1524 3592 1591 3653 111
1624 3592 1780 3653 Con-

215 3681 360 3742 cilio
387 3680 773 3758 Tridentino,
804 3683 1070 3744 sessione
1097 3685 1199 3760 24,
1230 3684 1341 3745 ubi
1366 3685 1433 3745 in
1467 3685 1606 3764 lege
1637 3686 1779 3747 irri-

214 3779 385 3834 tante
405 3774 873 3836 matrimonium
895 3775 1343 3838 clandestinum
1367 3796 1647 3859 expresse
1673 3779 1779 3840 de-

214 3867 470 3928 claravit
507 3869 911 3930 necessariam
937 3868 1072 3930 fore
1110 3871 1669 3950 promulgationem
1708 3872 1778 3933 in

212 3959 474 4038 singulis
510 3960 896 4037 dioecesihus,
926 3962 1073 4041 quia
1099 3962 1359 4023 materia
1383 3967 1517 4023 erat
1546 3965 1778 4042 gravis-

210 4050 401 4127 sima,
447 4057 510 4113 et
540 4053 739 4114 multa
781 4059 1026 4132 possent
1070 4054 1463 4115 incommoda
1507 4057 1679 4135 sequi
1725 4057 1778 4118 si

212 4141 392 4204 aliter
419 4143 615 4205 fieret.
644 4146 882 4206 Tamen
908 4144 1053 4206 inde
1088 4163 1199 4225 per
1225 4155 1667 4225 argumentum
1693 4149 1774 4210 ab

212 4235 461 4313 speciali
490 4236 691 4314 potius
716 4236 985 4297 sumitur
1017 4238 1372 4317 conjectura
1397 4239 1462 4300 id
1489 4259 1617 4302 non
1644 4258 1774 4304 esse

210 4327 646 4402 necessarium,
676 4327 798 4388 nisi
834 4328 903 4389 in
927 4327 1063 4408 lege
1102 4331 1504 4410 exprimatur,
1535 4334 1702 4414 quod
1734 4352 1774 4395 a

208 4418 453 4480 fortiori
477 4418 710 4500 patebit
732 4438 809 4481 ex
835 4420 1128 4486 dicendis.

293 4513 350 4573 3.
396 4512 548 4574 Post
570 4513 1110 4593 promulqaeionem
1134 4516 1419 4594 sufficere
1444 4517 1590 4581 duos
1614 4535 1777 4582 men-

210 4622 303 4667 ses
351 4610 422 4667 ut
467 4605 561 4667 lex
601 4604 866 4668 irritans
908 4606 1121 4669 habeat
1157 4611 1463 4689 effeotmn,
1509 4611 1776 4693 illudque

209 4704 440 4777 tempus
464 4699 862 4761 memmi-im
890 4717 1031 4761 cese.
1059 4735 1140 4746 -
1165 4703 1394 4779 Tertio,
1421 4721 1773 4785 supponen-

209 4789 361 4850 dum
387 4794 481 4851 est
500 4795 639 4870 post
663 4789 891 4851 factam
918 4792 1482 4872 promulgationem
1507 4797 1577 4857 in
1601 4798 1775 4859 curia

208 4882 506 4962 principis
530 4882 806 4945 sufficere
831 4884 1215 4948 ordinarium
1234 4892 1481 4968 tempus
1505 4890 1772 4953 duorum

207 4975 519 5036 mensium
538 4980 612 5036 ut
635 4980 845 5054 postea
870 4976 972 5039 1611
988 4977 1242 5040 irritans
1260 4980 1518 5061 incipiat
1538 4982 1770 5046 habere

204 5083 387 5128 suum
415 5066 725 5129 effectum.
755 5069 847 5129 Ita
871 5071 1149 5131 sentiunt
1174 5089 1412 5148 omnes,
1442 5079 1507 5136 et
1531 5075 1770 5156 colligi-

205 5164 309 5220 tur
328 5177 405 5221 ex
422 5159 792 5222 Anthentico
827 5161 909 5225 Ut
924 5180 1086 5225 novoe
1113 5166 1581 5243 constitutiones,
1600 5169 1768 5248 quod

204 5249 390 5331 plane
423 5252 700 5331 loquitur
739 5252 816 5313 (16
844 5252 984 5333 1636
1009 5255 1330 5319 irritantez
1361 5264 1426 5320 et
1464 5259 1623 5320 ratio
1650 5265 1764 5336 est,

206 5344 354 5423 quia
379 5344 552 5405 nulla
577 5344 679 5405 lex
701 5349 792 5405 est
816 5346 917 5407 vel
943 5349 1324 5427 constitutio,
1349 5369 1488 5430 quae
1516 5353 1768 5432 majoris

204 5438 498 5516 temporis
522 5437 765 5516 lapsum
786 5438 855 5498 in
876 5437 1118 5519 legibus
1149 5442 1537 5506 irritantibus
1563 5450 1770 5525 postu-

204 5527 504 5610 letquam
534 5530 604 5592 in
629 5529 797 5610 aliis3
822 5547 1026 5613 neque
1057 5533 1349 5604 etiamst
1380 5536 1625 5611 solarei
1654 5555 1770 5613 una-2

3306 427 3423 486 555

1858 534 2002 590 tura
2045 535 2139 590 est
2181 531 2616 607 necessarium,
2663 528 2811 610 quia
2856 527 3023 608 quod
3070 527 3295 591 sufficit
3342 533 3423 594 ad

1859 621 2264 700 obligandum
2309 623 2535 684 sufficit
2570 626 2647 684 611
2689 623 2808 684 1166
2851 628 3027 702 parte
3052 622 3133 682 ad
3173 622 3424 685 irritan-

1859 715 2035 776 dum.
2063 716 2236 778 Unde
2265 717 2339 778 fit
2365 723 2438 779 ut
2463 723 2709 797 tempus
2731 716 2884 777 illud
2909 718 3125 777 eodem
3148 718 3331 779 modo
3354 718 3423 780 in

1859 807 1959 869 his
1985 804 2228 888 legibus
2257 810 2696 872 declarandum
2724 810 2805 870 sit
2825 810 3039 890 quoin
3066 810 3225 887 aliis,
3240 811 3421 889 juxta

1860 918 1933 962 66
1981 919 2122 981 quae
2166 904 2446 983 superius
2493 903 2785 964 diximus.
2833 902 3206 982 Intelligitur
3251 905 3422 965 enim

1856 995 2058 1072 quoad
2077 995 2244 1075 leges
2257 996 2486 1058 summi
2497 995 2816 1077 principis,
2834 1002 2897 1057 et
2907 1001 3185 1075 respectu
3202 1014 3419 1058 earum

1859 1088 2187 1167 regionum
2214 1089 2294 1150 ad
2324 1107 2476 1169 quas
2500 1089 2655 1150 illud
2682 1096 2927 1169 tempus
2953 1088 3264 1150 sufficiens
3291 1096 3417 1168 est;

1857 1197 2008 1241 nam
2036 1179 2092 1241 si
2115 1179 2361 1260 longius
2389 1182 2644 1259 distent,
2671 1181 2873 1259 majus
2894 1187 3140 1260 tempus
3161 1186 3255 1242 est
3276 1200 3420 1243 con-

1859 1273 2205 1335 cedendum
2228 1276 2547 1354 prudentis
2568 1275 2846 1351 arbitrio,
2872 1274 3037 1353 quod
3060 1274 3330 1336 maxime
3353 1275 3421 1336 in

1857 1367 1956 1428 his
1971 1365 2213 1446 legibus
2223 1367 2640 1428 necessarium
2654 1373 2747 1429 est
2766 1372 3015 1446 propter
3031 1366 3422 1428 incommoda

1860 1479 1999 1541 quae
2026 1478 2103 1521 ex
2131 1460 2477 1522 irritatione
2510 1460 2681 1540 sequi
2712 1464 2978 1540 possent.

1941 1555 2001 1614 4.
2049 1554 2207 1614 Hinc
2236 1559 2453 1633 quarto
2486 1554 2812 1616 dicendum
2841 1559 2934 1614 est
2968 1552 3036 1612 in
3072 1552 3312 1631 legibus
3340 1553 3423 1615 ci-

1858 1646 2083 1708 vilibus
2126 1647 2283 1707 illud
2320 1653 2568 1728 tempus
2611 1647 3026 1709 necessarium
3055 1664 3184 1707 esse
3210 1652 3282 1707 ut
3319 1646 3421 1707 lex

1858 1739 2112 1819 incipiat
2134 1740 2380 1801 irritare
2404 1746 2609 1800 actum
2638 1745 2852 1801 contra
2877 1756 3015 1800 eam
3041 1738 3296 1799 factum.
3330 1739 3422 1799 Ita

1858 1833 2082 1895 docent
2101 1852 2315 1895 omnes
2336 1835 2612 1895 doctores
2638 1851 2790 1913 quos
2812 1832 3020 1893 statim
3042 1832 3306 1892 referam
3321 1848 3342 1910 3
3359 1836 3422 1893 et

1857 1927 2018 1988 ratio
2050 1932 2166 2002 est,
2200 1928 2347 2007 quia
2373 1927 2546 1988 nulla
2571 1927 2759 1988 etiam
2786 1926 2888 1986 lex
2915 1930 3008 1986 est
3047 1925 3245 1985 civilis
3282 1942 3421 2003 quae

1860 2019 1939 2080 ad
1965 2019 2134 2080 hunc
2149 2018 2434 2080 effectum
2456 2019 2683 2080 minori
2705 2025 2981 2097 tempore
3004 2017 3084 2077 sit
3106 2021 3414 2078 contenta.

1857 2112 2017 2185 Quin
2059 2114 2262 2191 potius
2294 2112 2529 2174 dictum
2568 2111 3013 2172 Authenticum
3055 2110 3220 2188 quod
3265 2115 3421 2169 tem-

1857 2224 1972 2285 pus
2000 2205 2291 2267 bimestre
2315 2206 2617 2282 concedit,
2643 2205 2921 2285 loquitur
2942 2204 3018 2264 de
3039 2203 3281 2280 legibus
3302 2209 3423 2263 tes-

1855 2303 2277 2359 tamentorum
2298 2318 2435 2378 quae
2452 2299 2783 2360 includunt
2803 2297 3236 2358 irritationem.
3266 2296 3420 2355 Item

1856 2390 2005 2471 quia
2027 2398 2171 2453 ante
2198 2392 2442 2472 lapsum
2465 2392 2622 2452 illud
2646 2397 2888 2470 tempus
2912 2390 3015 2451 lex
3038 2388 3141 2451 illa
3164 2406 3291 2448 non
3310 2388 3422 2448 ha-

1856 2484 1962 2545 bet
1983 2485 2112 2545 vim
2152 2485 2308 2564 legis
2341 2490 2624 2565 respectu
2650 2484 2792 2544 talis
2826 2483 2945 2544 loci
2972 2500 3084 2563 pro
3111 2500 3235 2561 quo
3266 2480 3422 2541 illud

1857 2580 2103 2655 tempus
2124 2578 2538 2638 necessarium
2563 2583 2675 2651 est,
2701 2576 2799 2637 vel
2823 2576 3041 2636 saltem
3068 2590 3197 2635 non
3219 2578 3310 2634 est
3331 2572 3421 2633 illi

1857 2669 2233 2731 sufficienter
2258 2669 2596 2749 applicata:
2638 2688 2786 2748 ergo
2816 2669 2972 2729 sicut
2999 2687 3126 2728 non
3163 2666 3418 2745 obligat,

1856 2760 1943 2820 ita
1972 2779 2176 2840 neque
2198 2760 2404 2822 irritat
2436 2760 2545 2821 ibi.
2581 2760 2857 2821 Tandem
2887 2760 3066 2821 silex
3093 2760 3299 2819 irritat
3321 2776 3422 2818 ac-

1856 2854 2018 2927 tum,
2064 2852 2300 2931 obligat
2345 2853 2424 2913 ad
2466 2871 2594 2913 non
2625 2853 2982 2913 faciendum
3025 2852 3205 2912 illum
3236 2851 3422 2911 modo

1854 2943 2139 3021 superius
2157 2943 2321 3003 dicto
2344 2966 2361 3018 ;
2388 2944 2496 3005 sed
2523 2951 2668 3006 ante
2704 2945 2948 3024 lapsum
2985 2942 3137 3005 illud
3176 2949 3423 3023 tempus

1855 3052 1984 3095 non
2009 3035 2276 3115 obligat;
2307 3054 2455 3115 ergo
2484 3055 2685 3116 neque
2712 3038 2937 3098 irritat.

1937 3131 1997 3190 5.
2041 3129 2226 3208 Leyes
2254 3130 2567 3192 canonicas
2587 3129 2801 3193 habere
2830 3133 3104 3211 effectum
3126 3130 3423 3194 irritandi

1855 3223 2068 3285 statim
2101 3239 2172 3284 ao
2196 3221 2314 3299 fiat
2339 3223 2546 3285 Romoe
2567 3224 2975 3302 promulqatio
2999 3223 3276 3285 solemnis
3292 3241 3424 3285 sen-

1857 3315 2020 3377 tium
2041 3314 2270 3392 plures.
2315 3345 2395 3359 —-
2435 3314 2648 3375 Solum
2682 3319 2959 3394 superest
2985 3314 3310 3376 difficultas
3343 3315 3421 3376 de

1855 3405 2096 3486 legibus
2123 3406 2475 3482 canonicis3
2519 3425 2667 3468 nam
2696 3407 2879 3468 multi
2919 3408 3250 3468 canonistae
3282 3425 3422 3468 sen·

1853 3499 2024 3559 tiunt
2069 3517 2173 3560 eas
2205 3498 2434 3560 habere
2464 3498 2752 3562 effectum
2798 3499 3085 3561 irritandi
3113 3500 3321 3560 statim
3348 3518 3422 3560 ac

1856 3591 1929 3653 fit
1973 3594 2185 3654 Romae
2228 3592 2645 3672 promulgatio
2695 3591 3011 3654 solemnis.
3066 3594 3158 3653 lta
3204 3597 3421 3654 tenent

1856 3684 2352 3760 Panormitanus,
2388 3685 2625 3761 Decius,
2659 3685 2930 3762 Felinus,
2964 3691 3027 3746 et
3060 3686 3191 3747 fere
3216 3685 3324 3746 alii
3352 3685 3419 3746 in

1854 3776 2051 3856 capite
2078 3777 2348 3838 secundo
2372 3777 2449 3838 (16
2477 3778 2833 3852 constitut„
2863 3784 2928 3839 et
2952 3779 3022 3838 in
3050 3797 3103 3839 c.
3135 3780 3418 3856 Noverit,

1855 3868 1932 3930 de
1958 3870 2277 3931 Sententia
2294 3870 2973 3946 excommunicationis3
2994 3872 3172 3931 Joau.
3195 3871 3386 3933 Andr.
3394 3918 3417 3950 ,

1855 3962 1924 4023 in
1965 3961 2091 4024 fine
2128 3962 2273 4023 libri
2303 3962 2460 4023 sexti
2487 3979 2673 4042 super
2704 3964 2912 4025 datam
2951 3965 3107 4043 ejus,
3137 3968 3201 4024 et
3221 3965 3414 4027 Gloss.

1849 4055 2067 4134 juncto
2091 4060 2267 4116 textu
2293 4054 2363 4114 in
2384 4072 2520 4134 cap.
2544 4058 2576 4115 1
2610 4056 2687 4117 (16
2714 4056 3111 4118 concessione
3142 4057 3422 4136 praeben-

1854 4148 1971 4224 dae,
1996 4147 2066 4208 in
2093 4148 2133 4208 6
2150 4170 2169 4221 3
2200 4149 2670 4209 Turrecremata
2702 4148 2768 4208 in
2800 4167 2853 4209 c.
2880 4150 2965 4211 In
2986 4150 3152 4224 istis,
3180 4149 3319 4212 dist.
3353 4153 3416 4225 1,

1855 4246 1971 4302 art.
2007 4242 2049 4301 4
2060 4261 2080 4316 3
2111 4241 2288 4302 Joan.
2329 4240 2662 4320 Staphilus,
2687 4240 2848 4302 libro
2874 4241 2951 4303 (16
2976 4241 3201 4303 Gratiis
3228 4248 3290 4303 et
3316 4261 3421 4304 ex-

1853 4333 2197 4413 pectativis,
2240 4333 2443 4394 forma
2480 4334 2544 4408 8,
2576 4351 2836 4395 numero
2870 4335 2947 4410 83
2997 4336 3307 4396 Navarrus
3350 4336 3418 4396 in

1855 4426 2137 4501 Summa,
2173 4444 2306 4505 cap.
2342 4427 2446 4501 23,
2470 4444 2734 4487 numero
2762 4429 2865 4503 44,
2899 4432 2962 4488 61
2987 4428 3198 4490 consil.
3236 4429 3308 4489 31
3341 4428 3420 4489 (16

1854 4518 2285 4598 Regularibus,
2329 4536 2593 4580 numero
2634 4521 2705 4597 53
2757 4524 2819 4580 et
2854 4520 3022 4597 Soto,
3064 4520 3222 4581 libro
3266 4524 3295 4582 1
3341 4520 3418 4582 de

1852 4611 2122 4686 Justitia,
2151 4617 2367 4690 quaest.
2396 4614 2456 4687 1,
2487 4617 2606 4672 art.
2637 4614 2713 4673 4:
2746 4611 3037 4693 Sylvest„
3058 4611 3228 4675 verb.
3262 4614 3413 4689 lox,

1853 4709 2072 4782 quaest.
2103 4705 2167 4778 6,
2193 4703 2358 4764 (11610
2391 4705 2429 4765 3
2445 4719 2466 4781 3
2504 4709 2568 4765 et
2595 4704 2823 4781 Rosel.,
2854 4722 2918 4766 n.
2951 4706 3011 4766 6.
3052 4703 3419 4766 Fundantur

1854 4796 1921 4856 in
1948 4795 2256 4876 aliquibus
2281 4796 2537 4858 decretis
2578 4816 2716 4877 quae
2754 4798 3044 4860 videntur
3067 4815 3413 4878 supponere

1856 4890 2321 4951 constitutiones
2351 4891 2712 4970 apostolicas
2738 4891 2965 4953 hahere
3000 4893 3209 4952 statim
3245 4892 3415 4953 hunc

1854 4983 2168 5059 effectum,
2199 5001 2252 5045 c.
2287 4985 2551 5052 Dudum.
2591 5001 2645 5044 c.
2686 4983 2765 5046 Si
2786 4989 3128 5065 postquam,
3173 5001 3225 5045 c.
3264 4982 3416 5046 Cum

1852 5077 2122 5156 sinyula,
2152 5076 2229 5138 de
2258 5075 2631 5151 Proebendis‚
2656 5075 2722 5136 in
2743 5077 2803 5138 6.
2826 5077 3001 5136 Unde
3031 5075 3190 5137 ratio
3214 5075 3415 5137 solum

1852 5174 1966 5244 est,
1992 5169 2139 5249 quia
2157 5169 2480 5231 Pontifices
2500 5175 2755 5248 possunt
2775 5168 2893 5230 hoc
2913 5168 3117 5232 facere
3132 5174 3197 5230 et
3215 5170 3415 5231 decla·

1852 5265 2077 5322 rarunt
2101 5278 2165 5322 se
2189 5261 2377 5323 velle:
2414 5277 2562 5340 ergo
2589 5260 2849 5322 faciunt.

1929 5354 1988 5415 6.
2041 5353 2287 5416 Dictum
2313 5354 2588 5433 rapulam
2613 5370 2730 5415 non
2756 5351 3024 5432 intolliqi
3051 5353 3119 5416 de
3145 5354 3304 5415 omni
3327 5353 3414 5416 le-

1847 5463 1921 5528 9⁶
1947 5445 2254 5522 canonica,
2284 5447 2385 5509 sed
2405 5450 2643 5507 tantum
2662 5446 2731 5507 in
2758 5446 2988 5525 loqibus
3007 5446 3413 5526 pontificiali-

1848 5540 1955 5609 bus
1970 5538 2321 5605 habentibus
2332 5537 2711 5620 particulam
2726 5555 2799 5601 w
2813 5539 3185 5602 Μαι-Μ
3199 5543 3411 5602 autem
