3976 6219
968 415 1104 468 CAP.
1138 414 1312 468 XXXI.
1349 414 1562 469 mun
1592 413 1718 467 mx
1749 412 1911 466 oms
1941 413 2199 469 FORMAE
2229 415 2416 469 Ac‘rm
2449 417 2723 480 numo,
2759 418 2893 471 ETC.

329 540 458 585 non
490 518 693 582 omnis
736 517 1048 598 corruptio
1086 517 1302 578 formas
1325 560 1348 592 ,
1395 532 1503 578 seu
1538 532 1664 576 non
1691 513 1895 575 omnis

330 618 544 678 formae
572 611 884 690 corruptio
903 609 1186 671 annullat
1216 615 1449 684 actum,
1476 608 1581 668 sed
1608 625 1751 668 cum
1773 607 1895 667 dis-

332 707 630 770 tinctione
674 704 751 765 de
794 702 997 764 forma
1040 701 1431 764 substantiali
1458 700 1559 763 vel
1590 716 1720 760 non
1751 699 1894 760 sub-

331 798 625 862 stantiali.
670 796 877 876 Atque
907 796 995 856 ita
1020 800 1152 855 tota
1182 792 1513 855 difficultas
1537 791 1894 871 quaestionis

332 910 406 954 eo
427 888 848 963 revocabitur,
891 892 964 948 ut
980 887 1247 947 sciamus
1271 885 1519 965 quando
1538 884 1740 945 forma
1754 885 1893 962 lege

333 982 692 1065 praescripta
731 981 812 1042 sit
847 977 1265 1040 mbstantialis
1304 977 1406 1039 vel
1449 982 1695 1039 tantum
1729 976 1894 1038 acci-

333 1074 636 1139 dentalis:
671 1091 801 1134 non
828 1071 999 1133 enim
1025 1070 1090 1132 id
1118 1070 1502 1147 distinguere
1527 1068 1710 1131 facile
1734 1085 1896 1130 sem·-

332 1172 610 1250 perest,
653 1164 997 1247 prasertim
1041 1180 1189 1224 cum
1230 1162 1551 1241 contingat
1581 1162 1896 1225 ineodem

335 1262 581 1324 decreto
616 1264 728 1321 aut
751 1259 913 1338 lege,
935 1257 1147 1336 aliqua
1158 1256 1306 1336 poni
1328 1274 1467 1335 quse
1493 1255 1898 1317 accidentalia

334 1361 500 1430 sunt,
528 1360 591 1415 et
611 1353 735 1414 alia
759 1370 900 1431 qum
926 1350 1008 1412 ad
1034 1348 1443 1411 substantiam
1468 1349 1802 1427 pertinent,
1823 1351 1899 1408 ut

335 1447 403 1507 in
432 1446 494 1507 d.
526 1464 580 1507 c.
617 1446 777 1520 Quia
800 1449 1052 1525 proptor
1078 1447 1253 1504 notat
1283 1440 1517 1516 Gloss.,
1560 1440 1731 1503 verb.
1768 1439 1894 1505 Sa·

334 1540 496 1614 nior,
532 1541 595 1599 et
617 1536 790 1599 verb.
848 1535 1041 1602 Viris.
1095 1536 1174 1597 Et
1199 1534 1268 1595 in
1299 1552 1354 1595 c.
1388 1537 1417 1595 1
1450 1533 1528 1594 de
1557 1532 1893 1608 Electione,

333 1633 402 1693 in
423 1634 464 1693 6
482 1677 504 1708 ,
552 1632 740 1693 verbo
777 1630 1091 1692 Formam.
1144 1629 1397 1707 Propter
1426 1625 1594 1706 quod
1620 1626 1898 1688 doctores

334 1723 535 1785 varias
561 1722 810 1802 regulas
835 1720 1250 1799 assignantad
1273 1719 1388 1781 has
1411 1718 1645 1781 formas
1670 1718 1900 1780 discer-

335 1816 595 1891 nendas,
610 1832 876 1896 quarum
895 1813 1238 1893 praecipuas
1250 1810 1893 1886 commemorabimus,

336 1927 477 1989 quae
493 1908 640 1970 licet
656 1907 916 1986 singulm
942 1924 1070 1967 non
1089 1906 1426 1981 sufficiunt,
1455 1922 1669 1967 omnes
1684 1910 1898 1968 tamen

337 2001 666 2062 conferunt
684 2046 705 2078 ,
736 2006 808 2061 ut
833 2017 910 2061 ex
937 1999 1228 2060 omnibus
1252 1996 1439 2059 simul
1462 1997 1678 2059 formae
1703 1996 1901 2076 quali·

338 2098 432 2154 tas
461 2093 744 2172 cognosci
771 2092 981 2172 possit.

419 2187 477 2247 3.
498 2187 720 2249 Prima
737 2182 1266 2265 royda-Prima
1281 2180 1498 2263 regula
1515 2186 1627 2243 est:
1644 2181 1901 2256 Quando

336 2277 540 2340 forma
577 2277 930 2359 praescripta
965 2295 1077 2357 per
1115 2275 1320 2355 legem
1348 2273 1626 2336 continet
1649 2279 1903 2336 natura-

335 2371 461 2432 lem
474 2371 853 2449 aequitatem,
877 2375 1034 2430 tunc
1047 2369 1298 2430 omissio
1315 2370 1453 2447 ejus
1470 2366 1675 2428 reddit
1691 2372 1901 2427 actum

337 2462 709 2537 invalidum,
753 2479 883 2522 non
907 2479 1056 2523 vero
1091 2461 1244 2522 alias
1286 2461 1466 2522 silex
1506 2477 1637 2521 non
1675 2459 1904 2520 habeat

341 2554 681 2616 clausulam
707 2554 1081 2614 irritantem.
1124 2553 1496 2632 Exemplum
1534 2569 1665 2612 esse
1702 2555 1906 2631 potest

337 2647 406 2707 in
443 2647 646 2706 forma
681 2643 983 2724 judiciali,
1014 2661 1152 2722 quoe
1181 2644 1371 2704 habet
1407 2649 1479 2704 ut
1515 2644 1649 2704 sine
1679 2660 1905 2722 praece-

340 2739 514 2801 denti
550 2738 810 2798 infamia
837 2742 1052 2797 eontra
1082 2737 1355 2815 aliquem
1383 2755 1511 2797 non
1538 2736 1906 2816 procedatur

340 2832 417 2893 de
441 2831 551 2892 illo
576 2832 643 2890 in
676 2829 1038 2909 particulari
1064 2828 1461 2906 inquirendo,
1483 2828 1586 2890 vel
1608 2827 1775 2906 quod
1802 2845 1903 2888 ac-

340 2923 572 2984 cusatio
608 2923 677 2982 in
717 2920 964 2999 scriptis
1002 2918 1135 2994 fiat,
1165 2924 1230 2979 et
1266 2919 1655 2980 denuntiatio
1682 2937 1909 2998 praece-

340 3016 523 3077 dente
554 3013 895 3074 monitione
929 3030 982 3074 c.
1011 3011 1468 3092 Inquisitiouis,
1490 3011 1567 3072 de
1593 3012 1906 3085 Accusat„

343 3119 406 3171 et
434 3128 569 3188 cap.
598 3108 764 3170 Licet
785 3106 990 3182 Heli„
1020 3105 1097 3166 de
1128 3104 1365 3166 Simon.
1398 3122 1540 3165 cum
1576 3103 1902 3166 similibus.

239 3249 245 3255 -
340 3205 498 3265 Nam
526 3203 633 3262 illa
659 3200 870 3261 omnia
896 3203 1236 3261 nascuntur
1258 3217 1337 3260 ex
1358 3198 1628 3258 naturali
1656 3197 1912 3275 aequita-

342 3303 428 3373 te,
456 3303 519 3358 et
540 3296 680 3356 ideo
708 3295 920 3359 omnia
941 3292 1373 3354 substantialia
1388 3295 1773 3371 reputantur.
1797 3291 1911 3350 Po-

348 3395 464 3451 test
491 3394 702 3450 autem
738 3387 909 3467 prior
942 3404 1085 3465 pars
1126 3385 1315 3464 hujus
1341 3383 1570 3463 regulae
1597 3382 1912 3461 duplicem

348 3483 579 3544 habere
625 3497 898 3542 sensum.
944 3481 1114 3541 Unus
1159 3485 1251 3539 est
1293 3483 1366 3538 ut
1403 3477 1790 3554 intelligatur
1831 3475 1909 3536 de

342 3576 631 3655 aequitate
659 3572 1005 3635 necessaria
1026 3588 1104 3632 ex
1125 3588 1189 3631 se
1211 3570 1291 3631 ad
1312 3570 1583 3630 valorem
1604 3574 1798 3643 actus,
1820 3569 1910 3627 ita

343 3673 416 3727 ut
454 3668 588 3746 eJus
615 3665 865 3726 omissio
905 3663 1207 3742 impediat
1246 3681 1323 3723 ex
1357 3667 1580 3722 natura
1607 3662 1698 3722 rei
1740 3659 1909 3720 valo-

341 3778 476 3821 rem
505 3765 675 3820 actus
679 3803 699 3833 ,
737 3765 800 3818 et
829 3764 982 3818 tunc
1019 3775 1058 3817 a
1093 3756 1334 3816 fortiori
1374 3756 1477 3817 lex
1510 3755 1771 3833 positiva
1797 3772 1908 3832 po-

343 3871 497 3915 nens
537 3852 806 3912 formam
834 3849 1079 3928 praecise
1114 3847 1442 3908 fundatam
1470 3848 1538 3905 in
1577 3845 1686 3906 illa
1715 3845 1911 3923 sequi-

341 3951 491 4021 tate‚
519 3944 694 4024 ponit
715 3943 888 4003 illam
915 3947 988 4001 ut
1010 3939 1500 4012 substantialem,
1517 3938 1605 3997 ita
1626 3943 1698 3997 ut
1725 3937 1910 3997 omis-

344 4038 438 4098 sio
481 4037 647 4098 illius
691 4035 910 4096 reddat
948 4038 1156 4092 actum
1203 4030 1473 4104 nullum,
1522 4029 1688 4107 quod
1724 4047 1802 4090 ex
1842 4047 1908 4091 se

343 4135 595 4206 notum3
617 4128 766 4206 quia
794 4125 937 4185 talis
958 4123 1061 4183 lex
1078 4141 1206 4183 non
1234 4128 1366 4183 tam
1389 4126 1546 4182 esset
1561 4122 1911 4182 constituti-

342 4241 421 4283 va
443 4237 634 4299 quam
653 4216 1022 4278 declarativa
1027 4215 1189 4293 juris
1207 4214 1531 4286 naturaIiS,
1551 4213 1802 4293 quando
1819 4212 1912 4273 ibi

343 4311 724 4374 intercedere
763 4306 1149 4388 supponitur.
1202 4307 1378 4369 Unde
1423 4306 1500 4367 ad
1537 4323 1912 4385 cognoscen-

352 4406 500 4467 dam
519 4403 709 4464 talem
734 4401 937 4478 legem
964 4404 1027 4461 et
1047 4400 1181 4479 ejus
1203 4398 1581 4479 aequitatem,
1602 4399 1905 4460 utendum

345 4504 440 4562 est
472 4496 703 4577 regulis
742 4511 930 4573 supra
955 4493 1167 4571 positis
1206 4491 1284 4553 de
1324 4492 1462 4571 lege
1502 4491 1805 4552 naturali:
1842 4496 1908 4554 et

345 4592 486 4653 ideo
508 4590 612 4650 hic
629 4605 844 4650 sensus
864 4603 994 4647 non
1014 4584 1263 4665 proprie
1283 4590 1520 4665 spectat
1544 4584 1622 4646 ad
1643 4583 1909 4645 formam

344 4682 674 4764 positivam
703 4679 781 4741 de
813 4696 936 4758 qua
960 4677 1228 4757 agimus.

426 4778 487 4837 4.
537 4773 849 4839 Secundus
893 4788 1122 4834 senus.
1163 4801 1247 4817 —
1284 4768 1464 4830 Alius
1508 4787 1661 4848 ergo
1695 4786 1911 4831 senms

347 4886 478 4931 esse
506 4871 706 4946 potest
723 4864 801 4925 de
826 4863 1029 4925 forma
1047 4863 1331 4924 instituta
1346 4864 1415 4924 in
1437 4863 1575 4942 lege
1593 4863 1912 4926 moraliter

347 4959 690 5023 necessaria
726 4958 806 5018 ad
845 4957 1291 5020 observandam
1318 4958 1694 5036 inquitatem,
1736 4957 1908 5037 quia,

348 5052 492 5114 licet
518 5070 646 5112 non
671 5050 1004 5111 intrinsece
1037 5067 1241 5129 neque
1263 5049 1606 5111 necessario
1632 5066 1710 5110 ex
1734 5067 1799 5109 se
1823 5048 1909 5109 il-

347 5145 477 5207 lam
505 5144 841 5217 contineat‚
872 5142 1280 5203 nihilominus
1310 5143 1443 5203 sine
1473 5141 1603 5217 illa,
1622 5142 1722 5204 vel
1746 5159 1910 5203 nun-

349 5254 562 5318 quam,
588 5236 687 5298 vel
707 5234 1090 5314 frequentius
1114 5253 1243 5295 non
1263 5234 1609 5296 servabitur
1626 5235 1907 5314 aequitas,

352 5334 414 5390 et
450 5346 592 5390 cum
631 5327 739 5388 illa
768 5325 1154 5405 frequentius
1182 5327 1546 5389 servabitur.
1586 5328 1663 5387 Et
1699 5327 1768 5387 in
1795 5327 1913 5389 hoc

351 5439 536 5482 sensu
566 5426 657 5481 est
690 5418 1024 5499 probabilis
1061 5421 1300 5499 regula,
1349 5420 1620 5480 maxime
1661 5420 1913 5499 quando

352 5513 701 5594 periculum
729 5511 886 5574 illud
911 5511 1148 5575 fraudis
1172 5531 1282 5575 seu
1306 5513 1650 5593 iniquitatis
1669 5529 1798 5572 non
1817 5528 1914 5573 so-

1968 512 2100 574 lum
2130 513 2420 576 imminet
2440 515 2508 575 in
2528 516 2663 594 ipso
2684 522 2852 592 actu,
2878 517 2981 578 sed
3009 518 3196 580 etiam
3228 519 3295 581 in
3316 522 3526 586 valore

1970 611 2033 667 et
2069 604 2384 668 effectibus
2425 608 2579 685 ejus.
2633 608 3049 670 Nihilominus
3084 618 3298 674 tamen
3336 617 3527 678 etiam

1968 697 2087 758 hoc
2108 698 2290 759 modo
2316 700 2531 779 regula
2557 717 2668 779 per
2693 717 2758 762 se
2784 720 2911 762 non
2939 707 3031 763 est
3052 703 3390 768 infallibilis
3414 727 3529 770 nec

1970 791 2320 854 sufficiens:
2364 810 2536 868 nam,
2569 793 2715 856 licet
2748 793 2866 856 hoc
2905 797 2988 857 sit
3028 815 3325 876 magnum
3366 800 3531 862 indi-

1971 885 2159 959 cium,
2206 885 2371 964 quod
2414 885 2515 948 lex
2562 887 2898 948 constituat
2936 888 3109 951 illam
3152 891 3417 954 formam
3458 900 3532 954 ut

1971 976 2463 1050 substantialem,
2476 977 2676 1039 solum
2693 996 2822 1040 non
2839 979 3062 1043 sufficit
3076 982 3212 1045 sine
3232 983 3369 1045 aliis
3386 1003 3531 1047 con-

1966 1068 2247 1148 Jecturis,
2264 1069 2365 1130 vel
2383 1070 2607 1148 majori
2627 1070 3035 1134 fundamento
3050 1074 3119 1135 in
3131 1075 3336 1137 verbis
3351 1076 3527 1155 legis,

1973 1166 2047 1221 ut
2075 1178 2153 1223 ex
2179 1160 2451 1222 dicendis
2487 1162 2689 1240 magis
2715 1163 3063 1228 constabit.
3105 1167 3274 1228 unde
3308 1169 3534 1231 certior

1974 1259 2067 1314 est
2092 1253 2366 1315 secunda
2390 1272 2533 1332 pars
2560 1256 2848 1334 negativa
2872 1258 3125 1335 regulre.
3155 1261 3311 1321 Nam
3333 1262 3387 1322 si
3406 1261 3534 1323 for-

1973 1362 2082 1409 ma
2103 1363 2231 1407 non
2266 1350 2360 1407 est
2385 1346 2464 1407 de
2488 1364 2558 1408 re
2599 1365 2710 1426 per
2735 1365 2800 1410 se
2830 1348 3167 1410 admodum
3192 1353 3534 1416 necessaria

1974 1437 2053 1500 ad
2081 1438 2462 1518 aequitatem‚
2489 1438 2597 1500 sed
2631 1440 2710 1501 ad
2742 1446 3057 1516 ornatum,
3082 1442 3184 1504 vel
3206 1444 3285 1505 ad
3313 1445 3536 1507 melius

1975 1549 2129 1607 esse,
2160 1536 2223 1593 et
2249 1530 2482 1610 alioqui
2504 1548 2633 1592 non
2655 1533 2968 1595 adduntur
2985 1534 3177 1596 verba
3201 1536 3532 1614 irritantis,

1975 1640 2103 1684 non
2123 1629 2216 1685 est
2231 1622 2398 1685 unde
2418 1622 2529 1683 illa
2542 1623 2743 1685 forma
2767 1626 2957 1704 possit
2970 1626 3236 1704 judicari
3253 1629 3536 1690 substan-

1981 1716 2165 1779 tialis.
2201 1717 2392 1778 Seeus
2424 1734 2573 1778 vero
2609 1718 2727 1785 erit
2762 1720 2816 1780 si
2853 1718 2956 1781 lex
2988 1720 3175 1783 addat
3200 1722 3537 1785 clausulam

1977 1808 2351 1884 irritantem,
2376 1808 2525 1888 quia
2550 1809 2702 1889 legis
2729 1810 3001 1873 efficacia
3026 1813 3107 1873 ad
3134 1813 3254 1875 boc
3288 1814 3538 1876 extendi

1978 1906 2201 1981 potest,
2241 1906 2306 1963 et
2333 1918 2446 1981 per
2471 1900 2581 1963 illa
2617 1901 2809 1964 verba
2841 1904 2991 1965 satis
3017 1905 3400 1985 significatur
3429 1906 3540 1971 ille

1977 1992 2252 2070 effectum,
2277 2000 2351 2054 ut
2374 1993 2743 2056 videbimus.

2060 2087 2121 2148 ὅ.
2141 2085 2420 2149 Secunda
2431 2085 2827 2165 γαρύω-Β.
2847 2088 3539 2157 Damasia—»Secunda

1978 2178 2196 2258 regula
2235 2185 2359 2239 est:
2398 2177 2659 2252 Quando
2679 2178 2882 2240 forma
2904 2180 3045 2242 talis
3070 2188 3163 2244 est
3198 2190 3272 2245 ut
3296 2203 3538 2248 renun-

1977 2272 2126 2333 tiari
2151 2288 2280 2332 non
2306 2271 2523 2350 possit,
2544 2270 2966 2333 substantialis
2990 2280 3082 2334 est
3095 2289 3118 2353 3
3148 2276 3203 2336 si
3227 2295 3377 2339 vero
3401 2297 3543 2359 pos-

1979 2365 2061 2425 sit
2083 2364 2453 2439 renuntiari,
2482 2379 2612 2423 non
2626 2362 2761 2425 ‘erit
2772 2363 2853 2425 de
2870 2364 3231 2430 substantia.
3262 2371 3541 2433 Insinuat

1981 2457 2143 2519 Glos.
2167 2457 2236 2517 in
2257 2475 2311 2518 c.
2340 2457 2433 2518 De
2454 2456 2679 2531 musis,
2708 2456 2881 2519 verb.
2920 2457 3219 2524 commea
3232 2466 3536 2541 partium,

1981 2550 2058 2611 de
2081 2549 2250 2610 Offlc.
2273 2548 2518 2628 delegat
2532 2564 2553 2626 ;
2574 2548 2851 2627 sequitur
2875 2550 3070 2612 Felin.
3102 2553 3170 2613 in
3193 2571 3328 2634 cap.
3360 2557 3540 2635 ficis,
3588 2596 3589 2599 =

1983 2641 2062 2703 de
2085 2640 2343 2716 Tesfib„
2382 2659 2448 2701 n.
2483 2643 2543 2716 1,
2580 2641 2691 2702 ubi
2724 2642 2915 2703 refert
2951 2644 3124 2705 Bald.
3162 2653 3226 2708 et
3249 2647 3400 2709 alios
3431 2651 3543 2729 qui

1980 2733 2384 2813 posteriorem
2411 2738 2660 2793 tantum
2685 2740 2926 2813 partem
2962 2745 3203 2816 ponunt
3235 2758 3537 2820 expresse.

1982 2826 2173 2903 Cujus
2197 2826 2359 2886 ratio
2385 2842 2513 2886 esse
2537 2831 2775 2904 potest,
2807 2828 2955 2906 quia
2980 2829 3322 2892 substantia
3355 2839 3417 2894 et
3450 2852 3542 2895 es-

1986 2917 2187 2977 sentia
2211 2918 2302 2977 rei
2328 2922 2420 2977 est
2436 2917 2865 2993 immutabilis,
2889 2926 2951 2980 et
2967 2920 3108 2982 ideo
3129 2922 3180 2981 si
3201 2941 3312 3002 per
3328 2925 3542 2987 volun-

1983 3014 2178 3070 tatem
2206 3009 2401 3087 partis
2422 3009 2696 3069 cedentis
2715 3010 2843 3089 juri
2868 3028 2981 3071 suo
3010 3020 3211 3091 potest
3235 3022 3405 3078 actus
3438 3035 3545 3079 va-

1990 3100 2120 3163 lere
2165 3100 2299 3162 sine
2338 3099 2451 3161 tali
2493 3100 2903 3178 solemnitate,
2944 3104 3194 3181 signum
3230 3115 3321 3170 est
3363 3111 3544 3172 illum

1983 3213 2115 3256 non
2138 3212 2269 3255 esse
2293 3195 2369 3255 de
2397 3195 2762 3258 substantia.
2774 3198 2851 3257 Et
2879 3208 3322 3279 consequenter
3342 3223 3377 3265 e
3400 3223 3544 3265 con-

1984 3288 2178 3349 trario
2227 3287 2477 3366 quando
2524 3294 2618 3348 est
2665 3295 2796 3349 tam
2843 3293 3187 3354 necessaria
3233 3302 3305 3356 ut
3351 3296 3541 3358 etiam

1985 3397 2098 3460 per
2149 3380 2533 3440 voluntatem
2582 3381 3083 3444 contrahentium
3135 3386 3366 3448 auferri
3415 3407 3543 3450 non

1982 3472 2202 3626 1possit,
2242 3489 2548 3550 magnum
2574 3481 3017 3551 argumentum
3044 3483 3138 3539 est
3171 3478 3543 3608 substantia-

2007 3582 2110 3627 em
2132 3582 2283 3626 esse.

2064 3661 2124 3720 6.
2139 3658 2897 3737 Reyuzaproedictanonest
2909 3666 3226 3742 ymeralis.
3229 3668 3547 3729 -Tamen

1986 3750 2122 3812 haec
2157 3750 2346 3812 etiam
2371 3751 2590 3829 regula
2615 3754 2920 3830 generalis
2946 3773 3074 3818 non
3102 3764 3217 3834 est,
3260 3766 3323 3820 et
3349 3779 3547 3840 quan-

1984 3848 2121 3902 tum
2161 3842 2386 3902 attinet
2426 3842 2505 3902 ad
2546 3861 2647 3905 res
2673 3848 2935 3908 morales
2965 3868 3187 3929 parum
3214 3851 3402 3913 habet
3426 3854 3546 3914 uti·

1984 3932 2198 3995 litatis.
2236 3934 2395 3994 Nam
2425 3933 2734 4011 imprimis
2781 3938 2944 4000 circa
2995 3942 3265 4019 priorem
3306 3952 3547 4022 partem

1986 4026 2201 4092 multae
2236 4030 2382 4086 sunt
2406 4026 2824 4091 solemnitates
2857 4037 3109 4093 actuum
3145 4036 3547 4099 accidentales

1985 4124 2255 4194 tantum,
2289 4136 2427 4197 quae
2453 4125 2627 4181 tanta
2652 4123 3010 4185 necessitate
3042 4132 3190 4186 sunt
3225 4135 3547 4210 praeceptoe

1987 4217 2061 4271 ut
2076 4212 2453 4290 nonpossint
2478 4211 2643 4274 licite
2670 4214 2897 4291 omitti,
2920 4218 3108 4278 etiam
3135 4237 3213 4283 ex
3229 4221 3548 4285 voluntate

1986 4306 2401 4384 operantium,
2441 4309 2514 4364 ut
2551 4311 2787 4367 constat
2812 4307 2890 4369 de
2916 4310 3306 4374 solemnitate
3335 4314 3547 4376 Sacra·

1990 4401 2345 4458 mentorum
2370 4396 2756 4475 accidentali,
2782 4400 2882 4461 vel
2917 4403 3200 4464 sacrificii
3234 4405 3453 4483 Missas,
3483 4413 3549 4469 et

1987 4490 2067 4551 de
2091 4488 2352 4568 publicis
2372 4489 2944 4554 denuntiationibus
2965 4497 3363 4560 matrimonio
3392 4518 3549 4579 prae-
3668 4547 3671 4550 -

1987 4582 2331 4658 mittendis,
2363 4589 2427 4643 et
2452 4583 2531 4644 de
2552 4583 2755 4645 forma
2775 4602 2888 4665 pro
2910 4592 3547 4654 excommunicatione

1986 4676 2342 4757 praescripta
2364 4678 2432 4737 in
2458 4695 2593 4756 cap.
2622 4680 2652 4738 1
2680 4679 2758 4739 de
2779 4680 3097 4744 Sententia
3126 4686 3552 4746 excommuni-

1987 4770 2247 4833 cationis
2269 4771 2338 4832 in
2359 4772 2422 4831 6.
2446 4772 2523 4832 Et
2549 4772 2708 4833 ratio
2746 4779 2860 4850 est,
2882 4776 3031 4854 quia
3060 4777 3248 4839 etiam
3277 4797 3548 4860 praecep-

1988 4869 2127 4926 tum
2147 4862 2225 4924 de
2250 4863 2454 4924 forma
2477 4864 2842 4926 accidentali
2865 4873 3067 4946 potest
3082 4887 3217 4930 non
3245 4872 3548 4950 respicere

1988 4958 2301 5037 privatum
2314 4959 2710 5019 commodum
2728 4962 3062 5039 operantis,
3073 4963 3182 5024 sed
3193 4982 3545 5041 commune,

1986 5052 2088 5113 vel
2120 5052 2214 5114 rei
2240 5051 2584 5113 decentiam
2625 5058 2688 5113 et
2711 5054 3067 5132 {equitatem
3089 5056 3429 5118 secundum
3455 5076 3546 5134 se,

1991 5150 2055 5206 et
2073 5145 2217 5206 ideo
2237 5163 2366 5205 non
2393 5150 2593 5224 potest
2612 5145 2889 5224 privatus
2913 5165 3173 5227 operans
3205 5150 3298 5210 illi
3320 5169 3551 5212 renun-

1990 5236 2169 5298 tiare.
2192 5237 2388 5310 Dices,
2413 5238 2696 5315 quamvis
2722 5256 2849 5299 non
2869 5241 3060 5318 possit
3084 5241 3172 5301 ita
3191 5245 3551 5304 renuntiare

1990 5334 2062 5388 ut
2086 5328 2254 5389 licite
2281 5329 2455 5389 illam
2475 5330 2744 5405 omittat,
2770 5349 2944 5410 posse
2973 5337 3179 5394 tamen
3199 5334 3288 5395 ita
3308 5340 3381 5394 ut
3395 5335 3550 5396 vali-

1991 5420 2089 5480 de.
2138 5421 2254 5481 Sed
2285 5421 2402 5480 hoc
2433 5422 2592 5483 nihil
2617 5423 2815 5500 juvat,
2860 5425 3008 5503 quia
3035 5426 3145 5486 illa
3169 5429 3549 5488 renuntiatio

1991 5512 2166 5573 nulla
2184 5519 2298 5588 est,
2322 5514 2687 5593 nullumque
2706 5515 2993 5579 effectum
3012 5518 3231 5580 habet:
3252 5537 3400 5581 nam
3416 5522 3548 5582 sive
