3976 6219
499 432 621 494 310

501 537 649 602 ralis
674 552 804 598 non
830 531 1106 602 absolute
1133 530 1325 593 dictat
1347 535 1590 611 partem
1617 528 1888 609 corporis
1908 528 2065 611 poli-

500 632 610 695 tici
636 629 836 692 teneri
864 625 1235 689 conformari
1265 625 1382 686 toti
1409 625 1477 685 in
1500 623 1813 699 omnibuS,
1850 642 1958 685 seu
1996 627 2065 684 in

501 722 930 787 communium
956 720 1168 799 legum
1195 717 1642 792 observatione,
1672 716 1778 777 sed
1810 716 1923 777 sub
1954 716 2068 777 ali-

499 817 725 898 quibus
737 812 1216 888 conditionibus,
1232 811 1556 886 nimirum,
1567 808 1690 871 nisi
1702 810 1781 871 sit
1791 809 2070 888 legitime

503 915 814 984 excusata,
832 908 1320 988 veldispensata,
1338 910 1400 967 et
1418 904 1635 965 eadem
1657 904 1899 965 ratione
1923 904 2071 965 addi

504 1003 756 1084 poterit,
782 1000 904 1061 nisi
927 1000 1009 1061 sit
1034 1000 1312 1079 legitime
1331 1002 1640 1077 exempta,
1659 998 1806 1075 quia
1820 1014 2070 1075 exemp-

504 1096 593 1157 tio
620 1093 721 1157 vel
775 1098 865 1156 est
908 1092 1191 1172 quaedam
1237 1090 1633 1170 dispensatio,
1686 1090 1788 1151 vel
1833 1090 2069 1169 aliquid

506 1185 712 1265 majus
753 1207 768 1245 ε
824 1186 981 1247 sicut
1024 1202 1171 1263 ergo
1216 1184 1601 1263 dispensatus
1648 1200 1776 1243 non
1824 1189 2071 1244 tenetur

506 1278 882 1342 conformari
908 1279 1023 1339 toti
1048 1277 1118 1338 in
1149 1276 1305 1356 legis
1349 1275 1799 1352 observatione,
1830 1276 1920 1336 ita
1963 1293 2068 1336 ne-

508 1391 626 1453 que
650 1379 990 1457 exemptus.
1037 1372 1190 1432 Item
1237 1369 1486 1449 quando
1511 1370 1579 1429 in
1624 1368 1832 1448 aliquo
1877 1385 2073 1428 mem-

509 1465 622 1526 bro
667 1464 992 1525 intercedit
1018 1464 1178 1524 ratio
1203 1463 1303 1523 vel
1344 1462 1613 1522 conditio
1645 1460 1909 1536 diversa,
1944 1478 2074 1521 non

507 1561 757 1619 tenetur
785 1556 1161 1617 conformari
1185 1555 1325 1629 toti,
1356 1560 1427 1614 ut
1462 1552 1689 1614 nobilis
1733 1570 1861 1612 nou
1906 1558 2076 1614 tene-

510 1655 617 1711 tur
643 1656 894 1729 propter
929 1649 1419 1709 uniformitatem
1464 1647 1790 1708 observare
1843 1646 2012 1725 leges
2039 1664 2077 1706 a

513 1742 736 1822 quibus
773 1747 1024 1822 propter
1055 1740 1441 1801 nobilitatem
1468 1745 1750 1800 censetur
1797 1738 2076 1818 legitime

515 1840 876 1914 exemptus:
903 1834 1078 1910 aliaS,
1107 1833 1415 1912 superflua
1436 1838 1499 1894 et
1520 1832 1753 1893 nullius
1775 1833 2078 1894 momenti

517 1933 675 1988 esset
702 1926 1013 2007 exemptio
1040 1947 1055 1986 ε
1101 1944 1249 2004 ergo
1277 1924 1561 1985 similiter
1597 1924 1824 2000 clerici,
1854 1925 1906 1985 si
1939 1943 2080 2004 pro-

517 2025 656 2100 pter
722 2026 953 2080 statum
1016 2024 1079 2080 et
1146 2017 1470 2098 specialem
1527 2016 2078 2079 sanctificationem

518 2112 792 2191 exempti
836 2120 982 2171 sunt
1020 2130 1059 2171 a
1102 2111 1341 2190 legibus
1387 2110 1695 2185 civilibuS,
1727 2129 1854 2171 non
1896 2115 2080 2172 erunt

517 2209 767 2283 propter
790 2203 1280 2265 uniformitatem
1308 2203 1387 2264 ad
1419 2220 1523 2263 eas
1562 2203 1893 2263 servandas
1923 2201 2081 2263 obli-

518 2296 673 2374 gati,
703 2296 852 2375 quia
881 2301 1025 2357 sunt
1068 2295 1349 2357 membra
1384 2293 1637 2355 alterius
1659 2295 1938 2370 rationis,
1970 2312 2082 2355 seu

519 2390 910 2462 :onditionis,
938 2389 1007 2449 in
1029 2389 1251 2467 quibus
1276 2388 1383 2448 illa
1411 2387 1805 2448 uniformitas
1836 2406 1962 2447 non
1994 2393 2085 2448 est

525 2483 884 2542 necessaria.
916 2481 1161 2543 Accedit
1199 2481 1387 2559 quod,
1422 2474 1565 2540 licet
1592 2481 1843 2541 daretur
1870 2479 1937 2539 in
1966 2480 2084 2540 cle-

521 2574 666 2634 ricis
691 2574 986 2653 obligatio
1017 2573 1303 2634 servandi
1341 2572 1454 2632 has
1493 2573 1661 2648 leges
1699 2576 1949 2653 propter
1988 2590 2085 2632 so-

523 2666 649 2727 lam
689 2666 1207 2742 uniformitatem,
1252 2666 1359 2726 illa
1410 2684 1537 2727 non
1579 2670 1735 2725 esset
1771 2665 1975 2742 gravis
2008 2683 2086 2725 ex

525 2776 638 2820 suo
658 2776 908 2836 genere,
937 2759 1084 2838 quia
1110 2777 1237 2819 non
1274 2758 1650 2819 conformari
1675 2757 1790 2817 toti
1809 2774 2087 2817 commu-

526 2851 709 2911 nitati
748 2852 815 2911 in
844 2850 942 2911 his
983 2850 1168 2912 rebus
1192 2851 1261 2911 in
1305 2850 1528 2931 quibus
1559 2850 1711 2911 alias
1741 2848 1929 2909 homo
1957 2867 2087 2909 non

526 2949 796 3019 tenetur,
836 2962 963 3005 non
994 2949 1085 3004 est
1112 2944 1320 3022 gravis
1350 2944 1534 3023 culpa
1561 2944 1793 3004 secluso
1828 2942 2090 3004 scanda-

525 3037 609 3114 10,
640 3044 702 3098 et
737 3037 878 3099 ideo
917 3038 1301 3119 dispensatus
1338 3038 1407 3098 in
1454 3037 1592 3117 lege
1640 3038 1917 3098 humana
1956 3038 2089 3097 sine

519 3132 688 3212 justa
732 3150 914 3194 causa
958 3150 1087 3193 non
1124 3138 1407 3195 censetur
1448 3150 1700 3213 peccare
1744 3131 2092 3192 mortaliter

525 3225 755 3287 utendo
796 3227 1252 3308 dispensatione
1289 3232 1353 3289 et
1378 3244 1504 3289 non
1531 3224 1833 3288 servando
1859 3223 2088 3304 legem,

527 3319 770 3381 etiamsi
801 3320 1033 3400 absque
1079 3338 1265 3383 causa
1301 3338 1433 3381 non
1481 3319 1901 3380 conformetur
1930 3317 2089 3393 toti3

526 3429 673 3491 ergo
698 3413 867 3474 idem
893 3414 1013 3474 erit
1042 3431 1080 3474 a
1105 3413 1346 3474 fortiori
1364 3413 1431 3472 in
1457 3411 1679 3472 clerico
1707 3410 1815 3490 qui
1843 3427 1918 3470 ex
1947 3427 2091 3469 cau-

527 3523 597 3567 sa
638 3505 992 3566 rationabili
1038 3511 1320 3566 censetur
1366 3510 1709 3582 exemptus.
1762 3503 2086 3578 Praeterea,

527 3598 933 3674 transgressio
950 3597 1117 3659 illius
1141 3598 1296 3676 legis
1323 3596 1393 3656 in
1415 3595 1635 3657 clerico
1658 3612 1785 3655 non
1813 3594 1933 3655 erit
1958 3595 2093 3654 ino-

527 3690 867 3761 bedientia,
895 3690 1042 3769 quia
1068 3706 1198 3750 non
1229 3689 1542 3767 obligatur
1576 3707 1655 3750 ex
1678 3688 1743 3749 vi
1773 3690 2086 3768 praecepti,

530 3790 594 3847 et
634 3788 1082 3862 consequenter
1106 3800 1234 3843 non
1265 3787 1358 3843 est
1384 3787 1598 3843 contra
1632 3783 1929 3843 virtutem
1957 3799 2092 3862 spe-

530 3875 772 3950 cialem,
796 3875 864 3935 in
887 3876 1062 3955 cujus
1089 3875 1352 3937 materia
1373 3880 1658 3937 versatur
1677 3875 1804 3951 lex,
1826 3876 1973 3955 quia
1999 3894 2094 3936 so-

530 3970 663 4032 lum
688 3986 766 4030 ex
793 3968 857 4028 vi
879 3967 1032 4047 legis
1053 3969 1252 4030 civilis
1274 3974 1449 4031 actus
1471 3975 1604 4031 erat
1630 3969 2004 4029 necessarius
2025 3969 2092 4028 in

528 4062 641 4124 tali
681 4060 944 4123 materia
972 4061 1239 4138 virtutis,
1269 4067 1334 4124 et
1358 4062 1460 4123 lex
1495 4060 1717 4137 civilis,
1762 4068 1834 4122 ut
1867 4079 2091 4141 suppo-

526 4155 722 4231 nitur,
749 4172 876 4216 non
906 4154 1093 4217 habet
1110 4155 1283 4217 illam
1305 4155 1597 4217 virtutem
1616 4172 1794 4216 snam
1811 4161 2091 4235 respectu

529 4249 732 4311 clerici
756 4271 774 4324 3
807 4267 1007 4329 neque
1057 4249 1246 4311 etiam
1293 4256 1386 4310 est
1431 4254 1647 4311 contra
1696 4248 2086 4324 charitatem,

527 4345 675 4425 quia
702 4345 1105 4424 supponimus
1120 4345 1306 4406 vitari
1322 4345 1714 4422 scandalum3
1745 4363 1859 4405 nec
1875 4350 2089 4405 contra

520 4437 831 4517 justitiam
870 4437 1156 4518 legalem,
1208 4437 1357 4518 quia
1399 4436 1644 4499 nullum
1673 4437 1951 4516 sequitur
1976 4454 2089 4497 no-

528 4537 887 4594 cumentum
907 4549 1267 4593 commune:
1285 4548 1434 4610 ergo
1456 4549 1586 4591 non
1607 4536 1697 4591 est
1716 4528 1883 4591 unde
1906 4529 2089 4610 culpa

528 4624 637 4686 illa
664 4625 743 4685 sit
768 4624 995 4704 graviS.

606 4721 667 4781 9.
712 4719 1037 4798 Responsio
1079 4716 1982 4797 aliquomem·-Impuqnatur.
2009 4748 2093 4762 —

526 4812 703 4875 Unde
747 4811 1006 4873 ulterius
1055 4810 1331 4890 sequitur
1357 4808 1668 4887 ‚clericum
1717 4808 2092 4870 vendentem

524 4906 802 4969 triticum
858 4898 1059 4966 carius
1108 4921 1296 4984 quam
1339 4903 1441 4964 lex
1485 4902 1680 4964 civilis
1712 4902 2088 4981 praescribat,

526 5018 657 5062 non
679 4998 879 5061 teneri
914 4998 994 5058 ad
1022 4996 1502 5073 restitutionem,
1552 4996 1718 5075 quod
1744 5000 1837 5056 est
1863 4995 2091 5057 falsum

527 5099 590 5156 et
611 5099 826 5154 contra
852 5091 1172 5172 praedictos
1197 5096 1496 5152 auctores.
1523 5092 1599 5151 Et
1621 5088 1869 5169 sequela
1896 5095 2086 5169 patet,

526 5186 674 5266 quia
699 5203 827 5246 non
850 5190 1063 5266 peccat
1083 5188 1298 5245 contra
1310 5183 1639 5264 justitiam,
1664 5187 1736 5242 nt
1760 5181 2090 5262 probatum

527 5285 640 5342 est.
672 5279 805 5353 Quo
826 5283 1192 5358 argumento
1219 5283 1521 5356 urgentur
1540 5278 1774 5352 Castro,
1808 5281 1868 5336 et
1902 5276 2084 5337 Joan.

526 5371 798 5448 Mediae,
842 5379 905 5433 et
938 5372 1312 5451 respondent
1358 5389 1611 5450 peccare
1652 5374 1867 5431 contra
1906 5370 2089 5448 ju’sti·

525 5465 702 5543 tiam,
736 5464 884 5546 quia
918 5465 1232 5545 supposita
1278 5466 1441 5544 lege,
1489 5465 1619 5544 jam
1651 5463 1927 5524 triticum
1959 5481 2088 5526 non

525 5557 692 5621 valet
715 5558 839 5622 nisi
866 5557 1024 5621 tanti
1044 5557 1114 5619 in
1132 5556 1245 5620 tali
1268 5558 1428 5634 loco,
1459 5562 1521 5618 et
1557 5556 1696 5619 ideo
1720 5554 1931 5618 nullus
1959 5556 2090 5618 sive

1505 428 1621 479 LlB.
1657 427 1740 479 111.
1777 422 1859 479 m:
1891 426 2052 479 LEGE
2085 428 2348 481 RUMANA
2378 428 2459 482 ET
2492 428 2695 484 cmm.

2145 538 2487 612 exemptus„
2520 532 2648 593 sive
2686 535 2931 592 exterus
2967 534 3169 610 potest
3190 529 3356 608 juste
3386 527 3627 590 carius
3677 524 3755 585 il-

2145 625 2254 684 lud
2300 625 2586 687 vendere.
2633 624 2749 685 Sed
2785 629 3022 697 contra,
3066 623 3212 700 quia
3254 622 3398 683 licet
3428 619 3752 682 triticum

2146 718 2445 779 laicorum
2467 723 2713 778 taxetur
2730 735 2841 796 per
2858 715 3189 778 efficaciam
3212 714 3351 775 talis
3376 715 3578 794 legis,
3611 729 3753 772 non

2150 818 2359 872 tamen
2387 811 2665 872 triticum
2710 809 3096 884 clericorum,
3143 813 3281 869 tum
3328 808 3480 887 quia
3531 806 3751 868 etiam

2148 905 2313 967 bona
2359 906 2564 967 clerici
2596 910 2739 965 sunt
2783 908 3092 982 exempta,
3133 908 3272 962 tum
3321 902 3525 962 etiam
3586 899 3750 979 quia

2149 1015 2277 1060 non
2314 999 2560 1060 videtur
2596 997 2854 1058 limitari
2893 996 3163 1077 pretium
3204 996 3295 1056 rei
3323 1012 3435 1076 per
3481 995 3744 1073 legem,

2148 1093 2271 1154 nisi
2297 1097 2596 1171 quatenus
2635 1091 2924 1151 dominus
2969 1088 3281 1167 obligatur
3325 1107 3437 1167 per
3483 1088 3742 1167 legem,

2149 1204 2229 1246 ne
2257 1185 2458 1245 carius
2498 1183 2727 1245 vendat
2743 1204 2761 1257 3
2811 1188 2876 1242 at
2921 1181 3178 1242 clericus
3219 1198 3347 1241 non
3392 1186 3617 1260 potest
3652 1181 3746 1240 ita

2151 1278 2411 1357 obligari
2454 1278 2594 1356 lege
2621 1276 2811 1351 civili,
2846 1280 2919 1335 ut
2961 1275 3372 1355 supponitur:
3402 1292 3569 1352 ergo
3622 1292 3744 1335 nec

2152 1373 2284 1452 ejus
2319 1371 2592 1431 triticum
2649 1373 2848 1449 potest
2881 1367 3137 1427 limitari
3187 1367 3390 1446 quoad
3438 1367 3741 1427 valorem

2154 1483 2265 1544 per
2297 1464 2486 1524 talem
2512 1462 2737 1541 legem.
2769 1461 2978 1538 Neque
3018 1464 3107 1520 est
3138 1458 3336 1520 simile
3362 1458 3439 1519 de
3464 1460 3755 1534 exteri5,·

2155 1559 2302 1636 quia
2328 1556 2424 1616 illi
2451 1574 2578 1615 non
2602 1560 2747 1615 sunt
2768 1552 3062 1632 exempti,
3086 1552 3191 1613 sed
3217 1551 3368 1612 dum
3391 1559 3738 1613 versantur

2154 1653 2221 1712 in
2258 1649 2369 1712 tali
2409 1666 2624 1727 regn0,
2654 1646 2895 1725 legibus
2934 1645 3103 1705 illius
3129 1645 3309 1723 regni
3335 1644 3726 1725 obligantur,

2157 1746 2334 1823 cujus
2366 1742 2744 1804 contrarium
2781 1740 3167 1819 supponitur.
3211 1739 3489 1819 Denique
3516 1740 3728 1801 simile

2156 1843 2593 1917 argumentum
2613 1835 2822 1914 urgeri
2848 1838 3049 1913 potest
3070 1831 3146 1894 de
3167 1832 3413 1912 legibus
3436 1834 3725 1894 civilibus

2157 1929 2543 1990 irritantibus
2572 1931 2943 1999 contractus,
2992 1924 3091 1985 vel
3135 1929 3502 1986 testamenta
3530 1927 3744 1988 aliter.

2157 2022 2321 2083 facta
2350 2039 2538 2100 quam
2566 2020 2733 2098 leges
2774 2018 3104 2097 disponant
3131 2039 3148 2093 3
3187 2035 3320 2079 non
3349 2019 3512 2079 enim
3538 2025 3709 2098 pote-

2158 2120 2309 2175 runt
2334 2114 2579 2174 irritare
2611 2112 2765 2172 tales
2787 2116 2960 2171 actus
2995 2109 3184 2170 factos
3211 2129 3249 2170 a
3281 2110 3545 2187 clericis;
3569 2131 3712 2172 con-

2161 2224 2424 2285 sequens
2448 2211 2540 2266 est
2577 2204 2820 2278 falsum,
2850 2208 2923 2263 ut
2950 2219 3166 2262 omnes
3191 2201 3491 2280 fatentur,
3533 2210 3589 2265 et
3615 2223 3719 2264 su·

2162 2299 2358 2360 mitur
2377 2298 2538 2359 clare
2566 2315 2643 2358 ex
2664 2297 2826 2356 dicto
2850 2313 2983 2375 cap.
2999 2295 3301 2371 Innotuit,
3320 2295 3397 2356 de
3417 2296 3717 2372 Arbitriis,

2162 2393 2294 2454 ibi:
2337 2392 2545 2454 Talem
2588 2391 2942 2452 sententiam
2970 2389 3273 2450 denunties
3295 2392 3537 2467 penitus
3576 2392 3720 2452 md-

2165 2486 2286 2546 lam
2312 2503 2432 2546 esse
2453 2510 2475 2544 .·
2505 2499 2687 2560 ergo:
2713 2481 2959 2561 sequela
2984 2485 3172 2559 patet,
3203 2481 3373 2560 quia,
3400 2482 3572 2544 silex
3590 2502 3719 2544 non

2163 2582 2362 2657 potest
2404 2574 2678 2659 obligare
2714 2573 3006 2656 clericum
3059 2573 3438 2652 prohibendo
3481 2582 3713 2651 actum,

2165 2669 2362 2731 multo
2395 2667 2603 2728 minus
2620 2667 2846 2747 poterit
2874 2666 3115 2726 irritare
3141 2665 3297 2726 illius
3329 2666 3712 2729 voluntatem

2167 2762 2327 2823 circa
2355 2761 2542 2822 talem
2570 2766 2800 2834 actum,
2827 2760 2971 2838 quia
3004 2759 3205 2837 major
3228 2758 3502 2834 efficacia,
3528 2767 3595 2821 ut
3615 2762 3709 2821 sic

2168 2855 2393 2930 dicam,
2445 2855 2648 2932 major
2681 2852 3026 2932 jurisdictio
3075 2857 3139 2912 et
3185 2857 3439 2930 potestas
3475 2853 3699 2915 directa

2167 2951 2236 3010 in
2274 2948 2657 3010 voluntatem
2684 2943 3021 3026 requiritur
3049 2948 3128 3008 ad
3175 2947 3538 3008 irritandum
3567 2967 3704 3009 con-

2169 3060 2414 3103 sensum
2456 3041 2612 3121 ejus,
2669 3057 2857 3120 quam
2901 3040 2981 3100 ad
3021 3039 3473 3120 prohibendum
3521 3040 3711 3100 illum.

2169 3137 2378 3215 Neque
2427 3134 2557 3195 sola
2605 3133 2714 3194 illa
2762 3132 3102 3212 turpitudo,
3138 3133 3373 3211 quaein
3412 3132 3531 3193 hoc
3557 3152 3722 3213 repe-

2169 3228 2332 3290 ritur
2358 3227 2525 3307 quod
2552 3244 2694 3306 pars
2725 3242 2853 3285 non
2889 3225 3313 3286 conformetur
3346 3224 3485 3300 toti,
3507 3225 3724 3286 sufficit

2173 3320 2251 3381 ad
2273 3320 2644 3380 irritandum
2674 3325 2904 3394 actum,
2936 3324 3005 3378 ut
3031 3324 3204 3397 patet
3231 3317 3393 3378 clare
3414 3318 3484 3377 in
3511 3336 3582 3379 eo
3622 3318 3726 3396 qui

2168 3413 2554 3493 dispensatus
2585 3411 2809 3488 valide,
2831 3411 2976 3472 licet
3006 3411 3140 3471 sine
3163 3428 3351 3472 causa
3388 3415 3451 3470 et
3477 3410 3727 3489 injuste,

2168 3506 2238 3567 in
2285 3506 2483 3585 gradu
2519 3506 2804 3566 irritante
2849 3503 3154 3566 contrabit
3205 3504 3676 3565 matrimonium
3712 3519 3729 3563 ε

2172 3617 2318 3660 nam
2345 3599 2548 3660 valide
2577 3597 2887 3660 contrahit
2924 3597 3069 3658 licet
3101 3597 3369 3677 turpiter
3399 3602 3565 3676 agat,
3611 3597 3734 3657 dis·

2171 3692 2482 3753 cordando
2509 3710 2548 3753 a
2572 3697 2720 3752 toto,
2745 3692 3019 3771 Denique
3038 3708 3168 3750 non
3209 3696 3302 3751 est
3330 3696 3735 3751 contemnen-

2170 3785 2322 3846 dum
2372 3790 2835 3865 argumentum,
2888 3784 3033 3862 quia
3075 3782 3126 3842 si
3168 3782 3368 3862 posita
3393 3782 3530 3861 lege
3569 3781 3738 3842 civili

2171 3878 2425 3939 clericus
2466 3877 2843 3956 obligaretur
2875 3876 3145 3955 graviter
3180 3893 3259 3935 ex
3297 3875 3362 3935 vi
3408 3874 3597 3934 solius
3635 3893 3738 3935 ra-

2172 3970 2359 4032 tionis
2408 3969 2707 4031 naturalis
2721 4016 2741 4046 ,
2795 3967 3170 4048 dispensatio
3219 3967 3314 4027 illi
3361 3984 3648 4028 concessa
3699 3985 3740 4026 a

2170 4063 2450 4145 principe
2489 4062 2587 4123 vel
2627 4061 2886 4123 Praelato
2931 4061 2999 4121 in
3038 4060 3150 4121 tali
3188 4060 3348 4139 lege,
3398 4060 3449 4120 si
3473 4059 3742 4120 daretur

2171 4159 2305 4219 sine
2338 4175 2541 4233 causa,
2578 4161 2735 4217 esset
2752 4155 2953 4231 nulla,
2977 4156 3135 4216 sicut
3162 4154 3328 4215 infra
3352 4154 3429 4214 de
3454 4153 3743 4234 principe

2171 4250 2464 4312 dicemus.
2511 4250 2712 4328 Atque
2749 4248 2837 4308 ita
2863 4248 2931 4308 in
2962 4247 3080 4309 hoc
3120 4252 3321 4308 essent
3343 4246 3569 4327 pejoris
3591 4265 3744 4307 con-

2170 4344 2422 4405 ditionis
2474 4341 2678 4403 clerici
2724 4358 2912 4422 quam
2940 4340 3105 4417 laici,
3136 4341 3304 4421 quod
3331 4357 3459 4400 non
3488 4339 3746 4400 videtur

2168 4434 2524 4499 verisimile.

2254 4531 2354 4590 10.
2399 4528 2551 4590 Alia
2576 4528 2738 4590 ratio
2783 4543 2896 4606 pro
2934 4525 3227 4590 communi
3262 4525 3554 4587 sentmtia
3592 4543 3743 4603 pro-

2165 4623 2436 4701 ponitur.
2454 4651 2536 4666 —
2556 4621 2810 4699 Propter
2837 4619 2970 4679 baec
3002 4618 3108 4679 alii
3129 4616 3399 4679 reddunt
3428 4617 3742 4678 rationem

2169 4715 2356 4795 hujus
2392 4713 2808 4792 obligationiS‚
2858 4711 3005 4791 quia
3054 4711 3260 4772 clerici
3313 4710 3515 4790 quoad
3569 4709 3742 4769 hanc

2171 4814 2409 4889 partem
2435 4825 2562 4868 non
2589 4811 2733 4866 sunt
2756 4805 3026 4885 exempti
3060 4823 3097 4865 a
3121 4802 3549 4883 jurisdictione
3577 4809 3740 4864 tem-

2171 4901 2478 4981 poralium
2518 4917 2760 4978 regum,
2792 4904 2853 4959 et
2883 4898 3023 4958 ideo
3053 4915 3163 4976 per
3187 4896 3299 4956 bas
3323 4895 3490 4973 leges
3523 4895 3742 4957 civiles

2169 4994 2258 5055 ita
2285 4993 2565 5073 obligant
2591 4991 2865 5066 clericOS,
2909 4991 3066 5051 sicut
3103 4988 3256 5050 alios
3303 4989 3465 5049 cives
3494 4988 3739 5049 ratione

2169 5086 2533 5149 obedientiae
2560 5083 2967 5164 potestatibus
2998 5080 3457 5143 sublimioribus
3483 5080 3735 5143 debitae.

2168 5182 2259 5243 Ita
2288 5182 2476 5242 sentit
2522 5181 2688 5240 Bart.
2741 5177 2851 5238 ubi
2882 5194 3091 5256 supra,
3128 5180 3191 5236 et
3227 5177 3511 5236 Panorm.
3544 5192 3737 5252 quem

2169 5275 2497 5335 imitantur
2534 5272 2797 5352 Sylvest.
2837 5275 2900 5331 et
2937 5268 3157 5347 Angel.
3182 5312 3202 5343 ,
3248 5268 3391 5328 licet
3420 5266 3736 5349 immerito

2168 5367 2405 5429 soleant
2437 5367 2503 5427 in
2552 5364 2932 5426 contrarium
2983 5360 3239 5440 allegari
3270 5376 3287 5420 ε
3320 5376 3468 5420 nam
3512 5359 3737 5419 distin-

2169 5467 2371 5541 guunt
2399 5460 2676 5542 duplices
2706 5458 2877 5537 leges
2904 5455 3114 5518 civiles
3136 5453 3500 5515 favorabiles
3528 5453 3735 5514 Eccle-

2168 5555 2274 5617 siae
2326 5573 2344 5618 ι
2380 5553 2667 5639 quaedam
2697 5552 3091 5637 disponentes
3143 5550 3211 5611 in
3254 5544 3611 5632 particulari
3652 5545 3733 5611 de
