3976 6219
766 388 900 441 GAP.
934 385 1131 440 xxvn.
1181 383 1395 440 [mimi
1426 384 1755 440 osuclmo
1784 384 1964 440 LEGIS
1996 382 2205 449 Quom
2237 382 2642 439 suavium
2672 385 2835 450 Em&
2871 385 3008 439 me.

287 489 616 570 ligionum,
644 491 713 552 in
739 491 963 572 quibus
982 491 1191 570 plures
1212 495 1357 552 sunt
1382 488 1849 551 constitutiones

288 586 572 647 cadentes
595 586 660 646 in
685 585 976 646 materias
1004 584 1080 645 de
1110 603 1173 644 se
1197 584 1563 644 sufficientes
1592 582 1669 642 ad
1694 581 1847 643 obli-

286 680 565 759 gandum
591 679 705 740 sub
743 679 1012 754 mortali,
1061 680 1113 739 si
1138 678 1413 757 rigorosa
1442 683 1746 757 praecepta
1770 678 1847 738 de

285 772 406 832 illis
445 772 933 849 imponerentur,
963 775 1035 830 111
1063 776 1232 845 sunt,
1259 768 1432 831 verbi
1453 769 1675 848 gratia,
1702 787 1847 829 con-

284 865 524 925 stitutio
570 864 860 925 audiendi
910 865 1156 925 Missam
1201 862 1495 943 quotidie,
1542 862 1642 923 vel
1686 862 1847 941 jeju·

282 959 477 1018 nandi
529 957 638 1018 tali
678 958 802 1033 die,
854 963 973 1019 etc.
1020 959 1095 1018 Et
1135 957 1538 1017 nihilominus
1584 956 1733 1035 quia
1777 957 1845 1016 in

283 1051 559 1130 ipsismet
585 1050 931 1111 declaratur
949 1067 1081 1110 non
1106 1067 1234 1110 esse
1267 1050 1674 1110 intentionem
1702 1048 1845 1108 reli·

282 1143 486 1220 gionis
525 1141 800 1220 obligare
842 1142 922 1203 ad
951 1142 1235 1217 mortale,
1266 1160 1393 1203 non
1421 1142 1512 1202 ita
1544 1140 1844 1219 obligant,

280 1234 395 1295 sub
424 1253 809 1314 quacumque
836 1235 1041 1295 forma
1080 1234 1411 1296 verborum
1439 1233 1717 1294 ferantur
1731 1249 1752 1308 3
1786 1239 1849 1293 et

279 1328 439 1389 nihil
457 1334 764 1408 repugnat
782 1327 1059 1405 obligare
1078 1326 1156 1388 ad
1175 1327 1440 1402 veniale,
1454 1327 1506 1387 si
1524 1327 1643 1387 hoc
1658 1326 1846 1387 etiam

280 1420 350 1479 in
375 1420 527 1499 ipsis
553 1419 1093 1481 constitutionibus
1137 1419 1506 1494 declaretur,
1550 1419 1707 1479 sicut
1730 1436 1844 1497 po-

280 1516 404 1571 test
414 1534 433 1585 3
485 1511 658 1571 nulla
706 1512 878 1572 enim
922 1511 1132 1573 afferri
1169 1517 1370 1592 potest
1400 1511 1838 1590 repugnantia,

281 1604 596 1683 supposita
620 1604 812 1683 priori
843 1605 1192 1682 negatione.
1236 1606 1312 1665 Et
1348 1605 1605 1665 fortasse
1632 1604 1698 1665 in
1729 1602 1842 1663 ali-

282 1696 509 1775 quibus
534 1696 934 1775 religionibus
960 1698 1049 1758 ita
1070 1697 1326 1776 obligat,
1347 1703 1420 1758 ut
1446 1697 1633 1759 sentit
1662 1696 1841 1757 divus

280 1789 550 1851 Thomas
577 1792 639 1850 2.
675 1791 739 1864 2,
783 1794 997 1869 quoest.
1042 1792 1181 1866 186,
1214 1796 1329 1851 art.
1371 1792 1434 1866 9,
1463 1789 1543 1850 ad
1575 1793 1633 1849 1.
1664 1789 1840 1850 Addo

279 1882 470 1959 quod,
518 1882 626 1942 ubi
672 1887 894 1943 neutro
939 1883 1122 1943 modo
1164 1883 1462 1961 obligant,
1507 1888 1841 1961 utrumque

279 1974 649 2050 exprimitur
673 1975 742 2042 in
769 1975 915 2054 ipsis
938 1975 1499 2050 constitutionibus,
1527 1980 1597 2035 ut
1626 1976 1703 2035 de
1730 1993 1842 2035 sua

274 2064 574 2143 religione
602 2067 815 2127 retulit
845 2069 915 2127 D.
947 2068 1215 2145 Thomas
1255 2069 1442 2129 citato
1467 2067 1627 2143 loco,
1672 2073 1735 2128 et
1772 2068 1840 2127 in

277 2162 501 2217 nostrae
528 2158 835 2219 societatis
870 2160 1409 2220 constitutionibus
1444 2159 1612 2221 idem
1650 2160 1842 2222 habe-

274 2254 394 2310 tur.
412 2251 479 2309 In
503 2250 619 2310 1100
641 2257 849 2311 01110111
874 2252 1007 2330 ipso
1036 2252 1221 2312 modo
1242 2252 1676 2314 declarationis
1696 2254 1841 2314 satis

276 2341 657 2420 significatur
682 2345 950 2423 potuisse
970 2344 1122 2404 tales
1141 2344 1606 2406 constitutiones
1626 2346 1693 2405 in
1716 2347 1840 2407 illis

280 2435 514 2496 eisdem
553 2436 793 2514 legibus
833 2436 1109 2515 obligare
1149 2437 1263 2498 sub
1313 2438 1564 2512 veniali,
1609 2444 1671 2500 et
1712 2457 1839 2500 non

278 2528 394 2588 sub
420 2528 702 2590 mortali:
741 2529 879 2590 ideo
907 2530 1076 2590 enim
1098 2535 1429 2609 utrumque
1469 2532 1841 2610 exprimitur

277 2638 380 2696 ne,
413 2622 542 2682 solo
576 2621 823 2682 mortali
850 2621 1124 2698 excluso,
1156 2630 1522 2684 censeantur
1562 2622 1838 2702 obligare

272 2716 388 2777 sub
416 2716 667 2778 veniali.
698 2717 895 2796 Atque
920 2716 1067 2777 hinc
1097 2718 1362 2778 sumitur
1392 2724 1835 2797 argumentum

272 2807 441 2869 aliud
461 2828 538 2870 ex
562 2809 701 2887 lege
721 2827 875 2888 pure
896 2809 1149 2888 poenali,
1163 2827 1285 2888 quo
1302 2812 1829 2873 utunturNavarr.

272 2905 335 2960 et
358 2901 501 2960 alii:
544 2918 694 2961 nam
734 2901 834 2961 lex
867 2919 945 2961 ex
971 2901 1315 2962 intentione
1342 2902 1705 2980 legislatoris
1725 2922 1836 2983 po-

269 2997 390 3052 test
429 3010 558 3053 non
594 2991 869 3070 obligare
906 2993 982 3052 ad
1020 2993 1289 3072 culpam,
1328 2994 1433 3054 sed
1468 3001 1714 3058 tantum
1757 2996 1835 3058 ad

269 3103 545 3165 poenam,
572 3085 757 3147 etiam
787 3086 853 3145 in
882 3086 1142 3148 materia
1177 3087 1254 3148 de
1282 3105 1346 3148 se
1378 3089 1553 3166 gravi
1579 3095 1642 3150 et
1669 3090 1837 3151 suffi-

271 3178 474 3239 ciente
501 3177 582 3238 ad
610 3178 1051 3257 obligationem
1079 3179 1193 3239 sub
1222 3179 1494 3254 mortali,
1518 3185 1590 3240 ut
1620 3198 1697 3242 ex
1719 3183 1836 3242 eis-

270 3269 414 3330 dem
435 3270 973 3331 constitutionibus
993 3271 1465 3350 praedicatorum
1492 3279 1753 3348 constat,
1770 3280 1834 3334 et

269 3361 337 3422 in
365 3362 761 3441 sequentibus
791 3364 1163 3441 generaliter
1188 3364 1610 3443 disputabitur
1635 3382 1656 3443 3
1685 3383 1834 3444 ergo

268 3473 380 3535 per
402 3455 686 3515 eamdem
725 3456 1134 3518 intentionem
1171 3456 1536 3536 legislatoris
1563 3459 1699 3520 fieri
1727 3478 1834 3539 po-

267 3548 414 3609 terit
435 3554 506 3608 ut
525 3548 623 3608 lex
643 3547 879 3627 obliget
904 3550 1020 3610 sub
1036 3551 1288 3626 veniali,
1310 3553 1551 3613 etiamsi
1573 3553 1834 3614 materia

268 3659 461 3721 capax
509 3646 665 3702 esset
709 3642 960 3721 majoris
995 3642 1405 3722 obligationis.
1454 3646 1833 3726 Responderi

267 3739 468 3814 potest
493 3733 696 3812 legem
731 3734 1039 3814 poenalem
1076 3738 1329 3798 tandem
1366 3737 1590 3800 resolvi
1613 3740 1680 3800 in
1720 3739 1832 3800 ali-

268 3844 458 3906 quam
486 3826 925 3906 obligationem
948 3829 1353 3893 conscientiae.
1403 3832 1518 3893 Sed
1564 3837 1778 3892 contra
1810 3846 1826 3891 ε

267 3937 416 3980 110111
448 3925 577 3980 esto
613 3919 733 3980 hoc
761 3938 977 3981 verum
1008 3922 1108 3996 sit,
1144 3928 1343 4001 potest
1368 3923 1590 3985 resolvi
1626 3926 1694 3985 in
1735 3943 1832 3985 so-

267 4012 395 4074 lam
423 4013 867 4092 obligationem
889 4016 1003 4076 sub
1020 4016 1273 4092 veniali,
1298 4023 1369 4078 ut
1393 4019 1444 4079 si
1464 4036 1650 4098 poena
1673 4026 1831 4081 oeset

265 4106 441 4181 levis,
472 4124 663 4186 quam
697 4107 982 4169 omittere
1010 4126 1138 4170 non
1162 4115 1318 4171 esset
1349 4112 1649 4173 mortale:
1684 4118 1832 4173 tunc

265 4201 435 4261 enim
465 4202 640 4280 quasi
677 4202 944 4263 mediate
980 4220 1079 4263 res
1109 4204 1316 4278 gravis
1337 4205 1690 4285 praecipitur
1717 4205 1831 4266 sub

265 4292 447 4372 culpa
470 4292 699 4354 veniali
740 4294 1134 4369 incurrenda‚
1177 4295 1299 4356 nisi
1334 4296 1476 4358 talis
1502 4315 1687 4377 poena
1716 4299 1833 4358 im-

264 4384 536 4464 pleatur3
572 4404 723 4465 ergo
749 4387 939 4448 etiam
979 4387 1337 4451 immediate
1372 4397 1436 4452 et
1472 4391 1832 4471 simpliciter

264 4484 470 4556 posset
492 4479 579 4538 sic
609 4479 882 4559 praecipi.

348 4573 447 4631 13.
495 4571 768 4634 Materia
807 4589 1000 4651 capam
1041 4574 1425 4653 obliyationis
1455 4577 1714 4655 majoris
1742 4582 1830 4639 ost

263 4662 450 4727 etiam
471 4664 753 4726 minoris.
778 4696 861 4709 —
886 4663 939 4724 A
983 4664 1176 4744 priori
1217 4683 1363 4727 vero
1406 4668 1661 4748 probari
1707 4668 1827 4730 hoc

261 4761 467 4835 potest
510 4756 733 4834 primo,
764 4756 914 4836 quia
954 4756 1096 4818 talis
1135 4757 1237 4819 lex
1280 4776 1407 4819 non
1436 4767 1529 4822 est
1571 4762 1825 4839 injusta,

261 4864 472 4926 neque
498 4847 716 4909 illicita
738 4867 815 4910 ex
840 4855 1017 4929 parte
1035 4852 1313 4913 materiae
1336 4869 1352 4913 z
1379 4870 1528 4913 nam
1550 4855 1830 4935 praecipit

260 4956 398 5002 rem
425 4940 773 5017 honestam,
817 4960 1021 5021 neque
1061 4944 1301 5029 excedit
1333 4951 1697 5025 potestatem
1741 4948 1830 5010 fe-

259 5031 456 5092 rentis
482 5031 710 5110 legem,
733 5034 839 5095 sed
868 5034 1073 5113 potius
1092 5041 1183 5095 est
1203 5038 1379 5115 quasi
1400 5038 1827 5119 inadaequatus

263 5129 437 5184 actus
466 5126 640 5204 ejus3
673 5143 780 5187 cur
818 5143 968 5206 ergo
1008 5128 1127 5189 erit
1152 5128 1367 5189 nulla?
1403 5130 1578 5192 Unde
1604 5150 1827 5210 parum

258 5216 450 5277 refert
484 5218 651 5297 quod
698 5219 779 5279 sit
823 5218 1175 5295 indiscreta,
1221 5221 1367 5300 quia
1406 5222 1828 5301 imprudentia

260 5309 331 5369 in
370 5309 507 5387 lege
547 5310 804 5372 ferenda
847 5329 975 5374 non
1018 5312 1168 5373 facit
1210 5313 1380 5374 illam
1412 5314 1673 5392 nullam,
1705 5317 1826 5377 nisi

260 5400 481 5462 reddat
498 5402 670 5464 illam
689 5410 957 5484 turpem,
974 5404 1391 5484 inhonestam,
1404 5413 1514 5468 aut
1532 5407 1825 5487 injustam

261 5493 428 5555 ultra
453 5500 817 5574 potestatem
844 5497 1100 5560 ferentis
1131 5498 1326 5562 illam.
1364 5502 1488 5564 Nec
1524 5501 1713 5565 etiam
1734 5507 1826 5565 est

3370 378 3483 443 281

1929 506 2041 549 cur
2066 488 2206 550 talis
2217 489 2318 551 lex
2339 494 2661 569 reputetur
2679 487 3097 569 impossibilis,
3118 486 3265 568 quia
3282 487 3334 548 si
3357 506 3489 549 ma·

1927 583 2084 644 teria
2110 589 2204 644 est
2232 602 2422 663 capax
2466 582 2859 662 obligationis
2900 583 3170 662 majoriS,
3211 600 3321 642 cur
3358 600 3488 642 non

1926 676 2046 736 erit
2073 676 2365 736 minoris?
2383 676 2891 754 Quandoquidem
2919 682 3179 754 utraque
3201 679 3294 734 est
3313 675 3488 754 quasi

1926 769 2307 830 extrinsecus
2348 770 2685 830 adveniens
2727 770 2817 829 illi
2843 787 2954 848 per
2981 769 3240 829 liberam
3269 767 3488 828 volun-

1925 867 2118 923 tatem
2145 862 2529 940 imperantiS,
2556 862 2712 923 sicut
2731 863 2798 922 in
2827 862 3126 937 censuris,
3148 860 3320 921 verbi
3350 878 3489 939 gra-

1923 954 2034 1015 tia.
2062 956 2228 1015 Licet
2255 973 2366 1034 pro
2395 956 2787 1016 contumacia
2814 955 2880 1015 in
2900 955 3066 1015 furto
3095 955 3272 1033 gravi
3295 954 3489 1032 possit

1922 1046 2375 1109 rationabiliter
2405 1048 2643 1127 imponi
2679 1047 3230 1110 excommunicatio
3262 1047 3485 1126 major,

1926 1139 2356 1215 nihilominuS,
2400 1141 2453 1200 si
2485 1140 2720 1201 feratur
2751 1139 3302 1202 excommunicatio
3343 1156 3486 1199 cum

1926 1232 2273 1295 intentione
2306 1251 2432 1293 non
2464 1234 2772 1295 inferendi
2798 1234 3122 1312 majorem,
3162 1250 3290 1292 non
3330 1231 3484 1292 infe-

1880 1337 1896 1349 ·
1925 1329 2098 1385 retur
2141 1325 2340 1403 major
2354 1341 2375 1401 3
2420 1325 2718 1387 inferetur
2762 1331 2971 1386 autem
3009 1325 3217 1385 minor
3250 1324 3302 1383 si
3329 1340 3486 1402 prae-

1923 1415 2086 1477 latus
2112 1435 2252 1477 eam
2277 1417 2581 1494 intendat,
2615 1418 2859 1480 etiamsi
2898 1417 3059 1479 forte
3096 1416 3486 1496 negligenter

1923 1514 1987 1570 et
2012 1510 2440 1589 imprudenter
2464 1510 2652 1571 faciat
2686 1527 2813 1571 non
2844 1510 3100 1572 ferendo
3133 1510 3434 1588 majorem
3463 1527 3480 1583 ;

1922 1603 2010 1664 ita
2039 1620 2188 1682 ergo
2215 1604 2282 1664 in
2323 1605 2633 1685 proposito
2660 1611 3039 1683 praeceptum
3062 1603 3238 1682 quasi
3265 1602 3486 1681 recipit

1922 1697 2126 1774 majus
2160 1709 2223 1756 et
2250 1697 2458 1758 minus
2504 1715 2581 1758 ex
2605 1702 2782 1776 parte
2808 1695 3144 1758 voluntatis
3171 1694 3484 1773 legislato-

1922 1790 2009 1849 ris
2043 1789 2306 1851 volentis
2333 1790 2605 1868 graviter
2630 1794 2740 1850 aut
2763 1788 2983 1851 leviter
3009 1788 3301 1867 obligare.
3335 1788 3483 1861 Quae

1920 1882 2045 1944 dici
2091 1883 2279 1944 etiam
2319 1890 2575 1963 possunt
2605 1889 2982 1963 praeceptum
3022 1881 3383 1962 simpliciter
3420 1886 3485 1941 et

1920 1976 2258 2037 secundum
2296 1976 2468 2055 quid,
2502 1976 2658 2036 sicut
2685 1977 2756 2038 D.
2785 1976 3053 2037 Thomas
3083 1975 3243 2035 dixit
3268 1992 3483 2054 pecca-

1920 2074 2059 2129 tum
2081 2069 2321 2130 veniale
2349 2087 2475 2129 non
2518 2086 2648 2129 esse
2675 2074 2890 2129 contra
2924 2074 3299 2148 praeceptum
3335 2067 3483 2127 sim-

1919 2160 2188 2241 pliciter,
2238 2161 2342 2222 sed
2386 2161 2729 2222 secundum
2769 2161 2944 2240 quid,
2986 2167 3048 2222 et
3086 2159 3294 2221 innuit
3322 2177 3483 2238 saepe

1920 2253 2194 2333 Cajetan.
2226 2256 2287 2314 2.
2325 2257 2388 2330 2,
2415 2259 2631 2333 quoest.
2668 2256 2807 2328 104,
2837 2259 2956 2313 011.
2988 2255 3051 2328 2,
3082 2257 3295 2332 quaest.
3341 2253 3480 2326 186,

1919 2351 2035 2407 art.
2069 2349 2132 2421 9,
2164 2353 2210 2407 1.
2250 2351 2278 2408 1
2313 2348 2560 2427 Opusc.,
2592 2352 2768 2408 tract.
2796 2348 2899 2422 25,
2929 2351 3144 2426 quaest.
3173 2348 3232 2405 1.
3263 2345 3362 2406 Sic
3386 2363 3485 2406 er-

1918 2456 2023 2518 go,
2068 2439 2212 2500 licet
2239 2439 2501 2500 materia
2536 2439 2616 2499 sit
2644 2457 2838 2519 capax
2873 2438 3163 2519 praecepti
3190 2437 3483 2517 simplici-

1918 2545 2035 2606 ter,
2085 2537 2284 2611 potest
2328 2529 2645 2610 legislator
2686 2549 2797 2611 pro
2843 2549 2954 2592 sua
2993 2531 3276 2592 libertate
3324 2529 3483 2592 velle

1919 2622 2243 2702 imponere
2264 2628 2644 2702 praeceptum
2684 2625 3025 2685 secundum
3048 2624 3222 2703 quid,
3266 2629 3327 2685 et
3353 2641 3481 2684 non

1915 2715 2318 2796 simpliciter3
2346 2722 2411 2777 et
2452 2715 2611 2775 sicut
2650 2716 2758 2776 illa
2803 2717 3089 2778 voluntas
3128 2715 3344 2777 efficax
3388 2723 3481 2777 est

1913 2809 2116 2887 quoad
2126 2807 2437 2887 obJectum
2457 2809 2838 2887 negativum,
2855 2809 3014 2870 sicut
3027 2818 3119 2870 est
3137 2814 3475 2884 ostensum,

1913 2901 2002 2962 ita
2042 2901 2231 2961 etiam
2272 2901 2476 2980 quoad
2511 2901 2977 2976 affirmativum,
3008 2900 3157 2980 quia
3188 2901 3361 2962 nulla
3388 2907 3479 2962 est

1914 2994 2351 3072 repugnantia,
2381 3012 2496 3054 1100
2517 2995 2785 3055 rationes
2811 2994 3034 3074 prioris
3060 2995 3381 3054 sententiaa
3405 2993 3478 3053 il-

1916 3085 2043 3147 lam
2074 3086 2426 3162 ostendunt,
2455 3092 2527 3148 ut
2544 3104 2623 3148 ex
2645 3087 2823 3148 dictis
2841 3091 3028 3166 patet.
3054 3087 3131 3147 Et
3153 3085 3479 3148 confirma·

1914 3185 2048 3241 tur:
2072 3198 2218 3240 nam
2243 3197 2353 3258 per
2380 3197 2509 3241 sese
2535 3179 2778 3240 videtur
2804 3181 2951 3240 satis
2974 3178 3264 3240 credibile
3286 3180 3472 3258 quod,

1913 3272 2073 3332 sicut
2099 3272 2370 3333 Ecclesia
2396 3273 2677 3352 praecipit
2711 3273 3044 3352 jejunium,
3089 3272 3189 3333 vel
3225 3274 3474 3334 Missam

1914 3364 2031 3425 sub
2070 3364 2340 3441 mortali,
2383 3366 2584 3444 potuit
2611 3366 2800 3426 etiam
2830 3367 3160 3446 praecipere
3197 3366 3313 3427 sub
3349 3367 3477 3427 solo

1914 3456 2168 3533 veniali,
2191 3459 2244 3518 si
2270 3458 2562 3537 expedire
2581 3457 2911 3537 judicaret.
2940 3458 3096 3533 Quia
3108 3460 3393 3539 Jejunare
3416 3464 3479 3520 et

1913 3550 2130 3613 audire
2153 3552 2398 3614 Missam
2426 3552 2503 3613 de
2525 3570 2589 3613 se
2612 3557 2701 3613 est
2722 3570 2879 3632 opus
2894 3552 3225 3615 honestum
3254 3559 3315 3615 et
3337 3572 3477 3632 gra-

1911 3663 2012 3721 ve,
2040 3650 2102 3706 et
2128 3645 2536 3706 nihilominus
2568 3664 2695 3706 non
2719 3650 2812 3707 est
2837 3647 2952 3707 sub
2992 3647 3350 3709 necessitate
3381 3666 3477 3708 sa-

1912 3736 2060 3798 lutis
2103 3744 2246 3800 ante
2291 3744 2690 3819 praeceptum,
2744 3739 2852 3800 sed
2902 3739 3188 3801 voluntas
3237 3740 3475 3821 praelati

1911 3831 2176 3911 imponit
2196 3833 2652 3907 necessitatem3
2676 3849 2824 3911 ergo
2850 3839 3053 3913 potest
3071 3852 3200 3895 non
3223 3852 3475 3896 omnem

1911 3925 2335 3986 necessitatem
2364 3926 2708 4005 imponere,
2747 3925 2920 4004 cujus
2951 3944 3108 4007 opus
3134 3933 3228 3988 est
3253 3947 3469 4008 capax,

1911 4019 2020 4079 sed
2059 4018 2390 4094 minorem,
2415 4018 2506 4079 ita
2531 4022 2603 4077 111
2634 4035 2763 4079 11011
2799 4018 3163 4097 simpliciter
3188 4020 3269 4081 ad
3302 4021 3474 4082 salu-

1912 4115 2063 4185 tem,
2094 4110 2198 4171 sed
2229 4110 2307 4170 ad
2339 4110 2678 4170 cavendam
2698 4127 2949 4171 omnem
2984 4111 3253 4192 culpam,
3285 4115 3472 4175 etiam

1912 4202 2138 4274 levem,
2172 4203 2251 4262 sit
2292 4202 2730 4278 necessarium,
2775 4201 2903 4263 sive
2947 4205 3233 4282 ponendo
3272 4206 3472 4267 solum

1912 4300 2283 4373 praeceptum
2313 4293 2679 4355 obedientiae
2702 4295 2770 4356 in
2800 4313 2873 4357 eo
2907 4297 3128 4375 gradu,
3152 4298 3281 4361 sive
3309 4299 3474 4361 intra

1909 4388 2303 4450 latitudinem
2355 4389 2674 4468 religionis
2733 4390 2832 4452 vel
2901 4393 3328 4472 temperantias
3379 4394 3471 4454 fa·

1912 4483 2130 4544 ciendo
2171 4484 2358 4545 talem
2402 4483 3006 4562 determinationem,
3042 4486 3171 4547 sive
3213 4488 3472 4549 circum-

1910 4577 2203 4639 stantiam
2239 4578 2532 4657 temporis
2564 4577 2679 4637 sub
2705 4577 2827 4639 levi
2855 4578 3231 4659 obligatione
3273 4582 3474 4662 impo-

1908 4670 2140 4745 nendo,
2172 4670 2400 4731 utendo
2437 4670 2545 4731 illo
2588 4670 2794 4732 medio
2829 4672 2909 4732 ad
2952 4671 3144 4734 finem
3169 4673 3312 4734 talis
3339 4674 3471 4734 vir-

1909 4763 2085 4838 tutis,
2120 4781 2248 4823 non
2288 4768 2359 4823 ut
2382 4763 2562 4841 gravi
2603 4782 2676 4825 00
2705 4766 3071 4841 necessario,
3117 4766 3223 4827 sed
3251 4771 3322 4825 nt
3349 4765 3471 4826 levi

1908 4854 2309 4935 dispositione
2345 4854 2424 4915 ad
2451 4855 2736 4934 graviora
2758 4863 3083 4936 praecepta,
3110 4858 3294 4936 juxta
3327 4856 3471 4917 doc·

1906 4947 2139 5008 trinam
2181 4946 2309 5009 divi
2344 4948 2624 5025 Thomae,
2670 4948 2836 5009 dicta
2853 4954 3070 5030 quaest.
3104 4951 3244 5026 108,
3275 4955 3393 5011 011.
3432 4952 3468 5010 7

1908 5045 1971 5101 01
1997 5042 2057 5102 9.

1988 5134 2088 5192 14.
2110 5131 2336 5192 Addidi
2358 5131 2610 5194 tandem
2634 5133 2824 5195 talem
2847 5132 3232 5195 voluntatem
3250 5133 3468 5196 talem-

1907 5241 2027 5303 que
2075 5224 2471 5303 praecipiendi
2522 5226 2811 5301 modum,
2870 5243 2997 5286 non
3044 5243 3284 5307 semper
3340 5246 3469 5289 esse

1905 5314 2420 5393 irrationabilem,
2451 5322 2562 5376 aut
2588 5316 2817 5379 habere
2842 5318 3142 5380 malitiam
3168 5321 3462 5402 aliquam.

1905 5407 1972 5469 Id
2011 5410 2180 5469 enim
2221 5409 2411 5470 etiam
2455 5412 2782 5491 persuadet
2819 5414 3193 5476 consuetudo
3220 5415 3467 5494 religio-

1904 5519 2084 5580 num,
2108 5507 2172 5563 et
2195 5502 2376 5581 ratio,
2407 5504 2554 5587 quia
2598 5504 2666 5567 in
2703 5505 2815 5569 tali
2857 5507 3043 5571 modo
3067 5507 3459 5591 praecipiendi
