3976 6219
512 386 632 447 320

511 490 821 571 Tiraquel.
841 492 1113 553 referens
1131 490 1284 553 alios
1302 489 1441 553 loco
1464 479 1648 571 supra
1669 492 1947 568 citat0,n.
1968 492 2070 553 38.

512 585 692 647 Ratio
725 590 836 660 est,
868 585 1015 664 quia
1042 584 1189 645 talia
1224 589 1452 646 statuta
1481 583 1609 646 lata
1640 585 1889 646 suntab
1916 584 2076 646 infe-

508 677 661 737 riori
681 683 981 757 potestate
1008 683 1070 739 et
1095 677 1539 756 jurisdictione,
1558 687 1620 739 et
1647 678 1785 740 ideo
1817 697 1944 739 non
1966 678 2077 738 ha-

513 768 665 830 bent
705 769 832 830 vim
874 769 1192 849 obligandi
1240 788 1385 831 eum
1432 772 1540 851 qui
1579 771 1648 831 in
1687 771 1903 832 eodem
1936 771 2074 832 loco

514 861 704 924 habet
728 865 1106 943 superiorem
1128 863 1644 942 jurisdictionem.
1677 865 1809 939 Qua
1834 864 2076 926 ratione

518 954 732 1016 dicunt
763 957 952 1017 etiam
981 957 1392 1017 communiter
1426 958 1758 1018 canonistas
1798 957 2076 1037 legatum

512 1048 847 1126 PontificiS,
884 1049 1035 1110 dum
1064 1055 1156 1111 est
1185 1050 1253 1109 in
1289 1049 1498 1129 aliquo
1545 1050 1922 1131 episcopatu,
1946 1068 2076 1111 non

510 1141 773 1221 obligari
790 1142 1201 1221 peculiaribus
1214 1142 1453 1221 legibus
1471 1143 1638 1204 illius
1668 1144 2071 1223 episcopatus,

515 1235 643 1295 Imo
673 1235 845 1295 addit
872 1233 1185 1314 Tiraquel.
1217 1253 1403 1314 supra
1430 1253 1573 1297 cum
1591 1235 1749 1311 aliis,
1780 1235 1924 1296 licet
1950 1234 2075 1297 tale

464 1345 467 1348 ’
511 1320 814 1387 statu'tum
852 1327 1220 1407 particulare
1257 1328 1667 1407 approbatum
1702 1328 1779 1389 sit
1804 1327 1884 1388 ab
1912 1327 2075 1407 ipso-

510 1424 642 1480 met
660 1419 955 1506 principe,
981 1420 1386 1481 nihilominus
1409 1440 1537 1482 non
1555 1421 1830 1501 obligare
1855 1420 2071 1496 illum3

511 1518 574 1574 et
599 1514 758 1575 ratio
795 1513 972 1575 reddi
998 1519 1221 1594 potest,
1254 1514 1402 1592 quia
1426 1533 1555 1575 non
1583 1514 1884 1596 approbat
1916 1513 2074 1574 illud

510 1624 622 1685 pro
656 1613 787 1668 tota
811 1625 923 1668 sua
955 1605 1289 1686 republica,
1329 1607 1435 1668 sed
1462 1613 1713 1668 tantum
1734 1625 1845 1687 pro
1874 1607 2076 1668 deter-

510 1699 749 1760 minato
796 1699 953 1775 loce,
1006 1707 1067 1761 et
1100 1701 1240 1762 ideo
1279 1699 1451 1760 nulla
1493 1700 1654 1761 ratio
1685 1700 1849 1778 cogit
1888 1705 2074 1779 caput

509 1791 697 1851 totius
722 1791 1075 1871 reipublicae
1097 1798 1170 1853 ut
1197 1793 1289 1854 1111
1309 1792 1626 1854 subdatur.
1646 1793 1775 1853 Hoc
1789 1810 1936 1854 vero
1955 1809 2072 1871 ego

508 1882 771 1945 libente‘r
795 1885 1155 1962 limitarem,
1187 1886 1307 1947 nisi
1332 1885 1472 1947 talis
1501 1886 1671 1947 locus
1703 1891 1862 1947 esset
1894 1886 2074 1965 quasi

509 1978 759 2056 propria
781 1978 1081 2040 habitatio
1099 1979 1289 2059 ipsius
1306 1980 1623 2058 principiS,
1641 1986 1712 2040 ut
1737 1984 1827 2040 est
1848 1979 2068 2053 Roma,

508 2070 682 2131 verbi
716 2072 939 2150 gratia,
982 2078 1262 2152 respectu
1306 2071 1641 2148 pontificis,
1686 2072 1784 2133 vel
1823 2071 2075 2151 propria

509 2164 684 2225 curia
709 2170 985 2244 respectu
1018 2168 1182 2246 regis
1208 2183 1223 2227 z
1255 2186 1402 2228 nam
1427 2185 1564 2246 quae
1591 2166 1678 2227 ibi
1706 2166 2077 2244 generaliter

510 2257 813 2318 servanda
852 2264 1210 2320 statuuntur
1236 2278 1347 2339 per
1366 2277 1721 2340 supremam
1744 2259 2076 2319 auctorita-

512 2354 640 2410 tem
668 2350 985 2429 ipsiusmet
1022 2353 1342 2432 principis,
1383 2371 1529 2414 eum
1565 2353 1755 2413 etiam
1797 2350 2073 2430 obligare

511 2442 826 2519 videntur,
855 2443 1004 2524 quia
1031 2446 1281 2524 speciali
1320 2447 1563 2507 ratione
1606 2463 1670 2505 se
1711 2443 1897 2505 habet
1934 2449 2073 2504 tan-

506 2552 695 2613 quam
722 2536 896 2612 civis,
927 2545 989 2597 et
1011 2537 1364 2599 membrum
1385 2539 1550 2599 illius
1571 2537 1711 2599 loci.

590 2631 689 2690 15.
712 2631 924 2709 Leyem
946 2649 1064 2692 non
1090 2632 1356 2711 obliyare
1378 2634 1710 2712 prinoipem
1732 2632 1929 2711 quoad
1945 2629 2073 2693 vim

507 2723 855 2796 coactivam,
881 2723 1173 2803 siquidem
1200 2742 1317 2785 non
1335 2725 1549 2787 habeat
1574 2726 1962 2803 superiorem.
1988 2756 2071 2769 —

509 2812 683 2874 Circa
711 2814 1051 2874 secundum
1083 2821 1402 2893 punctum,
1421 2816 1497 2877 de
1520 2816 1582 2877 vi
1612 2816 1884 2877 coactiva
1913 2815 2068 2894 legis

508 2905 879 2982 communis,
927 2907 1218 2967 resolutio
1252 2913 1341 2968 est
1383 2908 1585 2987 legem
1621 2927 1749 2969 non
1795 2908 2068 2987 obligare

508 2997 856 3078 principem
884 3000 1088 3079 quoad
1110 3001 1239 3062 vim
1266 3003 1625 3062 coactivam.
1653 3003 1744 3062 Ita
1770 3002 1947 3061 docet
1972 3000 2067 3061 di-

506 3108 621 3151 vus
650 3090 940 3168 Thomas,
963 3092 1125 3155 dicta
1152 3095 1456 3157 solutione
1489 3095 1568 3157 ad
1598 3096 1658 3171 3,
1681 3100 1742 3157 et
1768 3095 1856 3156 ita
1884 3112 2069 3175 expo-

509 3185 604 3245 nit
632 3185 834 3265 legem
859 3188 1153 3269 Princeps
1170 3208 1355 3269 supra
1377 3191 1652 3266 citatam,
1677 3195 1739 3251 et
1767 3189 1917 3250 alias
1932 3204 2070 3269 quae

505 3278 723 3340 dicunt
751 3281 1093 3360 principem
1121 3301 1247 3343 non
1291 3283 1473 3362 ligari
1513 3282 1778 3361 legibuS,
1818 3282 2070 3355 scilicet,

502 3372 707 3451 quoad
753 3374 884 3434 vim
932 3375 1268 3436 coactivam
1290 3392 1311 3452 ;
1349 3394 1539 3455 quam
1589 3376 1959 3436 sententiam
2009 3381 2071 3436 et

504 3465 1077 3543 interpretationem
1131 3467 1238 3527 alii
1286 3472 1647 3545 sequuntur.
1698 3467 1877 3527 Ratio
1921 3484 2069 3528 vero

503 3561 616 3631 est,
632 3556 782 3635 quia
809 3558 1039 3619 coactio
1069 3576 1141 3618 ex
1173 3558 1508 3620 intrinseca
1533 3559 1774 3619 ratione
1795 3577 1905 3620 sua
1931 3578 2069 3639 pos-

504 3648 662 3708 tulat
689 3653 760 3707 ut
791 3649 869 3709 ab
898 3650 1236 3712 extrinseco
1265 3651 1611 3730 proveniat,
1633 3657 1704 3711 ut
1729 3656 1967 3712 constat
1991 3670 2068 3712 ex

502 3740 891 3819 philosophia
901 3763 919 3816 3
970 3760 1117 3821 ergo
1151 3744 1435 3824 princeps
1468 3762 1595 3804 non
1623 3749 1822 3823 potest
1849 3763 2067 3823 cogere

503 3833 771 3910 seipsum
807 3851 919 3912 per
946 3852 1121 3895 suam
1148 3834 1372 3915 legem.
1416 3838 1539 3897 Nec
1569 3837 1757 3897 etiam
1787 3838 1923 3916 cogi
1959 3855 2069 3918 po-

501 3930 619 3986 test
643 3944 682 3986 a
713 3925 994 4003 subditis,
1023 3930 1168 4034 quia
1195 3929 1402 3990 nullus
1429 3929 1686 3991 inferior
1713 3935 1912 4011 potest
1933 3931 2064 3992 vio-

499 4017 697 4079 lentas
718 4036 938 4080 manus
961 4020 1212 4099 injicere
1231 4022 1296 4081 in
1315 4022 1714 4128 superiorem,
1737 4041 1852 4084 nec
1873 4024 2063 4085 etiam

504 4117 706 4191 potest
734 4112 873 4191 cogi
907 4112 986 4173 ab
1014 4113 1261 4194 aequali,
1302 4116 1448 4195 quia
1479 4134 1609 4178 non
1640 4116 1866 4178 habet
1850 4136 1919 4178 1n
1951 4116 2062 4177 illo

495 4203 1016 4312 jurisdictionem,
1052 4226 1164 4269 nec
1190 4207 1456 4289 denique
1483 4229 1521 4270 a
1548 4211 1883 4290 superiore,
1913 4209 2064 4290 quia

497 4300 743 4375 agimus
783 4298 860 4360 de
887 4299 1189 4380 principe,
1228 4303 1338 4381 qui
1376 4303 1758 4382 superiorem
1793 4321 1920 4363 non
1948 4303 2061 4365 ha·-

498 4388 643 4451 bet·
624 4435 645 4467 ,
696 4409 865 4471 ergo.
917 4392 1333 4455 Confirmatur
1379 4394 1512 4457 haec
1555 4395 1737 4470 ratic,
1781 4395 1930 4475 quia
1968 4395 2064 4456 vis

499 4484 774 4544 coactiva
819 4486 1087 4564 pertinet
1133 4487 1213 4547 ad
1253 4506 1451 4568 poenoe
1492 4487 1953 4567 impositionem
2001 4493 2066 4549 et

497 4575 934 4656 inflictionem3
957 4597 1144 4658 poena
1169 4587 1380 4642 autem
1399 4599 1511 4660 per
1531 4599 1618 4656 se,
1636 4587 1699 4642 et
1725 4598 1801 4641 ex
1820 4581 2062 4642 ratione

496 4687 610 4730 sua
635 4670 836 4732 fertur
860 4671 928 4733 in
958 4672 1249 4750 invitum,
1280 4680 1343 4736 et
1366 4675 1506 4736 ideo
1527 4674 1679 4735 ferri
1706 4692 1833 4735 non
1862 4680 2062 4754 potest

494 4762 617 4823 nisi
636 4762 993 4827 abhabente
1007 4766 1383 4845 superiorem
1396 4773 1760 4847 potestatem
1783 4767 1851 4827 in
1865 4767 2060 4828 alium

492 4859 794 4934 tanquam
833 4856 952 4917 sibi
985 4858 1340 4937 subditum3
1389 4878 1537 4939 ergo
1561 4879 1689 4921 non
1716 4864 1916 4940 potest
1940 4859 2059 4920 im-

498 4948 649 5027 poni
673 4966 712 5009 a
739 4948 1087 5029 legislatore
1113 4958 1392 5031 respectu
1420 4954 1516 5013 sui
1544 4953 1758 5034 ipsiuS,
1790 4952 1896 5014 sed
1923 4957 2061 5013 tan-

493 5045 628 5101 tum
654 5050 932 5123 respectu
953 5044 1358 5108 subditorum.

1518 391 1635 445 Lm.
1670 391 1755 445 111.
1790 390 1872 445 DE
1903 389 2066 443 LEGE
2096 386 2358 441 nuum
2387 388 2469 441 ΕΤ
2500 387 2709 442 clvlm.

2154 489 2415 550 noxium
2438 506 2637 569 poenas
2662 533 2683 563 ,
2724 493 3029 566 quantum
3053 493 3144 549 est
3163 505 3242 550 ex
3266 488 3330 550 vi
3351 487 3509 569 legis
3534 507 3550 551 ε
3592 489 3739 552 haec

2155 589 2364 644 autem
2394 583 2518 643 duo
2545 581 2725 642 valde
2748 579 2990 642 diversa
3015 587 3158 642 sunt
3180 627 3201 657 ,
3230 588 3302 642 ut
3327 600 3437 663 per
3468 602 3536 645 se
3576 602 3742 645 con-

2155 683 2316 753 stat3
2365 693 2513 737 nam
2553 692 2751 735 unum
2778 674 3049 754 pertinet
3087 674 3167 734 ad
3196 675 3316 750 ina,
3345 676 3619 738 alterum
3650 677 3738 738 ad

2155 771 2421 847 factum;
2450 774 2523 830 ut
2544 773 2758 830 autem
2788 767 2890 829 lex
2919 785 3064 828 vere
3099 767 3333 847 obliget
3360 772 3568 849 quoad
3593 770 3738 830 vim

2154 864 2512 939 coactivam,
2555 860 2702 923 satis
2729 865 2821 921 est
2861 859 3050 940 quod,
3082 866 3387 940 quantum
3408 869 3501 924 est
3527 881 3612 924 ex
3635 880 3733 940 se,

2153 956 2372 1018 reddat
2400 961 2927 1033 transgressorem
2955 953 3295 1015 obnoxium
3323 973 3448 1017 suas
3474 974 3688 1036 poenae
3709 1001 3731 1032 ,

2156 1048 2401 1111 etiamsi
2426 1048 2749 1125 contingat
2795 1052 2947 1108 tunc
2986 1064 3115 1107 non
3151 1064 3328 1126 posse
3368 1048 3733 1110 executioni

2154 1142 2461 1204 mandari.
2514 1142 2595 1203 Ut
2620 1139 2941 1202 interdum
2968 1159 3288 1221 supremus
3325 1141 3625 1203 Praelatus
3659 1142 3732 1202 in

2154 1236 2365 1316 aliquo
2392 1234 2631 1311 ordine,
2657 1233 2833 1295 verbi
2861 1234 3095 1313 gratia,
3127 1235 3431 1312 generalis
3456 1234 3732 1313 alicujus

2153 1328 2498 1407 religionis,
2519 1326 3183 1406 licet,transgrediatur
3200 1326 3391 1405 leges,
3420 1333 3576 1388 tunc
3597 1346 3732 1388 non

2155 1422 2434 1502 punitur,
2474 1421 2623 1500 quia
2659 1438 2790 1481 non
2815 1417 3005 1480 habet
3030 1420 3408 1498 superiorem
3433 1436 3453 1497 3
3511 1426 3734 1500 postea

2154 1534 2300 1577 vero
2327 1514 2505 1575 finito
2539 1514 2739 1575 officio
2768 1512 2924 1575 solet
2949 1513 3199 1593 puniri,
3239 1513 3388 1593 quia
3416 1514 3732 1593 tuncjam

2155 1609 2343 1671 habet
2381 1607 2763 1689 superiorem
2809 1629 2824 1666 :
2878 1623 3030 1685 ergo
3061 1605 3313 1685 signum
3354 1612 3450 1668 aet
3475 1652 3497 1682 ,
3541 1614 3730 1668 antae

2154 1700 2344 1763 fuisse
2386 1700 2463 1763 de
2504 1718 2569 1762 se
2597 1699 2946 1779 subjectum
2973 1698 3124 1778 legi,
3154 1699 3343 1760 etiam
3364 1699 3577 1780 quoad
3598 1700 3727 1761 vim

2153 1795 2513 1857 coactivam.

2236 1892 2333 1950 17.
2381 1886 2790 1970 Respondetur
2837 1883 3174 1966 objectioni.
3191 1918 3275 1928 —
3293 1883 3725 1965 Respondemr

2153 1982 2440 2062 negando
2463 1980 2736 2060 primum
2774 1983 3183 2057 assumptum.
3226 1978 3384 2038 Nam
3407 1977 3718 2056 legislator

2153 2075 2243 2137 ita
2297 2081 2387 2136 est
2442 2077 2764 2152 exemptus
2795 2089 2834 2132 a
2860 2070 2924 2131 vi
2953 2070 3228 2131 coactiva
3261 2088 3388 2130 suae
3428 2069 3615 2149 legis,
3638 2076 3717 2131 ut

2154 2186 2282 2230 non
2306 2172 2592 2230 teneatur
2606 2166 2906 2226 sustinere
2919 2181 3169 2244 poenam
3194 2163 3263 2223 in
3277 2163 3386 2223 illa
3401 2168 3721 2239 statutam,

2153 2262 2302 2342 quia
2345 2262 2488 2323 licet
2530 2258 2895 2339 simpliciter
2938 2258 3017 2318 sit
3039 2275 3180 2318 reus
3208 2275 3451 2336 pcenae,
3506 2257 3725 2319 saltem

2154 2354 2321 2434 apud
2347 2355 2545 2414 Deum
2574 2353 2746 2432 (quia
2766 2351 2870 2412 hic
2897 2355 3104 2411 reatus
3136 2351 3481 2411 necessario
3522 2350 3727 2429 sequi·

2151 2454 2257 2509 tur
2280 2466 2358 2509 ex
2384 2445 2612 2525 culpa),
2642 2450 2855 2506 tamen
2881 2443 3037 2504 illud
3051 2443 3170 2504 erit
3195 2450 3479 2522 respectu
3521 2461 3724 2551 poenae

2152 2547 2397 2604 statutae
2425 2559 2464 2601 a
2484 2541 2630 2615 Dec,
2656 2557 2784 2599 non
2811 2557 2957 2600 vero
2981 2537 3058 2598 de
3089 2555 3274 2617 poena
3292 2538 3494 2617 posita
3515 2538 3647 2599 ab*
3628 2557 3723 2618 ip-

2152 2640 2348 2696 somet
2373 2632 2744 2712 legislatore.
2785 2631 2958 2705 Quod
3010 2635 3202 2710 patet,
3245 2632 3384 2709 quia
3423 2632 3556 2710 ipse
3581 2650 3720 2692 non

2150 2726 2418 2788 intendit
2468 2725 2738 2804 seipsum
2775 2724 2855 2784 ad
2900 2740 3152 2803 poenam
3182 2721 3470 2800 obligare,
3496 2742 3712 2803 neque

2150 2819 2338 2881 etiam
2373 2818 2687 2896 obligatur
2714 2835 2752 2878 a
2779 2814 3094 2895 republica
3110 2833 3219 2896 per
3243 2814 3498 2875 modum
3514 2816 3716 2876 alicu·

2141 2913 2246 2990 jus
2269 2916 2638 2987 contractus,
2660 2928 2769 2971 seu
2787 2909 2854 2969 in
2868 2909 3096 2970 virtute
3118 2909 3274 2987 ejus,
3303 2914 3442 2968 tum
3463 2914 3718 2987 propter

2147 3024 2332 3085 supra
2358 3005 2543 3080 dicta,
2561 3008 2699 3064 tum
2727 3003 3158 3082 maximejquia
3172 3001 3376 3081 quoad
3396 3001 3558 3062 hanc
3580 3020 3714 3080 par-

2148 3105 2277 3162 tem
2308 3098 2552 3160 nullum
2600 3103 2693 3159 est
2726 3096 3026 3158 indicium
3081 3095 3223 3156 talis
3263 3095 3711 3172 conventionis,

2148 3211 2264 3254 nec
2291 3211 2402 3273 per
2425 3192 2695 3271 aliquem
2721 3208 2928 3266 usum,
2975 3207 3091 3251 nec
3134 3206 3246 3268 per
3281 3188 3590 3267 judicium
3620 3206 3715 3249 sa·

2150 3286 2458 3365 pientum.
2502 3283 2779 3363 Denique
2802 3301 3003 3363 neque
3047 3300 3086 3342 a
3124 3283 3250 3342 Deo
3273 3282 3429 3361 ipso,
3451 3299 3652 3362 neque
3672 3299 3715 3342 a

2149 3378 2287 3457 lege
2315 3384 2555 3440 naturae
2582 3375 2896 3455 obligatur
2909 3419 2930 3452 ,
2975 3380 3047 3435 ut
3074 3374 3297 3455 probat
3337 3375 3503 3436 idem
3545 3392 3711 3436 com-

2147 3489 2338 3532 mune
2352 3469 2658 3550 judicium
2683 3469 3066 3548 sapientum3
3093 3472 3155 3528 et
3181 3467 3342 3528 ratio
3379 3468 3568 3529 etiam
3593 3466 3713 3527 dif-

2147 3563 2423 3625 ferentiae
2457 3568 2546 3623 est
2572 3561 2829 3641 optima,
2850 3560 2995 3640 quia
3021 3560 3116 3621 vis
3136 3558 3435 3620 directiva
3463 3559 3713 3620 ordina-

2147 3660 2252 3716 tur
2294 3656 2371 3716 ad
2422 3655 2616 3715 bonos
2661 3671 2860 3714 mores
2874 3698 2894 3729 ,
2946 3658 3008 3713 et
3054 3651 3195 3713 ideo
3242 3651 3712 3731 comprehendit

2149 3748 2341 3809 etiam
2383 3748 2589 3828 ipsum
2620 3745 3038 3826 legislatorem
3049 3760 3070 3823 3
3100 3762 3285 3824 poena
3332 3762 3481 3805 vero
3507 3744 3712 3805 solum

2147 3859 2260 3922 per
2286 3841 2567 3902 accidens
2611 3839 2875 3914 intenta,
2926 3843 3037 3898 aut
3089 3836 3431 3898 necessaria
3476 3843 3602 3912 aet,
3645 3843 3711 3898 et

2149 3952 2290 3995 cum
2318 3934 2469 3995 alias
2492 3952 2565 3995 ex
2615 3950 2679 3994 se
2710 3930 2978 4012 postulet
3004 3930 3389 4006 violentiam,
3429 3948 3558 3991 non
3586 3930 3711 3991 fuit

2143 4026 2516 4088 conveniens
2542 4024 2635 4085 illi
2658 4025 2840 4085 subdi
2866 4023 3281 4103 legislatorem
3289 4039 3308 4098 ;
3338 4028 3498 4083 esset
3515 4023 3708 4083 etiam

2142 4118 2453 4199 superflua
2479 4119 2585 4179 illa
2607 4117 2905 4197 obligatio
2919 4133 3063 4178 cum
3086 4115 3403 4177 moraliter
3419 4133 3546 4176 non
3566 4133 3709 4195 pos-

2142 4218 2235 4274 set
2260 4212 2338 4275 ad
2369 4212 2796 4274 executionem
2832 4210 3111 4291 perduci.
3152 4208 3500 4270 Declaratur
3522 4208 3706 4268 deni-

2142 4324 2285 4411 que,
2318 4305 2465 4385 quia
2489 4302 2591 4366 vel
2623 4302 2942 4383 legislator
2975 4301 3163 4364 habet
3209 4302 3278 4361 in
3311 4301 3490 4361 terris
3527 4318 3710 4379 supe-

2140 4399 2369 4460 riorem
2388 4398 2498 4478 qui
2519 4397 2708 4478 possit
2729 4397 2909 4457 illum
2925 4395 3145 4475 punire
3164 4412 3275 4474 pro
3294 4393 3531 4454 delictis
3551 4394 3703 4471 suis,

2141 4490 2240 4552 vel
2276 4509 2403 4551 non
2433 4489 2622 4552 habet
2653 4506 2669 4550 :
2703 4490 2755 4550 si
2784 4508 2909 4551 non
2935 4487 3145 4565 habet,
3176 4486 3335 4548 nulli
3373 4487 3705 4547 hominum

2142 4588 2390 4644 tenetur
2407 4600 2619 4662 parere
2649 4583 2717 4643 in
2745 4582 3104 4643 executione
3131 4579 3271 4641 talis
3299 4596 3521 4660 poenae,
3540 4579 3707 4640 circa

2141 4676 2409 4756 seimum
2437 4691 2453 4736 ε
2487 4693 2633 4755 ergo
2658 4694 2857 4755 neque
2900 4680 2994 4737 est
3020 4673 3322 4735 obnoxius
3353 4691 3431 4734 ex
3476 4673 3540 4734 vi
3575 4689 3704 4732 suas

2138 4769 2294 4849 legis
2319 4767 2428 4830 tali
2468 4786 2691 4848 poenae,
2722 4769 2871 4848 quia
2920 4767 3080 4828 nihil
3116 4766 3287 4828 aliud
3317 4770 3411 4827 est
3436 4783 3566 4826 esse
3592 4764 3703 4825 ob-

2136 4861 2418 4937 noxium,
2449 4879 2637 4940 quam
2666 4861 2864 4923 teneri
2904 4860 2984 4921 ad
3032 4858 3375 4939 parendum
3422 4858 3491 4919 in
3520 4858 3703 4919 susti·

2139 4954 2346 5017 nenda
2382 4953 2493 5014 tali
2517 4972 2725 5034 poena,
2755 4955 2807 5015 si
2834 4952 3156 5032 infligatur
3183 4951 3261 5012 ab
3290 4951 3545 5014 homine
3587 4951 3701 5012 ba-

2137 5046 2322 5109 bente
2354 5053 2719 5127 potestatem
2768 5068 2782 5106 z
2837 5065 2986 5107 nam
3024 5047 3076 5107 si
3103 5045 3421 5124 infligatur
3464 5062 3505 5105 a
3547 5045 3692 5119 Dec,

576 5136 674 5195 16.
725 5135 1004 5224 Obj9ctio.
1047 5170 1128 5185 -
1185 5140 1264 5201 Ut
1303 5145 1515 5201 autem
1553 5138 1688 5200 haec
1725 5137 2055 5214 sententia,
2132 5140 2266 5218 jam
2310 5140 2508 5200 oritur
2549 5139 2842 5218 obligatio
2892 5157 2970 5200 ex
3023 5138 3227 5199 altiori
3271 5138 3598 5219 principie.
3633 5136 3701 5197 Si

494 5244 631 5306 quae
660 5246 809 5290 vera
835 5240 948 5307 est,
977 5238 1038 5294 et
1059 5233 1217 5293 ratio
1248 5234 1380 5313 ejus
1402 5233 1669 5313 amplius
1691 5232 2051 5313 explicetur,

492 5318 817 5398 objicitur,
863 5326 1008 5403 quia
1038 5326 1145 5387 illa
1173 5328 1411 5389 ratione
1440 5329 1518 5389 ad
1542 5344 1858 5388 summum
1884 5323 2056 5385 colli·

493 5413 688 5491 gitur,
745 5433 872 5476 non
903 5416 1132 5480 habere
1180 5419 1617 5499 legislatorem,
1666 5420 1775 5501 qui
1812 5420 1880 5478 in
1919 5419 2051 5498 ipso

2141 5250 2286 5294 vero
2321 5231 2636 5311 legislator
2663 5231 2850 5292 habet
2871 5231 3272 5310 superiorem,
3293 5236 3364 5291 ut
3386 5236 3500 5306 est,
3522 5229 3700 5292 verbi

2138 5325 2359 5403 gratia,
2400 5325 2752 5405 Episcop11S‚
2800 5325 3028 5403 poterit
3062 5324 3271 5402 puniri
3303 5341 3342 5383 a
3377 5323 3693 5398 pontifice,

2135 5417 2323 5478 etiam
2349 5422 2599 5496 propter
2624 5416 2966 5477 indebitam
2994 5416 3540 5495 transgressionem
3570 5434 3697 5476 suae

492 5523 742 5584 poenam
789 5517 1127 5590 exequatur
1145 5557 1166 5587 ,
1219 5532 1345 5574 non
1390 5533 1537 5576 vero
1590 5532 1716 5574 non
1766 5530 1895 5573 esse
1940 5511 2050 5572 ob-
2131 5510 2395 5592 propriae
2420 5509 2606 5589 legis;
2635 5515 2848 5571 tamen
2875 5528 3000 5571 non
3025 5509 3143 5571 erit
3164 5510 3580 5572 necessarium
3600 5508 3697 5571 illi
