3976 6219
474 306 597 366 234

477 428 583 471 cus
618 410 842 499 Gomez
878 411 946 470 in
982 410 1286 473 Prooemio
1315 412 1393 473 ad
1435 414 1655 492 Regul.
1701 414 2035 477 Cancellar.

476 509 697 582 quaest.
732 506 791 578 2,
834 503 911 564 ad
959 508 1016 580 1,
1049 522 1191 566 cum
1239 505 1472 582 Platea,
1516 526 1697 586 (10010
1741 508 1930 569 refert
1973 509 2042 568 in

478 597 600 675 leg.
630 597 860 675 Neque,
889 598 953 658 C.
982 597 1057 657 (10
1081 599 1299 659 Decur.
1341 598 1450 660 111).
1498 601 1593 661 10.
1624 602 1790 662 Idem
1826 607 2042 662 tenent

476 689 890 751 communiter
922 690 1264 751 Canonistae
1312 709 1443 770 cap.
1470 693 1558 753 'In
1588 695 1812 769 causis,
1847 692 1923 754 de
1953 693 2042 753 Re

472 782 765 863 judicata,
799 788 885 842 et·
920 782 1115 844 Felin.
1161 784 1228 843 in
1270 784 1517 845 rubrica
1557 786 1633 845 de
1678 786 2045 866 Rescriptio-

477 893 582 949 00,
620 893 681 935 n.
724 878 781 949 1,
818 876 923 953 qui
961 876 1148 937 refert
1179 876 1349 938 81105.
1390 879 1466 937 Ε1
1503 876 1799 957 probatur
1843 878 2046 957 primo

478 985 556 1028 ex
586 967 722 1044 1030
751 968 991 1042 0111100,
1024 968 1168 1029 Cod.
1202 969 1278 1030 de
1310 970 1592 1048 Legibus,
1620 969 1728 1031 ubi
1766 987 2046 1050 expresse

476 1059 704 1120 dicitur
728 1061 1097 1121 sententiam
1124 1062 1287 1123 inter
1303 1070 1504 1142 partes
1526 1082 1668 1125 cum
1692 1064 2046 1142 cognitione

474 1153 688 1214 datam
717 1154 796 1215 ab
814 1155 1183 1233 imperatore
1204 1156 1270 1215 in
1290 1175 1418 1217 una
1444 1174 1648 1231 causa,
1674 1156 2046 1218 constituere

476 1245 681 1324 legem
708 1246 772 1307 in
794 1247 1087 1308 omnibus
1106 1248 1409 1310 similibus
1434 1251 1630 1310 causis
1654 1248 2042 1311 servandam.

480 1330 649 1401 Idem
690 1340 1077 1418 significatur
1119 1342 1186 1401 in
1227 1342 1350 1420 leg.
1392 1346 1447 1416 1,
1483 1343 1546 1403 ff.
1598 1343 1672 1403 de
1715 1342 2043 1403 Constituit.

478 1435 743 1515 princip.
765 1481 781 1509 ‚
808 1435 918 1495 ubi
947 1436 1113 1497 inter
1132 1434 1366 1499 ’modos
1398 1438 1639 1499 ferendi
1681 1436 1848 1515 leges
1888 1452 2050 1494 0005

481 1532 607 1587 est:
638 1528 883 1601 Quando
906 1530 1251 1608 Imperator
1275 1548 1620 1610 eoqnoseens
1643 1528 1916 1605 decrevit,
1941 1525 2052 1586 ubi

482 1619 649 1681 addit
699 1620 907 1681 Glossa
924 1667 944 1697 ,
998 1622 1195 1683 dando'
1236 1624 1611 1699 definitivam
1654 1623 2006 1685 sententiam
2029 1643 2051 1677 .-

480 1713 640 1773 ratio
668 1712 841 1773 reddi
870 1718 1089 1792 potest,
1119 1715 1267 1794 quia
1299 1718 1605 1777 sententia
1637 1712 1931 1795 principis
1957 1718 2052 1773 est

482 1805 677 1865 veluti
700 1806 916 1882 regula
935 1807 1013 1866 ad
1033 1826 1220 1886 quam
1241 1827 1454 1870 omnes
1474 1808 1793 1869 inferiores
1810 1807 2052 1886 judices

484 1897 856 1958 conformari
892 1903 1220 1975 tenentur3
1254 1903 1357 1962 sed
1389 1902 1519 1962 haec
1556 1907 1647 1962 est
1686 1900 1934 1980 propria
1959 1899 2053 1959 vis

483 1989 674 2068 legis;
712 2009 882 2069 ergo.
914 1992 1110 2074 Major
1147 1996 1497 2055 insinuatur
1542 2002 1604 2056 et
1644 1993 1939 2074 probatur
1975 1992 2054 2053 01)

485 2082 855 2162 imperatore
898 2086 965 2147 10
999 2088 1164 2148 (11018
1203 2089 1338 2167 1030
1380 2080 1624 2163 ultima,
1666 2087 1763 2148 his
1806 2085 2050 2146 verbis:

489 2176 652 2251 Quid
689 2178 845 2240 enim
872 2182 1095 2259 majus,
1140 2184 1289 2262 quid
1317 2183 1586 2244 sanctius
1618 2176 1926 2259 imperiali
1968 2183 2055 2239 est

486 2272 846 2348 majestate?
875 2271 1001 2333 Vel‘
1039 2276 1178 2354 quis
1225 2281 1412 2338 tantoe
1455 2275 1751 2355 superbia>
1796 2272 2054 2350 fastidio

487 2365 756 2425 tumidus
802 2371 914 2441 est,
969 2372 1039 2428 ut
1080 2369 1341 2447 reqalem
1390 2385 1626 2431 sensum
1679 2366 2056 2448 contemnat?

488 2456 673 2529 Quasi
724 2458 892 2519 dicat
946 2462 1316 2522 sententiam
1370 2462 1758 2542 imperatoris
1816 2465 2058 2520 tantam

487 2549 716 2611 habere
745 2553 1199 2630 auctoritatem,
1227 2561 1297 2615 ut
1326 2554 1599 2615 subditos
1626 2552 1856 2632 obliget
1883 2570 1962 2612 ne
1991 2551 2059 2610 in

489 2642 678 2703 simili
719 2661 903 2705 causa
944 2644 1023 2705 ab
1063 2645 1169 2706 illa
1210 2647 1578 2727 discrepent,
1610 2653 1671 2708 et
1699 2645 1902 2726 quoad
1944 2645 2062 2705 1100

490 2735 753 2797 virtuale
781 2744 1154 2817 praeceptum
1184 2741 1461 2802 obtinere
1481 2741 1651 2801 etita
1677 2739 1903 2800 habere
1930 2738 2060 2797 vim

492 2827 668 2906 legis.
725 2831 1050 2911 Potestque
1108 2832 1461 2894 confirmari
1510 2853 1586 2895 ex
1633 2832 1849 2894 eadem
1898 2830 2058 2910 lege,

494 2922 646 2999 (1010
697 2920 1011 2985 decretum
1060 2926 1447 3005 imperatoris
1479 2926 1665 2987 habet
1707 2926 1836 2987 vim
1880 2926 2059 3003 legis,

492 3013 600 3074 scd
644 3016 950 3076 sententia
994 3016 1074 3078 01)
1107 3018 1238 3097 ipso
1265 3017 1394 3080 lata
1434 3019 1707 3080 continet
1752 3016 2064 3079 decretum

496 3105 661 3185 ejus;
687 3126 855 3187 ergo.
1302 3104 1305 3116 '

581 3202 678 3262 12.
726 3202 953 3265 Contra
978 3203 1139 3266 hanc
1168 3224 1315 3266 vero
1342 3205 1713 3267 sententiam
1745 3202 1929 3283 objici
1959 3221 2066 3282 po-

494 3298 614 3354 test
647 3294 691 3354 1.
724 3297 785 3370 2,
818 3296 882 3357 C.
916 3297 993 3357 de
1020 3297 1304 3376 Legibus,
1331 3297 1440 3358 ubi
1469 3291 1767 3358 Theudos.
1801 3293 2067 3374 impera-

496 3391 595 3447 tor
617 3387 744 3447 ait:
773 3388 915 3461 Quoe
943 3408 1015 3451 ece
1041 3391 1439 3452 relationibus
1466 3389 1556 3452 vel
1588 3389 2069 3469 suyqestionibas

484 3480 902 3558 judicantium
937 3500 1270 3559 procerum,
1303 3482 1637 3543 introducto
1671 3475 1901 3558 neyotz‘o
1943 3485 2070 3540 sta-

502 3573 754 3640 tuimus,
798 3577 943 3648 etc.,
994 3574 1300 3651 yeneralia
1335 3575 1493 3651 jura
1543 3591 1658 3633 non
1707 3573 1856 3646 sint,
1904 3569 2070 3630 unde

502 3661 827 3723 conficitur
854 3670 1331 3742 argumentum:
1358 3681 1506 3723 nam
1534 3663 1686 3723 illud
1716 3663 1877 3742 quod
1904 3662 2072 3741 prin-

504 3772 646 3832 ceps
678 3758 996 3816 communi
1030 3757 1283 3817 consilio
1323 3755 1741 3836 judicantium
1790 3773 1895 3814 seu
1934 3771 2072 3831 pro·

504 3864 715 3907 cerum
746 3849 980 3924 statuit,
1003 3850 1099 3911 vel
1131 3856 1221 3910 est
1248 3848 1689 3924 sententia,vel
1720 3847 1855 3927 plus
1882 3863 2072 3925 quam

504 3941 831 4016 sententia,
883 3948 944 4002 et
989 3948 1198 4003 tamen
1244 3942 1352 4003 illa
1396 3941 1621 4001 dicitur
1669 3959 1795 4001 non
1842 3927 2071 3999 habere

503 4033 633 4093 vim
675 4034 979 4111 generalis
1020 4036 1193 4113 legis,
1237 4035 1673 4110 confirmatur,
1722 4032 1871 4112 quia
1903 4031 2063 4111 prin·

504 4143 646 4206 ceps
681 4126 938 4189 ferendo
985 4130 1355 4190 sententiam
1400 4130 1466 4189 in
1496 4127 1853 4208 particulari
1890 4142 2075 4186 08050

504 4237 632 4280 000
676 4218 959 4299 fungitur
1014 4241 1270 4283 munere
1324 4222 1619 4302 principis
1668 4219 1926 4282 dicentis
1969 4218 2076 4297 jus

504 4314 619 4373 toti
659 4313 1037 4393 reipublicae,
1069 4316 1171 4376 sed
1215 4317 1415 4396 potius
1448 4332 1675 4375 munus
1706 4312 1935 4393 privati
1970 4312 2074 4389 ju-

505 4406 657 4467 dicis
697 4407 763 4467 in
797 4425 979 4468 causa
1017 4409 1396 4489 particulari,
1426 4407 1502 4468 de
1531 4425 1654 4487 qua
1684 4410 1883 4486 potest
1908 4403 2075 4484 judi-

506 4518 645 4562 care
672 4501 1011 4561 secundum
1032 4501 1344 4581 propriam
1367 4497 1753 4580 opinionem;
1777 4515 1903 4557 non
1926 4514 2075 4575 ergo

506 4594 716 4654 statim
743 4593 946 4672 legem
986 4595 1239 4653 statuit:
1279 4593 1445 4653 unde
1485 4592 1696 4652 Covar.
1730 4590 1796 4649 in
1825 4592 1886 4664 4,
1916 4608 1976 4668 p.
2016 4592 2074 4664 1,

512 4704 645 4766 001).
693 4689 753 4762 7,
800 4685 836 4766 ξ
877 4689 940 4762 4,
973 4704 1036 4746 0.
1066 4679 1172 4761 15,
1211 4686 1384 4761 dicit,
1416 4685 1539 4763 leg.
1577 4684 1781 4743 ultim.
1815 4682 1959 4743 Cod.
2002 4682 2078 4742 de

511 4779 799 4858 Legibus,
832 4778 1298 4857 intelligendam
1330 4795 1460 4838 esse
1493 4776 1741 4857 quando
1769 4776 2075 4856 princeps,

508 4874 618 4954 qui
655 4878 1021 4953 potestatem
1046 4871 1235 4933 habet
1266 4871 1505 4933 ferendi
1531 4871 1732 4950 legem
1760 4870 2078 4932 occasione

510 4966 771 5045 alicujus
808 4953 1239 5027 co'nt‘roversiae
1266 4969 1402 5046 (1οω
1430 4965 1593 5025 inter
1634 4963 1906 5043 privatos
1935 4982 2078 5024 con-

511 5058 723 5137 tingit,
745 5060 947 5139 legem
966 5059 1239 5139 aliquam
1266 5059 1517 5139 ejusque
1542 5074 1786 5118 sensum
1815 5056 2081 5135 explicat

513 5158 575 5213 et
602 5153 1046 5232 interpretatur
1068 5170 1140 5213 ea
1161 5158 1391 5227 mente,
1414 5157 1484 5211 ut
1501 5150 1927 5229 interpretatio
1952 5151 2080 5210 vim

513 5243 668 5323 legis
695 5246 1062 5307 universalis
1084 5246 1308 5308 habeat
1318 5262 1339 5324 3
1362 5264 1486 5306 000
1515 5250 1723 5307 001010
1754 5244 2081 5324 procedere

514 5337 885 5400 decisionem
929 5339 1098 5400 illius
1140 5340 1292 5418 legis
1338 5341 1390 5400 si
1434 5338 1794 5418 simpliciter
1831 5356 1942 5399 rex
1979 5337 2084 5416 jus

516 5432 726 5494 dicens
752 5432 1008 5514 privatis
1049 5433 1341 5514 aliquam=
1363 5433 1522 5495 ferat
1545 5433 1941 5509 sententiam,
1971 5448 2082 5494 ne-

1486 312 1601 365 LIB.
1638 313 1722 365 111.
1757 313 1837 365 m:
1869 312 2031 366 LEGE
2063 313 2325 366 HUMANA
2355 314 2434 366 ET
2467 314 2672 366 ClVlLl.

2120 434 2241 496 (100
2273 415 2630 495 significans
2672 433 2736 476 se
2769 413 2934 475 illius
2969 414 3546 494 interpretationem
3583 432 3691 493 30-

2120 510 2392 571 neralem
2434 508 2656 585 facere,
2689 528 2802 569 nec
2841 527 3121 588 expresse
3165 507 3320 587 legis
3365 509 3557 570 verba
3593 510 3691 568 in-

2125 607 2489 680 terpretanS,
2523 608 2595 662 ut
2633 601 2777 662 inde
2819 606 3053 662 constet
3092 601 3354 662 voluisse
3387 603 3693 681 interpre-

2122 693 2421 754 tationem
2463 694 2633 754 illam
2671 694 2826 773 legis
2872 694 2999 753 vim
3027 694 3336 770 obtinere3
3367 699 3557 773 atque
3605 693 3696 753 ita

2125 786 2357 847 indicat
2402 786 2616 848 Covar.
2662 786 2834 846 illam
2884 787 3085 865 legem
3130 786 3418 846 ultimam
3460 785 3700 846 intelli-

2126 879 2390 957 gendam
2433 897 2563 939 esse
2603 878 2679 939 de
2721 880 3037 939 sententiis
3077 898 3185 959 per
3202 897 3367 957 -quas
3404 880 3702 958 princeps

2128 990 2409 1050 expresse
2446 972 2889 1051 interpretatur
2927 972 3198 1052 aliquam
3234 972 3435 1050 legem
3475 971 3703 1050 utique

2125 1083 2334 1138 suam,
2382 1063 2480 1125 vel
2527 1064 2866 1133 inferioriS,
2917 1066 3089 1143 cujus
3137 1063 3568 1142 interpretatio
3615 1061 3702 1122 ad

2124 1157 2328 1237 ipsum
2367 1156 2696 1235 pertineat,
2727 1162 2786 1216 et
2815 1157 2902 1215 ita
2939 1176 3066 1217 esse
3103 1156 3494 1216 limitandam
3524 1173 3697 1216 com-

2127 1268 2380 1310 munem
2410 1250 2801 1310 sententiam.
2835 1248 3036 1310 Aliam
3064 1268 3211 1310 vero
3244 1249 3447 1327 legem
3475 1267 3695 1309 50000-

2130 1342 2274 1402 (1010
2302 1343 2628 1421 procedere
2652 1342 2727 1402 de
2749 1342 2882 1402 aliis
2906 1342 3223 1403 sententiis
3250 1341 3541 1402 omnibus
3560 1359 3702 1420 (1οω

2130 1436 2317 1496 talem
2355 1435 2930 1515 interpretationem
2971 1454 3096 1495 non
3130 1436 3471 1510 continent,
3516 1441 3582 1495 et
3612 1436 3705 1494 ita

2132 1528 2541 1589 conciliantur
2567 1528 2690 1588 illae
2716 1528 2907 1606 10305,
2933 1533 2995 1588 01
3022 1528 3282 1588 solvitur
3310 1527 3705 1587 confirmatio

2132 1622 2342 1681 addita
2361 1639 2437 1681 ex
2455 1621 2762 1681 sententia
2775 1620 2960 1698 hujus
2976 1620 3269 1696 auctoris3
3286 1620 3433 1699 (1018
3450 1619 3704 1698 quando

2130 1715 2415 1795 princeps
2448 1714 2811 1774 auctoritate
2849 1731 2960 1773 sua
2986 1713 3190 1790 legem
3232 1713 3702 1792 interpretatur,

2131 1828 2260 1870 non
2288 1813 2380 1868 est
2408 1808 2579 1867 locus
2616 1808 2870 1886 privatae
2899 1807 3202 1886 opinioni,
3232 1807 3380 1885 quia
3414 1806 3705 1884 princeps

2135 1907 2302 1964 certo
2326 1901 2439 1961 scit
2465 1918 2640 1960 suam
2664 1901 3074 1961 intentionem
3103 1905 3164 1959 et
3188 1906 3484 1974 mentem,
3511 1916 3704 1977 quam

2133 2013 2246 2075 per
2272 1993 2460 2054 talem
2489 1994 2858 2054 sententiam
2884 1993 3157 2053 declarat
3172 2014 3189 2067 ;
3217 1998 3279 2052 et
3306 1991 3445 2052 ideo
3474 1989 3584 2050 illa
3611 1991 3707 2051 in-

2133 2086 2492 2167 terpretatio
2537 2086 2664 2147 vim
2705 2085 2892 2146 habet
2935 2085 3114 2163 10315,
3165 2103 3273 2145 500
3313 2102 3348 2145 0
3394 2083 3708 2144 contrario

2134 2179 2231 2240 lex
2260 2181 2346 2240 ita
2374 2178 2684 2239 declarata
2699 2179 2830 2256 jam
2859 2197 2982 2238 non
3011 2178 3267 2257 obligat,
3291 2195 3494 2255 neque
3516 2176 3711 2237 habet

2135 2273 2287 2348 vim,
2321 2272 2441 2332 0151
2469 2272 2651 2350 juxta
2677 2268 3151 2331 declarationem
3189 2270 3269 2330 ab
3305 2274 3558 2330 auctore
3598 2269 3709 2329 da-

2137 2372 2292 2440 tam,
2322 2366 2468 2446 quia
2497 2365 2628 2443 ejus
2656 2371 2745 2424 est
2771 2364 3163 2443 interpretari
3191 2364 3392 2439 legem
3416 2363 3593 2440 cujus
3617 2368 3711 2423 est

2140 2450 2424 2532 condere,
2470 2458 2634 2517 utin
2677 2456 2891 2517 eadem
2933 2456 2979 2517 l.
3012 2456 3125 2517 ult.
3157 2457 3404 2529 dicitur,
3444 2460 3508 2514 et
3547 2456 3619 2515 10
3659 2455 3706 2515 l.

2139 2554 2323 2631 Leyes
2350 2551 2805 2625 sacratissima»,
2835 2550 3009 2626 eod.;
3050 2549 3300 2630 quando
3331 2554 3539 2609 autem
3569 2548 3713 2609 talis

2140 2644 2565 2724 interpretatio
2609 2661 2889 2722 expresse
2922 2643 2991 2703 fit
3033 2662 3143 2724 per
3178 2642 3549 2704 sententiam
3597 2641 3711 2701 ali-

2145 2757 2328 2819 quam
2357 2737 2434 2797 ab
2464 2737 2679 2798 eodem
2715 2736 3062 2814 legislatore
3093 2735 3324 2809 datam,
3360 2734 3604 2795 etiamsi
3632 2734 3712 2794 sit

2142 2833 2206 2893 in
2239 2850 2423 2893 causa
2446 2829 2827 2910 particulari,
2853 2847 3098 2890 necesse
3124 2835 3214 2889 051
3243 2833 3313 2888 01
3338 2827 3713 2907 generaliter

2144 2923 2414 2985 declaret
2443 2941 2688 2983 sensum
2728 2921 2905 3000 legis,
2943 2921 3088 3000 quia
3118 2940 3246 2981 non
3278 2926 3479 2999 potest
3515 2919 3618 2980 lex
3642 2919 3709 2979 in

2145 3037 2270 3079 000
2311 3016 2559 3095 0030110
2600 3033 2797 3076 00010
2826 3034 3076 3076 5005001
3104 3015 3357 3088 habere,
3388 3014 3542 3074 etin
3587 3012 3710 3073 alio

2146 3113 2402 3174 omnino
2432 3109 2618 3171 simili
2646 3127 2892 3170 sensum
2920 3107 3139 3184 alium,
3180 3106 3286 3169 sed
3327 3107 3514 3167 00105
3555 3105 3712 3184 10315

2147 3222 2309 3266 0005
2348 3209 2440 3263 051
2469 3203 2783 3280 1031111005
2813 3220 3048 3277 500505,
3094 3206 3157 3262 et
3184 3199 3289 3261 ille
3323 3200 3596 3260 maxime
3624 3205 3718 3259 est

2147 3315 2335 3378 quem
2368 3301 2576 3356 auctor
2601 3295 2733 3373 ejus
2759 3292 3048 3355 declarat.

2233 3390 2330 3449 13.
2379 3387 2495 3448 Sed
2526 3386 2669 3447 licet
2714 3385 2846 3447 haec
2875 3385 3209 3465 expositiO,
3241 3384 3440 3464 quoad
3470 3390 3716 3463 partem

2150 3482 2314 3543 hanc
2381 3481 2799 3541 affirmantem
2862 3479 3232 3540 sententiam
3291 3478 3717 3538 continentem

2153 3575 2725 3655 interpretationem
2755 3574 3021 3653 propriae
3047 3573 3200 3651 legis
3224 3572 3452 3632 habere
3475 3573 3608 3631 vim
3633 3569 3719 3631 10-

2154 3667 2271 3746 315,
2306 3667 2644 3727 certissima
2675 3667 2777 3741 sit,
2829 3671 2890 3726 et
2918 3667 2984 3726 in
3017 3665 3124 3725 illa
3149 3664 3284 3742 lege
3312 3663 3536 3723 ultima
3573 3681 3720 3723 con-

2152 3759 2758 3835 tenta,nihilominus
2772 3759 2871 3818 vid
2879 3765 3015 3818 etur
3032 3758 3227 3819 nimia
3244 3756 3534 3817 limitatio
3548 3756 3720 3815 illius

2152 3853 2307 3931 legis
2335 3860 2395 3913 et
2424 3851 2773 3912 communis
2796 3851 3127 3930 opinioniS,
3161 3851 3208 3910 si
3236 3850 3313 3909 ad
3342 3848 3499 3908 hauc
3521 3848 3720 3908 solam

2154 3947 2520 4007 sententiam
2550 3945 2958 4022 restringatur
2981 3960 3001 4021 3
3039 3943 3186 4021 quia
3213 3948 3496 4002 auctores
3528 3957 3717 4017 3000-

2151 4039 2340 4100 ralius
2366 4038 2730 4117 loquuntur,
2765 4043 2826 4097 et
2857 4035 3045 4097 verba
3065 4036 3218 4115 legis
3240 4034 3554 4116 generalia
3573 4038 3721 4093 sunt

2155 4131 2232 4192 de
2279 4131 2584 4192 sententia
2626 4150 2640 4188 ε
2679 4148 2828 4190 0001
2875 4129 2951 4189 (10
3011 4127 3518 4207 interpretatione
3561 4125 3722 4202 legis

2154 4229 2365 4303 postea
2391 4241 2575 4301 agere
2606 4222 2820 4300 incipit
2843 4237 2864 4297 ;
2897 4220 3061 4281 unde
3091 4220 3159 4279 10
3187 4219 3294 4279 illa
3319 4218 3509 4298 priori
3540 4223 3720 4296 parte

2156 4334 2283 4376 non
2313 4313 2611 4374 fundatur
2643 4313 2711 4373 10
2734 4313 3095 4373 auctoritate
3118 4310 3590 4389 interpretandi,
3612 4309 3721 4372 sed

2156 4408 2430 4470 absolute
2454 4407 2520 4466 in
2548 4409 2909 4467 auctoritate
2936 4404 3329 4466 decernendi.
3367 4402 3600 4464 Deinde
3624 4420 3723 4462 re·

2157 4501 2348 4580 quirit
2384 4517 2585 4560 080501
2612 4501 3051 4578 cognitionem,
3082 4505 3144 4559 et
3165 4497 3558 4578 praesentiam
3581 4514 3724 4575 par-

2157 4594 2340 4668 tium,
2373 4611 2507 4672 quae
2531 4592 2727 4652 solent
2757 4611 2887 4653 esse
2927 4593 3285 4653 necessariae
3311 4590 3390 4650 ad
3417 4589 3723 4667 cognitio-

2158 4705 2303 4747 nem
2324 4686 2495 4763 facti,
2518 4704 2643 4745 non
2667 4685 2743 4745 ad
2765 4686 2921 4764 juris
2938 4684 3509 4764 interpretationem
3533 4699 3550 4742 :
3572 4699 3724 4741 nam

2160 4781 2291 4841 haec
2310 4797 2482 4857 aeque
2496 4777 2652 4838 bene
2673 4776 2805 4837 dari
2827 4782 3028 4856 posset
3045 4777 3111 4835 in
3131 4775 3407 4836 absentia
3419 4777 3721 4853 partium,

2159 4878 2221 4933 et
2266 4870 2754 4950 independenter
2790 4888 2828 4930 a
2862 4869 2972 4930 tali
3011 4869 3111 4929 vel
3154 4869 3266 4929 tali
3310 4867 3507 4941 sacto,
3555 4865 3726 4946 quod

2160 4971 2369 5045 postea
2411 4983 2522 5044 per
2554 4961 2990 5043 particularem
3024 4961 3302 5040 judicem
3341 4965 3542 5040 potest
3578 4977 3725 5019 exa-

2161 5058 2387 5118 minari
2415 5057 2494 5118 ad
2521 5054 2950 5135 applicandam
2979 5053 3138 5114 facto
3159 5054 3319 5132 juris
3354 5054 3726 5132 interpreta-

2161 5151 2418 5211 tionem.
2464 5149 2712 5210 Accedit
2739 5147 2905 5226 quod
2945 5147 3151 5208 Glossa
3187 5145 3274 5206 ibi
3302 5146 3505 5225 potius
3538 5142 3727 5205 intel-

2160 5244 2322 5323 ligit,
2349 5245 2546 5323 legem
2574 5242 2746 5303 illam
2775 5241 3102 5321 procedere
3125 5240 3191 5301 in
3219 5240 3328 5301 his
3349 5238 3549 5300 causis
3582 5256 3725 5317 quae

2162 5357 2288 5399 non
2321 5342 2467 5400 5001
2495 5337 2711 5397 decisae
2738 5353 2848 5416 per
2873 5335 3041 5414 leges
3079 5349 3097 5395 ι
3139 5335 3311 5402 Nam
3338 5334 3406 5398 in
3428 5333 3579 5397 aliis
3604 5332 3723 5410 (in-

2161 5429 2319 5511 quit)
2351 5429 2534 5512 leuem
2567 5446 2939 5495 servaremus
2965 5428 3276 5510 scriptam.
