3976 6219
469 375 591 436 454

1382 376 1496 429 Lm.
1534 374 1595 426 v.
1628 374 1710 427 na
1743 351 2104 426 namu-m
2132 371 2344 426 Lacum
2373 371 2788 425 mammon.

470 480 694 543 talium
733 476 1061 538 bonorum.
1106 475 1278 550 Quod
1323 475 1511 537 etiam
1556 492 1683 535 non
1728 478 2040 555 repugnat
2117 472 2356 535 nullam
2395 473 2666 534 hominis
2703 472 3014 535 actionem
3046 475 3393 555 requirunt.
3425 478 3515 539 De
3554 478 3702 557 qui-

473 570 812 637 conditioni
839 569 1058 630 talium
1079 569 1385 630 bonorum
1413 568 1873 649 temporalium,
1900 585 2040 648 quae
2117 568 2232 628 bus
2265 572 2502 628 certum
2529 586 2567 627 a
2589 567 2830 628 fortiori
2858 574 2949 629 cst
2980 569 3170 647 quod,
3196 571 3248 630 si
3267 572 3334 631 in
3354 571 3497 650 lege
3521 573 3700 632 dica-

473 667 552 728 ad
583 665 826 745 privata
866 663 1189 724 commoda
1227 662 1591 742 possidentis
1642 662 2036 738 ordinantur,

475 775 538 822 et
568 757 774 839 pravis
806 757 995 818 etiam
1028 755 1385 823 hominibus
1411 755 1591 816 facile
1620 755 1874 816 concedi
1902 772 2040 834 pos-

473 858 658 914 sunt:
702 851 770 911 in
809 849 1126 911 beneficiis
1169 855 1378 910 autem
1423 847 1842 911 ecclesiasticis
1879 866 2043 908 nun-

473 962 662 1026 quam
688 943 808 1005 hoc
832 943 1002 1021 leges
1025 941 1437 1016 declararunt,
1468 960 1580 1003 nec
1607 950 1764 1002 esset
1790 958 2045 1001 consen-

474 1044 730 1099 taneum
790 1035 1043 1096 illorum
1101 1041 1342 1096 naturae
1400 1040 1464 1095 et
1507 1034 1925 1109 institutioni,
1971 1038 2045 1094 ut

474 1131 857 1193 declaratum
884 1133 996 1189 est.

555 1226 654 1285 26.
680 1224 774 1283 Ad
800 1221 1278 1282 fundamentum
1292 1226 1504 1281 autem
1522 1220 1862 1281 secundum
1885 1220 2046 1298 ejus-

475 1318 619 1379 dem
639 1316 958 1377 sententiae
979 1315 1340 1394 respondeo,
1372 1315 1575 1393 majus
1603 1314 2044 1375 inconveniens

477 1430 627 1488 esse,
672 1429 889 1471 omnes
934 1410 1102 1488 leges
1138 1410 1224 1469 sic
1253 1408 1575 1488 loquentes
1620 1409 1707 1468 ita
1740 1427 2045 1488 exponere

476 1511 549 1565 ut
597 1504 849 1564 inutiles
894 1503 1080 1578 fiant,
1125 1508 1187 1562 et
1226 1503 1615 1563 severitatem
1660 1502 1917 1563 fortasse
1966 1502 2045 1561 ad

477 1616 808 1659 commune
833 1596 1069 1656 bonum
1092 1595 1500 1655 necessariam
1528 1596 1839 1656 amittant.
1863 1596 2045 1655 Dein-

479 1691 556 1751 de
585 1690 746 1764 dico,
775 1689 918 1749 licet
944 1687 1224 1748 videatur
1261 1687 1489 1746 durum
1527 1688 1614 1748 ita
1650 1686 2044 1765 interpretari

476 1782 644 1859 leges
676 1798 890 1842 omnes
922 1785 1221 1859 ponentes
1249 1778 1423 1839 illam
1463 1779 1852 1858 particulam,
1892 1779 2044 1840 tole-

478 1873 747 1934 randum
791 1872 1197 1932 nihilominus
1227 1890 1379 1947 esse,
1432 1873 1578 1950 quia
1622 1873 1710 1931 ita
1747 1871 2045 1950 scriptum

479 1973 593 2041 est,
624 1971 695 2025 ut
722 1966 798 2026 de
824 1964 1065 2043 legibus
1100 1964 1411 2025 canonicis
1444 1964 1669 2025 dicitur
1700 1965 1767 2023 in
1798 1982 1932 2043 cap.
1961 1966 2044 2027 In

479 2059 848 2131 memoriam,
900 2057 1170 2117 distinct.
1218 2060 1317 2132 19,
1367 2061 1429 2117 et
1455 2057 1532 2117 de
1562 2056 1847 2117 civilibus
1891 2057 1958 2117 in
1994 2056 2038 2116 l.

478 2152 829 2229 Prospexit,
856 2148 925 2209 ff.
953 2149 1070 2222 Qui
1101 2154 1162 2210 et
1186 2168 1222 2209 a
1249 2149 1495 2228 quibus,
1529 2167 1602 2209 eo
1645 2147 1746 2210 vel
1776 2149 2048 2211 maxime

480 2242 646 2322 quod
672 2241 840 2320 leges
879 2242 1209 2322 punientes
1255 2260 1398 2301 cum
1442 2247 1616 2301 tanto
1661 2241 1863 2319 rigore
1892 2260 2048 2302 rarae

480 2341 646 2409 sunt,
673 2336 795 2395 nisi
821 2335 888 2394 in
912 2334 1287 2413 gravissimis
1305 2334 1689 2394 criminibus·
1708 2336 1784 2395 Et
1796 2340 2051 2413 praeter-

482 2445 557 2488 ea
592 2427 661 2486 in
691 2426 871 2487 bonis
900 2426 1368 2506 temporalibuS,
1393 2426 1642 2507 quando
1670 2427 1885 2488 omnia
1906 2444 2051 2487 con-

482 2520 802 2595 fiscantur,
830 2520 896 2578 in
925 2519 1061 2597 jure
1094 2520 1227 2599 ipso
1255 2518 1488 2580 habent
1514 2519 1953 2580 limitationem
1991 2525 2053 2581 et

484 2612 962 2673 declarationem
990 2630 1177 2691 supra
1209 2612 1578 2692 explicatam
1609 2628 1625 2671 ε
1662 2613 1727 2671 in
1747 2613 1884 2673 aliis
1900 2630 2052 2673 vero

483 2703 664 2764 bonis
682 2703 1144 2764 beneficialibus
1171 2704 1398 2783 poterit
1425 2704 1612 2764 etiam
1631 2704 1901 2783 prudens
1919 2722 2051 2763 mo·

489 2796 724 2855 deratio
769 2795 1110 2855 secundum
1146 2796 1451 2856 rationem
1495 2795 1843 2855 naturalem
1877 2795 2054 2856 adhi-

485 2888 644 2964 beri,
676 2886 998 2961 nimirum,
1029 2893 1101 2947 ut
1122 2887 1252 2948 haec
1276 2886 1569 2966 obligatio
1596 2887 1674 2947 sit
1701 2905 1812 2967 per
1833 2906 1919 2963 se,
1942 2906 2055 2966 per

487 2981 767 3042 accidens
780 2996 928 3041 vero
946 2980 1227 3040 excusari
1244 2980 1433 3059 possit
1449 2999 1558 3042 seu
1580 2980 1867 3059 impediri
1886 2980 2054 3041 illius

489 3074 793 3150 executio,
824 3072 923 3135 vel
949 3072 1196 3154 quando
1223 3073 1355 3135 sine
1379 3073 1556 3153 gravi
1578 3072 1839 3134 infamia
1858 3078 1918 3135 et
1936 3092 2053 3153 pu-

487 3168 819 3230 blicatione
851 3166 1058 3228 delicti
1085 3167 1221 3228 fieri
1254 3185 1382 3227 non
1416 3172 1636 3246 potest,
1667 3166 1765 3227 vel
1802 3168 2052 3246 quando

489 3262 903 3322 necessarium
939 3265 1097 3322 esset
1129 3259 1207 3320 ab
1233 3265 1396 3320 statu
1429 3260 1669 3335 cadere,
1696 3264 1756 3321 et
1778 3260 1844 3319 in
1872 3260 2050 3338 gravi

488 3356 844 3416 necessitate
860 3372 973 3434 pro
989 3355 1121 3414 vita
1137 3352 1536 3414 sustentanda
1553 3353 1843 3413 constitui
1857 3374 1874 3427 ;
1901 3359 2052 3413 tunc

489 3448 657 3508 enim
705 3447 945 3507 licitum
992 3447 1109 3506 erit
1159 3445 1532 3524 suspendere
1585 3445 2012 3506 executionem
2028 3490 2048 3520 ,

489 3537 824 3597 dummodo
853 3537 934 3597 ad
977 3537 1356 3616 superiorem
1385 3536 1493 3596 fiat
1520 3555 1825 3613 recursus,
1864 3543 1935 3596 ut
1958 3555 2054 3597 re-

488 3629 765 3688 medium
813 3627 1123 3703 adhibeat,
1157 3634 1218 3689 et
1241 3627 1613 3688 beneficium
1644 3634 1755 3688 aut
1777 3628 2052 3688 officium

487 3722 790 3796 restituat,
825 3726 887 3781 et
915 3739 1165 3799 poenam
1200 3725 1538 3781 commutet
1578 3727 1685 3781 aut
1726 3726 2049 3800 temperet,

490 3813 656 3892 quod
685 3814 819 3873 sine
843 3812 1103 3874 infamia
1134 3819 1334 3894 potest
1365 3813 1600 3874 occulte
1628 3813 1763 3874 fieri
1798 3813 2052 3875 consilio

486 3905 608 3965 viri
630 3905 973 3985 prudentis,
992 3908 1201 3985 quoin
1219 3905 1524 3967 similibus
1547 3907 1789 3968 casibus
1809 3925 2053 3987 semper

492 3996 793 4058 utendum
822 4002 935 4060 est.

1071 4182 1319 4244 CAPUT
1359 4183 1462 4243 IX.

486 4389 616 4441 011AE
661 4387 964 4434 onuoulo
1013 4388 1270 4434 omum>-
1301 4388 1364 4434 m
1391 4388 1767 4435 conscmNm
1796 4389 1878 4436 AD
1902 4388 2053 4434 m·

567 4480 863 4528 GUTIONEH
919 4481 1105 4527 POENAE
1162 4481 1501 4526 PRIVATIVAE
1555 4482 1636 4526 Ex
1679 4482 1830 4526 LEGE
1885 4482 2045 4527 mro·

563 4573 762 4619 NENTE
805 4574 982 4618 ILLAH
1029 4575 1153 4619 11³so
1209 4573 1393 4618 BAGTO
1412 4603 1433 4633 ,
1490 4573 1719 4626 QUANDO
1763 4575 2052 4622 nmmo

562 4661 752 4711 POENAE
780 4666 1075 4712 ACTIONRM
1102 4665 1216 4712 NON
1242 4666 1539 4717 REQUIRIT.

567 4843 625 4902 1.
649 4839 741 4900 Ex
759 4837 992 4918 regulis
1013 4837 1314 4918 superiori
1334 4837 1531 4917 capite
1554 4838 1904 4919 propositiS,
1921 4839 2050 4918 pri-

484 4953 589 4996 ma
621 4932 967 4994 communis
1000 4938 1092 4993 est
1135 4932 1424 4993 omnibus
1460 4933 1658 5014 poenis
1687 4933 2045 5012 privativis,

483 5033 545 5089 et
571 5027 712 5088 ideo
744 5025 820 5086 de
867 5024 977 5086 illa
1016 5027 1149 5105 jam
1193 5044 1321 5086 non
1366 5031 1731 5101 tractamus:
1781 5027 2051 5088 secunda

479 5139 627 5183 vero
648 5127 709 5182 et
734 5119 919 5181 tertia
939 5124 1187 5180 tantum
1211 5118 1535 5200 propositoe
1555 5124 1698 5179 sunt
1725 5119 1801 5180 de
1823 5119 2045 5199 poenis,

479 5234 643 5297 quae,
694 5215 836 5276 licet
871 5215 1151 5296 proxime
1179 5215 1590 5295 privationem
1616 5214 1935 5290 inducant,
1980 5215 2048 5274 in

486 5310 723 5372 actione
756 5316 1292 5372 consummantur.
1325 5310 1401 5369 Et
1429 5309 1567 5371 ideo
1609 5314 1885 5390 superest
1937 5309 2049 5368 du-

479 5403 655 5464 bium
672 5420 795 5482 qua
820 5421 893 5462 ex
921 5402 1019 5464 his
1044 5403 1276 5483 regulis
1299 5403 1599 5464 utendum
1623 5404 1722 5479 sit,
1756 5403 1822 5462 in
1848 5401 2050 5481 poenis

2122 667 2223 721 tur
2250 663 2379 739 ipso
2399 661 2568 739 jare,
2616 666 2678 720 et
2709 660 2974 722 addatur
3011 664 3227 742 absque
3258 665 3387 725 alia
3420 667 3699 727 declara-

2124 754 2302 829 tione,
2333 753 2431 814 vel
2462 752 2611 832 quid
2637 753 2743 813 sinss
2755 752 2861 830 ile,
2893 755 3104 815 statim
3132 755 3363 834 absque
3389 775 3572 818 mora
3595 758 3701 818 lex

2123 846 2257 925 ipsa
2301 846 2627 924 exequitur
2653 863 2924 924 poenam,
2978 847 3127 926 quia
3164 852 3387 926 potest,
3443 855 3507 910 et
3529 849 3703 909 nihil

2124 944 2219 999 est
2245 939 2410 1018 quod
2439 944 2816 1017 expectetur,
2841 942 2913 999 ut
2930 938 3261 1018 probatum
3284 946 3398 1001 est.
3418 942 3702 1002 Dubium

2126 1051 2275 1112 ergo
2314 1032 2514 1094 solum
2556 1037 2672 1108 est,
2712 1051 2794 1093 an
2824 1032 3087 1113 simplex
3112 1033 3377 1095 verbum
3398 1036 3528 1113 ipso
3558 1040 3702 1113 fac-

2124 1131 2182 1188 to
2206 1124 2467 1186 sufficiat
2491 1125 2559 1184 in
2578 1124 2676 1185 his
2690 1125 2911 1205 poenis,
2924 1143 3065 1204 quae
3079 1126 3381 1206 distingui
3394 1134 3655 1207 possunt
3676 1146 3696 1189 ε

2122 1236 2273 1280 nam
2300 1217 2613 1278 interdum
2636 1224 2780 1278 sunt
2802 1218 2976 1297 quasi
3009 1219 3288 1297 passivae,
3308 1225 3379 1280 ut
3398 1239 3528 1282 esse
3558 1223 3697 1283 ine-

2122 1310 2426 1389 ligibilem
2452 1356 2472 1386 ,
2521 1328 2650 1371 esse
2694 1311 3050 1390 incapacem
3090 1310 3396 1373 bonorum
3416 1359 3436 1389 ,
3489 1321 3556 1375 et
3605 1317 3699 1375 si-

2126 1404 2326 1479 mileS,
2356 1422 2493 1483 quae
2524 1402 2752 1463 tollunt
2784 1404 3092 1483 passivam
3118 1407 3548 1484 capacitatem,
3587 1426 3700 1468 seu

2125 1496 2543 1570 habilitatem3
2586 1496 2724 1556 aliae
2765 1514 2912 1557 vero
2958 1495 3080 1557 dici
3138 1505 3394 1576 possunt
3448 1501 3696 1577 activoe,

2126 1608 2263 1669 quae
2293 1590 2540 1668 privant
2566 1607 2714 1649 voce
2742 1590 2966 1665 activa,
3001 1608 3109 1651 seu
3142 1591 3409 1652 reddunt
3444 1593 3701 1655 inhabi-

2126 1681 2252 1742 lem
2300 1700 2628 1761 personam
2679 1683 2759 1743 ad
2805 1682 3132 1743 ferendum
3171 1684 3565 1764 suffragium,
3619 1687 3698 1747 ad

2124 1775 2509 1853 eligendum,
2545 1780 2609 1835 et
2631 1775 2881 1836 similes.

2202 1870 2263 1928 2.
2287 1869 2522 1947 Regula
2539 1868 2840 1947 ymo-alis
2851 1885 2960 1946 pro
2983 1870 3333 1947 particula:
3357 1870 3488 1948 ipso
3501 1874 3693 1948 facto.

2122 1963 2316 2022 —De
2361 1962 2459 2021 his
2502 1979 2649 2039 ergo
2703 1966 2795 2021 est
2848 1961 3024 2022 valde
3069 1969 3315 2041 recepta
3361 1965 3693 2041 sententia,

2126 2054 2367 2133 quoties
2398 2054 2498 2114 lex
2525 2052 2788 2133 poenalis
2823 2072 2966 2114 cum
2997 2055 3310 2116 additione
3338 2057 3471 2135 ipso
3500 2060 3691 2133 sacto,

2126 2146 2227 2207 vel
2260 2146 2467 2221 simili,
2511 2147 2775 2226 imponit
2815 2147 3173 2226 hujusmodi
3208 2148 3693 2226 inhabilitatem,

2129 2239 2372 2300 etiamsi
2420 2258 2545 2300 non
2598 2240 2786 2301 addat
2837 2243 3053 2320 absque
3089 2242 3220 2303 alia
3259 2243 3693 2319 declaratione,

2129 2333 2229 2394 vel
2272 2332 2443 2393 aliud
2484 2334 2877 2412 aequivalens,
2921 2334 3211 2395 inducere
3260 2336 3478 2395 statim
3520 2335 3696 2396 illam

2131 2425 2586 2487 inhabilitatem
2625 2432 2769 2487 ante
2799 2444 3049 2487 omnem
3073 2429 3469 2503 sententiam,
3507 2430 3698 2489 etiam

2131 2518 2603 2579 declaratoriam
2629 2519 2926 2579 criminis.
2964 2520 3055 2580 Ita
3087 2525 3301 2582 tenent
3335 2526 3549 2600 aperte
3583 2522 3700 2581 Ga-

2126 2612 2320 2690 jetan.
2353 2614 2413 2672 2.
2446 2614 2507 2688 2,
2536 2616 2751 2691 quaest.
2787 2614 2888 2688 62,
2915 2619 3031 2673 art.
3079 2616 3152 2690 33
3193 2614 3482 2693 Sylvoet„
3517 2615 3697 2676 verb.

2133 2703 2524 2779 Assassinas,
2551 2705 2802 2780 Navar.‚
2844 2704 3020 2766 Cord.
3065 2711 3128 2766 et
3149 2706 3257 2767 alii
3282 2708 3345 2767 in
3374 2725 3513 2786 cap.
3552 2712 3585 2768 1
3623 2709 3701 2769 de

2133 2798 2365 2872 Const.,
2392 2805 2454 2857 et
2480 2797 2689 2876 Tiraq.
2728 2815 2935 2878 supra.
2968 2798 3286 2860 Consentit
3330 2801 3523 2860 etiam
3573 2802 3702 2863 Me-

2134 2889 2265 2950 din.
2295 2893 2350 2952 ⁴.
2385 2892 2448 2966 2,
2480 2896 2696 2970 quaest.
2731 2893 2835 2967 96,
2858 2893 3033 2952 artic.
3073 2895 3148 2971 43
3190 2898 3253 2954 et
3278 2894 3347 2953 in
3371 2893 3471 2954 his
3499 2896 3703 2972 poenis

2134 2983 2301 3044 idem
2330 2984 2517 3044 sentit
2542 2985 2784 3059 Covar.‚
2827 2985 2895 3045 in
2918 2987 2979 3061 4,
3012 2992 3172 3064 part.
3204 2989 3269 3062 2,
3300 3004 3435 3065 cap.
3466 2989 3525 3062 8,
3553 2987 3593 3068 ἓ
3628 2989 3694 3063 5,

2132 3093 2307 3139 num.
2355 3079 2415 3153 8,
2445 3076 2703 3156 loquens
2730 3077 2808 3139 de
2838 3077 3241 3158 incapacitate
3269 3080 3351 3140 ad
3376 3080 3703 3141 haeredita-

2130 3174 2258 3231 tem
2284 3177 2631 3250 paternam,
2660 3189 2798 3250 quoe
2820 3171 3159 3251 illegitimis
3182 3174 3407 3253 spuriis
3428 3174 3702 3253 imponi·

2132 3268 2234 3324 tur
2260 3264 2392 3342 ipso
2418 3264 2585 3324 facto
2610 3282 2721 3343 per
2745 3263 2937 3342 leges,
2967 3267 3252 3344 quamvis
3273 3266 3382 3325 illa
3409 3284 3541 3327 non
3571 3273 3702 3326 tam

2131 3355 2210 3416 sit
2252 3355 2525 3416 filiorum
2561 3374 2767 3436 poena,
2803 3375 2991 3437 quam
3021 3365 3370 3437 parentum.
3405 3358 3703 3438 Idemque

2132 3450 2220 3511 ait
2250 3451 2315 3510 in
2359 3450 2575 3528 regula
2606 3451 2947 3527 Peccatum,
2977 3452 3017 3511 2
3041 3458 3230 3530 part„
3265 3452 3302 3532 ᾖ
3330 3453 3393 3528 6,
3432 3452 3511 3512 de
3540 3454 3704 3530 Lege

2134 3560 2273 3621 quae
2302 3542 2369 3602 in
2396 3561 2646 3622 poenam
2665 3543 2925 3623 impedit
2946 3544 3415 3623 acquisitionem
3436 3545 3704 3606 dominii

2134 3635 2396 3714 alicujus
2423 3636 2537 3711 rei,
2577 3642 2647 3695 ut
2674 3654 2752 3696 ex
2778 3636 3050 3697 Concilio
3073 3638 3356 3698 Lateran.
3393 3657 3583 3717 supra
3607 3658 3706 3700 re·

2132 3727 2270 3804 tuli,
2304 3734 2365 3788 et
2393 3746 2470 3789 ex
2497 3729 2695 3804 Trid.,
2726 3747 2871 3790 sess,
2917 3730 3020 3804 23,
3051 3749 3185 3810 cap.
3224 3735 3255 3791 1
3284 3732 3361 3791 de
3385 3731 3699 3806 Reform.;

2132 3826 2194 3881 et
2221 3820 2420 3881 simile
2464 3821 2726 3882 habetur
2769 3822 2835 3882 in
2882 3840 3030 3882 sess‚
3062 3824 3164 3898 22,
3213 3841 3268 3883 c.
3323 3825 3362 3883 3
3376 3846 3394 3898 3
3430 3830 3497 3884 et
3526 3825 3699 3900 Soto,

2130 3913 2241 3975 lib.
2275 3915 2353 3974 10
2376 3912 2452 3973 de
2478 3914 2715 3990 Justit.,
2741 3919 2955 3994 quaest.
3001 3917 3062 3991 5,
3094 3921 3212 3975 art.
3244 3918 3305 3992 6,
3351 3935 3482 3976 non
3512 3919 3703 3978 audet

2130 4006 2249 4066 hoc
2274 4024 2525 4084 negare,
2557 4006 2775 4067 saltem
2798 4006 2874 4068 de
2906 4007 3350 4087 impedimento
3376 4027 3535 4089 pure
3562 4028 3703 4089 pas-

2132 4098 2265 4159 sivo
2293 4115 2310 4159 z
2337 4115 2579 4177 semper
2600 4103 2810 4160 tamen
2833 4099 3072 4160 reducit
3086 4100 3199 4160 has
3216 4119 3432 4180 poenas
3449 4100 3531 4162 ad
3552 4120 3699 4162 con·

2132 4191 2540 4266 ventionale3‚
2571 4191 2719 4270 quia
2744 4191 3043 4253 beneficia
3081 4192 3182 4254 vel
3227 4193 3435 4255 officia
3470 4196 3701 4256 dantur

2134 4284 2249 4345 sub
2270 4284 2368 4344 his
2401 4283 2877 4346 conditionibus.
2903 4284 3096 4360 Quod,
3127 4290 3199 4346 ut
3220 4304 3382 4367 saepe
3409 4288 3565 4364 dixi,
3592 4307 3699 4350 vo-

2131 4375 2473 4437 luntarium
2514 4381 2575 4437 et
2613 4375 2991 4438 insufficiens
3033 4383 3160 4453 est;
3207 4384 3347 4439 tum
3392 4381 3543 4459 quia
3580 4381 3703 4442 illae

2131 4469 2298 4549 leges
2324 4467 2694 4548 generaliter
2728 4469 3038 4545 feruntur,
3068 4471 3257 4531 etiam
3290 4490 3404 4550 pro
3441 4472 3541 4533 his
3592 4474 3703 4556 qui

2131 4568 2276 4622 ante
2302 4561 2438 4621 illas
2463 4560 2766 4622 beneficia
2793 4561 2891 4623 vel
2915 4560 3115 4622 officia
3137 4562 3533 4639 obtinebant;
3560 4570 3705 4625 tum

2131 4654 2318 4714 etiam
2347 4655 2494 4732 quia
2521 4671 2649 4713 non
2678 4652 2950 4732 pendent
2986 4671 3064 4714 ex
3099 4660 3276 4733 pacto
3299 4654 3401 4715 vel
3429 4674 3707 4717 conven-

2130 4747 2323 4822 tione,
2352 4764 2467 4806 nec
2493 4745 2601 4806 illo
2630 4746 2866 4805 intuitu
2891 4746 3200 4824 feruntur,
3223 4764 3338 4807 nec
3368 4749 3707 4827 requirunt

2130 4841 2449 4901 scientiam
2488 4845 2597 4899 aut
2627 4856 2994 4900 consensum
3034 4840 3175 4900 talis
3213 4842 3419 4919 pacti,
3460 4842 3571 4903 sed
3627 4861 3707 4904 ex

2130 4951 2303 4994 mera
2326 4938 2623 5011 potestate
2645 4932 2987 5010 legislativa
3007 4934 3316 4995 feruntur.

2210 5028 2270 5087 3.
2314 5024 2738 5103 Probaturque
2788 5042 2861 5084 ex
2913 5043 3050 5104 cap.
3107 5023 3260 5087 Cum
3302 5026 3580 5106 sinyula,
3628 5027 3710 5089 de

2130 5119 2447 5181 Praebend.
2481 5118 2547 5177 in
2572 5119 2634 5193 6,
2665 5116 2786 5177 ibi:
2820 5119 2931 5179 Ea:
2959 5123 3099 5180 tanc
3125 5136 3187 5180 co
3216 5118 3348 5196 ipso
3378 5120 3710 5196 efficiatur

2132 5211 2525 5292 ineliqibilis;
2552 5210 2707 5269 etin
2734 5208 2890 5270 fine:
2942 5210 3295 5283 Redduntur
3329 5211 3712 5289 indiyibiks

2128 5306 2259 5385 ipso
2274 5306 2455 5385 jare,·
2483 5303 2590 5363 ubi
2618 5321 2832 5364 omnes
2858 5301 3238 5381 intelligunt,
3279 5321 3420 5363 cum
3458 5304 3707 5380 Glossa,

2128 5398 2298 5459 illam
2329 5414 2575 5477 poenam
2609 5396 2818 5456 statim
2851 5395 3113 5471 incurri,
3144 5396 3232 5454 ita
3272 5402 3343 5455 ut
3370 5395 3595 5456 electio
3623 5396 3705 5457 de

476 5513 634 5575 pure
665 5494 1010 5578 privativis,
1048 5514 1186 5578 quae
1230 5497 1310 5559 ad
1336 5495 1587 5577 plenam
1613 5495 2045 5559 executionem
2126 5491 2240 5554 tali
2270 5508 2534 5572 persona
2558 5488 2721 5553 facta
2751 5487 2926 5550 nulla
2946 5487 3048 5567 sit,
3074 5494 3137 5551 et
3156 5495 3370 5551 tamen
3397 5488 3712 5551 inhabili-
