3976 6219
543 371 665 434 298

544 477 795 540 difficile
842 483 1055 540 tamen
1105 479 1183 541 ad
1231 485 1477 541 textum
1530 481 2103 555 accommodantur,

546 571 694 649 quia
726 571 1009 632 Pontifex
1038 573 1398 652 simpliciter
1423 580 1487 634 et
1512 573 1786 634 absolute
1806 573 2102 652 loquitur,

547 670 610 724 et
635 681 760 722 non
783 663 1039 724 affertur
1065 668 1245 741 rati0,
1277 685 1387 726 cur
1408 665 1525 726 1100
1538 666 1661 727 6110
1677 667 1859 726 1110ᾶο
1883 666 2108 726 11111116-

546 763 669 832 tur,
692 762 756 816 et
777 756 916 817 ideo
937 757 1088 818 alibi
1106 759 1238 819 dixi
1260 759 1619 820 Pontificem
1645 778 1772 820 non
1791 761 2105 838 assignare

545 850 828 928 regulam
860 850 1294 926 universalem,
1334 852 1584 927 scilicet,
1617 859 1854 913 metum
1896 851 1964 911 in
2002 851 2110 912 illa

548 933 808 1001 materia
860 959 989 1002 non
1037 961 1328 1004 excusare
1376 961 1414 1003 a
1463 944 1640 1023 culpa
1686 943 1956 1018 mortali,
2002 943 2109 1004 sed

549 1035 921 1096 constituere
946 1036 1229 1113 regulam
1249 1035 1658 1111 indefinitam,
1698 1036 1952 1111 scilicet,
1981 1055 2109 1097 non

490 1131 503 1140 “
547 1146 791 1207 semper
817 1134 1053 1189 metum
1084 1146 1399 1206 excusare,
1441 1129 1531 1190 ita
1570 1131 1736 1190 utin
1761 1129 1878 1190 1100
1915 1138 2107 1209 ponat

548 1220 963 1281 differentiam
1011 1222 1176 1283 inter
1221 1223 1351 1282 vim
1394 1228 1457 1283 et
1508 1229 1767 1298 metum,
1810 1223 1977 1303 quod
2014 1224 2108 1284 vis

549 1332 789 1393 semper
827 1320 1108 1390 excusat,
1152 1321 1353 1376 metus
1391 1322 1602 1377 autem
1652 1334 1779 1377 non
1818 1334 2103 1396 semper:

550 1406 798 1486 quando
841 1413 1050 1468 autem
1096 1415 1363 1484 excusat,
1412 1409 1513 1470 vel
1560 1409 1809 1488 quando
1854 1427 2006 1484 non,
2044 1410 2110 1470 id

551 1517 678 1559 non
698 1499 992 1575 declarat,
1026 1501 1133 1561 sed
1162 1501 1460 1580 relinquit
1486 1501 1763 1580 generali
1791 1502 2107 1574 doctrinoe,

551 1611 690 1673 quae
729 1594 796 1653 in
845 1593 982 1654 aliis
1022 1595 1505 1674 expositionibus
1547 1596 1920 1656 continetur.
1951 1597 2111 1656 Tan-

552 1686 692 1746 dem
717 1685 838 1746 dici
865 1687 1053 1765 possit
1077 1689 1249 1748 Ponti
1257 1687 1434 1749 ficem
1456 1689 1657 1749 solum
1681 1706 1812 1750 esse
1831 1688 2112 1749 locutum

552 1779 893 1839 secundum
939 1782 1484 1860 praesumptionem
1522 1783 1725 1862 quoad
1766 1782 1973 1842 forum
2014 1800 2118 1843 ex-

550 1875 836 1931 ternum:
870 1872 977 1933 sed
1000 1891 1126 1932 non
1151 1875 1239 1934 ita
1260 1874 1481 1954 placet,
1508 1877 1654 1954 quia
1678 1876 1865 1937 etiam
1888 1877 1955 1937 in
1982 1875 2118 1937 foro

553 1969 812 2024 externo
847 1965 1231 2028 admittenda
1258 1973 1349 2028 est
1379 1968 1660 2046 probatio
1688 1974 1889 2029 metus
1921 1975 1984 2030 et
2011 1989 2118 2030 ex-

554 2059 889 2118 cusationis
914 2059 1288 2123 sufficientis.
1322 2063 1665 2123 Videantur
1693 2063 1854 2123 dicta
1879 2063 1948 2124 in
1970 2066 2031 2139 5,
2061 2072 2107 2125 t.

554 2151 630 2211 de
658 2153 936 2226 Censur.,
973 2152 1202 2233 disput.
1229 2156 1292 2231 6,
1320 2174 1384 2216 n.
1415 2157 1515 2231 10,
1556 2164 1699 2217 sect.
1731 2158 1790 2231 3,
1820 2163 1886 2218 61
1909 2157 1973 2218 d.
2012 2159 2106 2233 15,

552 2249 698 2305 sect.
730 2246 792 2319 2,
814 2263 877 2305 n.
905 2247 1004 2306 13.

1090 2433 1340 2496 CAPUT
1380 2435 1591 2497 XXXI.

556 2632 758 2678 uuum
796 2633 980 2679 mens
1018 2634 1286 2680 HUMANAE
1311 2633 1725 2681 ommuni&
1750 2636 1828 2681 m·
1854 2636 2118 2682 monvm-

770 2726 1007 2772 annun
1044 2728 1240 2774 OMNES
1283 2729 1550 2774 SUBDITOS
1590 2729 1890 2774 OBLIGENT.

635 2896 692 2955 1.
741 2895 1045 2973 Quoniam
1078 2894 1373 2974 obligatio
1405 2896 1560 2973 legis
1592 2903 1938 2976 respectum
1967 2897 2116 2959 dicit

478 3034 495 3046 .
551 2998 632 3060 ad
657 3013 763 3057 eos
780 2992 890 3073 qui
910 2988 1148 3068 legibus
1174 2989 1552 3068 obligantur,
1586 2991 1746 3065 ideo,
1786 2996 2115 3070 postquam

553 3085 961 3170 explicuimus
988 3101 1062 3145 ea
1082 3101 1219 3163 quae
1246 3084 1326 3145 ad
1352 3083 1513 3144 hanc
1540 3083 1986 3162 obligationem
2008 3083 2116 3145 ab·

550 3184 748 3246 solute
774 3180 1112 3261 pertinent,
1138 3179 1549 3238 necessarium
1571 3184 1665 3239 est
1686 3178 1856 3239 hunc
1880 3196 2116 3259 respec-

551 3284 688 3339 tum
712 3274 1043 3346 declarare,
1074 3271 1240 3350 quod
1267 3270 1375 3332 fiet
1401 3273 1536 3350 ejus
1554 3272 1893 3333 terminum
1914 3273 2116 3334 decla-

552 3370 772 3444 rando,
808 3366 869 3427 id
902 3371 1017 3439 est,
1048 3381 1337 3443 personas
1364 3365 1445 3424 ad
1476 3383 1629 3443 quas
1654 3365 1796 3425 talis
1818 3364 2116 3443 obligatio

552 3463 845 3543 pertinet.
866 3460 1124 3518 Possunt
1137 3461 1345 3516 autem
1356 3456 1452 3516 hee
1471 3474 1746 3534 personae
1764 3459 1831 3516 in
1852 3463 2118 3536 quatuor

556 3554 805 3615 ordines
849 3567 957 3610 seu
1010 3548 1225 3608 classes
1274 3548 1606 3625 distingui:
1652 3550 1906 3627 quidam
1947 3550 2115 3611 enim

558 3652 704 3708 sunt
735 3641 1058 3703 inferiores
1083 3638 1455 3717 legislatore,
1488 3640 1552 3700 id
1579 3647 1692 3717 est,
1722 3641 1988 3703 subditi:
2020 3642 2121 3704 hic

559 3737 730 3798 enim
761 3740 1006 3795 tantum
1042 3732 1261 3791 modus
1297 3730 1723 3794 inferioritatis
1771 3736 1864 3811 (ut
1900 3736 1986 3795 sic
2029 3736 2121 3795 di-

561 3831 721 3906 cam)
764 3828 844 3888 ed
890 3830 1254 3905 praesentem
1296 3826 1849 3889 considerationem
1895 3828 2119 3890 refert:

562 3924 670 3987 alii
699 3928 845 3982 sunt
870 3919 1212 3999 superiores
1239 3920 1454 3980 eodem
1484 3921 1692 3996 modo,
1735 3922 1798 3981 id
1826 3928 1938 3997 est,
1970 3941 2125 4002 prae-

562 4017 818 4091 latione,
846 4033 950 4075 seu
975 4012 1437 4093 jurisdictione3
1468 4014 1575 4074 alii
1604 4020 1749 4075 sunt
1770 4014 2129 4076 indifferen-

563 4119 678 4187 tes,
699 4130 807 4172 seu
827 4109 1007 4171 liberi
1026 4126 1103 4169 ex
1120 4114 1345 4170 natura
1371 4110 1486 4185 rei,
1507 4110 1573 4170 id
1596 4115 1708 4186 est,
1734 4128 1849 4171 nec
1868 4111 2124 4187 subditi,

563 4224 678 4268 nec
705 4204 1072 4285 superiores,
1093 4203 1203 4281 qui
1225 4202 1340 4262 sub
1363 4220 1437 4263 ea
1457 4204 1697 4264 ratione
1720 4210 1978 4282 possunt
2005 4204 2126 4265 dici

563 4298 854 4379 aequales,
883 4295 1108 4376 quibus
1136 4301 1356 4375 quarto
1383 4296 1517 4357 loco
1542 4296 1690 4357 addi
1716 4303 1915 4375 potest
1938 4298 2127 4376 legis-

564 4393 724 4454 lator
763 4393 913 4470 ipse.
963 4392 1055 4451 Ex
1095 4390 1320 4469 quibus
1349 4390 1695 4451 omittimus
1736 4392 2121 4470 superiores:

566 4485 643 4546 de
676 4485 797 4545 illis
822 4483 989 4544 enim
1030 4482 1188 4542 nihil
1222 4481 1424 4543 dicere
1453 4500 1698 4543 necesse
1722 4488 1833 4556 est,
1880 4501 2022 4543 cum
2051 4484 2131 4544 sit

567 4598 679 4660 per
702 4596 766 4639 se
787 4583 1008 4638 notum
1044 4593 1148 4637 eos
1169 4593 1296 4635 non
1320 4575 1582 4654 obligari
1608 4574 1851 4654 legibus
1879 4576 2131 4637 inferio-

568 4689 736 4745 rum,
763 4670 815 4731 si
838 4675 909 4730 ut
929 4669 1082 4729 tales
1105 4673 1476 4747 spectentur,
1503 4686 1585 4728 an
1610 4686 1760 4729 vero
1784 4668 1899 4728 sub
1926 4669 2134 4749 aliqua

570 4766 811 4827 ratione
839 4763 1074 4843 possint
1092 4761 1375 4841 obligari,
1403 4761 1764 4841 explicando
1784 4762 1905 4823 6116
1940 4781 2134 4824 mem·

572 4858 686 4918 bra
718 4858 979 4917 dicetur.
1031 4856 1224 4934 Igitur
1247 4855 1324 4916 de
1364 4855 1617 4935 reliquis
1650 4855 1969 4917 ordinibus
1996 4876 2134 4937 per-

574 4967 868 5013 sonarum
892 4950 1225 5010 dicendum
1259 4955 1372 5025 est,
1404 4955 1466 5011 et
1492 4950 1695 5029 primo
1728 4948 2011 5011 subditis.

656 5047 717 5106 2.
765 5045 834 5104 ln
867 5042 1180 5123 proposita
1213 5060 1360 5121 ergo
1385 5043 1724 5122 quaestione
1747 5047 1869 5102 tres
1901 5059 2138 5102 errores

578 5136 781 5198 notari
825 5143 1099 5216 possunt.
1161 5136 1425 5211 Primus,
1466 5135 1899 5196 haereticorum
1930 5133 2139 5194 dicen-

578 5230 740 5289 tium
766 5229 972 5289 fideles
999 5246 1109 5289 seu
1139 5229 1500 5289 christianos
1526 5228 1810 5289 homines
1839 5245 1965 5288 non
1985 5226 2141 5287 obli-

582 5322 717 5400 gari
739 5320 977 5398 legibus
999 5321 1315 5396 humanis,
1338 5323 1484 5400 quia
1501 5340 1612 5402 per
1630 5321 1941 5382 Christum
1961 5320 2142 5383 liberi

578 5413 726 5474 facti
755 5417 936 5472 sunt:
975 5414 1139 5473 unde
1167 5414 1326 5474 dixit
1349 5414 1521 5474 Paul.
1557 5416 1617 5490 1,
1648 5415 1726 5475 ad
1756 5414 2032 5475 Corinth.
2059 5416 2138 5476 6:

583 5506 794 5574 Pretio
815 5505 1000 5589 empti
1036 5507 1203 5584 estis,
1236 5508 1418 5571 nolite
1443 5508 1602 5571 servi
1627 5508 1768 5585 fieri
1803 5507 2146 5581 homimem,-

1547 378 1664 431 Lm.
1699 378 1785 432 111.
1820 378 1901 432 ΒΕ
1930 377 2093 432 LEGE
2125 377 2386 432 num».
2418 379 2497 432 ET
2530 379 2733 431 ctvlLl.

2188 486 2251 541 et
2297 480 2572 542 Christus
2608 480 2764 559 ipse,
2801 477 3019 540 Matth.
3051 479 3150 552 13,
3185 474 3596 556 reprehendit
3632 496 3727 541 ser-
3843 425 3844 470 ἒ

2186 581 2402 635 vantes
2439 573 2732 634 mandata
2768 578 2831 632 et
2858 571 3216 631 traditiones
3243 570 3599 630 hominum.
3634 573 3727 633 Sed

2184 666 2286 728 1110
2311 685 2483 727 error
2509 664 2881 745 generaliter
2905 663 3208 724 refutatus
3228 669 3326 723 est
3352 662 3469 721 lib.
3501 666 3555 736 1,
3577 681 3623 724 0.
3649 666 3726 741 18,

2189 768 2252 823 61
2282 759 2603 839 specialius
2635 760 2702 819 in
2729 757 3037 837 principio
3076 756 3266 834 hujus
3300 755 3479 830 libri,
3525 757 3629 816 ubi
3653 777 3728 818 os-

2188 855 2500 915 tendimus
2526 869 2656 914 esse
2683 853 2750 912 in
2773 850 3154 930 principibus
3181 854 3556 928 potestatem
3575 849 3728 927 legis-
3845 859 3846 888 1

2187 946 2442 1006 lativam
2464 945 2732 1018 civilem,
2762 952 2825 1004 et
2842 943 3002 1003 hanc
3033 958 3434 1021 perseverare
3451 942 3518 1000 in
3536 942 3724 1002 Clu-isli

2188 1038 2477 1112 Ecclesia,
2500 1044 2563 1098 et
2579 1039 2741 1097 circa
2764 1034 2975 1096 fideles
3000 1035 3253 1095 versari.
3291 1034 3584 1112 Idemque
3608 1052 3723 1096 cum

2186 1133 2584 1212 proportione
2618 1129 3012 1190 ostendemus
3051 1129 3118 1188 in
3164 1128 3330 1187 libro
3369 1130 3641 1205 sequenti
3663 1130 3721 1190 de

2188 1225 2604 1285 Ecclesiastica
2624 1226 2946 1302 potestate,
2968 1226 3033 1281 et
3057 1220 3197 1280 ideo
3224 1219 3330 1279 hic
3351 1218 3534 1298 plura
3553 1219 3720 1281 dicere

2189 1338 2316 1380 non
2346 1324 2439 1380 est
2464 1334 2748 1378 necesse:
2786 1332 2934 1376 nam
2961 1313 3128 1393 quod
3166 1314 3391 1374 Paulus
3419 1320 3620 1374 monet
3655 1333 3717 1375 ne

2192 1412 2533 1474 efficiamur
2557 1410 2718 1472 servi
2743 1408 3095 1482 hominum,
3138 1406 3458 1484 intelligit,
3487 1425 3603 1485 qua
3629 1408 3717 1468 ho-

2192 1507 2392 1567 mines
2410 1510 2578 1579 sunt,
2599 1503 2662 1564 id
2684 1508 2797 1578 est,
2818 1520 2897 1562 ne
2916 1501 3037 1561 illis
3062 1517 3394 1579 pareamus
3414 1499 3480 1558 in
3505 1500 3576 1558 iis
3599 1518 3713 1578 quae

2190 1603 2315 1663 Deo
2341 1604 2713 1678 repugnant,
2750 1612 2866 1657 nec
2890 1594 3248 1655 servitutem
3279 1592 3518 1653 illorum
3550 1593 3712 1652 servi·

2196 1695 2315 1756 tuti
2341 1693 2448 1754 Dei
2465 1691 2888 1772 praeferamus.
2915 1688 3032 1762 Qui
3052 1693 3263 1748 autem
3285 1687 3585 1766 subjicitur
3603 1687 3707 1765 legi

2194 1788 2488 1848 humanae
2512 1785 2681 1863 justa
2707 1789 2770 1845 et
2800 1782 3080 1860 legitima
3105 1785 3394 1859 potestate
3419 1781 3565 1856 latae,
3594 1798 3705 1839 ma-

2197 1882 2292 1960 gis
2317 1881 2442 1941 Deo
2467 1879 2655 1939 servit
2679 1895 2866 1956 quam
2883 1875 3149 1948 homini,
3177 1875 3320 1952 quia
3335 1879 3391 1934 61
3405 1873 3567 1934 1101110
3585 1893 3692 1934 11011

2198 1976 2318 2036 fert
2364 1973 2592 2050 legem,
2633 1971 2752 2031 nisi
2792 1976 2863 2030 ut
2884 1969 3166 2029 minister
3193 1969 3314 2043 Dei,
3338 1974 3393 2028 et
3413 1969 3548 2027 Deus
3568 1968 3682 2044 ipse

2193 2069 2469 2149 praecipit
2511 2064 2761 2125 obedire
2802 2062 3178 2142 principibus
3221 2067 3276 2121 et
3318 2060 3561 2133 PraelatiS,
3608 2065 3671 2120 ut

2194 2163 2360 2223 idem
2389 2159 2618 2220 Paulus
2644 2157 2781 2217 aliis
2807 2156 2956 2216 locis
2986 2154 3216 2230 docuit:
3234 2160 3288 2214 et
3306 2154 3493 2214 eodem
3509 2152 3676 2212 modo

2192 2273 2266 2316 ac
2292 2271 2476 2315 sensu
2503 2250 2798 2311 mandata
2831 2248 3162 2308 hominum
3181 2247 3434 2306 dicuntur
3455 2264 3557 2325 per
3584 2264 3686 2304 an-

2198 2345 2630 2419 tonomasiam,
2679 2361 2820 2422 quae
2864 2346 3214 2421 repugnant
3252 2339 3529 2400 mandatis
3571 2336 3690 2411 Dei,

2197 2441 2357 2502 sicut
2389 2438 2627 2518 proprio
2659 2436 2945 2496 voluntas
2967 2436 3194 2495 dicitnr
3216 2450 3345 2512 quae
3368 2450 3404 2492 a
3418 2430 3696 2491 voluntate

2196 2536 2328 2609 Dei,
2371 2533 2469 2593 vel
2510 2529 2843 2610 superioris
2879 2529 3184 2591 discordat
3199 2574 3219 2603 ,
3268 2532 3330 2587 et
3365 2524 3494 2586 ideo
3527 2540 3702 2602 repre·

2195 2628 2389 2689 hendi
2411 2626 2586 2700 solet,
2617 2623 2902 2705 quamvis
2932 2623 3084 2683 alias
3112 2626 3348 2682 constet
3379 2618 3601 2699 propria
3617 2635 3702 2677 vo·

2193 2719 2432 2779 luntate
2456 2723 2519 2777 et
2543 2717 2826 2777 libertate
2859 2714 3161 2775 utendum
3189 2730 3320 2774 esse
3350 2711 3429 2771 ad
3460 2709 3703 2770 obedien·

2194 2813 2345 2872 dum
2365 2813 2508 2872 Deo.
2531 2811 2629 2872 Sic
2639 2827 2788 2887 ergo
2805 2807 3110 2868 mandatis
3129 2806 3455 2867 hominum
3469 2802 3705 2863 obedien·

2195 2906 2348 2966 dum
2371 2910 2483 2975 est,
2510 2901 2759 2984 quaudo
2794 2907 2939 2962 sunt
2965 2906 3383 2962 consentanea
3404 2897 3610 2958 divinae
3625 2913 3703 2955 vo-

2196 2998 2447 3058 luntati.

2205 3101 2214 3108 ‘
2278 3095 2333 3154 3.
2367 3089 2678 3154 Secundus
2693 3106 2885 3162 error,
2911 3086 3119 3149 saltem
3128 3086 3336 3165 justos
3356 3103 3477 3147 non
3495 3083 3597 3146 obli
3599 3082 3706 3161 φατέ

2197 3185 2428 3263 leqibus
2459 3179 3164 3245 humanis—Secundus
3191 3195 3367 3239 error
3396 3183 3494 3238 est
3520 3173 3712 3236 116111011-

2196 3294 2406 3340 corum
2425 3276 2612 3354 hujus
2632 3276 2929 3354 temporis
2948 3274 3311 3346 dicentium,
3329 3271 3547 3332 saltem
3563 3272 3712 3349 justos

2197 3389 2325 3431 non
2370 3369 2635 3446 obligari
2676 3367 2917 3446 legibus
2962 3365 3253 3426 humanis
3269 3410 3289 3441 ,
3337 3365 3459 3443 qui
3506 3367 3715 3423 utuntur

2198 3463 2428 3524 eisdem
2437 3461 2860 3522 fundamentis
2874 3464 3125 3539 propter
3133 3476 3270 3537 quae
3289 3457 3466 3518 idem
3486 3460 3718 3517 asserunt

2199 3556 2274 3616 de
2302 3554 2476 3616 omni
2508 3554 2678 3631 lege;
2728 3553 2861 3613 istis
2889 3569 3035 3613 vero
3073 3552 3222 3611 satis
3266 3567 3623 3629 responsum
3653 3551 3720 3607 est

2200 3648 2268 3708 in
2300 3649 2464 3708 dicto
2491 3665 2626 3726 cap.
2662 3647 2762 3720 18,
2791 3645 2899 3708 lib.
2935 3648 2994 3720 1,
3043 3650 3107 3705 61
3149 3643 3289 3704 ideo
3335 3644 3402 3703 in
3454 3643 3564 3704 1100
3601 3638 3721 3700 nihil

2201 3741 2303 3802 1110
2342 3742 2567 3802 addere
2612 3757 2853 3801 necesse
2895 3744 3007 3799 est.
3051 3738 3262 3799 Videri
3297 3738 3528 3798 deinde
3568 3737 3724 3815 potest

2204 3834 2464 3911 August.
2487 3834 2552 3894 in
2573 3832 2827 3912 Epistol.
2855 3832 2931 3892 ad
2959 3833 3138 3893 Rom.
3161 3849 3295 3909 cap.
3323 3831 3429 3905 72,
3458 3828 3720 3899 adfinem,

2207 3928 2314 4007 qui
2361 3927 2484 3989 1616
2520 3927 2687 3987 1111110
2728 3943 3002 3986 errorem
3041 3926 3173 4004 jam
3214 3924 3364 3984 olim
3397 3921 3720 3984 confutavit.

2208 4021 2447 4081 Tertius
2475 4038 2646 4081 error
2667 4019 2787 4079 fuit
2817 4037 2947 4079 non
2967 4035 3389 4098 quoscumque
3413 4018 3629 4095 justoS,
3650 4011 3727 4073 sed

2207 4114 2431 4174 eximie
2458 4112 2759 4192 perfectos
2786 4116 3102 4191 exemptos
3125 4130 3254 4172 esse
3278 4111 3357 4170 ab
3386 4108 3730 4189 obligatione

2205 4207 2356 4285 legis
2410 4206 2702 4266 humanae
2723 4251 2743 4282 ,
2798 4206 2962 4285 quod
3018 4210 3342 4264 senserunt
3390 4202 3645 4283 Begardi
3686 4204 3733 4258 et

2207 4298 2493 4376 Beghini,
2513 4304 2584 4358 ut
2601 4297 2914 4373 colligitur
2935 4315 3012 4358 ex
3025 4297 3322 4359 Clement.
3343 4296 3451 4358 Ad
3476 4302 3726 4364 nostram,

2208 4393 2283 4452 de
2302 4393 2525 4453 Haeret.
2562 4390 3005 4452 Fundabantur
3026 4396 3258 4465 autem,
3285 4391 3432 4469 quia
3476 4389 3734 4470 putabant

2205 4487 2402 4565 justos
2448 4485 2748 4563 perfectos
2780 4485 2847 4544 in
2877 4485 2992 4545 1160
3020 4484 3151 4544 vita
3181 4485 3511 4563 pervenire
3538 4483 3610 4543 ad
3640 4487 3734 4540 sta-

2211 4583 2345 4637 tum
2375 4576 2760 4653 beatificum,
2795 4577 2864 4637 in
2900 4595 3023 4656 quo
3051 4594 3178 4637 non
3211 4576 3571 4655 obligantur
3603 4572 3734 4635 beati

2211 4669 2454 4750 legibus
2471 4670 2784 4731 humaniS.
2812 4670 2928 4732 Sed
2952 4671 3068 4730 hoc
3090 4670 3570 4731 fundamentum
3589 4668 3736 4748 plane

2213 4769 2305 4825 est
2325 4763 2705 4840 haereticum,
2727 4782 2927 4842 neque
2951 4770 3040 4825 est
3062 4765 3180 4824 hoc
3202 4764 3333 4825 loco
3354 4762 3734 4831 tractandum,

2213 4856 2404 4917 habet
2448 4858 2616 4917 enim
2658 4857 2978 4936 proprium
3018 4857 3086 4916 in
3133 4860 3161 4917 1
3206 4862 3365 4936 part.
3373 4902 3392 4932 ,
3424 4861 3634 4935 quaest.
3663 4852 3736 4925 ¹2,

2216 4955 2280 5010 et
2307 4952 2364 5010 1.
2401 4951 2463 5025 2,
2490 4955 2705 5028 quaest.
2731 4952 2768 5011 3
2792 4956 2853 5011 et
2879 4952 2951 5011 4:
2981 4951 3121 5011 ideo
3149 4956 3365 5010 contra
3391 4949 3562 5009 hunc
3586 4948 3740 5008 etiam

2217 5059 2491 5104 errorem
2537 5042 2811 5104 sufficere
2862 5049 3116 5122 possunt
3165 5042 3446 5123 superius
3496 5042 3655 5102 dicta
3693 5036 3742 5095 in

2219 5135 2482 5214 allegato
2512 5153 2646 5214 cap.
2677 5139 2777 5211 18,
2804 5142 2866 5197 61
2898 5136 2974 5197 de
3019 5141 3317 5215 potestate
3344 5134 3583 5196 ferendi
3608 5133 3744 5208 leges

2220 5228 2548 5304 humanas,
2574 5235 2637 5289 et
2659 5228 2938 5290 definitio
2955 5228 3210 5290 Concilii
3221 5229 3499 5289 Trident.
3508 5273 3527 5303 ,
3549 5242 3681 5286 sess·
3699 5224 3745 5292 ὅ,

2221 5327 2269 5381 1.
2315 5323 2383 5381 11
2410 5342 2427 5396 ;
2477 5326 2540 5381 61
2575 5341 2709 5384 0611.
2753 5323 2832 5382 10
2854 5329 2916 5383 61
2938 5323 3060 5398 203
3092 5328 3153 5382 et
3182 5321 3379 5383 videri
3407 5324 3601 5400 potest
3631 5316 3746 5377 Soto

2220 5412 2330 5474 lib.
2357 5415 2395 5473 3
2414 5414 2490 5475 de
2509 5414 2723 5476 Natur.
2750 5421 2813 5475 et
2834 5421 3016 5494 grat„
3055 5432 3189 5495 cap.
3220 5418 3248 5477 1
3271 5430 3292 5492 3
3318 5416 3500 5494 Veg.,
3535 5411 3642 5473 lib.
3667 5409 3743 5480 ll,

2223 5506 2291 5569 111
2313 5505 2496 5570 Conc.
2519 5508 2716 5587 Trid.,
2741 5526 2874 5589 cap.
2901 5511 2941 5571 6
2968 5513 3031 5571 et
3050 5510 3110 5569 7.
