3976 6219
754 396 890 451 CAP.
912 398 1020 451 XX.
1050 397 1263 452 U'rnuu
1285 397 1479 451 LEGES
1505 396 1874 450 mm'rAN'rsss
1893 399 2114 466 Acws,
2135 401 2311 457 1LLos
2335 405 2398 458 IN
2426 406 2844 473 consummat,
2865 411 3000 465 mc.

274 496 529 560 bitionis
552 495 800 558 irritant
824 497 1025 573 illum,
1055 497 1333 578 obligant
1359 498 1427 560 in
1463 498 1840 560 conscientia

276 592 356 652 ad
380 591 568 653 talem
596 595 803 651 actum
826 591 1174 652 vitandum.
1189 590 1517 652 'Conclusio
1540 597 1633 652 est
1650 591 1839 666 clara,

278 684 354 746 de
372 703 495 763 qua
514 683 711 745 videri
732 688 930 762 potest
953 685 1174 745 Navar.
1205 702 1413 763 supra,
1436 689 1499 744 et
1516 683 1834 763 probatur,

278 778 423 857 quia
462 776 602 837 talis
646 776 746 837 lex
785 782 876 837 est
912 776 1082 855 justa
1125 778 1193 837 in
1251 776 1363 838 tali
1421 776 1839 857 prohibitione

281 871 531 949 praecise
576 874 868 948 spectata,
920 875 982 930 et
1026 870 1303 949 continet
1327 875 1702 949 praeceptum
1729 888 1840 931 ne-

282 962 560 1040 gativum
588 984 606 1036 3
630 979 777 1040 ergo
796 961 1029 1040 obligat
1055 963 1120 1023 in
1148 962 1522 1024 conscientia
1541 963 1618 1023 ad
1640 962 1841 1023 vitan-

282 1054 433 1114 dum
468 1053 657 1115 talem
697 1060 930 1115 actum.
981 1055 1155 1115 Patet
1195 1054 1653 1134 consequentia,
1694 1054 1841 1133 quia

281 1145 384 1206 hic
432 1152 522 1207 est
560 1146 929 1207 intrinsecus
969 1146 1220 1208 effectus
1266 1146 1421 1225 legis
1459 1152 1663 1227 justae,
1711 1147 1840 1208 sive

282 1239 689 1318 prohibentis„
710 1239 839 1300 sive
856 1240 1293 1320 praecipientis:
1310 1240 1412 1300 1110
1437 1245 1646 1300 autem
1660 1238 1843 1300 effec-

283 1337 384 1392 tus
412 1350 540 1392 non
554 1332 888 1411 impeditur
908 1339 1231 1413 propterea
1243 1333 1410 1413 quod
1430 1333 1532 1394 lex
1553 1332 1738 1392 addat
1759 1331 1839 1392 ir-

283 1425 639 1486 ritationem
655 1425 1080 1505 prohibitioni,
1102 1426 1259 1486 sicut
1280 1444 1469 1506 supra
1486 1425 1842 1486 dicebamus

285 1518 663 1579 additionem
679 1537 875 1598 poenoe
901 1538 1029 1581 000
1048 1520 1289 1581 auferre
1312 1518 1754 1597 obligationem
1776 1518 1844 1579 in

285 1612 659 1673 conscientia
684 1611 839 1691 legis
860 1612 1159 1692 poenaIiS,
1144 1630 1157 1644 ·
1190 1618 1282 1673 est
1325 1612 1494 1673 enim
1532 1629 1675 1671 cum
1702 1629 1842 1690 pro-

283 1705 566 1786 portione
594 1705 810 1766 eadem
841 1705 1019 1767 ratio.
1049 1706 1209 1781 Quin
1231 1708 1437 1785 potius
1463 1703 1531 1764 in
1557 1704 1844 1784 praesenti

286 1803 474 1875 auget
508 1796 971 1877 obligationem,
1015 1804 1152 1859 tum
1186 1798 1333 1878 quia
1358 1815 1436 1858 ex
1472 1814 1583 1888 suo
1619 1814 1847 1875 genere

288 1891 536 1967 gravius
578 1898 692 1967 est,
741 1892 1057 1972 magisque
1085 1911 1123 1953 a
1150 1897 1318 1953 recta
1343 1891 1581 1953 ratione
1609 1888 1849 1951 exorbi-

286 1988 402 2060 tat,
423 1983 625 2045 facere
650 1990 858 2045 actum
880 1984 1261 2065 prohibitum
1283 1990 1345 2045 et
1369 1984 1640 2061 irritum,
1658 2001 1851 2062 quam

286 2081 532 2136 tantum
557 2076 974 2156 prohibitum·
955 2122 976 2156 ,
1005 2083 1143 2139 tum
1170 2077 1359 2139 etiam
1397 2078 1545 2157 quia
1575 2076 1680 2138 ille
1717 2094 1850 2137 mo-

287 2168 402 2228 dus
436 2169 808 2248 prohibendi
854 2171 1087 2233 indicat
1137 2172 1437 2251 maJorem
1481 2169 1849 2250 gravitatem

287 2260 746 2341 prohibitionis,
769 2268 900 2324 tum
922 2281 999 2325 ex
1017 2270 1191 2344 parte
1209 2263 1592 2326 necessitatis
1610 2262 1851 2323 vitandi

286 2354 476 2415 talem
503 2361 734 2431 actum,
761 2360 897 2417 tum
915 2374 990 2418 ex
1019 2363 1194 2437 parte
1220 2356 1583 2419 intentionis
1609 2354 1851 2434 legisla-

285 2448 459 2524 toris,
510 2448 655 2510 satis
686 2449 857 2510 enim
899 2448 1210 2529 significat
1253 2468 1319 2512 se
1365 2449 1523 2511 velle
1574 2447 1852 2527 obligare

287 2546 593 2620 quantum
625 2541 841 2622 possit.

374 2635 468 2695 10.
517 2635 739 2696 Statim
767 2653 916 2699 vero
940 2635 1207 2699 occurrit
1231 2633 1674 2717 inquirendum
1702 2652 1855 2717 quo-

291 2728 476 2789 modo
516 2730 801 2808 cognosci
839 2731 1029 2811 possit
1069 2732 1319 2811 quando
1357 2730 1460 2792 lex
1505 2730 1625 2791 1100
1667 2729 1852 2792 100ᾶο

293 2819 545 2898 obliget,
572 2839 681 2882 seu
714 2821 903 2901 (quod
929 2823 1096 2883 idem
1123 2824 1239 2899 est)
1266 2821 1513 2901 quando
1541 2823 1856 2884 contineat

291 2912 772 2990 prohibitionem
821 2919 965 2975 ante
1010 2914 1444 2974 irritationem.
1492 2913 1855 2993 Respondeo

292 3007 597 3068 utendum
621 3024 750 3068 esse
776 3006 1098 3086 principiis
1120 3024 1192 3067 ac
1216 3006 1445 3086 regulis
1462 3024 1650 3086 supra
1670 3007 1850 3068 datis.

291 3102 448 3162 Nam
479 3100 683 3181 primo
709 3088 1154 3162 consideranda
1180 3105 1329 3160 sunt
1356 3097 1582 3161 verba:
1610 3099 1663 3160 si
1685 3099 1857 3161 enim

290 3194 655 3274 praeceptiva
674 3197 840 3268 sunt,
866 3210 976 3255 seu
992 3192 1365 3273 prohibitiva
1385 3192 1686 3271 absolute,
1704 3197 1856 3253 tunc

296 3286 613 3347 sufficiunt
643 3286 722 3347 ad
748 3285 910 3347 hanc
940 3284 1384 3365 obligationem
1414 3285 1849 3361 inducendam,

295 3384 366 3439 ut
392 3396 469 3439 ex
506 3377 686 3439 dictis
717 3383 979 3453 constat,
1015 3383 1077 3438 et
1114 3383 1208 3439 est
1233 3378 1588 3458 exemplum
1623 3377 1691 3439 in
1717 3395 1852 3458 cap.

296 3473 475 3535 Decet
485 3516 506 3548 ,
550 3472 629 3533 89
672 3471 812 3533 dist.
862 3471 1091 3532 Praeter
1126 3469 1316 3532 verba
1355 3488 1503 3532 vero
1543 3471 1730 3532 etiam
1781 3488 1859 3532 ex

297 3565 558 3626 materia
582 3565 808 3646 poterit
843 3564 1138 3644 obligatio
1165 3563 1396 3643 colligi,
1423 3569 1494 3625 ut
1526 3564 1701 3625 silex
1721 3564 1860 3625 irri-

297 3661 387 3719 tet
414 3658 883 3718 matrimonium
909 3675 1052 3719 cum
1078 3656 1358 3718 adultera
1383 3656 1823 3721 machinatrice
1834 3702 1857 3734 ,

296 3751 485 3812 etiam
508 3749 794 3830 prohibet
821 3749 1001 3826 illud,
1027 3755 1089 3812 et
1119 3750 1206 3811 sic
1237 3750 1315 3811 de
1342 3749 1499 3812 aliis.
1532 3751 1856 3828 Praeterea,

293 3844 535 3925 quoties
564 3833 829 3907 irritatio
851 3845 1192 3925 imponitur
1217 3844 1284 3905 in
1306 3862 1555 3924 poenam
1579 3845 1856 3922 ejusdem

296 3943 491 4014 actus„
538 3938 789 4016 signum
836 3943 929 3999 est
975 3937 1248 3998 maxime
1288 3936 1604 4015 prohiberi
1652 3938 1858 4017 ipsum

296 4035 544 4090 actum:
570 4048 719 4091 nam
746 4029 887 4090 talis
908 4029 1013 4090 lex
1039 4047 1167 4089 non
1206 4028 1361 4089 solet
1391 4046 1520 4090 esse
1542 4047 1695 4109 pure
1730 4047 1860 4108 poe-

295 4121 477 4196 nalis,
502 4140 632 4183 non
654 4122 825 4183 enim
851 4126 1012 4181 recte
1034 4122 1531 4182 accommodatur
1554 4121 1700 4182 huic
1728 4140 1861 4183 ma·

294 4216 469 4277 terite
500 4233 610 4275 seu
646 4232 869 4294 poenoe,
905 4219 968 4274 et
994 4214 1134 4275 ideo
1163 4214 1547 4276 admittenda
1573 4233 1702 4276 non
1741 4220 1858 4293 est,

298 4309 419 4368 nisi
451 4308 621 4368 aliud
654 4307 971 4369 evidenter
997 4313 1253 4384 constet,
1281 4308 1448 4388 quod
1482 4309 1600 4369 erit
1624 4309 1863 4370 rarissi-

298 4417 494 4460 mum.
524 4400 602 4460 Et
627 4400 768 4461 ideo
804 4399 1056 4461 moralis
1090 4400 1308 4481 regula
1330 4407 1422 4463 est
1442 4401 1631 4463 talem
1657 4402 1861 4481 legem

299 4492 615 4553 continere
646 4492 1127 4573 prohibitionem
1160 4499 1331 4556 actus
1355 4493 1424 4554 in
1459 4495 1858 4570 conscientia,

298 4584 398 4645 vel
432 4584 649 4647 saltem
676 4603 1023 4666 supponere
1053 4586 1248 4664 illam,
1274 4592 1382 4650 aut
1408 4588 1647 4669 exlege
1669 4593 1860 4650 00111-

299 4676 438 4753 1011,
464 4683 572 4738 001
598 4696 675 4739 ex
704 4677 827 4738 alia
866 4678 1005 4758 lege
1040 4680 1333 4759 positiva;
1371 4683 1457 4742 sic
1485 4682 1587 4744 lex
1613 4682 1862 4743 irritans

301 4768 691 4831 collationem
706 4769 992 4833 beneficii
1014 4790 1126 4851 per
1147 4772 1612 4849 confidentiam,
1638 4775 1703 4834 in
1720 4793 1864 4835 con-

300 4860 559 4922 scientia
585 4863 871 4942 prohibet
899 4863 1097 4940 illam,
1127 4871 1190 4926 et
1218 4865 1321 4927 lex
1347 4866 1594 4926 irritans
1621 4866 1863 4927 electio-

303 4970 447 5013 nem
474 4953 744 5061 religiosi
771 4956 850 5016 ad
877 4956 1294 5037 episcopatum
1322 4964 1707 5038 acceptatum
1730 4960 1862 5020 sine

299 5044 552 5107 licentia
591 5049 687 5108 sui
722 5048 988 5125 Praelati,
1018 5050 1304 5129 prohibet
1342 5051 1533 5112 talem
1558 5051 1862 5132 acceptio-

299 5154 477 5199 nem·
458 5183 479 5217 ,
510 5140 597 5200 sic
628 5140 819 5201 etiam
856 5141 1065 5221 turpia
1090 5142 1318 5222 legata,
1347 5144 1498 5204 dum
1538 5144 1863 5205 irritantur

300 5230 370 5292 in
397 5233 610 5294 odium
638 5232 983 5311 scribentis,
1031 5237 1462 5343 prohibentur,
1505 5220 1604 5297 vel
1642 5236 1860 5298 saltem

299 5325 611 5404 prohibita
653 5345 786 5389 esse
817 5336 1253 5409 supponuntur
1294 5330 1364 5390 in
1402 5330 1446 5391 1.
1486 5329 1746 5408 Turpia,
1785 5327 1852 5388 fl.

302 5418 380 5479 de
406 5419 615 5499 Legat.
623 5466 644 5498 ,
668 5425 727 5497 1,
751 5428 814 5483 et
834 5441 943 5502 per
961 5423 1093 5485 haec
1114 5424 1292 5486 100110
1312 5423 1431 5484 0111
1456 5423 1534 5483 (10
1560 5421 1863 5485 similibus

294 5509 600 5593 judicare.
649 5515 718 5576 10
750 5514 991 5596 legibus
1019 5522 1234 5581 autem
1260 5515 1649 5581 irritantibus
1688 5521 1865 5578 actus

3362 410 3482 473 509

1917 500 1987 562 in
2028 502 2305 566 favorem
2354 507 2649 588 alicujus,
2698 510 2799 572 vel
2844 512 3335 592 communitatis,
3380 514 3482 577 vel

1916 594 2175 673 privatas
2207 616 2503 677 personae,
2534 620 2663 663 non
2702 609 2795 664 est
2824 604 2957 665 hoec
2986 605 3200 683 regula
3226 606 3315 666 ita
3341 608 3481 667 uni-

1917 689 2168 750 versalis
2181 707 2202 769 3
2239 711 2386 753 nam
2420 695 2733 757 interdum
2764 697 3095 777 prohibent
3126 699 3483 779 simpliciter

1920 786 2154 857 actum,
2195 790 2259 844 01
2284 790 2434 846 tunc
2479 788 2762 866 obligant
2805 791 2873 850 in
2902 791 3273 852 conscientia
3300 792 3379 852 ad
3408 791 3483 852 il-

1919 872 2054 934 lum
2077 875 2400 938 vitandum
2421 879 2602 957 juxta
2625 881 3078 945 conclusionem
3105 885 3392 963 positam,
3419 891 3484 947 et

1920 967 2229 1029 rationem
2281 969 2486 1048 illius3
2542 990 2716 1034 secus
2772 993 2921 1037 vero
2975 976 3307 1038 dicendum
3367 979 3486 1039 erit

1923 1060 2172 1137 quando
2217 1080 2344 1123 non
2389 1064 2479 1125 ita
2518 1066 2847 1145 prohibent
2890 1068 3298 1149 praecipiendo
3313 1116 3334 1146 ,
3377 1070 3484 1130 sed

1921 1156 2167 1214 tantum
2203 1156 2452 1219 irritant
2480 1159 2657 1237 juxta
2686 1162 2950 1224 dicenda
2976 1163 3043 1224 in
3083 1165 3364 1243 sequenti
3390 1183 3485 1225 as-

1919 1246 2208 1308 sertione.

2008 1340 2103 1399 11.
2149 1339 2294 1402 Dico
2335 1343 2556 1406 10111οε
2587 1348 2869 1424 quamvis
2901 1349 3001 1410 lex
3035 1348 3397 1429 simpliciter
3423 1356 3487 1412 01

1922 1428 2199 1492 absolute
2236 1434 2436 1500 irritet
2463 1443 2692 1513 actum,
2730 1440 2783 1499 si
2813 1439 2946 1517 fiat,
2976 1460 3105 1502 non
3146 1443 3485 1504 necessario

1922 1522 2200 1601 obligat
2182 1544 2251 1585 1n
2280 1528 2655 1590 conscientia
2681 1532 2759 1591 ad
2778 1551 2907 1593 non
2927 1534 3279 1597 faciendum
3306 1536 3486 1596 illum

1927 1614 2005 1676 de
2041 1616 2227 1693 facto,
2267 1636 2376 1680 seu
2425 1623 2847 1702 materialiter,
2878 1633 2951 1687 ut
2992 1628 3079 1689 sic
3118 1628 3342 1703 dicam,
3381 1629 3487 1691 sed

1928 1706 2245 1771 interdum
2272 1717 2365 1773 est
2394 1711 2495 1774 lex
2529 1733 2685 1795 pure
2718 1717 2989 1797 irritans,
3018 1726 3083 1781 et
3118 1738 3247 1782 non
3275 1721 3488 1801 prohi-

1936 1798 2089 1863 bens
2114 1809 2343 1866 actum.
2374 1807 2516 1868 Haec
2553 1810 2807 1871 assertio
2834 1812 2902 1872 in
2932 1813 3210 1892 30001011
3241 1813 3489 1893 probari

1926 1900 2149 1974 potest,
2180 1898 2328 1977 quia
2369 1899 2488 1962 hoc
2524 1920 2651 1964 non
2691 1911 3020 1984 repugnat,
3068 1911 3132 1968 et
3170 1907 3488 1968 interdum

1928 1988 2153 2050 sufficit
2192 1990 2272 2051 ad
2301 1992 2712 2058 intentionem
2750 1997 3137 2078 legislatoris.
3168 2001 3321 2062 Item
3347 2018 3489 2061 3110-

1927 2079 2063 2141 deri
2102 2087 2302 2161 potest
2346 2088 2629 2167 exemplo
2674 2088 2829 2168 legis
2873 2109 3027 2170 pure
3059 2093 3316 2172 poenalis
3344 2111 3488 2154 cum

1928 2178 2325 2257 proportione
2382 2181 2707 2262 applicato.
2769 2184 3045 2265 Denique
3106 2188 3492 2248 convincitur

1928 2269 2239 2349 aliquibus
2267 2274 2595 2355 exemplis,
2639 2282 2710 2337 ut
2740 2276 2896 2355 legis
2930 2275 3236 2340 irritantis
3275 2280 3492 2341 vendi-

1927 2362 2167 2425 tionem
2204 2364 2385 2427 fundi
2420 2367 2642 2429 dotalis
2675 2368 2904 2431 factam
2937 2370 3017 2431 ab
3056 2390 3270 2449 uxore,
3302 2373 3491 2434 etiam

1931 2472 2076 2516 cum
2124 2456 2375 2520 licentia
2412 2461 2644 2538 mariti,
2694 2480 2836 2523 cum
2886 2469 3100 2525 tamen
3144 2463 3318 2525 illam
3363 2482 3492 2526 non

1928 2548 2257 2628 prohibeat
2277 2550 2346 2612 in
2373 2553 2778 2616 conscientia:
2810 2555 2912 2616 vel
2938 2556 3238 2618 irritantis
3262 2575 3496 2618 renun·
3552 2593 3557 2598 ·

1929 2640 2253 2704 tiationem
2280 2644 2656 2707 haereditatis
2673 2653 2946 2725 paternoe
2962 2667 3150 2728 quam
3169 2649 3316 2710 facit
3336 2648 3489 2724 filia,

1931 2751 2077 2797 cum
2103 2738 2330 2816 nuptui
2363 2738 2652 2813 traditur,
2682 2739 2824 2801 dote
2851 2747 3163 2818 contenta,
3195 2746 3258 2803 et
3282 2747 3495 2801 tamen

1929 2826 2077 2890 licet
2104 2829 2278 2891 illam
2316 2830 2527 2906 faciat,
2556 2848 2684 2891 non
2711 2837 2943 2910 peccat,
2975 2834 3121 2911 quia
3148 2833 3364 2895 cedere
3389 2852 3497 2912 po-

1933 2925 2055 2981 test
2074 2922 2207 2998 juri
2233 2941 2366 2984 suo.
2404 2923 2552 2996 Quoe
2578 2924 2824 2985 videtur
2862 2942 2994 2986 esse
3030 2925 3190 2987 ratio
3215 2944 3254 2986 a
3280 2925 3494 3005 priori,

1935 3012 2015 3072 ob
2042 3031 2233 3092 quam
2276 3015 2345 3074 in
2373 3014 2601 3076 talibus
2641 3014 2880 3093 legibus
2916 3016 2988 3077 fit
3027 3018 3291 3079 irritatio
3327 3022 3499 3077 actus

1936 3104 2070 3166 sine
2096 3105 2510 3185 prohibitione
2536 3107 2727 3182 1111113,
2758 3108 2908 3188 quia
2940 3109 3298 3188 hujusmodi
3331 3111 3499 3188 leges

1936 3196 2307 3260 beneficium
2347 3201 2681 3262 intendunt
2727 3202 3004 3264 conferre
3052 3203 3145 3263 1111
3191 3204 3368 3283 cujus
3400 3222 3500 3264 ac-

1936 3298 2077 3353 tum
2096 3291 2366 3363 irritant,
2398 3299 2461 3355 et
2482 3294 2622 3356 ideo
2648 3294 2872 3356 nolunt
2891 3294 3078 3356 aliam
3097 3297 3498 3371 coactionem,

1937 3384 2039 3446 vel
2060 3383 2502 3463 obligationem
2528 3386 2597 3447 in
2625 3387 2993 3448 conscientia
3018 3387 3111 3449 illi
3136 3388 3473 3467 imponere.

2021 3479 2120 3539 12.
2170 3477 2462 3551 Quomodo
2503 3480 2883 3542 discernatur
2921 3480 3017 3542 lew
3049 3498 3204 3559 pure
3237 3481 3503 3543 ios-itam

1938 3569 2012 3631 ab
2041 3586 2110 3630 ea
2135 3586 2269 3649 qnoe
2293 3570 2361 3631 in
2392 3570 2750 3633 oonsoimtia
2771 3571 3046 3650 prohibet
3071 3577 3262 3635 actus.
3284 3607 3366 3617 —
3388 3571 3503 3633 Hic

1936 3679 2086 3722 vero
2125 3662 2333 3723 statim
2376 3680 2442 3724 se
2482 3662 2664 3724 offert
2705 3664 3145 3743 inquirendum
3193 3666 3503 3745 quomodo

1937 3754 2175 3832 possint
2218 3753 2484 3816 discerni
2524 3753 2621 3816 hae
2659 3754 2826 3834 leges
2869 3774 3024 3835 pure
3066 3756 3378 3818 irritantes
3422 3756 3503 3818 ab

1942 3844 2082 3905 01113
2120 3864 2258 3925 quoe
2298 3847 2365 3907 in
2393 3847 2766 3908 conscientia
2797 3847 3129 3954 prohibent
3165 3855 3354 3910 actus.
3383 3848 3505 3911 Sed

1943 3937 2021 3999 de
2047 3937 2165 3998 hoc
2185 3943 2415 4017 puncto
2437 3938 2747 4018 disputavi
2771 3939 2944 4000 late
2924 3958 2993 4000 10
3018 3942 3279 4002 01010110
3299 3942 3376 4002 (10
3395 3942 3504 4003 Ju-

1939 4048 2096 4091 ram.
2104 4074 2126 4105 ,
2156 4029 2266 4091 lib.
2299 4032 2360 4104 2,
2388 4049 2521 4111 cap.
2561 4032 2641 4092 20
2671 4037 2735 4093 et
2759 4049 2915 4111 seq„
2939 4032 3051 4093 ubi
3077 4033 3278 4094 varias
3317 4033 3505 4094 retuli

1940 4123 2364 4184 distinctiones
2408 4128 2472 4185 et
2522 4123 2845 4203 opiniones
2888 4123 3232 4199 doctorum,
3281 4142 3505 4204 easque

1939 4216 2316 4291 examinavi,
2331 4221 2394 4277 et
2419 4215 2486 4276 in
2506 4233 2749 4277 summa
2775 4215 2906 4277 dixi
2919 4217 3191 4296 primum
3219 4218 3502 4279 omnium

1937 4308 2393 4389 respiciendum
2412 4326 2543 4369 0330
2561 4307 2639 4368 οᾶ
2658 4307 2845 4369 verba
2862 4308 3037 4388 legis,
3054 4327 3135 4369 an
3154 4309 3506 4388 dirigantur

1940 4402 2021 4463 ad
2049 4419 2378 4482 personam
2406 4400 2817 4481 praecipiendo
2845 4401 2944 4462 vel
2969 4400 3390 4480 prohibend03
3419 4420 3503 4463 an

1940 4494 2296 4556 immediate
2326 4498 2647 4555 versentur
2680 4493 2838 4554 01100
2872 4493 3177 4554 actionem
3212 4512 3321 4554 seu
3359 4512 3506 4555 con-

1938 4592 2231 4664 tractum,
2276 4585 2456 4647 illum
2496 4583 2905 4665 qualificando
2946 4604 3056 4647 3011
3093 4586 3467 4647 infirmando
3477 4602 3499 4665 3

1939 4699 2089 4742 nam
2116 4681 2352 4760 priores
2396 4695 2474 4739 ex
2516 4678 2582 4739 vi
2621 4696 2749 4738 suas
2774 4678 2991 4740 formas
3020 4679 3409 4757 praecipiunt,
3440 4684 3505 4741 et

1941 4777 2388 4852 consequenter
2427 4769 2736 4848 obligant3
2785 4770 3149 4849 posteriores
3188 4788 3334 4831 vero
3372 4788 3503 4834 non

1938 4865 2272 4947 prohibent
2296 4869 2503 4926 actum
2530 4880 2607 4924 ex
2633 4862 2695 4922 vi
2732 4861 2951 4923 talium
2978 4862 3331 4939 verborum,
3361 4863 3505 4924 licet

1939 4959 2186 5021 irritent
2210 4957 2387 5019 illum
2408 4956 2477 5017 in
2501 4955 2782 5017 favorem
2807 4955 3090 5033 alicujus,
3110 4955 3229 5015 nisi
3251 4954 3503 5017 aliunde

1940 5070 2018 5114 ex
2036 5051 2314 5126 matcria,
2330 5050 2480 5125 fine,
2496 5047 2597 5110 vel
2613 5046 3108 5122 circumstantiis,
3125 5049 3504 5108 contrarium

1939 5145 2147 5223 colligi
2174 5143 2387 5225 possit.
2417 5143 2494 5202 Et
2528 5141 2668 5202 ideo
2701 5139 2959 5201 ulterius
2994 5139 3502 5201 considerandam

1942 5255 2076 5299 esse
2103 5236 2233 5296 dixi
2265 5234 2588 5296 materiam
2617 5231 2793 5310 legis,
2841 5237 2905 5294 et
2929 5251 3013 5293 an
3060 5231 3382 5293 ordinetur
3422 5232 3502 5294 ad

1946 5330 2183 5391 bonum
2223 5327 2541 5409 publicum
2583 5324 2681 5386 vel
2710 5325 3042 5402 privatum,
3088 5331 3149 5386 et
3185 5344 3269 5386 an
3294 5325 3374 5386 ad
3402 5333 3503 5386 ta-

1943 5424 2069 5486 lem
2094 5422 2284 5484 finem
2313 5438 2441 5482 non
2466 5417 2666 5479 solum
2693 5418 2981 5495 irritatio,
3012 5418 3119 5480 sed
3147 5419 3335 5479 etiam
3363 5435 3503 5497 pro-

1943 5515 2169 5581 hibitio
2194 5513 2502 5595 expediat.
2549 5509 2751 5592 Atque
2802 5513 2895 5576 ita
2939 5528 3019 5575 ex
3066 5509 3354 5575 omnibus
3384 5511 3503 5575 rite
