3976 6219
455 384 574 444 186

452 491 575 553 illis
608 493 1042 559 locutionibus.
1075 496 1282 558 Unum
1305 499 1418 570 est,
1440 493 1601 555 hanc
1622 499 2007 574 potestatem,

452 591 793 651 secuudum
846 611 909 653 se
939 596 1296 672 spectatam,
1341 609 1469 652 esse
1519 608 1569 678 a·
1601 593 1747 665 De0,
1784 597 1847 652 et
1883 610 2012 653 esse

446 682 683 759 justam
707 691 769 744 et
791 686 1172 746 conformem
1207 685 1432 745 diviuae
1458 683 1799 744 voluntati:
1844 685 2014 745 aliud

452 779 570 848 est,
614 778 929 856 supposita
958 777 1355 838 translatione
1386 776 1574 856 hujus
1602 777 1921 856 potestatis
1945 778 2015 838 iu

452 883 691 944 regem,
716 870 844 948 J‘am
874 888 1089 949 gerere
1116 870 1316 930 vicem
1346 870 1476 944 Dei,
1509 875 1569 930 et
1599 869 1881 932 naturale
1911 872 2015 950 jus

453 960 727 1038 obligare
756 964 833 1024 ad
862 964 1206 1043 parendum
1234 962 1348 1022 illi.
1380 963 1549 1024 Sicut
1577 963 1826 1041 quando
1852 981 2015 1024 unus

451 1051 642 1115 homo
670 1056 947 1134 privatus
969 1075 1033 1118 se
1056 1058 1270 1117 vendit
1291 1062 1353 1116 et
1380 1055 1568 1116 tradit
1593 1055 1773 1119 alteri
1800 1055 1867 1116 in
1889 1075 2014 1117 ser-

448 1164 623 1224 vum,
667 1149 1012 1210 dominium
1051 1149 1206 1210 illud
1245 1149 1326 1210 ab
1359 1150 1611 1210 homine
1653 1149 2012 1228 simpliciter

451 1244 580 1301 est:
623 1241 732 1302 illo
759 1260 905 1303 vero
930 1248 1247 1303 contractu
1270 1243 1609 1322 supposito,
1637 1242 1778 1322 jure
1802 1241 2013 1302 divino

455 1338 517 1393 et
535 1335 805 1395 naturali
828 1336 1138 1414 obligatur
1155 1353 1367 1397 servus
1392 1353 1607 1414 parere
1626 1335 1877 1396 domino
1902 1353 1918 1396 ε
1950 1341 2015 1396 et

453 1426 540 1487 ita
590 1433 762 1507 patet
810 1429 1123 1508 responsio
1162 1428 1243 1490 ad
1287 1427 1843 1505 confirmationem,
1895 1446 2012 1489 ne-

452 1520 659 1598 gando
710 1521 1072 1601 simpliciter
1119 1522 1465 1601 sequelam,
1525 1521 1671 1600 quia
1716 1519 2015 1582 translata

449 1618 751 1691 potestate
778 1615 844 1674 in
866 1632 1101 1693 regem,
1134 1633 1244 1694 per
1260 1614 1432 1675 illam
1453 1614 1718 1675 efficitur
1736 1614 2016 1693 superior

454 1706 643 1767 etiam
678 1725 872 1786 regno
896 1708 1063 1788 quod
1091 1709 1262 1770 illam
1292 1708 1483 1784 dedit,
1524 1708 1671 1787 quia
1707 1708 1912 1768 dando
1939 1708 2014 1767 il-

450 1799 578 1861 lam
601 1819 666 1862 se
699 1801 957 1882 subjecit
984 1808 1047 1864 et
1073 1803 1270 1883 priori
1305 1802 1590 1863 libertate
1627 1801 1916 1880 privavit,
1947 1806 2019 1861 ut

452 1893 518 1952 in
545 1896 827 1975 exemplo
848 1896 924 1957 de
945 1914 1145 1972 servo,
1167 1901 1408 1957 servata
1429 1895 1848 1975 proportione,
1871 1912 2018 1955 con-

452 1991 606 2048 stat:
635 1993 697 2047 et
720 1988 935 2050 eadem
979 1989 1217 2049 ratione
1246 2007 1371 2049 non
1402 1993 1600 2066 potest
1630 2006 1739 2048 rex
1763 1987 1870 2048 illa
1911 2006 2016 2066 po·

453 2083 671 2139 testate
720 2081 973 2158 privari,
1023 2082 1171 2159 quia
1214 2098 1433 2142 verum
1475 2080 1640 2140 illius
1668 2080 2018 2140 dominium

451 2171 799 2249 acquisivit,
816 2173 938 2233 nisi
960 2173 1209 2233 fortasse
1232 2174 1298 2232 in
1314 2172 1709 2251 tyrannidem
1729 2171 2015 2246 declinet,

453 2262 533 2323 ob
557 2282 746 2342 quam
775 2266 968 2345 possit
993 2284 1257 2346 regnum
1275 2268 1514 2346 justum
1543 2264 1772 2326 bellum
1803 2271 2019 2325 contra

453 2354 634 2415 illum
660 2376 867 2436 agere,
893 2359 970 2419 de
1009 2378 1132 2438 quo
1159 2359 1330 2420 alias.

536 2452 594 2509 7.
639 2451 873 2513 Nullas
920 2470 1040 2514 csse
1082 2454 1238 2532 leges
1276 2451 1700 2513 universaliter
1740 2468 1852 2529 pro
1896 2455 2016 2511 toto

454 2544 588 2603 orbe
616 2544 798 2619 lama,
830 2551 1066 2607 cunctos
1093 2544 1759 2624 obliquatos—Tertio,
1785 2543 2019 2621 colligi-

453 2640 558 2694 tur
581 2653 653 2695 ex
681 2634 878 2713 dictis,
904 2637 1215 2717 loquendo
1243 2656 1319 2698 ex
1347 2642 1571 2698 natura
1599 2637 1691 2698 rei
1719 2654 1829 2697 seu
1846 2637 2020 2715 juxta

453 2730 801 2790 naturalem
830 2736 892 2791 et
917 2732 1301 2793 ordinarium
1320 2749 1574 2793 cursum
1600 2731 2017 2792 humanarum

457 2838 690 2897 rerum,
727 2823 930 2884 nullas
970 2842 1098 2886 esse
1143 2825 1313 2903 leges
1352 2825 1558 2886 civiles
1585 2824 2019 2885 universaliter

455 2913 610 2974 latas
629 2932 742 2993 pro
761 2921 889 2976 toto
912 2917 1059 2978 orbe
1083 2924 1145 2978 et
1172 2936 1308 2997 quae
1335 2935 1548 2978 omnes
1565 2916 1848 2978 homines
1866 2917 2019 2977 obli-

455 3013 623 3086 gent.
660 3009 831 3082 Quod
861 3011 1108 3088 quidem
1152 3011 1252 3072 vel
1291 3030 1370 3071 ex
1415 3012 1548 3092 ipso
1574 3012 1828 3071 nominc
1873 3029 2018 3071 con-

454 3106 574 3162 stat
615 3124 628 3162 ε
686 3102 1002 3181 loquimur
1050 3105 1218 3166 enim
1277 3105 1353 3166 de
1407 3103 1644 3184 legibus
1699 3104 2011 3178 humanis,

454 3195 659 3256 stricte
691 3196 1131 3275 distinguendo
1158 3199 1294 3260 illas
1323 3218 1358 3259 a
1381 3217 1522 3277 Jure
1551 3198 1853 3277 gentium3
1877 3216 2016 3276 quoe

454 3288 594 3349 ideo
613 3289 820 3351 civiles
843 3291 1258 3371 appellantur,
1285 3293 1433 3370 quia
1455 3296 1601 3352 sunt
1620 3291 2018 3370 particulares

459 3381 646 3442 unius
669 3384 957 3458 civitatiS,
992 3385 1090 3445 vel
1114 3386 1338 3463 gentiS,
1369 3390 1442 3444 ut
1464 3383 1689 3445 dicitur
1709 3384 1778 3445 in
1803 3384 1849 3444 1.
1881 3384 2016 3445 Om-

452 3492 556 3536 nes
595 3475 830 3553 populi,
882 3477 949 3537 ff.
996 3477 1073 3538 de
1104 3478 1339 3553 Justit.,
1380 3483 1441 3538 et
1470 3477 1634 3554 jure.
1680 3476 2019 3555 Loquimur

454 3566 606 3626 item
629 3568 704 3627 de
724 3566 964 3646 legibus
986 3588 1124 3648 quae
1145 3589 1256 3650 per
1286 3575 1650 3650 potestatem
1669 3569 2016 3630 naturalem

455 3660 606 3721 ferri
648 3669 926 3741 possunt,
964 3665 1187 3726 omissa
1221 3684 1332 3745 pro
1361 3684 1527 3725 nunc
1563 3664 2018 3744 supernaturali

455 3759 778 3833 potestate.
812 3756 988 3817 Tales
1011 3775 1161 3836 ergo
1187 3759 1353 3837 leges
1387 3758 1560 3836 quasi
1589 3776 1664 3818 ex
1687 3757 2019 3818 intrinseca

457 3847 809 3909 conditione
839 3849 1175 3929 postulant,
1201 3857 1272 3911 ut
1299 3850 1676 3911 universales
1703 3869 1829 3911 non
1860 3851 2012 3910 sint:

454 3939 616 4000 ratio
651 3959 688 4001 a
726 3944 1049 4022 posteriori
1077 3950 1191 4020 est,
1230 3945 1377 4023 quia
1412 3944 1584 4005 nulla
1625 3949 1716 4005 est
1753 3948 2019 4023 potestas

453 4034 819 4112 legislativa‚
862 4054 997 4116 quae
1027 4037 1254 4099 habeat
1289 4031 1784 4116 jurisdictionem
1826 4037 1894 4097 in
1927 4042 2020 4097 to·

455 4132 590 4186 tum
618 4128 857 4204 orbem,
886 4148 993 4190 seu
1017 4130 1083 4190 in
1101 4149 1315 4191 omnes
1342 4130 1656 4192 homines:
1678 4129 2020 4209 ergo'nulla

454 4218 555 4280 lex
593 4221 788 4282 civilis
828 4228 1026 4302 potest
1063 4242 1191 4286 esse
1227 4225 1314 4285 ita
1363 4223 1748 4285 universalis„
1798 4224 2020 4284 Conse-

458 4315 710 4392 quentia
730 4321 823 4376 est
843 4316 1028 4392 clara,
1043 4319 1190 4397 quia
1206 4318 1305 4379 lex
1335 4336 1459 4379 non
1471 4319 1785 4397 egreditur
1806 4318 2021 4379 termi-

454 4424 567 4466 nos
582 4407 1033 4485 jurisdictionis
1064 4410 1319 4472 ferentis
1351 4427 1520 4472 eam:
1561 4411 1812 4474 Scimus
1838 4412 2015 4485 enim,

455 4508 528 4562 ut
556 4503 643 4563 ait
684 4504 932 4581 Paulus,
968 4507 1126 4586 quod
1168 4507 1360 4569 omnis
1405 4508 1500 4569 lex
1527 4508 1607 4568 ad
1650 4525 1745 4569 eos
1775 4506 1882 4587 qui
1908 4506 2019 4569 sub

455 4594 580 4674 leae
604 4602 747 4659 sunt
785 4598 1096 4677 loquitur:
1125 4616 1273 4659 uam
1306 4604 1482 4660 extra
1517 4599 1890 4660 territorium
1905 4599 2021 4676 jus

454 4689 676 4751 dicenti
717 4691 958 4769 impuno
1007 4708 1124 4752 non
1162 4696 1442 4769 paretur,
1484 4697 1554 4750 ut
1590 4691 1805 4751 dicunt
1834 4691 2015 4770 jura:

457 4781 654 4842 multo
683 4800 830 4861 ergo
861 4784 1072 4844 miuus
1116 4784 1462 4863 parendum
1504 4790 1596 4844 est
1637 4790 1809 4845 extra
1846 4785 2021 4844 terri·

456 4876 688 4936 torium
719 4877 823 4954 jus
844 4895 951 4938 seu
978 4876 1181 4955 legem
1209 4877 1455 4939 ferenti.
1487 4876 1870 4938 Antecedens
1910 4895 2022 4937 au-

456 4973 583 5029 tem
611 4974 781 5049 patet
808 4988 886 5031 ex
908 4969 1111 5046 dictis,
1141 4971 1288 5050 quia
1314 4975 1581 5050 potestas
1605 4970 1738 5030 haec
1772 4987 1899 5029 non
1928 4974 2021 5030 est

458 5063 526 5122 in
558 5068 688 5123 tota
710 5062 1035 5123 hominum
1060 5064 1526 5140 communitate,
1557 5064 1704 5143 quia
1734 5081 1858 5124 uon
1886 5080 2020 5122 om-

458 5172 570 5215 nes
605 5160 983 5234 componunt
1032 5174 1226 5217 unam
1272 5156 1718 5235 rempublicam
1773 5161 1880 5216 aut
1919 5173 2017 5217 re-

462 5265 684 5326 gnum,
709 5267 822 5310 nec
848 5256 937 5310 est
964 5250 1030 5310 in
1063 5269 1188 5311 uno
1213 5250 1422 5328 aliquo
1448 5249 1735 5310 homine:
1774 5249 2025 5310 deberet

460 5342 629 5403 enim
657 5340 829 5401 illam
856 5343 1084 5404 habere
1126 5344 1206 5403 ab
1245 5344 1623 5419 hominibuS,
1671 5344 1835 5422 quod
1868 5342 2025 5420 fingi

458 5454 586 5496 non
620 5440 842 5514 potest,
880 5435 1026 5513 quia
1052 5434 1337 5497 homines
1364 5454 1690 5515 nunquam
1713 5453 2023 5497 convene-

459 5533 609 5593 runt
634 5527 715 5589 ad
740 5528 915 5589 illam
941 5528 1400 5605 conferendam,
1426 5529 1527 5591 vel
1549 5530 1627 5590 ad
1648 5530 2025 5591 constituen-

1453 393 1567 445 ΗΒ.
1603 395 1686 446 111.
1722 395 1805 445 mi:
1834 395 1994 447 LEGE
2030 397 2288 449 HUMANA
2319 397 2400 449 ET
2440 396 2643 450 CIVILI.

2094 498 2245 557 dum
2277 498 2393 558 sibi
2421 503 2605 576 caput
2633 515 2853 557 unum.
2886 498 3016 558 Imo
3038 513 3240 575 neque
3269 497 3452 558 titulo
3483 497 3651 574 belli,

2094 594 2222 654 sive
2266 594 2432 672 justo
2481 593 2608 652 sive
2652 593 2906 670 injusto,
2958 592 3078 651 fuit
3128 610 3401 671 unquam
3435 592 3659 672 aliquis

2093 686 2377 765 princeps
2408 685 2515 765 qui
2541 686 2830 746 universo
2862 684 2997 745 orbi
3025 684 3212 745 fuerit
3237 685 3661 764 temporaliter

2096 778 2447 839 dominatus
2511 784 2582 837 ut
2621 796 2697 839 ex
2737 777 3007 838 historiis
3052 783 3330 838 constat:
3377 796 3525 856 ergo
3566 797 3660 841 se-

2094 872 2366 932 cundum
2391 872 2680 932 humanae
2698 876 2937 932 naturae
2952 889 3199 931 cursum
3214 870 3390 932 nulla
3408 877 3525 946 est,
3546 889 3661 933 nec

2093 965 2233 1042 fuit,
2265 983 2379 1026 nec
2420 965 2738 1025 moraliter
2778 982 2907 1025 esse
2949 964 3152 1043 potuit
3186 969 3450 1043 potestas
3478 964 3661 1042 legis-

2093 1057 2283 1118 lativa
2328 1058 2605 1118 humana
2637 1056 3001 1118 universalis
3037 1074 3149 1135 pro
3178 1062 3308 1116 toto
3334 1056 3503 1117 orbe.
3550 1057 3660 1118 Oc·-

2094 1151 2378 1212 currebat
2396 1156 2604 1212 autem
2626 1150 2694 1208 in
2712 1150 3000 1228 praesenti
3017 1148 3346 1208 difficultas
3364 1148 3439 1208 de
3463 1149 3660 1228 impe-

2093 1249 2319 1319 ratore,
2351 1243 2427 1304 de
2452 1260 2574 1322 quo
2600 1244 2671 1302 in
2697 1242 2854 1302 libro
2881 1260 3007 1321 seq.
3035 1259 3169 1320 cap.
3195 1242 3233 1301 3
3256 1234 3481 1301 dicam.
3503 1242 3660 1314 Qua-

2096 1344 2382 1418 propter}
2403 1338 2546 1398 licet
2576 1342 2774 1399 totum
2803 1336 3163 1398 universum
3191 1336 3574 1413 gubernetur
3599 1340 3661 1396 et

2096 1432 2404 1509 obligetur
2446 1429 2686 1507 legibus
2722 1428 3024 1505 civilibus,
3065 1434 3137 1489 ut
3162 1427 3478 1489 moraliter
3516 1445 3659 1488 con-

2095 1531 2215 1586 stat
2237 1525 2314 1585 de
2359 1523 2651 1584 omnibus
2679 1521 3038 1582 nationibus
3075 1540 3215 1601 quae
3246 1519 3520 1599 aliquam
3553 1538 3661 1599 po-

2093 1618 2294 1678 litiam
2325 1616 2556 1677 habent
2596 1620 2658 1676 et
2699 1633 2828 1675 non
2864 1620 3009 1674 sunt
3048 1615 3303 1674 omnino
3340 1613 3619 1673 barbaroe
3636 1628 3657 1689 ;

2096 1729 2223 1771 non
2250 1716 2463 1770 tamen
2489 1709 2728 1787 regitur
2765 1712 2967 1768 totum
3000 1707 3231 1768 eisdem
3260 1705 3522 1784 legibus,
3554 1704 3660 1765 sed

2099 1822 2241 1865 cum
2278 1802 2608 1884 partitione
2651 1799 3067 1873 accommoda,
3105 1816 3494 1877 unaquaeque
3538 1816 3662 1857 res·

2097 1897 2343 1976 publica
2381 1894 2483 1956 vel
2509 1911 2775 1972 regnum
2815 1893 2941 1953 suis
2968 1892 3210 1971 legibus
3252 1890 3653 1968 gubernatur.

2100 1989 2416 2064 Quomodo
2439 2005 2584 2049 vero
2613 1987 2744 2047 haec
2771 1991 3041 2066 potestas
3060 1986 3127 2045 in
3150 1983 3418 2045 Ecclesia
3439 1982 3662 2044 Christi

2099 2082 2302 2143 locum
2333 2080 2580 2156 habeat,
2630 2085 2692 2140 et
2729 2098 2810 2140 an
2854 2077 3226 2158 peculiarem
3259 2075 3532 2155 aliquam
3558 2075 3661 2136 in-

2098 2175 2480 2235 stitutionem
2540 2171 2840 2251 receperit
2858 2216 2879 2246 ,
2928 2171 2997 2231 in
3052 2168 3450 2249 sequentibus
3498 2168 3661 2229 dice-

2098 2286 2257 2328 muS.

2178 2364 2239 2423 8.
2286 2361 2514 2435 Quibus
2551 2360 2746 2420 modis
2778 2355 3151 2436 participari
3195 2360 3389 2435 potest
3428 2357 3662 2432 serendi

2098 2456 2254 2535 loyes
2278 2453 2902 2532 potestas.—Quart0,
2931 2455 3130 2528 potest
3156 2468 3234 2510 ex
3258 2448 3438 2509 dictis
3462 2445 3663 2509 br‘eVi-

2096 2554 2191 2609 ter
2219 2547 2426 2625 colligi
2455 2545 2683 2626 quibus
2709 2544 2909 2604 modis
2932 2542 3288 2622 participari
3317 2543 3507 2621 possit
3531 2542 3663 2602 haec

2098 2646 2363 2722 potestas
2391 2638 2628 2700 ferendi
2652 2638 2819 2715 leges
2845 2635 3174 2696 humanas,
3204 2634 3543 2695 Dicendum
3570 2640 3663 2694 est

2098 2735 2267 2797 euim
2295 2731 2602 2811 imprimis
2625 2729 2842 2791 haberi
2862 2747 3038 2808 posse
3060 2728 3419 2789 immediate
3445 2746 3486 2787 a
3512 2728 3656 2803 De0,

2097 2827 2244 2907 quia
2291 2843 2420 2886 non
2468 2828 2667 2904 potest
2716 2822 2849 2882 haec
2897 2826 3161 2900 potestas
3203 2820 3431 2881 babere
3473 2820 3658 2880 aliam

2098 2920 2425 2998 originem,
2455 2923 2527 2977 ut
2554 2916 2752 2995 capite
2781 2914 3081 2993 superiori
3104 2919 3417 2974 ostensum
3441 2918 3555 2983 est,
3595 2917 3656 2972 et

2098 3014 2244 3093 quia
2286 3014 2444 3073 Deus
2496 3017 2588 3071 est
2631 3015 2844 3070 auctor
2889 3008 3172 3067 omnium
3217 3007 3543 3079 bonorum,
3596 3014 3658 3064 et

2097 3111 2545 3187 consequenter
2575 3104 2857 3165 omnium
2889 3106 3282 3182 potestatum,
3313 3105 3376 3162 et
3412 3118 3659 3180 praeser-

2096 3201 2211 3262 tim
2239 3187 2423 3280 hujus
2462 3217 2601 3277 quae
2636 3216 2713 3258 ex
2741 3197 2950 3257 divina
2977 3195 3365 3276 providentia
3390 3195 3660 3254 maxime

2099 3295 2346 3375 pendet,
2371 3312 2512 3355 cum
2533 3292 2611 3353 ad
2628 3291 2821 3351 bonos
2838 3290 3166 3350 hominum
3189 3306 3413 3363 mores,
3435 3292 3496 3348 et
3515 3305 3662 3346 con-

2096 3387 2453 3448 venientem
2482 3383 3011 3446 conservationem
3047 3400 3119 3443 ac
3147 3381 3659 3461 gubernationem

2096 3481 2443 3543 necessaria
2471 3479 2579 3540 sit:
2614 3478 2782 3538 unde
2810 3494 3055 3537 necesse
3083 3482 3175 3537 est
3201 3480 3272 3535 ut
3302 3476 3431 3536 haec
3456 3479 3657 3553 potes-

2096 3581 2191 3636 tas
2225 3575 2306 3635 sit
2331 3593 2368 3634 a
2409 3574 2531 3634 Deo
2559 3572 2915 3632 immediate
2961 3570 3028 3629 in
3073 3569 3303 3648 aliquo,
3345 3568 3491 3648 quia
3515 3568 3657 3626 siin

2098 3669 2303 3748 aliquo
2333 3672 2426 3727 est
2452 3665 2741 3739 mediate,
2786 3665 2853 3723 in
2881 3663 3090 3742 aliquo
3126 3662 3250 3723 aiio
3287 3662 3404 3722 erit
3440 3660 3660 3719 imme-

2097 3762 2283 3833 diate,
2324 3777 2463 3820 cum
2507 3777 2635 3818 uon
2678 3757 2870 3837 possit
2908 3755 3158 3836 procedi
3207 3755 3276 3815 in
3315 3752 3655 3814 infinitum.

2097 3854 2346 3915 Duobus
2373 3858 2581 3913 autem
2616 3852 2814 3911 modis
2843 3855 3043 3929 potest
3071 3866 3201 3910 esse
3242 3866 3281 3908 a
3314 3848 3463 3921 Deo,
3499 3845 3661 3906 scili-

2099 3952 2197 4008 cet
2220 3946 2609 4021 naturaliter,
2638 3949 2708 4003 ut
2738 3942 2817 4004 ab
2844 3947 3092 4002 auctore
3115 3946 3394 4016 naturae3
3437 3938 3538 3999 vel
3559 3956 3659 3998 su-

2099 4039 2596 4120 pernaturaliter,
2633 4043 2703 4097 ut
2746 4036 2825 4097 ab
2854 4041 3101 4096 auctore
3147 4034 3380 4112 gratioe.
3427 4033 3510 4093 De
3543 4031 3661 4091 hoc

2099 4131 2424 4213 posteriori
2467 4131 2742 4191 dicemus
2787 4129 2856 4189 in
2884 4128 2995 4190 lib.
3032 4130 3091 4189 5.
3139 4127 3315 4187 Prior
3341 4143 3487 4187 vero
3514 4124 3659 4185 satis

2101 4245 2174 4288 ex
2203 4226 2377 4286 dictis
2402 4223 2745 4285 declaratus
2767 4227 2878 4283 est.
2903 4221 3106 4300 Atque
3134 4219 3279 4280 inde
3301 4219 3490 4280 etiam
3515 4234 3660 4276 con-

2100 4326 2221 4382 stat
2259 4337 2432 4399 posse
2462 4318 2624 4378 hanc
2653 4320 3017 4396 potestatem
3046 4332 3174 4375 esse
3203 4313 3558 4374 immediate
3580 4309 3658 4371 ab

2100 4411 2479 4487 hominibuS,
2519 4415 2583 4470 et
2611 4409 2875 4469 mediate
2914 4426 2955 4467 a
2979 4410 3128 4482 De0,
3177 4407 3306 4467 imo
3352 4403 3659 4466 ordinarie

2100 4505 2186 4565 ita
2209 4522 2361 4578 esse,
2395 4503 2704 4583 loquendo
2731 4502 2805 4563 de
2834 4506 3135 4581 potestate
3172 4498 3482 4574 naturali3
3514 4495 3661 4575 quia

2101 4615 2243 4659 cum
2275 4597 2629 4658 immediate
2661 4596 2740 4656 sit
2765 4596 2830 4656 in
2865 4593 3328 4668 communitate,
3355 4609 3465 4671 per
3484 4588 3660 4649 illam

2103 4691 2380 4752 derivata
2408 4696 2498 4751 est
2527 4690 2602 4749 ad
2638 4706 2837 4766 regeS,
2869 4687 2967 4748 vel
2994 4686 3323 4765 principe3‚
3350 4702 3458 4744 seu
3485 4698 3662 4742 sena-

2100 4787 2294 4845 tores:
2327 4801 2468 4843 raro
2496 4782 2665 4843 enim
2708 4787 2818 4841 aut
2860 4796 3182 4858 nunquam
3222 4778 3290 4838 in
3329 4782 3461 4837 tota
3497 4790 3662 4835 com-

2102 4876 2406 4938 munitate
2422 4875 2749 4949 retinetur,
2770 4874 2860 4933 ita
2877 4879 2947 4932 ut
2972 4890 3082 4951 per
3108 4870 3278 4931 illam
3306 4866 3664 4929 immediate

2099 4970 2582 5052 administretur.
2644 4970 2969 5045 Postquam
3030 4982 3179 5027 vero
3233 4961 3532 5023 translata
3574 4963 3666 5019 est

2099 5063 2231 5123 hoec
2252 5067 2517 5142 potestas
2535 5059 2613 5120 ad
2627 5060 2899 5138 aliquam
2912 5058 3290 5137 singularem
3312 5068 3662 5135 personam,

2104 5156 2386 5235 quamvis
2420 5173 2529 5235 per
2560 5153 2968 5215 successiones
2987 5152 3086 5214 vel
3114 5151 3442 5213 electiones
3464 5147 3666 5207 varias

2104 5249 2180 5309 ad
2212 5248 2418 5328 plures
2446 5252 2741 5322 transeat,
2772 5265 3012 5331 semper
3043 5243 3414 5322 intelligitur
3452 5238 3667 5301 haberi

2103 5342 2463 5403 immediate
2506 5360 2545 5400 a
2572 5340 3036 5414 communitate,
3072 5338 3218 5416 quia
3253 5354 3330 5396 ex
3355 5335 3418 5395 vi
3450 5333 3665 5413 primae

2105 5436 2507 5497 institutionis
2550 5436 2630 5496 ad
2668 5441 2918 5495 caeteros
2962 5433 3205 5494 transit.
3252 5431 3421 5491 Sicut
3464 5433 3662 5508 potes-

2105 5529 2550 5613 taspontificia,
2567 5530 2712 5593 licet
2723 5546 2834 5609 per
2856 5529 3062 5608 plures
3084 5527 3412 5590 electiones
3434 5526 3513 5588 ad
3529 5525 3666 5606 plu-
