3976 6219
507 372 628 437 280

505 476 793 537 voluntas
830 475 908 537 ad
930 475 1381 552 -minuendam,
1411 479 1511 539 vel
1537 480 1743 558 potius
1770 498 1898 542 non
1952 480 2082 539 im-¹

505 569 861 651 ponendam
906 570 1097 630 talem
1140 570 1606 650 obligationem,
1648 575 1897 650 scilicet,
1955 573 2070 633 sub

507 662 753 724 mortali
785 662 1010 740 (quoad
1036 663 1197 724 hanc
1231 664 1399 724 enim
1435 672 1676 745 partem
1702 685 1869 727 nunc
1896 666 2068 726 illam

507 755 1010 831 consideramus),
1041 754 1122 815 ad
1146 755 1264 816 hoc
1301 762 1511 818 autem
1546 776 1671 819 non
1702 764 1793 819 est
1824 776 2070 820 necesse

507 853 582 909 ut
606 847 841 926 aliquid
865 847 1111 923 efficiat,
1141 849 1247 909 sed
1274 850 1419 911 satis
1440 857 1533 912 est
1555 857 1626 912 ut
1649 870 1777 912 non
1809 851 2066 913 efficiat:

507 957 639 1003 non
665 940 848 1001 efficit
873 946 1084 1001 autem
1112 960 1186 1003 eo
1208 942 1341 1022 ipso
1370 943 1537 1023 quod
1566 959 1692 1004 non
1723 944 1879 1018 vult,
1903 944 2070 1005 unde

509 1032 719 1094 sinon
768 1033 903 1093 vult
942 1032 1216 1113 obligare
1256 1035 1333 1096 ad
1387 1036 1669 1113 mortale,
1717 1037 1901 1116 plane
1940 1054 2070 1097 non

509 1124 766 1203 obligat.
800 1124 1007 1204 Neque
1030 1126 1220 1188 refert
1241 1129 1407 1206 quod
1436 1129 1579 1189 talis
1610 1129 1895 1190 voluntas
1921 1128 2073 1189 stul-

508 1223 575 1278 ta
603 1218 682 1278 sit
711 1216 852 1296 (hoc
880 1219 1049 1296 enim
1076 1222 1400 1299 permisso,
1422 1228 1486 1283 et
1512 1240 1640 1283 non
1668 1239 1974 1297 concesse,
2004 1227 2076 1282 ut

509 1309 675 1372 infra
700 1309 945 1392 dicam),
972 1331 1101 1374 non
1128 1318 1220 1374 est
1259 1314 1477 1375 eodem
1509 1315 1691 1375 modo
1730 1313 1917 1375 stulta
1950 1332 2073 1393 quo

507 1405 714 1484 prior3
747 1425 893 1467 nam
929 1406 1098 1487 prior
1123 1412 1216 1467 est
1246 1406 1432 1467 stulta
1460 1412 1522 1468 et
1564 1408 1792 1486 injusta
1826 1426 1840 1464 :
1877 1411 2076 1485 poste-

504 1496 637 1557 'rior
666 1505 876 1560 autem
895 1518 1024 1561 non
1043 1510 1135 1560 est
1152 1499 1403 1578 injusta,
1424 1506 1554 1560 esto
1576 1499 1657 1559 sit
1677 1498 2069 1578 imprudens:

507 1590 681 1669 prior
728 1592 899 1652 enim
960 1597 1052 1653 est
1100 1592 1180 1653 ad
1239 1592 1689 1670 imponendum
1736 1608 2075 1670 gravamen

511 1682 676 1743 ultra
702 1689 1085 1762 potestatem,
1121 1685 1420 1764 posterior
1454 1684 1656 1746 solum
1684 1684 1761 1745 ad
1802 1701 1930 1744 non
1957 1684 2075 1744 im-

508 1776 869 1854 ponendum
910 1783 1114 1838 totum
1156 1795 1494 1855 gravamen
1528 1777 1688 1857 quod
1729 1782 1952 1856 posset,
2006 1777 2075 1837 in

511 1885 638 1947 quo
667 1886 795 1929 non
818 1869 966 1931 facit
997 1870 1277 1950 superior
1304 1871 1603 1950 injuriam
1644 1869 1913 1946 subdito,
1945 1876 2075 1931 esto

510 1960 665 2022 alias
693 1961 856 2023 male
888 1961 1213 2042 gubernet.
1268 1962 1444 2024 Unde
1489 1962 1593 2023 hic
1644 1964 1833 2024 etiam
1881 1969 2076 2023 retor-

509 2059 738 2133 quetur
766 2062 1249 2134 argumentum:
1295 2074 1467 2131 nam,
1511 2061 1583 2115 ut
1619 2056 1901 2118 voluntas
1946 2073 2075 2116 non

509 2146 873 2225 imponendi
909 2166 1066 2210 onus
1117 2149 1193 2209 de
1220 2148 1381 2210 iacto
1429 2148 1583 2209 illud
1615 2167 1742 2210 non
1769 2150 2072 2229 imponat,

508 2240 656 2299 satis
684 2246 777 2301 est
798 2242 962 2320 quod
977 2242 1053 2303 de
1078 2242 1243 2303 facto
1260 2241 1588 2316 habeatur,
1614 2247 1823 2321 estque
1848 2243 2075 2320 imper-

499 2332 716 2393 tinens
766 2334 929 2412 quod
978 2334 1316 2413 prudenter
1354 2340 1466 2395 aut
1509 2333 1696 2394 stulte
1742 2333 2067 2395 habeatur.

507 2423 590 2484 Ut
617 2425 670 2484 si
723 2444 833 2485 rex
863 2426 1020 2487 ferat
1066 2427 1270 2505 legem
1303 2426 1436 2487 sine
1469 2444 1652 2486 causa
1678 2427 1866 2505 justa,
1915 2427 2074 2487 nihil

508 2514 657 2576 facit
683 2538 696 2576 :
730 2517 781 2577 si
808 2536 955 2579 vero
983 2518 1225 2578 auferat
1246 2517 1450 2596 legem
1470 2519 1707 2597 justam
1736 2519 1869 2579 sine
1891 2537 2076 2580 causa

501 2608 696 2688 justa,
747 2609 980 2670 factum
1030 2617 1223 2685 tenet,
1264 2609 1407 2671 licet
1463 2611 1625 2671 male
1668 2611 1877 2686 faciat,
1926 2613 2075 2690 quia

507 2702 646 2781 plus
668 2703 748 2763 ad
770 2703 1130 2782 ponendum
1152 2721 1342 2782 quam
1368 2702 1450 2763 ad
1467 2720 1595 2763 non
1621 2703 2075 2783 imponendum

508 2792 611 2853 vel
665 2812 792 2854 non
838 2795 1332 2856 conservandum
1372 2813 1531 2855 onus
1563 2796 1923 2876 requiritur.
1974 2797 2075 2858 Sic

510 2901 657 2964 ergo
680 2885 747 2946 in
770 2886 1077 2965 praesenti.

590 2969 689 3039 10.
738 2977 832 3038 Ad
864 2979 1142 3057 tertium,
1192 2981 1269 3042 de
1315 2979 1662 3041 differentia
1707 2981 1964 3042 venialis
2011 2987 2075 3042 et

510 3070 786 3132 mortalis
815 3073 1071 3151 peccati,
1122 3073 1267 3161 dato
1321 3073 1720 3136 antecedente
1779 3075 1848 3135 in
1907 3074 2074 3136 bono

506 3181 715 3240 sensu,
752 3171 1015 3244 negatur
1037 3167 1494 3247 consequentia.
1531 3168 1690 3228 Nam
1718 3167 1787 3228 in
1812 3167 1909 3227 his
1935 3185 2075 3246 quae

506 3276 634 3320 non
671 3262 821 3320 sunt
857 3277 969 3339 per
995 3278 1059 3321 se
1101 3261 1286 3335 mala,
1326 3259 1433 3321 sed
1476 3265 1726 3321 tantum
1758 3259 1905 3338 quia
1932 3276 2075 3338 pro-

505 3350 729 3427 hibita,
761 3351 904 3413 licet
925 3354 1085 3414 ratio
1112 3353 1349 3433 peccati
1375 3352 1651 3412 mortalis
1678 3356 1789 3411 aut
1815 3350 2076 3412 venialis

506 3460 637 3504 non
667 3443 935 3523 pendeat
955 3445 1311 3511 immediate
1335 3461 1413 3504 ex
1437 3441 1751 3503 voluntate
1776 3441 2072 3519 hominis,

508 3535 853 3595 necessario
888 3537 1116 3613 pendet
1155 3541 1414 3610 remote,
1447 3535 1510 3595 in
1548 3540 1851 3614 quantum
1893 3552 1933 3595 a
1969 3552 2076 3595 vo-

507 3626 749 3688 luntate
784 3618 1051 3689 hominis
1089 3628 1316 3708 pendet
1351 3645 1605 3707 ponere,
1648 3628 1750 3688 vel
1793 3645 1922 3688 non
1962 3645 2070 3707 po-

507 3737 657 3780 nere
684 3725 1063 3799 praeceptum
1089 3719 1446 3800 prohibenS,
1477 3725 1540 3782 et
1559 3737 1787 3800 ponere
1819 3720 1943 3781 tale
1976 3719 2076 3781 vel

505 3811 633 3873 tale
660 3819 1055 3893 praeceptum.
1088 3815 1224 3875 Non
1248 3818 1341 3875 est
1363 3830 1510 3893 ergo
1554 3814 1702 3874 satis
1745 3814 1912 3895 quod
1943 3831 2076 3875 ma-

507 3906 670 3968 teria
691 3907 772 3967 sit
790 3907 1021 3986 gravis,
1050 3908 1300 3988 quando
1331 3914 1460 3969 tota
1495 3907 1603 3968 illa
1646 3906 1724 3969 de
1750 3926 1815 3970 se
1842 3913 1905 3969 et
1942 3926 2073 3968 non

506 3998 824 4080 prohibita
873 4007 1032 4062 esset
1087 4000 1446 4063 indifferens
1472 4022 1486 4061 :
1525 4006 1766 4081 oportet
1808 4018 1956 4080 ergo
2005 4007 2075 4062 ut

506 4092 911 4172 prohibeatur
930 4093 1288 4174 simpliciter
1313 4099 1375 4156 et
1407 4094 1723 4174 adaequate
1754 4096 1847 4171 (ut
1868 4093 1956 4154 sic
1982 4093 2075 4154 di-

508 4188 668 4261 cam)
699 4185 1042 4249 secundum
1072 4192 1267 4248 totam
1317 4187 1720 4267 capacitatem
1768 4205 1971 4260 suam,
2015 4191 2077 4247 et

505 4278 706 4358 posita
734 4279 846 4339 tali
877 4280 1314 4359 prohibitione,
1359 4280 1492 4359 jam
1522 4298 1651 4341 non
1677 4278 1971 4359 pendebit
1999 4297 2077 4340 ex

505 4372 828 4433 voluntate
851 4372 1148 4450 hominis,
1175 4372 1340 4453 quod
1362 4379 1682 4453 peccatum
1705 4373 1785 4433 sit
1816 4372 2076 4433 mortale

505 4464 609 4526 vel
642 4465 911 4543 veniale„
931 4466 1037 4528 sed
1067 4485 1144 4528 ex
1172 4472 1396 4527 natura
1419 4465 1644 4543 objecti
1672 4466 1758 4525 sic
1781 4465 2077 4545 propositi

508 4557 575 4619 id
603 4558 906 4637 sequitur,
937 4565 999 4621 et
1024 4559 1114 4620 ita
1133 4559 1202 4619 in
1236 4557 1654 4638 superioribus
1680 4556 1953 4617 diximus
1975 4575 2077 4618 ac-

508 4649 735 4726 cidere,
762 4651 1013 4730 quando
1042 4651 1307 4711 materia
1336 4655 1429 4711 est
1458 4668 1653 4729 capax
1680 4648 2075 4727 obligationis

507 4742 626 4804 sub
653 4742 900 4803 mortali
941 4749 1001 4804 et
1037 4743 1350 4822 legislator
1376 4760 1504 4803 non
1544 4741 1774 4802 limitat
1815 4741 2076 4803 modum

506 4835 926 4917 praecipiendi,
961 4835 1071 4897 sed
1119 4835 1482 4915 simpliciter
1527 4835 1664 4897 vult
1713 4835 2068 4915 praecipere.

505 4928 588 4990 At
615 4947 761 4991 vero
787 4929 855 4990 in
885 4934 1094 4993 nostro
1130 4947 1276 4990 casu
1299 4946 1429 4990 non
1452 4928 1825 5008 supponitur
1865 4928 2074 5008 prohi-

505 5021 659 5083 bitio
688 5022 1019 5097 sufficiens,
1055 5027 1127 5083 ut
1155 5021 1416 5083 materia
1452 5021 1561 5082 illa
1593 5020 1673 5081 sit
1717 5020 1883 5081 mala
1927 5020 2076 5099 quia

506 5115 819 5195 prohibita
841 5117 915 5177 in
932 5115 1131 5195 gradu
1155 5114 1390 5196 peccati
1424 5113 1737 5191 mortalis3
1772 5113 1920 5192 quia
1946 5131 2074 5174 non

463 5220 469 5227 ·
509 5206 597 5267 sic
637 5208 1033 5287 prohibetur:
1068 5226 1216 5287 ergo
1219 5253 1239 5284 ,
1267 5226 1344 5269 ex
1369 5205 1701 5286 hypothesi
1734 5205 1876 5266 talis
1920 5223 2077 5285 prae-

509 5300 694 5379 capti,
735 5301 1113 5380 impossibile
1159 5306 1252 5361 est
1303 5305 1513 5361 actum
1566 5298 1660 5359 illi
1692 5299 2075 5359 contrarium

508 5410 641 5454 esse
684 5398 1002 5472 peccatum
1052 5393 1331 5455 mortale.
1387 5395 1543 5455 Nam
1571 5392 1671 5454 vel
1698 5398 1791 5453 est
1816 5392 1938 5454 tale
1964 5411 2078 5472 per

508 5502 598 5561 se,
634 5490 697 5545 et
730 5484 847 5546 hoc
887 5502 1037 5561 non,
1083 5491 1156 5546 ut
1190 5486 1580 5566 supponitur,
1633 5485 1730 5547 vel
1780 5491 1876 5550 est
1921 5484 2073 5562 tale,

1514 382 1631 436 LIB.
1666 383 1750 436 111.
1786 383 1867 436 DE
1898 382 2059 435 LEGE
2091 380 2352 434 nummi
2382 380 2463 434 ΕΤ
2496 381 2699 436 clvlLl.

2149 478 2297 558 quia
2317 478 2723 559 prohibitum,
2749 480 2813 538 et
2829 473 2949 536 hoc
2984 472 3176 536 etiam
3207 491 3361 550 non,
3386 472 3550 554 quia
3608 486 3748 532 non

2150 578 2242 633 est
2274 572 2361 631 ita
2393 570 2751 651 simpliciter
2777 568 3183 648 prohibitum.

2232 668 2329 724 11.
2389 664 2483 724 Ad
2529 668 2826 742 quartum
2869 659 3210 740 respondeo
3266 657 3745 737 obligationem

2151 758 2324 835 quasi
2346 756 2676 835 passivam,
2702 772 2841 835 quae
2866 754 2934 813 in
2962 752 3211 813 subdito
3234 752 3567 813 moraliter
3591 769 3748 810 con-

2149 849 2476 924 sideratur,
2509 867 2636 908 non
2665 866 2795 908 esse
2823 847 3155 908 essentiam
3183 845 3364 924 legis,
3396 846 3506 906 sed
3546 844 3745 905 effec-

2148 947 2310 1019 tum,
2330 942 2614 1021 quamvis
2636 941 2688 1001 si
2708 940 3129 1001 consideretur
3151 945 3224 999 ut
3241 939 3496 999 effectus
3522 955 3743 999 causae

2151 1035 2490 1111 efficientia,
2534 1052 2645 1095 seu
2671 1032 2972 1109 formaIiS,
3012 1034 3203 1112 possit
3239 1050 3368 1092 non
3402 1030 3741 1092 immerito

2153 1127 2522 1188 intrinsecus
2569 1132 2630 1187 et
2661 1125 3004 1187 essentialis
3031 1125 3326 1203 reputari.
3359 1126 3612 1186 Omissa
3644 1129 3740 1183 ta-

2153 1238 2302 1281 men
2321 1219 2695 1298 obligatione
2715 1219 2978 1298 passiva,
2995 1218 3074 1279 de
3093 1218 3297 1278 activa
3317 1216 3735 1296 obligatione,

2155 1331 2293 1392 quae
2313 1313 2517 1393 potius
2543 1318 2635 1373 est
2653 1312 2830 1391 quasi
2857 1310 3137 1372 activitas
3159 1309 3563 1389 obligationis
3594 1327 3737 1389 pas·

2153 1406 2321 1480 sivae,
2354 1405 2490 1465 dico
2521 1405 2683 1465 hanc
2709 1422 2839 1467 esse
2866 1404 2944 1464 de
2986 1404 3249 1464 essentia
3277 1402 3435 1481 legis
3467 1408 3534 1464 et
3563 1404 3736 1463 inse-

2155 1497 2496 1577 parabilem
2541 1497 2620 1558 ab
2665 1497 2795 1571 illa,
2838 1497 2987 1575 quia
3027 1496 3130 1556 lex
3177 1494 3590 1557 essentialiter
3634 1500 3731 1556 est

2154 1589 2477 1652 vinculum
2504 1589 2900 1668 obligationis
2918 1589 3328 1649 inductivum.
3343 1589 3556 1667 Neque
3577 1606 3731 1649 con-

2155 1688 2253 1744 tra
2288 1683 2406 1744 hoc
2432 1683 2638 1744 obstat
2677 1682 2843 1761 quod
2872 1681 2974 1741 lex
3013 1681 3096 1742 sit
3136 1682 3309 1760 prior
3341 1680 3725 1757 obligatione

2154 1776 2418 1854 passiva,
2451 1781 2515 1835 et
2540 1774 2706 1854 quod
2742 1775 3036 1835 consistat
3073 1773 3143 1834 in
3182 1773 3576 1835 intimatione
3611 1791 3725 1834 vo—

2153 1867 2409 1929 luntatis
2435 1867 2839 1946 legislatoris:
2866 1884 3014 1928 nam
3037 1865 3245 1945 potius
3274 1865 3420 1926 hinc
3441 1866 3721 1945 sequitur

2155 1962 2347 2023 talem
2376 1980 2507 2023 esse
2536 1962 2762 2040 legem,
2792 1960 2991 2040 qualis
3018 1965 3111 2021 est
3134 1959 3412 2020 voluntas
3437 1979 3571 2039 quae
3589 1979 3716 2040 per

2156 2054 2329 2115 illam
2373 2055 2718 2129 intimatur,
2762 2053 2910 2133 quia
2938 2053 3047 2114 illa
3081 2053 3353 2113 voluntas
3386 2058 3480 2112 est
3523 2052 3705 2131 quasi

2155 2149 2367 2209 anima
2405 2149 2559 2225 ejuS,
2600 2153 2664 2208 et
2689 2146 2768 2207 ab
2808 2146 2916 2207 illa
2958 2146 3134 2225 quasi
3169 2145 3499 2206 formaliter
3516 2146 3714 2206 hahet

2154 2241 2284 2301 vim
2313 2239 2666 2318 obligandi3
2692 2239 2799 2300 sed
2825 2239 2893 2298 in
2921 2245 3131 2299 nostro
3158 2256 3304 2299 casu
3328 2237 3436 2298 illa
3458 2237 3561 2298 lex
3586 2257 3716 2299 non

2154 2333 2405 2393 intimat
2445 2331 2828 2393 voluntatem
2884 2331 3200 2409 obligandi
3259 2330 3375 2391 sub
3425 2331 3715 2409 mortali;

2156 2442 2303 2504 ergo
2324 2443 2440 2485 nec
2463 2426 2593 2503 ipsa
2613 2429 2811 2503 potest
2837 2423 2952 2485 sub
2969 2423 3216 2484 mortali
3243 2422 3554 2501 obligare,
3572 2441 3716 2484 nam

2154 2517 2466 2578 intimatio
2493 2523 2564 2577 ut
2594 2518 2701 2592 sic,
2745 2522 2991 2577 tantum
3022 2522 3115 2577 est
3147 2516 3214 2576 in
3257 2534 3487 2594 genere
3534 2517 3713 2594 signi,

2154 2610 2321 2688 quod
2349 2609 2551 2669 solum
2588 2609 2778 2670 habet
2804 2609 3139 2670 efficaciam
3166 2609 3409 2670 ratione
3441 2610 3668 2688 signati
3694 2631 3709 2668 ε

2157 2704 2321 2764 unde
2363 2704 2442 2764 ad
2483 2704 2753 2783 primam
2790 2702 3296 2780 consequentiam
3328 2701 3493 2780 quod
3521 2701 3718 2782 posita

2154 2797 2293 2874 lege
2330 2815 2408 2857 ex
2439 2815 2515 2858 ea
2553 2796 2921 2857 naturaliter
2952 2794 3227 2856 nascitur
3253 2794 3550 2873 obligatio
3575 2813 3717 2874 pro-

2154 2889 2503 2969 portionata
2545 2890 2843 2964 materiae,
2892 2888 3232 2968 respondeo
3281 2888 3715 2966 distinguendo

2154 2999 2576 3062 consequens:
2611 3001 2758 3043 nam
2787 2983 2986 3061 posita
3014 2980 3151 3059 lege
3180 2981 3496 3059 adaequata
3517 2987 3717 3042 mate-

2153 3073 2284 3149 riae,
2310 3093 2527 3137 verum
2553 3081 2672 3151 est3
2707 3075 2775 3136 in
2802 3081 3015 3136 nostro
3048 3080 3259 3135 autem
3288 3093 3435 3136 casu
3461 3092 3588 3134 non
3609 3092 3722 3154 po-

2153 3168 2326 3228 nitur
2351 3168 2453 3230 lex
2480 3169 2804 3248 adaequata
2841 3168 3139 3243 materiae,
3172 3174 3245 3228 ut
3272 3168 3718 3247 supponimus3

2155 3261 2322 3321 unde
2355 3262 2555 3341 posita
2583 3260 2944 3339 hujusmodi
2987 3260 3125 3340 lege
3166 3261 3560 3339 inadaequata
3589 3279 3725 3321 ma-

2155 3352 2351 3428 teriae,
2372 3353 2598 3413 falsum
2619 3359 2709 3414 est
2723 3353 2872 3415 illud
2892 3371 3294 3432 consequens.
3312 3354 3720 3433 Quapropter,

2155 3445 2207 3505 si
2253 3464 2633 3525 consequens
2674 3445 2832 3506 illud
2877 3447 3165 3508 universe
3211 3446 3599 3524 intelligatur
3645 3445 3729 3506 de

2156 3556 2544 3618 quacumque
2573 3536 2735 3617 lege,
2781 3545 3047 3618 negatur
3071 3540 3531 3618 consequentia,
3576 3539 3732 3619 quia

2155 3630 2257 3693 vel
2287 3630 2550 3693 involvit
2590 3634 3090 3712 repugnantiam,
3134 3633 3233 3694 vel
3264 3633 3557 3712 supponit
3585 3651 3733 3711 pro-

2155 3724 2433 3785 bandum
2455 3769 2474 3799 ‚
2523 3724 2826 3785 nimirum
2871 3725 3037 3805 quod
3087 3724 3189 3786 lex
3238 3725 3582 3786 necessario
3645 3726 3734 3786 sit

2155 3816 2502 3896 adaequata,
2551 3818 2741 3878 etiam
2783 3823 2996 3878 contra
3039 3818 3425 3879 voluntatem
3468 3818 3733 3879 ferentis

2153 3908 2346 3972 illam.
2393 3911 2522 3971 Hoc
2550 3911 2720 3972 enim
2755 3909 3055 3972 hactenus
3079 3911 3408 3991 probatum
3447 3930 3576 3972 non
3602 3917 3725 3986 est,

2153 4020 2355 4082 neque
2385 4003 2574 4064 etiam
2603 4008 2693 4064 est
2720 4009 3037 4065 ostensum
3063 4004 3230 4083 quod
3256 4005 3414 4065 circa
3436 4004 3725 4065 eamdem

2154 4096 2478 4156 materiam
2495 4141 2517 4171 ,
2566 4113 2709 4155 cum
2757 4096 2987 4157 eisdem
3031 4096 3538 4172 circumstantiis,
3591 4115 3724 4157 non

2155 4189 2391 4267 possint
2436 4206 2565 4250 esse
2615 4188 2870 4250 diversa:
2916 4189 3082 4267 leges
3129 4189 3329 4269 magis
3373 4189 3473 4250 vel
3513 4190 3727 4250 minus

2156 4282 2553 4362 prohibentes
2597 4285 2778 4363 juxta
2825 4284 3236 4345 intentionem
3281 4284 3721 4364 praecipientis.

2155 4377 2232 4436 Et
2260 4377 2544 4454 quamvis
2569 4376 2636 4436 id
2671 4377 2863 4455 gratis
2890 4377 3165 4452 daretur,
3196 4377 3398 4438 adhuc
3424 4395 3555 4438 non
3584 4395 3728 4457 pro-

2156 4468 2407 4530 baretur
2428 4469 2573 4530 inde
2591 4470 2658 4529 in
2684 4487 2757 4530 eo
2779 4488 2923 4531 casu
2946 4470 3095 4531 ferri
3112 4470 3315 4548 legem
3341 4470 3728 4549 obligantem

2156 4560 2271 4622 sub
2318 4561 2586 4634 mortali,
2638 4563 2746 4624 sed
2782 4563 2986 4643 potius
3023 4563 3261 4624 nullam
3301 4563 3504 4642 legem
3545 4563 3723 4639 ferri,

2156 4654 2304 4734 quia
2330 4653 2644 4733 legislator
2670 4673 2785 4717 nec
2805 4656 2941 4718 vult
2961 4656 3122 4717 ferre
3149 4673 3338 4736 quam
3360 4661 3583 4736 potest,
3608 4673 3730 4716 nec

2156 4752 2361 4826 potest
2386 4764 2574 4825 quam
2597 4747 2751 4808 vult.
3266 4754 3274 4761 '

2237 4841 2335 4900 12.
2386 4838 2665 4901 Secunda
2691 4839 3268 4902 conclusim—Unde
3300 4839 3376 4900 ad
3418 4840 3726 4919 majorem

2154 4931 2244 4991 rei
2277 4931 2750 5011 explicationem
2800 4932 2940 4992 dico
2982 4931 3250 4993 secundo
3281 4948 3297 4992 :
3347 4933 3629 5012 quamvis
3657 4934 3726 4993 in

2156 5040 2230 5084 eo
2260 5042 2403 5084 casu
2434 5023 2536 5084 lex
2562 5041 2690 5084 non
2716 5026 2903 5104 possit
2928 5023 3204 5102 obligare
3233 5024 3314 5084 ad
3338 5025 3622 5100 mortale,
3657 5031 3729 5085 ut

2156 5121 2470 5177 ostensum
2516 5122 2609 5177 est
2636 5132 2657 5193 3
2707 5117 3112 5178 nihilominus
3158 5135 3286 5178 non
3332 5124 3423 5178 est
3467 5119 3728 5177 omnino

2154 5209 2352 5285 nulla,
2377 5216 2695 5289 potestque
2723 5210 2999 5288 obligare
3029 5211 3108 5270 ad
3134 5210 3377 5271 veniale
3409 5210 3590 5288 juxta
3619 5228 3729 5270 vo-

2156 5300 2463 5362 luntatem
2487 5301 2879 5380 legislatoris,
2901 5320 3040 5381 quae
3064 5320 3191 5362 non
3216 5320 3461 5382 semper
3482 5302 3729 5362 irratio-

2157 5394 2381 5456 nabilis
2408 5401 2519 5457 est.
2568 5396 2741 5456 Hanc
2769 5395 3170 5456 assertionem
3208 5395 3544 5477 intendunt
3572 5414 3728 5455 auc-

2156 5492 2318 5549 tores
2344 5488 2538 5564 citati,
2562 5486 2977 5568 probaturque
3012 5487 3181 5568 prior
3207 5505 3349 5568 pars
3378 5506 3456 5551 ex
3480 5507 3601 5549 usu
3626 5506 3728 5551 re-
