3976 6219
809 428 946 482 CAP.
980 429 1112 484 xm.
1148 431 1363 486 uram!
1393 433 1519 487 Lux
1550 432 1861 488 motum
1891 428 2105 484 Possm·
2135 428 2675 492 concomm'rmt,
2706 427 2843 480 E‘rc.

174 545 343 590 non
391 532 609 597 audire
647 534 898 598 Missam
929 533 998 594 in
1039 532 1140 595 die
1181 534 1362 611 festo,
1408 555 1553 600 cum
1586 539 1667 598 sit
1701 536 1779 597 de

173 621 312 702 obj
320 629 458 686 ecto
471 642 687 705 pravo,
699 634 762 689 et
783 633 956 688 actus
974 626 1235 688 interior
1249 634 1455 691 sumat
1473 630 1779 691 malitiam

175 733 393 779 suam
419 718 499 779 ab
542 720 823 800 objecto?
855 719 1030 782 Unde
1066 719 1135 780 in
1165 738 1302 801 cap.
1333 723 1546 800 Nulli,
1576 723 1640 784 d.
1674 724 1776 797 19,

176 808 443 870 dicitur
465 828 482 872 ι
504 813 696 878 Nulli
716 816 824 891 fas
841 818 954 887 eet,
971 812 1065 876 vol
1086 812 1255 890 uuo,
1275 815 1368 876 vel
1382 832 1556 894 poue
1574 820 1777 878 wans-

176 904 387 980 yredi
435 906 775 984 apostoliam
824 906 986 969 sodis
1030 912 1351 986 proeoopta.
1409 908 1777 988 Quanquam

176 993 368 1056 illud
395 996 552 1060 velle
579 1015 710 1060 non
731 997 925 1078 possit
956 998 1038 1059 ab
1063 998 1333 1061 F'Azclesia
1359 1000 1592 1079 puniri,
1630 1001 1778 1079 quia

180 1085 286 1147 ad
315 1086 440 1150 hoc
464 1095 771 1170 oporteret
795 1090 1046 1166 directe,
1073 1096 1137 1152 et
1155 1108 1270 1171 per
1288 1109 1354 1153 se
1381 1091 1460 1155 de
1479 1093 1588 1153 illo
1613 1093 1777 1155 ferre

174 1178 551 1260 judicium3
582 1190 647 1245 et
667 1182 808 1245 ideo
828 1200 967 1263 quae
991 1182 1069 1244 de
1094 1183 1420 1263 punitione
1457 1185 1527 1246 111
1547 1185 1656 1247 1110
1678 1202 1778 1246 ca·

187 1273 341 1351 pite
364 1273 1072 1352 adduntur„necessario
1098 1280 1244 1337 sunt
1266 1276 1343 1338 de
1372 1277 1692 1339 voluntate
1709 1277 1777 1338 in

192 1365 504 1427 effectum
535 1368 878 1447 prodeunte
903 1366 1329 1446 intelligenda.
1357 1369 1529 1431 Alter
1555 1370 1776 1431 modus

194 1457 531 1520 indirectas
558 1459 1016 1538 prohibitionis,
1044 1461 1144 1521 vel
1170 1463 1459 1541 praecepti
1490 1468 1662 1524 actus
1683 1463 1779 1523 in·

196 1550 460 1611 terioris
476 1551 811 1630 perlegam
834 1552 1178 1613 humanam
1204 1557 1297 1614 661
1317 1572 1428 1633 per
1444 1555 1779 1633 quamdam

199 1643 759 1705 concomitantiam
777 1660 921 1705 cum
939 1649 1083 1704 actu
1101 1645 1413 1722 exteriori,
1430 1647 1519 1707 ita
1539 1652 1611 1707 ut
1625 1664 1780 1726 prae-

199 1736 524 1815 cipiendo,
539 1735 638 1798 vel
658 1735 1040 1816 prohibendo
1059 1737 1450 1813 exteriorem,
1483 1755 1781 1817 comprae-

202 1828 512 1906 cipiatur,
551 1828 653 1889 vel
688 1826 1228 1907 comprohibeatur
1257 1835 1430 1891 actus
1472 1831 1776 1907 internus,

200 1918 302 1979 ita
342 1924 414 1979 ut
450 1919 531 1980 sit
564 1920 740 1999 quasi
780 1938 924 1999 pars
955 1926 1128 1982 actus
1159 1921 1388 2001 integri
1423 1928 1487 1984 et
1524 1941 1779 2003 compo-—

198 2009 341 2084 siti,
377 2013 485 2089 qui
516 2019 609 2073 est
635 2013 885 2092 propria
914 2014 1176 2076 materia
1211 2016 1380 2076 illius
1406 2016 1584 2095 legis,
1615 2022 1679 2078 et
1702 2017 1780 2078 de

201 2101 336 2163 hoc
372 2103 561 2165 modo
593 2105 1030 2185 prohibitionis
1061 2107 1433 2188 intelligitur
1471 2110 1783 2189 proposita

199 2195 497 2275 quaestio.

292 2289 357 2348 2.
423 2289 677 2368 Oportet
728 2296 938 2351 autem
994 2291 1143 2352 satis
1196 2292 1573 2372 distinguere
1621 2293 1783 2355 hanc

201 2380 717 2457 conjunctionem
743 2389 914 2443 actus
944 2383 1176 2444 interni
1203 2403 1348 2445 cum
1383 2391 1639 2447 externo
1665 2386 1780 2446 sub

206 2473 437 2533 eadem
465 2473 623 2552 1636,
657 2493 794 2553 quae
821 2494 934 2554 per
953 2493 1019 2536 se
1048 2483 1331 2538 versatur
1360 2480 1522 2539 circa
1547 2483 1778 2554 aetum,

207 2570 289 2625 ut
312 2572 604 2628 externus
630 2573 723 2629 est
748 2589 762 2629 ε
791 2567 928 2629 fieri
955 2569 1126 2630 enim
1153 2576 1353 2648 potest
1378 2571 1618 2631 duobus
1648 2589 1781 2631 mo-

205 2656 331 2718 dis.
366 2660 540 2720 Prior
574 2665 688 2735 est,
717 2661 968 2740 quando
1006 2662 1358 2739 conjunctio
1385 2667 1478 2724 est
1502 2662 1665 2737 talis,
1709 2668 1783 2723 ut

213 2749 503 2812 internus
535 2758 710 2814 actus
762 2771 876 2832 per
919 2754 1288 2815 exteriorem
1332 2753 1779 2829 manifestetur,

213 2846 529 2921 tanquam
557 2861 740 2904 causa
769 2862 880 2923 per
915 2844 1223 2921 effectum,
1267 2851 1339 2905 ut
1361 2845 1648 2906 voluntas
1673 2863 1784 2906 au-

215 2933 434 2994 diendi
448 2934 696 2997 Missam
714 2936 1044 3014 conjuncta
1063 2942 1155 2996 est
1177 2954 1321 2996 cum
1334 2942 1476 2996 actu
1489 2936 1783 2997 audiendi

216 3025 418 3086 libero
429 3042 450 3102 ;
495 3026 654 3088 alter
680 3033 798 3101 est,
841 3027 1087 3106 quando
1131 3034 1304 3089 actus
1342 3028 1601 3089 interior
1635 3046 1784 3088 con-

213 3117 575 3195 jungendus
601 3118 890 3180 exteriori
910 3137 1022 3198 per
1055 3119 1235 3181 illum
1271 3138 1398 3180 non
1430 3120 1786 3181 manifesta-

221 3211 350 3282 tur,
372 3213 443 3268 ut
469 3208 647 3270 estin
675 3210 894 3271 eodem
916 3212 1201 3291 exemplo
1218 3213 1480 3273 attentio
1505 3212 1787 3273 assisten-

218 3298 303 3358 tis
321 3298 402 3358 ad
419 3300 667 3363 Missam
686 3302 1084 3379 audiendam,
1101 3303 1202 3365 vel
1221 3303 1484 3365 intentio
1496 3303 1788 3365 audiendi

221 3388 396 3450 illam
427 3397 681 3472 propter
707 3394 818 3454 Dei
843 3394 1103 3469 cultum,
1135 3395 1235 3456 vel
1261 3401 1513 3475 propter
1541 3404 1787 3474 turpem

220 3480 439 3543 finem.
469 3485 556 3545 De
580 3484 771 3565 priori
806 3503 956 3564 ergo
982 3487 1166 3548 modo
1189 3488 1365 3548 nulla
1385 3493 1478 3549 est
1502 3489 1782 3567 quoestio,

221 3575 372 3653 quia
410 3576 477 3636 in
504 3577 669 3638 dicto
704 3578 896 3639 etiam
931 3578 1063 3639 loco
1101 3585 1416 3641 ostensum
1451 3586 1544 3641 est
1580 3581 1785 3659 legem

222 3668 590 3744 humanam,
627 3676 700 3730 ut
743 3670 853 3745 sic,
899 3689 1077 3750 posse
1116 3673 1448 3753 praecipere
1487 3674 1785 3735 indirecte

225 3758 580 3839 hujusmodi
606 3768 817 3823 actum
842 3762 1185 3840 internum,
1211 3766 1321 3844 qui
1349 3766 1429 3827 ad
1456 3771 1785 3827 externum

224 3852 561 3933 requiritur
578 3858 876 3933 tanquam
904 3857 1243 3918 necessaria
1262 3875 1445 3919 causa
1466 3858 1619 3936 ejus,
1636 3858 1785 3938 qnia

227 3945 326 4006 lex
369 3946 647 4026 praecipit
686 3952 893 4009 actum
933 3953 1259 4010 externum
1304 3948 1677 4025 humanum,
1723 3955 1787 4012 et

226 4036 415 4099 libere
439 4039 853 4102 exercendum
878 4056 895 4100 :
920 4041 1299 4120 impossibile
1323 4047 1534 4103 autem
1560 4047 1653 4103 est
1670 4041 1788 4103 hoc

231 4129 409 4191 modo
448 4130 628 4194 illum
661 4133 992 4212 praecipere
1028 4133 1182 4213 quin
1225 4132 1415 4194 simul
1438 4134 1783 4213 00111111·ωοί-

231 4223 358 4302 piat
385 4224 477 4301 (ut
498 4224 585 4286 sic
608 4242 743 4287 rem
771 4226 1094 4305 explicem)
1108 4224 1302 4287 talem
1327 4230 1555 4287 actum.
1583 4226 1786 4287 Redu-

235 4315 389 4376 citur
415 4334 564 4395 ergo
609 4318 869 4396 quaestio
903 4318 983 4380 ad
1025 4323 1198 4379 actus
1226 4318 1549 4380 interiores
1583 4325 1786 4398 poste·

235 4407 378 4469 riori
407 4408 593 4470 modo
622 4411 982 4489 conjunctos
1007 4428 1152 4472 cum
1183 4411 1474 4473 externis.

313 4502 369 4561 3.
386 4501 610 4564 Prima
626 4503 919 4566 sententia
934 4503 1290 4580 affirmem,
1303 4504 1438 4566 licet
1454 4503 1785 4583 munatio

237 4594 317 4657 sit
350 4611 458 4673 per
492 4594 766 4660 accidens
805 4600 862 4658 et
902 4600 1140 4659 tantum
1179 4613 1252 4658 σω
1294 4595 1614 4660 inustione
1653 4613 1787 4675 ope-

238 4688 455 4763 rantis,
482 4687 549 4750 ob
575 4704 755 4751 mum
775 4686 1090 4751 Ecclesiae.
1116 4720 1196 4735 -—
1213 4689 1300 4750 De
1326 4688 1424 4749 his
1448 4688 1656 4768 itaque
1682 4707 1787 4749 ac·

237 4779 391 4841 tibus
414 4780 677 4841 internis
702 4779 857 4842 duas
881 4778 1136 4842 invenio
1167 4780 1487 4860 opiniones
1511 4789 1784 4858 extreme

237 4871 585 4934 contrarias.
614 4872 821 4935 Prima
847 4878 960 4949 est,
1004 4890 1181 4952 posse
1205 4873 1411 4952 legem
1441 4873 1785 4937 humanam

243 4964 559 5045 prohibere
606 4971 815 5027 actum
863 4966 1216 5042 internum,
1263 4972 1338 5027 ut
1382 4967 1785 5045 conjunctum

242 5057 411 5120 alicui
437 5058 749 5133 exteriori,
766 5058 1009 5122 etiamsi
1029 5058 1139 5121 ina
1166 5059 1524 5138 conjunctio
1553 5078 1681 5121 non
1703 5060 1784 5121 sit

241 5169 338 5232 per
366 5168 451 5227 se,
482 5152 589 5213 sed
610 5168 781 5213 mere
813 5169 925 5231 per
944 5151 1231 5214 accidens
1254 5169 1332 5214 ex
1358 5152 1615 5214 arbitrio
1641 5171 1783 5233 ope-

242 5244 434 5306 rantis.
489 5245 580 5305 Ita
625 5243 819 5306 sensit
864 5243 1116 5323 Angel„
1168 5243 1339 5306 verb.
1392 5246 1738 5309 Hoereticus
1757 5290 1779 5323 ,

242 5356 300 5398 n.
320 5338 376 5413 2,
397 5342 460 5398 et
481 5336 758 5416 sequitur
775 5336 1061 5414 Tabien„
1083 5337 1255 5400 verb.
1279 5338 1782 5402 Ewcommunica-

244 5432 339 5504 tio,
367 5431 423 5505 ὅ,
454 5447 599 5491 casu
619 5432 692 5506 43
714 5434 778 5491 61
801 5430 996 5510 cajet.
1016 5431 1087 5494 in
1108 5432 1308 5507 Sum„
1324 5432 1496 5494 verb.
1520 5433 1781 5496 B'oeoom-

243 5523 570 5600 maioma,
595 5540 655 5587 0.
683 5524 744 5601 3,
770 5528 835 5588 61
852 5524 1028 5591 verb.
1052 5526 1256 5603 Hora,
1276 5524 1316 5609 ἓ
1334 5526 1372 5589 3
1381 5540 1408 5607 3
1436 5526 1604 5606 soto,
1629 5525 1673 5589 l.
1701 5528 1782 5590 10

3299 421 3419 483 379

1854 533 1932 595 de
1953 533 2192 607 Justit„
2223 550 2285 611 q.
2316 534 2380 608 Β,
2411 536 2530 592 art.
2559 532 2637 607 53
2663 534 2728 590 et
2750 525 3044 588 videntur
3071 525 3419 587 consentire

1853 626 2062 702 cord„
2086 625 2195 686 lib.
2228 625 2292 701 4,
2318 643 2380 704 q.
2407 626 2519 698 ¹33
2546 628 2608 684 61
2629 622 2844 683 Covar.
2867 619 2932 679 in
2952 617 3171 695 Regul.
3199 618 3418 681 Pecca-

1857 724 2008 794 tum,
2034 721 2095 794 2,
2114 721 2173 780 7.
2187 718 2552 778 Fundantur
2571 716 2639 775 in
2659 731 2779 774 usu
2795 711 3098 786 Ecclesiae,
3119 708 3418 771 afferunt-

1859 828 1981 891 que
2009 811 2210 871 multa
2231 812 2396 890 jura,
2424 826 2565 889 quae
2594 806 2714 868 1100
2739 804 2924 867 modo
2950 803 3240 864 videntur
3265 820 3421 882 pres-

1861 904 2064 983 cipere
2087 907 2198 964 aut
2213 901 2543 981 prohibere
2564 905 2740 961 actus
2764 899 3044 959 internos
3072 893 3260 955 simul
3276 912 3419 956 cum

1861 995 2154 1057 externis.
2185 993 2464 1055 Primum
2485 993 2567 1054 sit
2585 1010 2719 1071 cap.
2746 990 2955 1053 Omnis
2979 987 3316 1066 utriusque,
3342 988 3420 1049 de

1859 1087 2081 1149 Pmnit.
2116 1092 2180 1149 et
2203 1086 2433 1149 Remis.
2440 1129 2462 1162 ,
2506 1090 2811 1166 quatenus
2838 1079 3248 1162 praecipiendo
3273 1097 3419 1141 con-

1857 1181 2188 1245 fessionem
2216 1197 2514 1256 annuam,
2537 1177 2814 1259 proecipit
2838 1176 3116 1237 dolorem
3144 1191 3421 1236 necessa-

1856 1274 2047 1351 rium,
2079 1279 2141 1336 et
2165 1273 2608 1336 confessionem
2644 1269 3092 1350 cogitationum
3119 1284 3289 1328 mere
3313 1267 3420 1326 in-

1858 1372 2205 1428 ternarum.
2257 1366 2611 1428 Secundum
2658 1369 2753 1425 est
2799 1379 2932 1441 cap.
2987 1360 3289 1434 Dolenter,
3343 1357 3422 1419 de

1860 1458 2158 1520 celebrat.
2203 1459 2466 1534 Missar„
2508 1463 2572 1519 et
2605 1455 2904 1517 Clement.
2939 1455 3000 1529 1,
3031 1452 3271 1526 eodem,
3310 1449 3422 1510 ubi

1857 1552 2213 1631 praecipitur
2247 1551 2484 1612 clericis
2515 1548 2792 1614 recitatio
2827 1551 3068 1607 attenta
3088 1550 3152 1606 et
3172 1544 3417 1605 devota.

1855 1643 2135 1705 Tertium
2180 1648 2274 1704 est
2317 1661 2451 1723 cap.
2500 1641 2856 1714 Commissa,
2887 1637 2925 1717 ξ
2973 1637 3289 1709 Οωιονιιω,
3341 1635 3422 1699 de

1856 1735 2073 1812 Eleet.,
2110 1736 2179 1796 in
2210 1737 2272 1811 6,
2297 1735 2407 1796 11111
2434 1734 2694 1814 punitur
2721 1731 2831 1810 qui
2862 1729 3081 1810 recipit
3119 1727 3423 1790 beneficia

1857 1827 2085 1907 absque
2099 1828 2444 1890 intentione
2460 1823 2836 1904 suscipiendi
2845 1822 3127 1885 debitum
3138 1820 3423 1881 ordinem

1856 1920 2025 1982 intra
2049 1939 2307 1996 annum,
2329 1920 2452 1981 nisi
2474 1923 2713 1980 mutata
2727 1917 3047 1978 voluntate
3072 1913 3417 1974 ordinetur.

1858 2012 2110 2091 Quarto,
2151 2031 2229 2074 ex
2267 2013 2562 2074 Clement.
2596 2015 2656 2086 1,
2695 2009 2733 2090 ἓ
2778 2010 3011 2082 Vm,
3044 2007 3121 2067 de
3166 2005 3417 2068 Haeret..

1859 2105 1966 2169 ubi
1999 2107 2399 2186 Inquisitores
2417 2103 2526 2184 qui
2546 2122 2623 2165 ex
2639 2102 2783 2164 odio
2805 2100 2907 2162 vel
2928 2099 3273 2161 intentione
3291 2103 3425 2158 tur-

1859 2203 1955 2282 pis
1966 2201 2125 2262 lucri
2145 2199 2464 2273 omittunt,
2485 2202 2701 2257 contra
2712 2194 3020 2273 justitiam
3030 2197 3093 2253 et
3115 2191 3427 2252 conscien-

1858 2296 2037 2369 tiam,
2060 2292 2390 2373 procedere
2413 2295 2626 2351 contra
2650 2288 2922 2366 aliquem
2949 2286 3018 2347 111
3044 2302 3226 2346 causa
3250 2282 3420 2358 fidei,

1861 2385 2499 2450 excommunicantur.
2532 2382 2783 2456 Quinto,
2813 2398 2892 2440 ex
2913 2378 3212 2439 Clement.
3246 2378 3305 2450 1,
3347 2375 3424 2435 de

1863 2481 2020 2541 Stat.
2038 2475 2321 2539 Monach.
2329 2520 2349 2551 ,
2361 2475 2472 2536 ubi
2491 2474 2831 2540 monachus
2846 2468 3275 2532 Benedictinus
3291 2468 3426 2528 sine

1860 2569 2113 2631 lieentia
2139 2586 2204 2629 se
2242 2567 2565 2629 conferens
2602 2565 2681 2626 ad
2719 2564 2979 2638 curiam,
3009 2561 3222 2621 animo
3249 2577 3426 2620 accu-

1861 2664 2038 2724 sandi
2053 2660 2407 2734 Praelatum,
2422 2657 3014 2730 excommunicatur,
3031 2661 3097 2715 et
3115 2671 3267 2728 non,
3290 2653 3425 2713 sine

1860 2757 1973 2817 tali
1996 2755 2362 2816 intentione.
2399 2755 2608 2829 Sexto,
2636 2770 2714 2813 ex
2735 2770 2790 2811 c.
2825 2750 2908 2814 Si
2946 2750 3106 2829 mois,
3135 2749 3198 2823 8,
3223 2746 3286 2807 d.
3321 2747 3422 2822 30,

1860 2848 1971 2909 11111
1996 2846 2568 2909 excommunicatur
2593 2843 2703 2923 qui
2727 2861 2804 2903 ex
2821 2847 3177 2919 contemptu
3206 2838 3306 2899 vel
3330 2842 3428 2899 in-

1861 2947 2044 3000 terna
2100 2939 2532 3017 superstitione
2589 2935 2900 3015 jejunium
2953 2931 3426 2994 ecclesiasticum

1864 3048 1994 3092 non
2018 3031 2374 3106 servaverit,
2397 3035 2460 3090 et
2487 3047 2614 3089 non
2642 3028 2795 3089 alias
2823 3049 2841 3101 ;
2880 3043 3024 3087 cum
3050 3031 3263 3086 tamen
3284 3041 3427 3084 con-

1864 3128 2161 3202 temptus,
2180 3121 2441 3184 interior
2466 3127 2637 3182 actus
2662 3120 2762 3180 sit.
2785 3121 2861 3180 Et
2884 3118 3099 3179 eodem
3119 3117 3303 3177 modo
3333 3133 3429 3176 so-

1864 3214 1998 3275 lent
2036 3215 2183 3292 jura
2227 3215 2524 3274 canonica
2571 3210 3107 3273 excommunicare
3137 3207 3429 3269 facientes

1864 3306 1984 3367 1100
2008 3306 2109 3367 vel
2134 3306 2313 3381 illud,
2343 3306 2596 3368 wimer
2622 3309 2732 3365 aut
2766 3309 2997 3376 amne,
3031 3307 3095 3362 et
3119 3317 3262 3360 cum
3287 3300 3426 3360 aliis

1864 3398 2170 3459 similibus
2196 3397 2512 3476 particulis
2539 3392 3031 3474 significantibus
3052 3392 3270 3454 modos
3298 3409 3427 3453 me·

1863 3508 1932 3552 re
1959 3490 2238 3550 internos
2264 3494 2521 3550 actuum
2548 3493 2974 3560 externorum,
2999 3485 3111 3564 qui
3139 3502 3259 3545 nec
3281 3489 3430 3544 sunt

1864 3598 1976 3661 per
2004 3598 2068 3642 se
2104 3581 2368 3642 connexi
2400 3598 2545 3641 cum
2580 3579 2727 3655 illis,
2772 3596 2886 3640 nec
2922 3595 3035 3657 per
3060 3576 3201 3637 illos
3228 3575 3430 3637 mani-

1863 3671 2191 3749 festantur,
2238 3679 2303 3735 et
2336 3672 2746 3734 nihilominus
2783 3687 3045 3733 censura
3089 3669 3428 3730 incurritur

1863 3784 2005 3827 cum
2044 3766 2153 3827 illo
2187 3767 2397 3842 modo,
2428 3772 2491 3827 et
2534 3783 2663 3827 non
2691 3765 2824 3828 sine
2863 3764 2996 3840 illo,
3030 3768 3102 3824 ut
3140 3768 3235 3826 661
3262 3778 3429 3824 00111-

1863 3859 2074 3920 munis
2103 3858 2421 3936 doctrina;
2451 3876 2626 3937 ergo.

1942 3954 2007 4014 4.
2053 3952 2332 4016 Suenda
2359 3952 2560 4030 opinio
2582 3951 2886 4031 negativa.
2903 3982 2973 3998 -
2990 3948 3271 4011 Secunda
3297 3949 3429 4028 opi·

1863 4045 1971 4106 1110
1997 4049 2369 4123 negatposse
2382 4042 2714 4103 Ecclesiam
2735 4041 3089 4121 principem,
3102 4040 3429 4119 prohibere

1865 4142 1975 4198 aut
2001 4137 2224 4215 punire
2254 4141 2462 4196 actum
2488 4135 2806 4195 internum
2831 4134 3232 4212 conjunctum
3259 4148 3430 4193 mere

1861 4223 1977 4310 'per
2003 4229 2286 4290 accidens
2311 4245 2456 4289 cum
2483 4233 2773 4300 externo;
2799 4232 2910 4287 aut
2935 4244 2973 4286 6
2999 4242 3293 4287 converso
3312 4242 3428 4303 pu-

1865 4321 2003 4382 nire
2048 4326 2375 4381 externum
2418 4324 2671 4399 propter
2711 4317 2903 4378 talem
2947 4317 3288 4390 internum,
3319 4315 3428 4394 qui

1867 4431 1982 4474 nec
2011 4412 2092 4473 sit
2122 4430 2306 4473 causa
2331 4410 2597 4486 externi,
2634 4427 2751 4471 nec
2790 4427 2903 4489 per
2927 4408 3108 4470 illum
3137 4406 3427 4469 manifes-

1863 4510 2054 4566 tetur.
2085 4504 2322 4566 Referri
2348 4503 2505 4565 solet
2536 4521 2651 4583 pro
2676 4503 2795 4565 hac
2819 4502 3128 4564 sententia
3156 4500 3422 4583 sylvest.

1865 4588 2039 4659 v'erb.
2070 4597 2629 4660 &communicatio
2654 4639 2674 4671 ,
2718 4597 2777 4670 ·1,
2817 4594 2886 4656 111
2911 4596 2953 4655 2
2987 4595 3423 4669 Excommun.‚

1865 4694 2171 4771 quatenus
2218 4682 2547 4770 impugnat
2599 4686 2975 4751 sententiam
3020 4685 3267 4765 Angeli,
3319 4685 3427 4749 sed

1863 4800 2080 4846 revera
2106 4799 2234 4843 non
2262 4780 2381 4843 hoc
2419 4780 2631 4857 sentit,
2658 4786 2732 4843 ut
2765 4798 2847 4843 ex
2870 4779 3141 4841 dicendis
3180 4782 3428 4840 consta-

1863 4875 1978 4937 bit.
2007 4874 2292 4937 Refertur
2321 4873 2509 4935 etiam
2539 4873 2835 4947 Almain„
2869 4873 2946 4934 de
2975 4873 3200 4934 Potest.
3231 4869 3424 4947 civili,

1864 4986 2000 5048 cap.
2033 4969 2095 5044 3,
2125 4972 2188 5028 et
2213 4966 2478 5047 probare
2509 4966 2755 5028 videtur
2784 4966 3036 5040 Navar„
3061 4965 3140 5026 de
3172 4962 3422 5039 Posuit„

1865 5061 1927 5123 d.
1953 5063 2017 5137 5,
2048 5062 2115 5122 111
2132 5060 2461 5140 principio,
2484 5079 2551 5120 n.
2576 5060 2657 5120 26
2678 5080 2695 5134 3
2718 5057 2941 5119 clarius
2962 5057 3031 5119 111
3050 5058 3424 5132 comment„

1863 5172 1918 5216 c.
1948 5154 2060 5217 fin.
2097 5154 2175 5215 de
2210 5154 2476 5228 Simon„
2519 5171 2587 5212 n.
2627 5153 2729 5225 20,
2773 5150 2884 5210 ubi
2917 5167 2996 5211 ex
3020 5150 3130 5211 illo
3154 5154 3332 5210 textu
3357 5148 3424 5209 id

1860 5246 2225 5322 conflrmat3
2253 5262 2402 5305 nam
2429 5244 2570 5304 ideo
2597 5243 2685 5303 ibi
2715 5259 2843 5302 non
2870 5242 3131 5322 punitur
3160 5241 3427 5303 simonia

1859 5338 2149 5400 mentalis
2168 5339 2236 5399 111
2258 5337 2529 5399 exterius
2542 5352 2694 5415 opus
2705 5334 3018 5415 prodiens,
3030 5336 3179 5416 quia
3200 5336 3425 5396 vitium

1858 5433 2015 5494 illud
2044 5450 2171 5494 non
2200 5430 2631 5493 manifestatur
2657 5430 2727 5492 in
2748 5446 2955 5509 opere,
2996 5430 3102 5492 sed
3125 5432 3194 5493 111
3218 5431 3424 5492 1111611-

1856 5526 2030 5591 tione
2063 5530 2311 5591 tantum
2350 5523 2580 5589 mentis
2621 5522 2919 5589 consistit.
2960 5524 3205 5606 Allegat
3232 5522 3423 5588 etiam
