3976 6219
495 355 573 414 10

491 455 788 535 Etymol.,
819 474 951 534 cap.
979 458 1038 516 9.
1072 456 1271 534 Atque
1292 474 1368 516 ex
1387 456 1484 516 his
1510 458 1763 518 tandem
1782 462 2039 531 constat,

493 568 683 628 quam
712 550 789 609 sit
815 550 1154 609 necessaria
1183 557 1242 609 et
1270 549 1436 609 utilis
1467 550 1598 609 haec
1627 551 1759 624 lex,
1806 570 1946 609 cum
1977 552 2041 609 in

493 661 568 703 ea
591 643 782 720 posita
811 643 888 700 sit
916 643 1195 701 discretio
1229 644 1389 701 inter
1416 643 1743 702 honestum
1775 650 1835 703 et
1865 649 2042 719 turpe

493 736 560 793 in
592 734 876 793 rationali
916 742 1158 793 natura.
1201 736 1640 794 Verumtamen
1678 735 1806 794 haec
1833 736 2044 793 omnia

491 827 743 904 longam
767 828 1086 904 requirunt
1111 827 1608 902 declarationem,
1645 828 1751 887 sed
1784 846 1861 886 ne
1881 827 2043 886 ordi-

494 940 636 981 nem
667 923 1042 980 invertamus
1068 967 1086 994 ,
1132 928 1193 981 et
1226 922 1675 981 confundamus
1714 923 1946 998 omnia,
1975 924 2042 981 in

490 1012 719 1072 librum
750 1020 1107 1090 sequentem
1136 1013 1307 1073 illam
1336 1033 1739 1075 reservamus,

576 1107 670 1163 11.
718 1106 1006 1183 Superest
1029 1105 1355 1166 dicendum
1379 1107 1453 1166 de
1477 1108 1745 1185 quadam
1774 1107 2044 1166 subdivi-

491 1196 662 1255 sione
683 1197 837 1273 legis
863 1198 1162 1257 naturalis
1186 1219 1199 1257 :
1232 1200 1403 1277 prius
1427 1206 1635 1259 autem
1667 1205 1907 1278 oportet
1930 1198 2045 1258 ali-

495 1289 641 1366 quid
672 1290 873 1349 dicere
910 1291 985 1350 de
1024 1297 1242 1368 quarta
1283 1293 1418 1370 lege
1453 1311 1491 1352 a
1533 1293 1782 1353 Platone
1821 1294 2040 1371 posita,

493 1399 683 1457 quam
710 1381 1048 1442 humanam
1073 1384 1428 1461 appellavit,
1461 1392 1521 1445 et
1545 1386 1813 1463 pertinet
1842 1386 1919 1445 ad
1944 1387 2045 1463 jus

495 1470 647 1532 illud
675 1474 839 1550 quod
864 1475 1215 1535 Aristoteles
1244 1478 1485 1537 vocavit
1498 1480 1612 1556 jus
1642 1479 1849 1555 Zeqale,
1882 1479 2045 1556 quod

494 1563 621 1641 ipse
649 1565 736 1624 ita
769 1566 1122 1644 descripsit:
1159 1570 1282 1630 Est
1301 1570 1437 1645 jus,
1476 1572 1631 1649 quod
1666 1588 1704 1630 (ι
1740 1572 2043 1647 principio

492 1657 653 1715 nihil
695 1660 934 1733 refert:
971 1665 1286 1738 postquam
1325 1668 1522 1722 autem
1562 1664 1889 1738 positivum
1932 1669 2038 1735 est,

490 1747 746 1810 multum
788 1753 998 1824 refert.
1042 1752 1216 1823 Quod
1255 1771 1329 1812 ex
1377 1759 1548 1831 parte
1595 1755 1868 1813 materiae
1907 1754 2045 1814 talis

487 1837 648 1915 juris
690 1840 1162 1918 intelligendum
1203 1851 1332 1917 est,
1381 1847 1526 1923 quia
1564 1852 1841 1905 versatur
1882 1847 2046 1906 circa

493 1932 763 1993 actiones
800 1952 936 2011 quae
971 1936 1202 1996 secluso
1239 1938 1349 1997 tali
1372 1939 1513 2015 jure
1546 1958 1673 1998 non
1701 1946 1899 1999 essent
1930 1941 2045 1999 sub

494 2024 866 2101 obligatione
891 2045 905 2088 :
935 2048 1046 2106 per
1069 2030 1219 2089 illud
1243 2037 1450 2091 autem
1472 2032 1818 2092 efficiuntur
1840 2050 2045 2092 neces-

496 2119 691 2177 sariae.
740 2121 1012 2199 Denique
1067 2123 1143 2182 ad
1194 2124 1311 2183 1100
1358 2126 1708 2185 membrum
1769 2132 2047 2205 spectant

492 2210 610 2269 illae
632 2210 798 2287 leges
818 2231 967 2289 quas
992 2215 1220 2288 Cicer0‚
1243 2215 1349 2275 lib.
1370 2219 1408 2275 2
1429 2217 1505 2276 de
1525 2218 1808 2294 LegibuS,
1840 2237 1877 2278 a
1910 2218 2045 2296 lege

492 2308 720 2362 aeterna
749 2310 810 2363 et
828 2307 1095 2366 naturali
1124 2307 1468 2385 distinguit,
1502 2316 1563 2370 et
1591 2311 1911 2389 populares
1940 2329 2046 2370 vo-

492 2400 590 2455 cat
622 2412 637 2454 :
670 2414 781 2455 nos
826 2404 1066 2470 autem,
1114 2418 1283 2460 more
1334 2402 1794 2479 theologorum,
1843 2404 2046 2481 legem

491 2494 761 2547 creatam
789 2508 895 2549 5011
922 2492 1324 2569 temporalem
1350 2494 1415 2552 in
1435 2496 1777 2556 naturalem
1807 2504 1868 2557 et
1887 2497 2047 2576 posi-

492 2580 687 2640 tivam
735 2581 1053 2643 divisimus
1072 2629 1092 2657 ‚
1141 2586 1287 2662 quia
1343 2587 1602 2663 positiva
1651 2588 1832 2649 latius
1880 2598 2048 2669 patet

497 2690 686 2751 quam
720 2673 1016 2735 humana.
1049 2678 1153 2736 Est
1181 2677 1349 2737 enim
1381 2678 1825 2741 advertendum
1854 2683 2052 2760 philo-

497 2766 717 2843 sophos
763 2785 889 2826 non
929 2770 1249 2844 agnovisse
1286 2775 1811 2849 supernaturalem
1850 2776 2051 2837 homi-

498 2876 650 2916 num
686 2858 898 2934 finem,
938 2861 1041 2921 sed
1072 2862 1271 2922 solum
1307 2864 1383 2923 de
1415 2864 1597 2941 hujus
1623 2868 1764 2926 vitae
1797 2869 2049 2947 aliquali

372 2989 387 3005 .
494 2949 809 3027 felicitate,
847 2953 946 3012 vel
973 2956 1175 3032 potius
1216 2959 1603 3018 convenienti
1635 2965 1818 3034 statu,
1859 2963 1937 3021 ad
1977 2963 2049 3022 il-

497 3042 622 3104 lam
645 3045 709 3103 in
728 3063 875 3124 pace
898 3054 957 3106 et
980 3048 1214 3126 justitia
1234 3050 1716 3128 transigendam,
1738 3059 2044 3132 tractasse,

498 3139 648 3197 etin
666 3138 881 3199 ordine
910 3141 988 3200 ad
1010 3142 1174 3202 1111110
1200 3142 1389 3203 finem
1412 3144 1487 3204 de
1513 3144 1752 3224 legibus
1775 3150 2048 3209 conside-

495 3247 681 3305 rasse,
713 3237 774 3290 et
801 3232 886 3291 ita
908 3233 1253 3295 naturalem
1272 3234 1475 3312 legem
1504 3239 1702 3298 solum
1725 3241 1803 3299 ab
1827 3240 2048 3301 huma-

497 3339 603 3395 na,
653 3341 840 3400 quam
889 3343 999 3385 nos
1045 3327 1287 3388 civilem
1344 3331 1647 3408 appellare
1696 3351 2045 3410 110550111115,

498 3413 869 3491 distinxisse,
906 3418 981 3476 de
1009 3436 1130 3495 qua
1152 3422 1357 3482 statim
1381 3423 1614 3501 aliquid
1643 3424 1936 3485 dicemus,
1972 3427 2050 3485 At

498 3524 646 3566 vero
684 3526 826 3568 cum
869 3510 1020 3570 fides
1063 3513 1278 3572 doceat
1318 3516 1598 3576 homiues
1625 3517 1703 3576 ad
1733 3517 1922 3577 finem
1951 3537 2050 3577 su·

496 3601 952 3677 pernaturalem
998 3604 1141 3664 11131
1186 3605 1408 3667 futurae
1460 3626 1572 3686 per
1623 3611 2051 3671 convenientia

499 3691 704 3751 media
735 3693 802 3752 in
845 3694 960 3754 hac
1002 3696 1129 3755 vita
1163 3700 1519 3775 exequenda
1556 3702 1850 3775 ordinari,
1885 3708 2050 3763 recte

499 3801 672 3844 sacra
697 3785 1006 3865 theologia
1033 3789 1241 3864 infert,
1268 3792 1451 3870 longe
1476 3794 1656 3854 aliter
1688 3813 1816 3855 esse
1845 3813 2051 3855 neces-

497 3877 723 3936 sariam
750 3878 909 3939 113110
936 3880 1137 3958 1030111
1164 3886 1533 3961 naturalem,
1567 3893 1626 3948 et
1648 3887 1925 3966 pluribus
1956 3888 2049 3948 le-

499 3968 679 4045 gibus
706 3971 981 4047 positivis
1011 3973 1291 4037 homines
1319 3978 1615 4056 indigere,
1647 3998 1832 4058 quam
1860 3980 2050 4040 iidem

498 4061 841 4141 philosophi
863 4064 1096 4126 fuerint
1122 4072 1399 4131 assecuti.

582 4157 677 4215 12.
722 4155 947 4228 Quibus
993 4162 1187 4223 modis
1227 4165 1637 4226 consideratur
1675 4169 1898 4225 natura
1940 4165 2052 4225 hu-

496 4250 763 4310 manain
790 4253 994 4313 ordine
1020 4256 1100 4314 ad
1115 4255 1269 4332 loyes
1295 4258 1511 4335 quibus
1531 4258 1869 4336 indiqet.—
1901 4257 2055 4331 Quo-

501 4342 703 4418 malem
740 4344 826 4403 sit
861 4344 956 4404 lea:
993 4349 1321 4409 naturalis.
1352 4382 1435 4393 —
1457 4350 1628 4409 Circa
1673 4350 1874 4426 legem
1908 4368 2056 4427 ergo

498 4434 842 4497 naturalem
884 4437 1059 4498 docet
1104 4440 1436 4518 theologia,
1477 4442 1793 4502 hominem
1843 4461 2058 4502 secun·

499 4525 650 4586 dum
704 4528 1013 4606 duplicem
1058 4537 1345 4591 naturam
1370 4579 1387 4607 ,
1437 4539 1500 4594 et
1535 4534 1761 4611 duplex
1803 4535 2060 4594 rationis

498 4619 711 4680 lumen
745 4622 1117 4683 considerari
1140 4643 1336 4703 posse.
1363 4627 1567 4685 Primo
1589 4627 1924 4686 secundum
1944 4646 2058 4705 pu·

498 4731 634 4773 ram
655 4719 963 4789 naturam,
990 4734 1099 4776 seu
1122 4717 1531 4777 substantiam
1549 4719 1771 4778 animae
1790 4720 2059 4779 rationa-

499 4805 597 4879 lis,
630 4812 692 4865 et
715 4807 1154 4886 consequenter
1187 4811 1525 4870 secundum
1552 4811 1807 4870 rationis
1846 4811 2059 4871 lumen

501 4897 595 4958 illi
623 4901 1020 4962 connaturale
1048 4923 1062 4961 :
1096 4903 1363 4962 secundo
1387 4904 1562 4981 juxta
1603 4909 1888 4963 naturam
1922 4921 2059 4980 gra-

502 4990 605 5050 tiae
623 4990 881 5070 desuper
907 4994 1147 5054 homini
1174 4995 1414 5071 infusae,
1447 5001 1507 5054 et
1535 4996 1876 5055 secundum
1903 4996 2060 5054 divi-

506 5101 683 5157 num,
714 5104 783 5144 ac
822 5088 1288 5163 supernaturale
1316 5089 1529 5148 lumen
1557 5088 1723 5158 fidei,
1759 5107 1867 5166 per
1896 5088 2061 5166 quod

505 5194 617 5255 pro
657 5181 818 5235 statu
845 5179 960 5237 viee
986 5181 1221 5256 regitur
1261 5187 1320 5239 et
1344 5181 1745 5258 gubernatur.
1787 5182 1861 5239 Et
1884 5181 2064 5257 juxta

507 5270 637 5329 haec
661 5269 783 5328 duo
814 5271 1113 5348 principia
1158 5273 1482 5350 distinguit
1517 5257 1822 5351 duplicem
1861 5272 2063 5347 legem

508 5360 894 5423 naturalem:
940 5363 1127 5421 aliam
1173 5364 1529 5440 simpliciter
1560 5364 1903 5424 naturalem
1940 5382 2065 5423 res-

1482 360 1596 411 1118.
1633 361 1673 410 1.
1711 360 1790 411 DE
1821 359 2075 411 NATURA
2105 360 2283 412 LEGIS
2315 361 2378 413 IN
2410 358 2702 411 commum.

2125 460 2202 518 sit
2254 464 2533 537 respectu
2574 455 2844 515 hominis
2891 455 3057 533 (quia
3100 458 3263 512 totus
3294 450 3442 511 ordo
3470 452 3681 529 gratiae

2123 551 2213 609 illi
2255 549 2735 630 supernaturalis
2780 551 2890 623 est)
2935 546 3338 605 nihilominus
3386 545 3683 604 naturalis

2124 642 2243 702 dici
2273 650 2468 721 potest
2497 647 2773 719 respectu
2798 641 3010 717 gratiae
3041 655 3059 715 3
3097 640 3243 716 quia
3271 638 3458 697 etiam
3484 637 3682 712 gratia

2123 735 2309 795 habet
2343 754 2517 794 suam
2564 734 2873 813 propriam
2904 733 3229 791 essentiam
3263 736 3325 789 et
3369 734 3678 801 naturam,

2124 829 2224 888 cui
2254 826 2649 887 connaturale
2678 832 2767 884 est
2794 824 3005 883 lumen
3043 823 3338 895 infusum,
3370 821 3469 878 cui
3494 821 3681 879 etiam

2123 919 2518 980 connaturale
2537 924 2626 977 est
2655 935 2780 975 11011
2804 916 3001 975 50111111
3022 915 3284 991 dirigere
3303 912 3584 971 11011111105
3603 911 3675 969 3(1

2124 1019 2354 1074 10013111
2386 1019 2449 1073 01
2476 1013 2821 1084 honestam,
2867 1028 2938 1069 30
2969 1009 3239 1068 debitam
3263 1011 3681 1084 operationem

2125 1104 2677 1184 supernaturalem,
2707 1103 2810 1163 sed
2852 1103 3039 1162 etiam
3069 1099 3370 1179 depellere
3400 1096 3682 1158 tenebras

2124 1205 2186 1260 et
2215 1217 2446 1260 errores
2475 1199 2637 1257 circa
2662 1197 2990 1274 ipsammet
3016 1194 3217 1270 legem
3250 1210 3404 1269 pure
3437 1196 3684 1249 natura·

2125 1292 2271 1365 lem,
2303 1297 2366 1350 et
2393 1290 2506 1349 sub
2535 1289 2737 1349 altiori
2756 1287 2993 1347 ratione
3014 1286 3340 1364 praecipere
3365 1284 3683 1361 ipsiusmet

2127 1383 2279 1461 legis
2314 1383 2612 1443 naturalis
2660 1381 3170 1442 observationem.
3228 1378 3325 1437 Sic
3382 1394 3528 1452 ergo
3582 1375 3681 1434 lex

2125 1475 2422 1536 naturalis
2462 1475 2689 1553 duplex
2741 1472 3037 1549 distingui
3090 1475 3308 1549 potest,
3357 1486 3484 1527 uua
3532 1485 3681 1544 pure

2126 1568 2445 1641 naturalis,
2467 1568 2589 1627 alia
2611 1566 2965 1644 simpliciter
2984 1560 3483 1643 supernaturaIiS,
3505 1564 3682 1617 natu-

2121 1662 2268 1721 ralis
2296 1668 2503 1722 autem
2531 1660 2881 1738 respective,
2928 1677 3037 1737 per
3058 1654 3576 1734 comparationem
3598 1650 3677 1710 ad

2126 1756 2418 1833 gratiam:
2476 1756 2639 1814 unde
2672 1771 2812 1812 cum
2847 1752 2946 1812 lex
2987 1750 3286 1811 naturalis
3312 1747 3499 1807 etiam
3526 1762 3681 1823 pura

2126 1847 2337 1907 divina
2364 1848 2464 1922 sit,
2491 1848 2635 1925 quia
2667 1865 2704 1905 a
2732 1847 2856 1904 Deo
2885 1848 3117 1917 manat,
3149 1841 3348 1901 multo
3371 1839 3566 1915 magis
3583 1838 3681 1896 lex

2126 1941 2421 2001 naturalis
2464 1940 2658 2000 divini
2681 1938 2913 1997 ordinis
2945 1936 3157 1995 divina
3183 1940 3273 1994 est
3305 1950 3321 1992 :
3352 1949 3498 1991 nam
3521 1930 3684 2007 prior

2127 2041 2217 2094 est
2240 2054 2276 2094 a
2301 2037 2423 2094 Deo
2455 2034 2764 2094 mediante
2790 2037 3038 2103 natura,
3070 2047 3107 2087 a
3135 2046 3258 2106 qua
3287 2030 3523 2098 manat,
3551 2029 3683 2082 tan-

2127 2146 2315 2207 quam
2365 2127 2704 2205 proprietas
2749 2125 2919 2202 ejus:
2955 2121 3253 2201 posterior
3280 2125 3490 2177 autem
3519 2122 3610 2174 est
3645 2133 3683 2173 a

2128 2224 2249 2281 Deo
2260 2239 2369 2299 per
2388 2238 2451 2279 se
2467 2218 2829 2278 infundente
2852 2217 3141 2294 gratiam,
3173 2219 3233 2273 et
3251 2214 3456 2291 ipsum
3480 2226 3686 2287 super-

2127 2313 2408 2374 naturale
2448 2311 2683 2384 lumen,
2726 2328 2797 2369 ac
2819 2308 3135 2369 actualiter
3162 2307 3350 2365 etiam
3378 2302 3683 2377 dirigente

2125 2406 2408 2466 homines
2457 2404 2536 2463 ad
2576 2403 2911 2463 dictamina
2947 2400 3109 2460 illius
3137 2398 3290 2475 legis
3318 2393 3686 2473 perficienda

2126 2517 2235 2578 per
2267 2497 2496 2557 auxilia
2525 2496 2738 2573 gratiae
2767 2492 3089 2554 excitantis
3113 2496 3174 2550 et
3196 2486 3569 2565 adjuvantis,

2209 2592 2306 2650 13.
2339 2589 2615 2665 Denique
2655 2593 2913 2664 utraque
2948 2585 3049 2644 lex
3089 2583 3213 2642 dici
3236 2585 3433 2659 potest
3462 2594 3685 2638 conna-

2129 2682 2345 2742 turalis
2365 2681 2579 2758 generi
2600 2680 2898 2753 human0,
2927 2696 2999 2737 eo
3033 2676 3217 2736 modo
3244 2692 3367 2752 quo
3403 2668 3684 2732 naturale

2130 2774 2580 2854 quodammodo
2629 2771 2855 2830 dicitur
2900 2768 3063 2848 quod
3106 2786 3248 2827 cum
3289 2771 3515 2826 natura
3541 2780 3686 2821 con-

2131 2873 2403 2927 creatum
2456 2872 2568 2939 est,
2614 2880 2973 2941 semperque
3019 2862 3085 2920 in
3114 2860 3220 2919 illa
3247 2856 3681 2937 perseveravit.

2131 2962 2219 3021 Ita
2241 2960 2407 3020 enim
2429 2959 2528 3018 lex
2556 2957 2743 3017 etiam
2767 2953 3182 3015 connaturalis
3205 2951 3420 3029 gratiae
3446 2965 3687 3025 semper

2129 3055 2196 3115 in
2218 3054 2494 3115 humano
2522 3067 2746 3129 genere
2777 3049 2918 3122 fuit,
2955 3047 3100 3126 quia
3130 3062 3447 3123 nunquam
3477 3043 3540 3100 in
3575 3043 3686 3100 ho-

2127 3148 2398 3208 minibus
2420 3144 2746 3215 universiS,
2773 3160 2880 3201 seu
2908 3141 2974 3199 in
3003 3146 3131 3199 tota
3171 3138 3436 3198 Ecclesia
3474 3136 3687 3194 lumen

2128 3241 2271 3302 fidei
2290 3241 2504 3310 defuit,
2536 3254 2734 3315 neque
2763 3235 3045 3295 homines
3066 3237 3393 3292 caruerunt
3410 3246 3688 3307 uuquam

2131 3335 2264 3411 lege
2313 3333 2525 3392 divina
2575 3327 3041 3407 supernatarali,
3099 3326 3230 3384 51110
3263 3342 3387 3402 (1113
3426 3340 3551 3382 11011
3580 3339 3689 3399 po-

2130 3428 2389 3487 tuissent
2430 3426 2494 3483 in
2522 3420 3051 3501 supernaturalem
3080 3417 3523 3478 beatitudinem
3554 3422 3689 3474 ten-

2130 3521 2295 3581 dere.
2330 3518 2501 3578 Unde
2530 3515 2778 3594 quando
2806 3513 3102 3590 distingui
3134 3510 3331 3570 solent
3356 3514 3549 3567 status
3577 3507 3690 3566 ho-

2131 3614 2373 3672 minum
2425 3627 2533 3689 per
2587 3608 2775 3685 10305,
2840 3606 3068 3665 scilicet
3127 3604 3193 3662 in
3249 3607 3475 3661 statum
3532 3599 3690 3675 legis
3750 3628 3754 3631 >

2129 3703 2451 3777 naturalis,
2483 3701 2723 3778 scriptae
2768 3699 2867 3759 vel
2896 3697 3145 3775 gratiae:
3185 3696 3248 3754 in
3278 3695 3481 3773 primo
3527 3698 3690 3751 statu

2130 3815 2240 3876 per
2264 3797 2467 3873 legem
2500 3791 2846 3852 naturalem
2887 3788 3290 3866 intelligenda
3317 3792 3406 3846 est
3433 3791 3564 3845 tam
3588 3786 3690 3845 lex

2131 3889 2318 3950 solius
2348 3894 2613 3959 naturae,
2659 3902 2847 3963 quam
2875 3883 2974 3943 lex
3007 3878 3417 3942 connaturalis
3448 3878 3687 3955 gratiae,

2131 4000 2240 4043 seu
2284 3981 2380 4041 lex
2438 3979 2620 4038 fidei:
2669 3996 2795 4037 non
2841 3977 3042 4054 potuit
3074 3974 3242 4033 enim
3275 3970 3540 4030 mundus
3572 3988 3692 4030 un-

2132 4091 2318 4153 quam
2346 4089 2553 4133 carere
2580 4071 2834 4130 omnino
2867 4069 2981 4128 1130
3005 4068 3141 4144 1030
3170 4065 3506 4125 secundum
3526 4062 3693 4122 ordi-

2131 4167 2370 4227 nariam
2395 4163 2870 4243 providentiam,
2907 4178 3050 4221 cum
3076 4159 3335 4218 factores
3363 4156 3515 4233 legis
3533 4172 3694 4214 sem-

2135 4278 2244 4338 per
2270 4257 2581 4335 potuerint
2628 4273 2769 4315 cum
2825 4253 3036 4313 divino
3079 4250 3309 4311 auxilio
3340 4249 3690 4326 justificari,

2137 4356 2208 4411 ut
2243 4350 2509 4409 sumitur
2537 4366 2613 4408 ex
2647 4345 2859 4421 Paulo,
2913 4347 2989 4404 ad
3031 4346 3236 4417 Rom„
3268 4361 3399 4419 cap.
3446 4344 3484 4401 2
3527 4346 3588 4401 et
3628 4343 3689 4403 3.

2138 4444 2336 4520 Atque
2365 4443 2453 4500 ita
2480 4441 2666 4500 etiam
2700 4444 2870 4517 patet
2896 4455 3033 4516 quae
3067 4437 3255 4496 fuerit
3286 4435 3610 4495 necessitas
3633 4441 3697 4495 et

2138 4535 2371 4594 utilitas
2393 4533 2547 4610 legis
2575 4532 2876 4592 naturalis
2912 4531 2978 4589 in
3018 4530 3137 4589 1100
3161 4529 3482 4608 posteriori
3511 4547 3698 4588 5011511

2137 4626 2476 4700 declaratae,
2499 4625 2823 4696 nimirum,
2849 4623 2996 4701 quia
3024 4622 3243 4698 gratia,
3273 4627 3333 4681 et
3364 4621 3515 4680 fides
3536 4639 3697 4681 sem-

2139 4736 2247 4797 per
2272 4718 2391 4777 fuit
2432 4717 2801 4776 necessaria:
2836 4721 2896 4775 et
2925 4715 3054 4773 11ωο
3080 4713 3180 4773 lex
3203 4719 3294 4772 est
3320 4712 3443 4772 illis
3466 4731 3699 4772 conna-

2138 4810 2376 4870 11113115.
2409 4810 2560 4869 110111
2588 4818 2657 4867 ut
2698 4807 2952 4867 haberet
2975 4806 3163 4864 homo
3187 4804 3411 4882 legem,
3444 4823 3554 4882 per
3592 4824 3700 4864 cu-

2133 4903 2237 4980 jus
2264 4901 2718 4961 observantiam
2741 4904 2939 4977 posset
2966 4898 3256 4975 consequi
3269 4897 3701 4956 remissionem

2140 5001 2554 5075 peccatorum,
2610 5011 2680 5052 ac
2723 4993 2917 5052 vitam
2953 4996 3249 5050 aeternam
3262 5034 3282 5064 ,
3309 5007 3449 5048 cum
3488 4990 3703 5049 divino

2141 5087 2395 5148 auxili0.

2224 5181 2319 5238 14.
2362 5178 2644 5250 Quoenam
2682 5178 2766 5238 sit
2805 5177 2899 5237 lem
2921 5176 3205 5252 positiva.
3239 5209 3318 5219 -—
3348 5175 3518 5235 Circa
3543 5177 3706 5237 alte-

2142 5289 2284 5332 rum
2315 5270 2661 5330 membrum
2690 5268 2766 5328 de
2797 5270 2932 5345 lege
2961 5268 3220 5346 positiva
3246 5267 3562 5328 sciendum
3586 5276 3703 5344 est,

2145 5363 2315 5422 illam
2346 5363 2546 5438 legem
2577 5362 2786 5420 vocari
2828 5361 3176 5439 positivam,
3200 5368 3335 5436 quae
3350 5378 3474 5419 non
3490 5367 3581 5421 est
3608 5362 3708 5419 in—

509 5462 689 5532 pectu
714 5455 1006 5514 hominis:
1028 5455 1238 5530 aliam,
1263 5458 1562 5534 quaelicet
1588 5457 2067 5535 supernaturalis
2146 5461 2294 5516 nata
2321 5473 2463 5514 cum
2493 5461 2734 5529 natura,
2762 5454 2860 5513 vel
2893 5453 3115 5533 gratia,
3141 5454 3246 5512 sed
3276 5453 3438 5513 ultra
3470 5454 3606 5514 illas
3625 5454 3710 5512 ab
