3976 6219
805 373 940 426 CAP.
971 374 1143 427 xvnl.
1181 374 1393 428 UTRUM
1425 377 1528 431 Jus
1561 374 1836 430 caunum
1867 373 2119 437 ALIQUID
2150 375 2495 429 PRAECIPIAT
2528 376 2650 429 VEL
2681 376 3052 432 PROmBEAT.

331 476 597 541 civitates
621 481 684 536 et
709 476 1048 552 servitutes,
1073 476 1142 536 in
1169 477 1393 555 quibus
1420 480 1607 540 etiam
1631 481 1890 552 constat,

333 572 381 633 si
407 571 515 630 uni
543 570 685 630 licet
714 569 982 630 alterum
1012 569 1078 629 in
1107 570 1527 648 captivitatem
1561 572 1663 632 vel
1699 569 1893 632 servi-

332 671 525 725 tutem
551 664 854 741 redigere,
885 663 1075 723 etiam
1117 664 1392 740 cogendo
1419 665 1594 725 illum
1609 681 1629 741 3
1661 683 1734 725 eo
1761 665 1892 743 ipso

331 757 522 818 teneri
545 756 710 816 hunc
729 754 808 816 ad
836 754 1210 836 parendum,
1233 761 1295 816 et
1313 775 1441 817 non
1460 757 1890 831 resistendum,

331 850 470 930 quia
496 866 622 908 non
646 854 844 927 potest
861 866 990 908 esse
1015 846 1251 907 bellum
1263 849 1505 926 justum
1527 868 1602 910 ex
1632 856 1892 928 utraque

329 947 516 1025 parte.
577 941 924 1020 Septimum
965 940 1320 1019 exemplum
1363 948 1454 1002 est
1484 941 1886 1020 postliminia,

329 1036 401 1096 de
427 1053 549 1114 quo
576 1036 791 1096 eadem
818 1053 961 1096 cum
978 1035 1374 1113 proportione
1400 1041 1490 1096 est
1514 1036 1673 1096 ratio
1697 1052 1714 1096 ε
1740 1053 1890 1096 nam

327 1136 412 1192 oet
444 1131 548 1209 ,ius
591 1130 689 1191 vel
728 1128 1137 1209 recuperandi
1182 1127 1531 1190 libertatem
1570 1130 1884 1206 amissam,

327 1224 419 1284 vel
443 1223 742 1284 redeundi
770 1223 848 1283 ad
873 1223 1144 1303 priorem
1172 1228 1401 1284 statum
1431 1229 1566 1303 post
1591 1224 1828 1284 exitum
1848 1241 1888 1283 a

324 1317 638 1378 liminibus
666 1316 1066 1396 captivitatis;
1099 1316 1167 1375 in
1204 1315 1322 1376 hoc
1367 1325 1576 1378 autem
1615 1318 1754 1395 jure
1779 1334 1888 1378 ne-

323 1411 578 1472 cessario
608 1409 949 1470 includitur
982 1413 1355 1488 praeceptum
1395 1409 1495 1470 vel
1522 1409 1885 1471 restituendi

319 1503 507 1564 talem
535 1503 867 1563 hominem
896 1501 960 1561 in
987 1502 1307 1580 antiquum
1330 1503 1457 1580 jue,
1482 1502 1581 1563 vel
1605 1519 1733 1562 non
1760 1501 1885 1581 pri-

317 1595 512 1656 vandi
547 1595 731 1655 illum
761 1599 1108 1672 recuperato
1142 1595 1305 1672 jure.
1344 1595 1639 1656 Octavum
1674 1612 1884 1655 exem-

319 1685 501 1766 plum
548 1693 642 1748 est
685 1687 905 1763 faedera
941 1688 1112 1763 pacis
1121 1711 1149 1757 ,·
1193 1704 1430 1748 nonum
1481 1689 1759 1751 inducioe.
1810 1689 1881 1748 In

323 1779 549 1858 quibus
596 1780 797 1859 primo
831 1783 1027 1857 potest
1072 1780 1446 1841 considerari
1486 1780 1743 1842 facultas
1781 1781 1879 1843 fe-

319 1872 523 1932 riendi
566 1889 807 1952 pacem,
839 1870 934 1932 vel
978 1873 1351 1934 concedendi
1397 1873 1698 1949 inducias,
1738 1893 1877 1954 quae

314 1965 446 2025 sine
474 1964 664 2025 dubio
691 1971 783 2026 est
802 1983 900 2026 res
926 1965 1187 2026 honesta
1213 1966 1288 2026 de
1318 1982 1383 2026 se
1406 1972 1470 2027 et
1495 1985 1655 2046 saepe
1679 1967 1872 2043 utilis,

311 2057 407 2117 vel
439 2057 784 2118 necessaria
796 2080 815 2132 3
842 2062 1054 2118 tamen
1094 2075 1236 2118 cum
1263 2059 1379 2119 hac
1407 2056 1699 2119 facultate
1727 2077 1872 2120 con-

307 2151 521 2229 juncta
548 2155 640 2211 est
668 2150 963 2229 obligatio
982 2168 1110 2210 non
1128 2151 1399 2212 violandi
1428 2152 1592 2231 pacis
1617 2151 1871 2228 foedera,

310 2262 510 2322 neque
535 2243 803 2305 nocendi
833 2244 994 2305 hosti
1020 2243 1409 2305 induciarum
1432 2251 1732 2323 tempore.
1761 2247 1876 2307 De-

310 2337 538 2397 cimum
566 2337 920 2416 exemplum
944 2343 1035 2398 est
1058 2338 1388 2417 leqatorum
1414 2356 1531 2399 mm
1564 2338 1875 2400 violando-

310 2447 447 2490 rum
474 2430 590 2491 reli
591 2431 716 2509 92⁶0,
742 2430 907 2509 quod
935 2436 1144 2508 aperte
1171 2448 1282 2509 per
1305 2430 1561 2491 modum
1585 2432 1873 2510 praecepti

309 2521 537 2582 fertur:
561 2522 630 2581 in
657 2540 732 2582 eo
754 2527 965 2583 tamen
987 2522 1287 2600 distingui
1309 2528 1564 2601 possunt
1589 2523 1698 2584 illa
1724 2524 1871 2601 duo,

309 2633 507 2675 unum
557 2621 650 2675 est
695 2615 950 2676 facultas
983 2615 1272 2676 mittendi
1318 2616 1550 2695 legatos
1598 2617 1678 2676 ad
1722 2616 1874 2677 alios

308 2708 616 2787 principes
642 2708 739 2768 vel
765 2708 1130 2787 provincias,
1162 2708 1329 2769 aliud
1371 2715 1461 2769 est
1498 2715 1873 2788 praeceptum

310 2806 371 2860 et
418 2800 715 2878 obligatio
760 2801 1045 2862 servandi
1089 2801 1548 2863 immunitatem
1597 2802 1867 2865 illorum.

310 2892 611 2953 Ultimum
629 2893 892 2972 denique
917 2893 1269 2972 exemplum
1290 2901 1380 2954 est
1399 2896 1687 2957 connubia
1714 2898 1874 2958 inter

308 2986 682 3064 alieniqenas
701 2987 1033 3064 prohibita,
1060 2987 1125 3046 in
1154 3005 1279 3065 quo
1306 3006 1433 3047 non
1460 2988 1589 3049 sola
1614 2989 1872 3067 permis-

305 3078 422 3152 sio,
453 3079 556 3139 sed
584 3083 958 3159 praeceptum
987 3085 1196 3160 aperte
1222 3083 1611 3161 proponitur,
1639 3087 1701 3143 et
1728 3082 1874 3161 quia

309 3171 671 3249 negativum
713 3178 827 3246 est,
868 3173 971 3232 vix
1006 3175 1074 3232 in
1117 3192 1190 3234 eo
1237 3173 1607 3251 intelligitur
1638 3174 1873 3253 aliquid

308 3281 422 3343 per
449 3265 701 3323 modum
739 3266 1144 3326 concessionis
1159 3282 1181 3343 3
1210 3267 1519 3345 quomodo
1554 3272 1764 3327 autem
1805 3269 1874 3328 in

307 3356 429 3416 hoc
456 3356 737 3437 exemplo
764 3356 969 3419 locum
1001 3359 1226 3420 habeat
1247 3360 1352 3439 jus
1378 3360 1663 3439 gentium
1689 3362 1875 3441 paulo

307 3449 567 3510 inferius
595 3469 925 3529 exponam.

392 3545 452 3603 7.
497 3543 628 3603 Dici
653 3550 875 3624 potest,
898 3551 1027 3606 esto
1052 3562 1271 3605 verum
1290 3545 1371 3605 sit
1397 3562 1543 3606 cum
1564 3545 1707 3623 jure
1725 3563 1872 3607 con-

303 3637 537 3698 cessivo
556 3655 798 3717 semper
817 3640 1112 3717 conjungi
1135 3639 1384 3718 aliquod
1405 3640 1866 3719 praeceptivum,

301 3736 518 3791 tamen
553 3750 714 3810 saepe
756 3750 882 3793 esse
921 3750 1093 3812 posse
1125 3732 1509 3792 diversorum
1537 3732 1865 3793 ordinum:

303 3842 455 3885 nam
483 3843 642 3903 saepe
670 3827 870 3904 posito
884 3826 1026 3903 jure
1052 3825 1217 3886 civili
1243 3826 1587 3886 concessivo
1613 3825 1869 3886 resultat

296 3918 408 3995 jus
437 3918 742 3995 naturale,
773 3926 845 3979 ut
871 3920 1066 3998 posito
1090 3920 1233 3997 jure
1275 3919 1643 3979 concedente
1673 3918 1870 3978 domi-

305 4011 488 4071 nium
527 4012 727 4072 media
755 4013 1240 4092 praescriptione,
1284 4017 1347 4072 et
1381 4011 1682 4091 acquisita
1716 4027 1871 4090 prae-

307 4104 663 4183 scriptione,
689 4106 945 4166 resultat
968 4107 1068 4185 jus
1099 4105 1377 4167 naturale
1410 4103 1743 4183 prohibens
1772 4121 1871 4164 ac-

309 4197 515 4275 cipere
560 4197 637 4257 ab
683 4197 890 4277 aliquo
930 4199 1060 4277 ipso
1092 4197 1290 4258 invito
1317 4214 1450 4257 rem
1491 4213 1679 4274 quam
1718 4213 1872 4275 prae-

307 4291 570 4369 scripsit,
602 4296 664 4353 et
695 4309 978 4352 concesso
1011 4290 1333 4370 privilegio
1362 4289 1439 4349 ab
1467 4289 1744 4365 homine,
1772 4289 1871 4349 vel

307 4384 588 4445 humano
626 4384 768 4461 jure
813 4384 1122 4445 eximente
1167 4383 1439 4462 aliquem
1489 4400 1527 4442 a
1570 4380 1873 4442 solutione

306 4476 553 4550 tributi,
571 4476 869 4537 naturalis
886 4476 988 4536 lex
1006 4477 1197 4536 dictat
1216 4494 1342 4535 non
1362 4493 1493 4536 esse
1511 4475 1868 4554 petendum.

307 4569 410 4630 Sic
436 4586 583 4647 ergo
610 4569 678 4629 in
707 4569 886 4630 dictis
918 4569 1215 4648 exemplis
1240 4568 1362 4629 dici
1394 4573 1592 4647 potest
1619 4568 1875 4646 permis-

308 4662 549 4723 sionem
567 4681 675 4723 seu
695 4663 1153 4723 concessionem
1169 4680 1297 4723 esse
1316 4661 1546 4739 dejure
1564 4662 1870 4739 gentium,

310 4761 617 4835 praecepta
659 4773 806 4816 vero
848 4756 995 4817 inde
1033 4756 1400 4817 resultantia
1443 4772 1573 4816 esse
1615 4754 1692 4815 de
1733 4755 1874 4834 jure

309 4849 585 4909 naturali
612 4849 1006 4928 praeceptivo.

392 4943 454 5002 8.
498 4942 752 5021 Propter
786 4941 950 5002 hanc
994 4941 1403 5020 objectionem
1446 4942 1737 5024 proposui
1778 4957 1871 5002 se-

306 5035 581 5096 cundam
623 5040 866 5114 partem
893 5034 1267 5110 assertionis,
1315 5035 1566 5110 scilicet,
1614 5036 1683 5095 in
1719 5052 1872 5113 pree-

307 5128 468 5189 senti
509 5127 769 5187 materia
790 5127 904 5188 hoc
931 5146 1056 5188 non
1093 5126 1324 5188 habere
1356 5128 1582 5190 locum.
1623 5128 1779 5187 Nam
1801 5126 1869 5186 in

304 5221 497 5282 simili
515 5221 876 5282 inductione
896 5222 1136 5283 ostendi
1156 5226 1375 5300 potest,
1392 5221 1557 5301 quod
1575 5226 1704 5281 tam
1729 5237 1873 5279 con-

309 5314 502 5375 cessio
536 5332 723 5393 quam
753 5314 1085 5394 probibitio
1123 5314 1204 5375 ad
1251 5313 1403 5374 alios
1452 5313 1755 5376 resultans
1782 5317 1874 5373 est

313 5407 390 5467 de
416 5407 561 5484 jure
589 5406 883 5483 naturali,
905 5406 1005 5468 vel
1031 5407 1083 5466 si
1110 5406 1319 5484 aliqua
1345 5425 1560 5468 earum
1584 5411 1677 5468 est
1701 5405 1874 5466 abso-

311 5499 442 5563 lute
492 5500 569 5562 de
606 5499 752 5580 jure
795 5499 1098 5577 humano,
1143 5500 1349 5580 potius
1387 5501 1505 5564 hoc
1545 5498 1876 5564 conveniat

3417 371 3534 430 165

1972 477 2369 553 concessioni,
2394 496 2518 557 qua
2545 478 2708 539 facta
2739 477 3036 556 obligatio
3063 477 3209 538 inde
3229 477 3534 540 resultans

1971 571 2270 631 naturalis
2285 578 2397 632 est.
2427 572 2705 632 Primum
2739 577 2972 650 aperte,
3006 576 3077 631 ut
3106 571 3309 648 credo,
3331 579 3534 633 osten·

1973 663 2140 724 ditur
2182 665 2249 723 in
2299 670 2564 743 quatuor
2601 665 2818 744 primis
2846 665 3143 743 exemplis
3189 666 3425 741 Isidori,
3456 667 3533 728 de

1972 757 2211 817 sedium
2242 758 2661 836 occupatione,
2706 757 3135 832 aedificatione,
3162 761 3529 835 mutatione,

1972 866 2046 909 ac
2071 848 2424 910 defensione
2459 869 2568 930 per
2592 851 2831 929 justum
2855 850 3088 911 bellum
3117 872 3131 909 :
3161 870 3307 912 nam
3332 854 3433 931 jus
3453 856 3532 915 ad

1970 938 2103 999 haec
2135 942 2345 1003 omnia
2373 943 2655 1003 naturale
2686 949 2801 1018 est,
2836 941 2900 1002 id
2926 949 3039 1019 est,
3065 944 3195 1004 haec
3220 947 3428 1007 omnia
3456 947 3532 1007 li-

1970 1031 2094 1091 cita
2125 1039 2271 1094 sunt
2290 1035 2432 1112 jure
2475 1042 2713 1097 naturae
2760 1058 2774 1095 ε
2809 1042 2872 1097 et
2910 1037 3125 1097 eodem
3155 1039 3340 1098 modo
3378 1039 3531 1101 obli·

1968 1124 2136 1198 gatio
2158 1126 2344 1187 unius
2367 1128 2442 1188 ad
2473 1147 2601 1188 non
2628 1127 2987 1192 violandum
3016 1129 3138 1190 tale
3156 1131 3259 1208 jus
3280 1131 3532 1193 alterius

1965 1219 2267 1280 naturalis
2288 1220 2442 1298 legis
2470 1227 2578 1282 est.
2609 1221 2823 1282 Solum
2868 1239 3017 1281 usus
3058 1222 3306 1283 illarum
3335 1223 3528 1284 facul-

1965 1318 2167 1375 tatum
2193 1320 2396 1392 posset
2422 1314 2543 1375 dici
2563 1314 2639 1375 de
2655 1315 2793 1393 jure
2814 1315 3095 1392 gentium
3118 1316 3357 1377 ratione
3386 1334 3530 1377 con-

1967 1406 2312 1468 suetudinis
2335 1408 2615 1468 omnium
2644 1408 2964 1484 gentium;
2984 1414 3048 1468 at
3066 1408 3181 1468 hoc
3199 1409 3276 1469 ad
3297 1410 3528 1471 factum

1964 1500 2257 1579 pertinet,
2279 1518 2407 1561 non
2430 1500 2509 1561 ad
2530 1501 2755 1580 legem.
2780 1500 3071 1581 Idemque
3094 1520 3238 1562 cum
3273 1522 3528 1583 propor-

1962 1593 2133 1653 tione
2169 1593 2502 1654 dicendum
2548 1594 2733 1654 estin
2756 1595 2817 1669 8,
2862 1596 2902 1656 9
2930 1599 2992 1654 et
3022 1596 3099 1654 10
3126 1596 3421 1674 exemplis
3450 1597 3527 1657 de

1962 1704 2136 1765 pace,
2162 1685 2426 1746 induciis
2456 1692 2518 1746 et
2544 1686 2763 1765 legatis
2790 1705 2806 1748 ε
2838 1705 2986 1748 nam
3020 1687 3129 1748 illa
3156 1689 3367 1750 omnia
3384 1690 3526 1750 fun-

1960 1779 2188 1839 dantur
2208 1779 2276 1839 in
2294 1784 2473 1859 pacto
2502 1780 2709 1859 aliquo
2729 1780 3026 1855 human0,
3050 1781 3116 1839 in
3139 1799 3261 1859 quo
3288 1786 3415 1841 tam
3434 1784 3525 1842 fa-

1930 1871 2155 1946 ,cultas
2177 1871 2582 1933 contrahendi
2620 1891 2806 1951 quam
2837 1874 3241 1952 obligationes
3262 1873 3525 1934 fidelita-

1955 1966 2035 2025 tis
2067 1969 2129 2025 et
2152 1964 2409 2042 justitiae
2432 1982 2569 2044 quae
2608 1983 2683 2026 ex
2706 1966 2936 2027 foedere
2977 1985 3086 2026 seu
3113 1968 3522 2028 conventione

1955 2062 2316 2131 nascuntur,
2344 2058 2547 2137 adjus
2569 2066 2804 2120 naturae
2841 2065 3136 2138 spectant.
3171 2060 3349 2120 Solus
3373 2078 3520 2120 usus

1955 2156 2155 2231 potest
2174 2150 2295 2211 dici
2324 2150 2399 2211 de
2425 2152 2563 2230 jure
2582 2153 2862 2230 gentium
2880 2158 3130 2231 propter
3151 2154 3518 2213 convenien-

1954 2244 2111 2304 tiam
2132 2244 2414 2304 omnium
2436 2245 2716 2321 gentium
2749 2246 2816 2304 in
2838 2262 2957 2304 usu
2976 2244 3195 2304 talium
3219 2263 3429 2305 rerum
3450 2247 3518 2307 in

1955 2355 2184 2416 genere
2199 2353 2221 2414 ;
2242 2341 2673 2397 verumtamen
2700 2337 2802 2398 hic
2838 2338 3026 2397 etiam
3053 2355 3197 2396 usus
3221 2342 3312 2396 est
3339 2338 3517 2398 effec-

1953 2434 2056 2489 tus
2087 2430 2262 2508 juriS,
2292 2447 2421 2490 non
2448 2430 2652 2508 ipsum
2671 2431 2793 2509 jus,
2819 2429 2966 2509 quia
2992 2429 3106 2490 hoc
3138 2430 3240 2508 jus
3267 2447 3393 2490 non
3441 2448 3518 2491 ex

1953 2541 2095 2598 usu,
2119 2523 2226 2583 sed
2253 2541 2400 2583 usus
2433 2541 2510 2583 ex
2536 2524 2673 2601 jure
2696 2529 2808 2583 est.

2036 2617 2094 2676 9.
2140 2615 2221 2675 At
2256 2632 2405 2676 vero
2447 2616 2515 2676 in
2557 2617 2776 2696 quinto
2817 2621 2878 2676 et
2914 2621 3085 2676 sexto
3121 2614 3406 2696 exemplo
3440 2615 3517 2678 de

1952 2707 2306 2787 captivitate
2334 2714 2395 2769 et
2435 2708 2726 2770 servitute
2768 2708 3015 2770 videtur
3054 2707 3287 2786 aliquid
3322 2708 3517 2768 intro-

1951 2800 2207 2862 ductum
2227 2820 2343 2861 usu
2359 2801 2708 2876 hominum,
2722 2802 2886 2881 quod
2907 2819 3033 2861 non
3053 2807 3142 2862 est
3161 2801 3518 2862 immediate

1952 2892 2030 2953 de
2045 2892 2379 2955 dictamine
2400 2895 2659 2955 rationis
2670 2895 2991 2968 naturalis,
3005 2895 3329 2969 nimirum,
3351 2896 3516 2973 quod

1951 2987 2171 3048 titulus
2196 2989 2569 3066 acceptionis
2605 2989 2674 3048 in
2714 2988 2877 3048 bello
2899 2989 3067 3066 justo
3106 2989 3183 3047 sit
3210 2988 3517 3048 sufficiens

1952 3082 2032 3142 ad
2066 3080 2470 3142 detinendum
2515 3079 2708 3141 alium
2746 3080 2933 3141 etiam
2959 3080 3230 3140 invitum
3260 3085 3322 3141 et
3348 3099 3516 3142 coac-

1952 3182 2114 3248 tum,
2162 3173 2260 3233 vel
2316 3174 2504 3233 etiam
2548 3174 2627 3233 ad
2680 3172 3125 3252 acquirendum
3166 3172 3517 3233 dominium

1955 3266 2142 3326 unius
2164 3265 2438 3326 hominis
2478 3266 2544 3325 in
2573 3265 2790 3341 alium,
2844 3269 2907 3325 et
2950 3269 3393 3343 consequenter
3438 3264 3517 3324 ad

1954 3358 2473 3420 introducendum
2517 3359 2876 3418 servitutem
2927 3357 2995 3416 in
3035 3375 3185 3431 unc,
3238 3362 3519 3435 respectu

1954 3454 2232 3515 alterius.
2266 3455 2421 3514 Nam
2447 3453 2548 3514 lex
2580 3453 2708 3514 sola
2732 3452 3033 3513 naturalis
3055 3453 3172 3514 hoc
3209 3471 3336 3513 non
3361 3470 3516 3532 prae-

1952 3547 2186 3621 scribit,
2216 3545 2362 3606 licet
2382 3545 2535 3605 illud
2566 3564 2694 3606 non
2720 3550 2908 3621 vetet,
2938 3547 3251 3626 supposita
3274 3546 3519 3624 justitia

1951 3638 2117 3699 belli.
2150 3638 2593 3700 Determinatio
2631 3657 2778 3717 ergo
2812 3637 2979 3699 illius
3012 3640 3168 3718 juris
3213 3644 3303 3700 est
3339 3638 3518 3718 quasi

1947 3732 2051 3796 lex
2082 3733 2367 3811 quaedam
2388 3733 2645 3812 poenalis
2669 3752 2785 3793 usu
2809 3733 3137 3794 hominum
3163 3733 3519 3794 introducta

1949 3831 2166 3886 contra
2211 3831 2493 3903 gerentes
2553 3827 2857 3904 injustum
2927 3824 3161 3885 bellum
3203 3848 3217 3886 ε
3263 3827 3516 3905 ponitur

1949 3918 2119 3979 enim
2152 3918 2272 3979 illis
2299 3919 2366 3977 in
2394 3935 2666 3996 poenam,
2698 3924 2768 3977 ut
2794 3917 3022 3996 captivi
3057 3918 3155 3978 vel
3177 3920 3339 3979 servi
3362 3918 3518 3980 fiant

1951 4011 2004 4070 si
2032 4011 2380 4071 vincantur.
2414 4012 2558 4070 Haec
2580 4015 2788 4069 autem
2816 4009 2917 4068 lex
2938 4009 3024 4069 sic
3056 4010 3367 4071 intellecta
3390 4031 3517 4072 non

1952 4107 2044 4162 est
2074 4102 2444 4175 concessiva,
2474 4101 2581 4162 sed
2603 4101 2800 4177 magis
2827 4100 3057 4161 directe
3089 4108 3178 4161 est
3209 4104 3513 4180 punitiva,

1953 4198 2016 4253 et
2037 4192 2272 4271 obligat
2298 4210 2475 4253 reum
2494 4194 2569 4253 ad
2588 4209 2838 4271 poenam
2863 4191 3078 4252 eadem
3094 4196 3515 4272 proportione,

1953 4306 2078 4367 qua
2102 4287 2238 4347 aliae
2260 4287 2426 4365 leges
2448 4285 2721 4367 poenales
2741 4284 2973 4360 civileS,
3000 4285 3077 4345 de
3108 4286 3333 4364 quibus
3357 4288 3520 4349 infra

1953 4380 2063 4443 lib.
2094 4384 2132 4443 5
2160 4380 2383 4442 dicturi
2420 4398 2652 4441 sumus,
2684 4378 3156 4459 Qualiscumque
3177 4385 3385 4440 autem
3414 4382 3517 4458 sit,

1955 4482 2259 4554 quatenus
2288 4473 2363 4535 de
2411 4474 2574 4535 facto
2616 4474 2723 4533 dat
2771 4471 3126 4533 facultatem
3184 4472 3520 4535 reducendi

1953 4566 2237 4631 homines
2265 4568 2332 4627 in
2360 4566 2781 4648 captivitatem
2801 4565 2901 4626 vel
2933 4565 3314 4640 servitutem,
3356 4567 3521 4645 posi-

1951 4664 2080 4724 tiva
2110 4667 2222 4738 est,
2251 4667 2313 4722 et
2347 4679 2474 4723 non
2503 4678 2581 4721 ex
2613 4660 2743 4721 sola
2765 4659 2830 4720 vi
2859 4676 2928 4719 ac
2954 4657 3233 4719 discursu
3259 4659 3518 4719 rationis

1953 4754 2278 4831 naturalis,
2316 4754 2505 4816 etiam
2531 4753 2848 4832 supposita
2872 4751 3259 4813 institutione
3291 4751 3520 4811 huma-

1952 4866 2181 4911 narum
2214 4848 2780 4910 communitatum:
2819 4864 2967 4925 ergo
3011 4863 3140 4905 non
3184 4844 3518 4925 pertinebit

1950 4944 2030 5004 ad
2051 4944 2157 5021 jus
2175 4942 2459 5022 gentium
2491 4940 2675 5021 quale
2713 4938 2793 5000 ab
2820 4939 2928 5001 illa
2954 4940 3261 5002 sententia
3293 4938 3517 5000 descri-

1947 5036 2139 5097 bitur.

2033 5131 2129 5191 10.
2177 5129 2478 5189 Praeterea
2506 5126 2670 5187 idem
2697 5124 3043 5187 evidentius
3072 5131 3163 5186 est
3206 5124 3274 5185 in
3300 5130 3519 5186 octavo

1953 5222 2239 5301 exemplo
2260 5221 2337 5280 de
2358 5218 2837 5299 postliminibuS,
2869 5218 2937 5277 in
2974 5235 3097 5296 quo
3115 5217 3361 5279 videtur
3389 5235 3521 5278 esse

1953 5315 2092 5395 plus
2121 5314 2196 5374 de
2232 5314 2371 5391 jure
2416 5310 2583 5371 civili
2628 5328 2818 5390 quam
2840 5310 2917 5369 de
2947 5310 3090 5387 jure
3119 5310 3391 5371 naturali
3421 5309 3519 5370 vel

1954 5405 2238 5486 gentium
2267 5424 2279 5468 :
2313 5422 2462 5465 nam
2485 5403 2731 5464 videtur
2767 5421 2897 5464 esse
2924 5403 3033 5465 illa
3071 5404 3354 5483 quaedam
3390 5420 3521 5462 mo-

1953 5498 2191 5563 deratio
2208 5513 2409 5580 poenae
2432 5495 2806 5577 captivitatis
2833 5500 2944 5561 aut
2965 5494 3300 5572 servitutis,
3329 5494 3430 5556 vel
3449 5494 3518 5553 in
