3976 6219
788 395 922 446 CAP.
958 394 1084 446 xvi.
1121 392 1265 456 QUAE
1293 389 1728 444 momento
1759 388 2141 441 NECESSARIA
2172 389 2269 441 81⁹1·
2299 390 2383 442 AD
2415 390 2799 456 PERFECTAM,
2840 392 2976 445 me.

285 497 340 559 si
356 496 495 558 talis
519 496 824 557 sententia
843 501 1001 557 esset
1011 493 1140 573 juri
1166 493 1482 555 communi
1505 491 1685 571 regni
1708 509 1853 553 con-

285 589 526 665 formis,
562 594 624 650 et
674 587 908 668 aliquid
938 586 1190 648 adderet
1233 585 1311 647 ad
1349 584 1699 664 juvandum
1750 580 1852 644 vel

289 683 488 760 magis
506 679 1002 743 confirmandum
1023 678 1177 739 illud
1198 679 1320 758 jus,
1340 677 1542 757 quoad
1565 676 1629 736 id
1649 679 1850 756 posset

289 775 490 854 legem
524 772 962 852 particularem
991 770 1304 846 inducere,
1329 770 1475 850 quia
1511 769 1579 828 in
1597 768 1714 828 hoc
1741 786 1851 847 po-

290 873 412 929 test
443 866 699 927 inferior
718 864 923 943 legem
949 862 1109 925 ferre
1151 862 1315 924 circa
1342 861 1623 923 camdem
1658 864 1852 921 mate-

290 962 450 1022 riam
477 977 620 1021 cum
648 958 785 1037 lege
812 956 1165 1038 superioris,
1194 963 1266 1017 ut
1303 974 1490 1036 supra
1516 973 1658 1017 cum
1686 972 1856 1015 com-

292 1052 471 1113 muni
498 1051 804 1112 sententia
835 1051 1068 1112 dictum
1092 1055 1219 1128 est3
1260 1056 1321 1111 et
1342 1048 1560 1111 eadem
1587 1048 1849 1124 ratione,

292 1146 344 1206 si
370 1145 675 1206 sententia
722 1144 862 1205 talis
905 1143 1198 1224 principis
1248 1142 1556 1203 inferioris
1581 1146 1860 1202 versetur

293 1239 360 1299 in
384 1238 646 1300 materia
666 1237 828 1299 circa
854 1255 1044 1317 quam
1066 1237 1240 1298 nulla
1266 1243 1358 1298 est
1377 1236 1481 1297 lex
1504 1235 1856 1316 superioris,

293 1331 361 1391 in
390 1350 464 1392 ea
484 1331 694 1392 locum
720 1328 977 1391 habebit
997 1328 1276 1390 doctrina
1296 1329 1464 1404 data,
1490 1346 1604 1389 nec
1622 1332 1859 1407 oportet

294 1424 755 1485 distinctionem
785 1422 986 1483 facere
1018 1422 1183 1483 inter
1215 1422 1384 1482 hunc
1413 1419 1766 1482 inferiorem
1796 1423 1859 1480 et

295 1534 681 1596 supremum,
728 1516 877 1594 quia
921 1515 985 1575 in
1031 1514 1389 1594 hujusmodi
1443 1514 1746 1574 sententia
1792 1531 1857 1575 se

297 1610 459 1687 gerit
484 1615 555 1669 ut
571 1626 913 1688 supremuS,
933 1613 995 1669 et
1016 1611 1161 1687 quia
1176 1612 1378 1688 potest
1404 1606 1498 1666 uti
1520 1625 1631 1667 sua
1657 1612 1856 1685 potes-

298 1706 424 1763 tate
453 1700 795 1780 legislativa
824 1700 890 1760 in
925 1700 1036 1760 tali
1070 1700 1352 1774 materia,
1385 1703 1447 1759 et
1476 1717 1588 1779 per
1613 1703 1859 1758 senten-

298 1794 451 1854 tiam
478 1799 677 1873 potest
704 1793 851 1854 satis
878 1793 1187 1872 explicare
1214 1810 1278 1853 se
1316 1791 1472 1853 velle
1500 1791 1607 1852 illa
1648 1793 1763 1866 uti,
1796 1796 1859 1853 et

297 1886 528 1964 stylum
542 1904 651 1946 seu
678 1885 959 1965 regulam
983 1885 1293 1947 inducere.

376 1978 477 2038 22.
521 1977 626 2040 Aa
652 1978 810 2040 idom
835 1979 1143 2041 dicendum
1174 1979 1242 2039 de
1263 1976 1551 2055 rescripto
1573 1993 1675 2039 seu
1701 1976 1857 2054 epis-

295 2069 419 2132 tola
461 2069 772 2148 principis
797 2087 869 2131 ac
894 2071 962 2131 do
988 2071 1303 2133 sententia.
1329 2101 1410 2115 -
1426 2069 1706 2129 Tandem
1743 2069 1856 2129 du-

294 2160 480 2221 bitari
508 2160 609 2222 hic
636 2167 834 2241 potest
872 2179 955 2222 an
983 2161 1149 2241 quod
1193 2161 1430 2221 dictum
1475 2166 1566 2221 est
1593 2160 1669 2221 de
1709 2179 1856 2222 sen-

295 2255 489 2314 tentia
523 2252 727 2314 locum
754 2252 978 2314 habeat
1004 2254 1071 2313 in
1111 2254 1430 2332 rescripto,
1463 2271 1572 2313 seu
1601 2254 1860 2333 epistola

295 2346 614 2427 principiS,
667 2346 835 2425 quod
883 2347 1183 2407 nimirum
1229 2346 1360 2408 vim
1409 2346 1637 2427 babeat
1680 2346 1856 2424 legiS,

298 2439 463 2519 quod
493 2439 758 2499 maxime
810 2438 1016 2499 locum
1065 2438 1253 2500 habet
1304 2438 1553 2518 quando
1596 2457 1707 2518 per
1736 2438 1859 2500 tale

296 2549 660 2611 responsum
705 2531 1147 2609 interpretatur
1197 2531 1473 2610 aliquam
1502 2530 1727 2609 legem,
1760 2529 1860 2591 vel

301 2643 499 2699 suam,
532 2623 629 2684 vel
676 2625 1047 2699 naturalem,
1077 2624 1366 2703 idemque
1395 2623 1513 2684 erit
1553 2623 1607 2682 si
1645 2623 1859 2683 rescri-

299 2716 428 2792 bat,
458 2717 781 2778 statuendo
826 2717 972 2796 quid
1007 2716 1376 2777 servandum
1418 2717 1497 2777 sit
1534 2717 1600 2776 in
1650 2715 1860 2794 aliquo

300 2809 549 2888 negotio
577 2808 677 2870 vel
705 2808 915 2869 dubio.
956 2809 1028 2869 In
1068 2808 1185 2869 hoc
1213 2809 1382 2868 enim
1409 2809 1574 2870 Bart.
1605 2809 1672 2868 in
1713 2807 1756 2868 l.
1794 2809 1856 2885 2,

299 2902 364 2964 C.
426 2903 503 2963 de
551 2901 819 2980 Legibus
837 2946 859 2976 ,
916 2906 1105 2978 negat
1150 2902 1513 2981 rescriptum
1567 2901 1861 2981 principis

299 2994 672 3066 constituere
701 2991 1053 3072 generalem
1079 2991 1306 3070 legem,
1351 2999 1413 3053 et
1449 2993 1516 3053 in
1542 2994 1659 3054 hoc
1686 2991 1862 3052 diffe-

296 3085 569 3169 rentiam
619 3084 957 3165 quamdam
1006 3084 1323 3145 constituit
1361 3085 1524 3146 inter
1576 3084 1861 3165 epistolas

300 3178 650 3257 pontificias
675 3183 738 3239 et
764 3177 1000 3255 regales
1022 3194 1043 3254 3
1067 3177 1172 3238 sed
1200 3177 1276 3238 de
1296 3177 1627 3257 pontificiis
1656 3183 1865 3257 postea

299 3289 412 3331 suo
453 3272 586 3332 loco
619 3272 918 3331 dicemus,
970 3271 1261 3349 Sequitur
1306 3272 1524 3333 Decius
1568 3273 1634 3331 in
1685 3270 1859 3331 rubr.

300 3364 379 3425 de
406 3364 676 3442 Rescrip.
708 3363 775 3422 in
807 3363 1035 3441 princ.‚
1067 3369 1129 3423 et
1156 3362 1328 3423 Paul.
1360 3363 1436 3423 de
1482 3365 1688 3425 Castro
1716 3363 1785 3422 in
1809 3361 1854 3423 l.

302 3460 361 3531 1,
393 3455 458 3518 ff.
494 3456 571 3517 de
611 3455 935 3516 Constitut.
981 3454 1179 3532 princ.
1212 3455 1577 3516 Fundantur
1602 3456 1668 3514 in
1697 3455 1859 3516 dicta

297 3548 344 3610 1.
381 3551 442 3623 2,
473 3549 536 3610 C.
565 3548 642 3608 de
672 3545 938 3625 Legibus
981 3544 1092 3621 ibi,
1131 3547 1222 3609 vel
1261 3548 1706 3610 cousaedtatione.
1740 3548 1858 3609 Ve-

295 3642 426 3702 rius
452 3646 661 3701 tamen
686 3644 778 3700 est
804 3639 972 3700 idem
989 3656 1121 3700 esse
1146 3638 1477 3700 dicendum
1504 3639 1580 3700 de
1599 3639 1851 3719 Epistol.

297 3734 396 3795 vel
422 3733 717 3812 rescripto
755 3732 1197 3810 interpretante
1243 3732 1529 3807 dubium,
1561 3732 1726 3811 quod
1779 3732 1856 3793 de

296 3827 600 3889 sententia
614 3842 635 3903 3
667 3824 833 3904 quod
865 3823 1084 3885 docent
1131 3825 1341 3901 Jason,
1382 3824 1629 3903 Ange1.,
1656 3823 1849 3886 Felin.

299 3925 361 3981 et
381 3920 487 3980 alii
515 3936 699 3999 supra
722 3917 915 3992 citati,
955 3922 1019 3977 et
1052 3916 1247 3977 videri
1282 3924 1485 3997 potest
1518 3919 1752 3995 Burgos
1777 3917 1854 3978 de

299 4011 414 4070 Paz
448 4012 517 4070 in
550 4011 813 4071 Prooem.
854 4009 931 4069 ad
973 4007 1140 4086 leges
1175 4010 1360 4069 Taur.
1387 4028 1452 4071 n.
1482 4011 1624 4084 450,
1651 4014 1712 4068 et
1751 4026 1852 4068 su-

297 4104 489 4163 mitur
519 4122 595 4164 ex
625 4103 788 4163 dicta
812 4101 950 4180 lege
977 4100 1090 4161 ult.
1141 4100 1206 4162 C.
1247 4100 1324 4161 de
1351 4100 1615 4180 Legibus
1642 4100 1710 4159 in
1759 4116 1853 4160 se-

295 4196 499 4257 cunda
524 4201 695 4274 parte
719 4195 874 4274 eju8‚
905 4197 968 4253 et
990 4198 1082 4254 est
1112 4209 1473 4271 expressum
1499 4194 1566 4253 in
1612 4192 1776 4252 dicta
1801 4190 1845 4251 l.

298 4290 358 4363 1,
389 4287 455 4348 ff.
482 4288 558 4347 de
586 4289 790 4349 Const.
826 4285 1022 4365 princ.
1057 4283 1189 4345 ibi:
1228 4284 1634 4364 Quodcumque
1668 4284 1851 4362 impo-

294 4386 464 4442 rator
489 4398 596 4461 per
618 4379 926 4459 epistolam
968 4381 1023 4439 et
1066 4377 1559 4456 subscriptionem
1602 4378 1845 4450 statuit,

293 4473 384 4534 vel
412 4472 597 4534 edicto
613 4470 919 4550 proeoipit,
949 4469 1132 4549 leqem
1164 4487 1284 4532 esse
1312 4474 1562 4532 constat.
1590 4471 1718 4531 Hoc
1740 4487 1850 4529 au-

293 4569 421 4625 tem
461 4563 935 4641 intelligendum
963 4568 1022 4623 et
1067 4561 1508 4623 declarandum
1538 4569 1628 4624 est
1659 4562 1843 4622 modo

293 4656 455 4717 dicto
483 4657 558 4717 de
606 4656 910 4717 sententia
945 4672 960 4716 ε
992 4673 1142 4716 nam
1191 4660 1284 4714 est
1323 4655 1540 4716 eadem
1572 4656 1729 4716 ratio
1768 4655 1846 4716 de

293 4749 612 4828 quodlibet
636 4766 929 4828 responso
956 4747 1271 4827 principis,
1299 4746 1465 4826 quod
1487 4748 1715 4808 directe
1742 4747 1847 4808 de-

292 4841 443 4902 cidit
488 4841 735 4921 aliquod
768 4840 1051 4916 dubium,
1102 4840 1477 4900 constituens
1520 4839 1676 4900 illud
1720 4858 1847 4900 res-

291 4951 558 5014 ponsum
583 4944 880 5012 tanquam
909 4932 1190 5011 regulam
1231 4933 1529 5011 operandi
1559 4950 1575 4993 2
1607 4938 1848 5012 oportet

290 5031 501 5089 autem
529 5031 744 5087 utnon
772 5028 850 5086 sit
869 5042 1222 5086 concessum
1250 5025 1319 5085 in
1346 5026 1722 5104 peculiarem
1756 5026 1846 5087 fa-

287 5137 524 5195 vorem,
555 5120 653 5180 vel
696 5117 1090 5198 privilegium
1134 5117 1394 5196 alicujus
1421 5137 1715 5197 personae,
1746 5118 1846 5180 vel

288 5210 367 5271 ob
383 5211 820 5292 particularem
846 5210 1372 5271 circumstantiam
1394 5217 1839 5288 occurrentem,

287 5310 348 5365 et
374 5306 462 5366 ita
489 5305 708 5367 eodem
729 5305 915 5368 modo
934 5303 1341 5366 conciliantur,
1360 5304 1504 5384 jura
1526 5303 1754 5383 civilia,
1775 5309 1846 5367 ut

286 5396 521 5460 dictum
548 5403 661 5460 est.

951 5506 1161 5529 —oooe-

3368 390 3489 451 23¹1

2486 583 2736 646 CAPUT
2774 585 2931 646 XVI.

1930 786 2061 840 ΟΠΞ
2112 786 2513 834 montumano
2551 786 2917 832 NECESSARIA
2969 786 3059 832 sn·
3108 785 3191 833 An
3240 788 3494 835 marzo-

2139 880 2267 927 'rm
2304 875 2799 926 coNsmtJTmNssu
2836 878 3003 925 LEGIS
3042 880 3274 927 omns·

2016 1053 2076 1110 1.
2121 1048 2224 1111 An
2250 1049 2381 1112 sine
2404 1049 2738 1129 scriptura,
2769 1055 2825 1113 et
2860 1049 3260 1129 publicatione
3297 1051 3498 1115 valeat

1939 1142 2035 1205 lex
2070 1147 2126 1225 qt
2170 1142 2318 1221 liyet
2352 1143 2584 1204 statim.
2627 1176 2710 1188 —
2749 1143 3039 1221 Superest
3061 1141 3387 1204 dicendum
3418 1143 3496 1205 de

1938 1236 2122 1297 tertia
2156 1233 2545 1297 solemnitate
2568 1234 2746 1313 legis,
2793 1253 2985 1315 quam
3015 1234 3495 1316 subsequentem

1937 1326 2401 1407 appellavimus,
2438 1329 2894 1407 comparatione
2922 1328 3085 1389 facta
3111 1328 3190 1389 ad
3216 1329 3498 1390 volunta-

1936 1426 2065 1481 tem
2091 1420 2404 1500 principis,
2440 1427 2501 1482 et
2528 1421 2797 1482 exterius
2825 1421 3127 1500 scriptam
3162 1421 3262 1482 vel
3295 1422 3497 1483 decla-

1938 1518 2139 1574 ratam
2166 1512 2374 1592 aliquo
2397 1512 2574 1590 signo
2594 1512 2872 1573 sensibili
2891 1514 3159 1574 exterius
3181 1513 3496 1576 indicante

1938 1604 2150 1680 illam',
2192 1610 2254 1667 et
2281 1606 2441 1666 circa
2468 1623 2652 1684 quam
2679 1623 2957 1685 suppono
2989 1606 3055 1666 in
3077 1607 3330 1686 primis,
3367 1626 3496 1669 non

1939 1716 2067 1759 esse
2100 1698 2246 1759 satis
2275 1699 2580 1778 privatam
2612 1698 2904 1778 principis
2943 1698 3344 1777 locutionem,
3378 1696 3497 1762 ‘seu

1938 1791 2415 1870 expressionem,
2463 1796 2537 1851 ut
2570 1790 2672 1851 lex
2693 1792 2828 1870 jam
2850 1791 2975 1852 lata
3003 1798 3344 1868 censeatur,
3388 1795 3498 1855 do-

1935 1901 2051 1944 nec
2082 1882 2367 1944 voluntas
2408 1888 2471 1944 et
2504 1884 2698 1962 jussio
2733 1884 3027 1963 principis
3068 1885 3325 1946 solemni
3369 1887 3497 1947 ritu

1936 1975 2103 2036 edita
2142 1981 2204 2036 et
2241 1975 2502 2036 subditis
2542 1977 2851 2056 proposita
2887 1978 2968 2037 sit
3008 1993 3023 2037 τ
3068 1978 3184 2038 hoc
3225 1979 3394 2039 enim
3434 1984 3497 2039 et

1934 2073 2195 2147 utroque
2211 2069 2352 2147 jure
2372 2068 2646 2129 humano
2666 2075 2757 2130 est
2776 2070 3198 2146 constitutum,
3220 2077 3289 2131 ut
3308 2089 3497 2151 supra

1934 2160 2045 2220 lib.
2077 2164 2136 2235 1,
2164 2178 2300 2239 cap.
2327 2163 2428 2235 11,
2460 2167 2774 2221 ostensum
2802 2167 2915 2237 est,
2961 2168 3024 2222 et
3049 2163 3181 2241 ipsa
3202 2162 3358 2241 legis
3384 2183 3497 2224 na-

1938 2259 2079 2314 tura
2100 2253 2404 2333 postulat:
2435 2259 2571 2313 tum
2594 2254 2739 2332 quia
2762 2260 2855 2314 est
2875 2255 3092 2332 regula
3117 2258 3494 2335 operationis

1938 2343 2020 2405 ad
2059 2362 2248 2422 quam
2292 2350 2424 2405 tota
2463 2346 2877 2406 communitas
2918 2363 2983 2406 se
3028 2345 3211 2407 debet
3255 2349 3496 2410 confor-

1940 2455 2111 2498 mare
2147 2458 2163 2495 ε
2199 2455 2324 2497 non
2354 2444 2555 2517 potest
2586 2442 2796 2499 autem
2828 2436 3056 2499 habere
3084 2438 3273 2523 talem
3308 2443 3496 2502 ratio-

1938 2548 2085 2591 nem
2114 2532 2458 2592 communis
2485 2531 2713 2610 regulae
2732 2579 2750 2605 ‚
2785 2531 2903 2590 nisi
2931 2532 3171 2610 publice
3199 2534 3278 2594 sit
3303 2534 3493 2609 edita,

1938 2623 2027 2684 ita
2067 2629 2138 2683 ut
2172 2640 2211 2683 a
2251 2628 2381 2684 tota
2421 2623 2864 2684 communitate
2907 2621 3216 2685 observari
3259 2627 3494 2705 possit3

1939 2721 2076 2776 tum
2127 2716 2316 2777 etiam
2361 2716 2511 2796 quia
2557 2715 2659 2776 lex
2706 2721 2797 2777 est
2854 2716 3106 2795 signum
3159 2717 3497 2779 voluntatis

1937 2808 2234 2888 principis
2274 2826 2398 2887 qua
2428 2808 2563 2868 vult
2588 2813 2785 2869 totam
2822 2809 3333 2871 communitatem
3366 2827 3500 2870 mo-

1938 2918 2083 2961 vere
2111 2906 2173 2961 ct
2198 2900 2511 2979 obligare:
2545 2918 2692 2979 ergo
2716 2906 2958 2979 oportet
2992 2907 3064 2961 ut
3095 2901 3219 2962 tale
3247 2902 3500 2981 signum

1939 2991 2256 3071 publicum
2283 2993 2364 3051 sit
2388 3015 2405 3067 ;
2454 2992 2621 3053 unde
2657 2992 2730 3052 fit
2765 2993 3181 3054 conditionem
3211 2994 3372 3055 hanc
3409 2995 3499 3056 ita

1942 3102 2071 3145 esse
2098 3085 2501 3146 necessariam
2529 3091 2592 3145 et
2617 3085 3019 3147 intrinsecam
3037 3087 3161 3166 legi
3180 3087 3496 3165 humanoe,

1943 3184 2016 3237 ut
2050 3197 2178 3239 non
2220 3180 2412 3257 possit
2450 3180 2732 3258 princeps
2753 3226 2773 3255 ‚
2817 3181 3059 3242 etiamsi
3085 3182 3256 3258 velit,
3291 3179 3496 3262 legem

1945 3271 2209 3332 condere
2236 3271 2369 3331 sine
2397 3270 2602 3350 aliqua
2628 3270 3043 3351 publicatione
3070 3274 3498 3336 communitati

1941 3362 2426 3438 accommodata,
2470 3370 2532 3424 et
2571 3364 2649 3424 de
2688 3381 2753 3425 se
2798 3365 3159 3443 sufficiente,
3215 3368 3498 3447 quamvis

1939 3456 2197 3516 modum
2234 3454 2368 3534 ejus
2403 3457 2646 3517 variare
2684 3458 2909 3535 possit3
2956 3459 3106 3538 quia
3133 3459 3288 3521 illud
3324 3461 3496 3540 prius

1937 3547 2283 3626 generatim
2319 3553 2381 3608 et
2420 3537 2698 3610 absolute
2735 3555 3053 3630 sumptum
3093 3557 3185 3612 est
3213 3553 3355 3632 jure
3387 3571 3499 3614 na-

1936 3639 2125 3700 turali
2168 3641 2609 3717 necessarium,
2653 3647 2724 3703 ut
2764 3649 3081 3704 ostensum
3116 3651 3228 3707 est.
3274 3647 3497 3725 Estque

1936 3733 2283 3793 communis
2310 3735 2616 3796 sententia
2644 3737 2924 3797 omnium
2954 3755 3106 3817 quos
3131 3737 3492 3800 referemus.

1935 3825 2149 3887 Solum
2175 3826 2387 3886 inveni
2415 3827 2579 3906 apud
2609 3826 2875 3901 Selvam,
2916 3828 2991 3890 de
3020 3831 3259 3907 Benef„
3293 3850 3357 3911 q.
3389 3834 3492 3907 22,

1935 3937 2003 3978 n.
2053 3920 2153 3993 14,
2192 3919 2358 3999 quod
2385 3920 2517 3980 sine
2559 3920 2884 3999 scriptura,
2930 3924 3060 3985 siae
3092 3926 3497 4002 publicatiom

1931 4011 2089 4072 valet
2127 4010 2222 4072 lex
2242 4058 2260 4083 ,
2300 4018 2355 4073 st
2383 4013 2540 4090 liyat
2565 4015 2777 4076 statim
2797 4058 2818 4088 ,
2854 4015 2913 4077 si
2941 4018 3209 4078 conditor
3234 4018 3402 4093 velit,
3433 4023 3499 4078 et

1932 4103 2080 4163 citat
2124 4101 2402 4163 Glossam
2444 4103 2514 4163 in
2554 4102 2852 4166 Clement.
2901 4105 2978 4167 de
3021 4108 3358 4168 Haereticis.
3412 4109 3496 4169 At

1931 4212 2081 4255 vero
2108 4193 2216 4254 illa
2242 4193 2451 4254 Glossa
2465 4194 2535 4254 in
2558 4194 2732 4255 verb.
2758 4198 2869 4258 Ea:
2886 4204 3027 4261 tuno
3045 4217 3171 4260 non
3190 4200 3341 4260 dicit
3362 4202 3495 4263 sine

1930 4285 2345 4366 publicatione
2370 4330 2390 4361 ,
2439 4284 2545 4347 sed
2600 4288 2811 4348 statim
2859 4307 2899 4350 a
2951 4290 3484 4371 promulgatione,

1929 4379 2095 4458 quod
2115 4378 2302 4456 longe
2334 4377 2646 4439 diversum
2673 4386 2785 4456 est,
2828 4387 2899 4442 ut
2925 4383 3090 4444 infra
3115 4383 3435 4447 declarabo
3464 4404 3480 4446 ε

1929 4488 2133 4549 neque
2170 4470 2350 4531 aliter
2390 4469 2730 4549 loquuntur
2774 4472 3050 4536 doctores
3085 4475 3153 4536 in
3192 4475 3363 4537 rubr.
3411 4477 3490 4539 de

1931 4562 2186 4623 Constit.
2220 4581 2375 4642 quos
2402 4565 2588 4625 etiam
2628 4565 2808 4626 Selva
2843 4567 3031 4630 refert
3062 4585 3078 4629 ε
3108 4569 3272 4629 unde
3297 4571 3488 4632 etiam

1924 4655 2029 4717 ille
2052 4655 2210 4717 forte
2237 4656 2303 4716 in
2331 4655 2550 4718 eodem
2574 4676 2764 4720 sensu
2803 4659 3043 4722 locutus
3070 4667 3193 4737 est,
3237 4679 3350 4742 per
3376 4681 3491 4743 pu-

1924 4748 2319 4810 blicationem
2358 4750 2709 4829 intelligens
2740 4752 2913 4813 illam
2949 4773 3087 4834 quae
3113 4756 3302 4834 longo
3331 4763 3487 4818 tem-

1924 4858 2073 4919 pore
2095 4840 2192 4902 vel
2216 4847 2380 4902 certa
2403 4842 2791 4905 solemnitate
2813 4844 2922 4906 fit:
2947 4846 3078 4908 haec
3097 4847 3267 4909 enim
3290 4853 3487 4927 potest

1925 4952 2038 5012 per
2063 4934 2408 5014 principem
2438 4935 2757 4997 immutari
2777 4983 2798 5013 ,
2841 4944 2913 4999 ut
2940 4940 3238 5002 dicemus,
3276 4941 3487 5021 Expli-

1926 5026 2197 5087 candum
2237 5045 2382 5089 vero
2424 5035 2536 5105 est,
2585 5048 2722 5109 quae
2763 5036 2825 5092 et
2856 5032 3054 5110 qualis
3091 5033 3311 5094 debeat
3356 5050 3485 5096 esse

1924 5117 2057 5179 haec
2084 5119 2469 5197 solemnitas,
2511 5139 2619 5182 seu
2647 5121 2908 5202 publiea,
2923 5127 3259 5205 propositio
3273 5173 3296 5204 ,
3345 5146 3483 5210 quae

1924 5211 2080 5272 solet
2106 5215 2517 5274 communiter
2543 5215 2959 5294 promulgatio
2981 5220 3212 5280 vocari.

2005 5306 2067 5366 2.
2110 5305 2495 5372 Parcit-ulam
2520 5311 2628 5368 aut
2657 5308 2921 5384 positam
2953 5328 3075 5372 esse
3099 5329 3213 5390 pro
3240 5332 3362 5377 sou.
3401 5346 3483 5361 —

1924 5399 1997 5459 In
2023 5416 2147 5478 quo
2181 5398 2517 5460 Panormit.
2550 5399 2619 5460 in
2648 5417 2782 5480 cap.
2821 5405 2851 5462 1
2887 5403 2963 5465 de
2991 5405 3282 5467 Postulat.
3323 5409 3482 5469 Prae-

1924 5490 2035 5552 lat.
2049 5534 2072 5569 ,
2113 5509 2179 5553 n.
2217 5490 2315 5566 10,
2346 5489 2674 5573 distinguit
2699 5493 2865 5560 inter
2892 5496 3232 5570 solemnem
3264 5501 3480 5572 editio-
