3976 6219
802 364 937 417 cm).
974 364 1035 417 11.
1071 362 1152 416 ns
1182 363 1343 418 mes
1374 363 1598 419 omoSA
1627 366 1708 420 ΕΤ
1739 365 2130 432 mmmm,
2149 368 2502 433 -EARUMQUE
2532 339 2904 425 unu-:um

259 464 589 546 quamdam
629 465 1170 541 consecutionem3
1217 470 1366 527 tunc
1404 466 1574 529 enim
1610 487 1688 531 ex
1717 469 1812 529 in-

259 560 523 620 trinseco
551 557 677 621 fine
703 559 806 620 lex
831 558 975 619 talis
997 565 1089 619 est
1113 603 1133 633 ,
1183 564 1246 620 et
1281 577 1410 620 non
1437 560 1624 623 habet
1647 561 1813 622 unde

261 651 633 713 contrariam
700 650 1272 712 denominationem
1331 653 1618 733 accipiat.
1690 656 1814 715 Nec

259 761 401 805 vero
431 749 739 822 repugnat
757 743 894 804 dari
920 743 1277 821 hujusmodi
1303 743 1490 824 leges.
1521 747 1678 808 Nam
1696 747 1815 807 im-

262 837 474 918 primis
495 855 655 916 saepe
682 843 881 916 potest
908 836 1159 899 concedi
1191 837 1367 899 favor
1387 886 1404 912 ,
1436 845 1545 900 aut
1575 839 1815 902 benefi-

263 930 427 991 cium
449 929 639 991 alicui
661 929 798 991 fieri
815 930 949 991 sine
968 929 1097 990 ullo
1117 930 1287 990 illius
1308 933 1691 1010 gravamine,
1718 933 1818 995 vel

261 1022 526 1083 aliorum
545 1023 932 1102 praejudicio,
957 1028 1030 1084 ut
1047 1022 1123 1083 de
1142 1023 1456 1084 nonnullis
1478 1024 1819 1104 privilegiis

263 1115 425 1177 infra
447 1116 727 1177 dicemus
747 1132 768 1193 3
793 1128 942 1177 tunc
969 1133 1118 1195 ergo
1146 1116 1266 1176 erit
1287 1116 1391 1177 lex
1418 1122 1481 1178 et
1505 1117 1821 1197 dispositio

263 1209 613 1270 favorabilis
634 1226 655 1286 3
686 1209 854 1271 idem
876 1226 1024 1289 ergo
1047 1209 1167 1270 erit
1184 1208 1253 1269 in
1275 1228 1664 1291 quacumque
1683 1212 1822 1291 1636

267 1304 585 1364 communi
618 1302 885 1365 habente
928 1303 1195 1364 similem
1238 1303 1676 1365 conditionem.
1721 1305 1821 1366 Sic

266 1396 432 1456 enim
458 1414 569 1474 per
594 1414 659 1457 se
685 1395 863 1458 valde
887 1395 1203 1476 probabile
1230 1402 1321 1457 est
1342 1415 1592 1459 omnem
1617 1397 1823 1477 legem

266 1487 696 1567 prohibentem
728 1488 960 1568 aliquid
1004 1506 1118 1568 per
1145 1507 1210 1550 sc
1235 1489 1472 1550 malum
1488 1533 1509 1564 ‚
1539 1490 1640 1552 vel
1670 1509 1823 1571 prae-

270 1582 598 1659 cipientem
626 1581 858 1661 aliquid
885 1583 1238 1658 honestum,
1269 1601 1397 1644 non
1424 1584 1612 1644 nimis
1633 1602 1824 1663 grave

270 1680 377 1734 aut
411 1692 738 1735 onerosum
752 1720 773 1751 ‚
812 1674 919 1736 sed
960 1676 1351 1737 moderatum
1399 1682 1464 1738 et
1506 1678 1826 1738 communi

274 1768 456 1828 modo
495 1767 746 1829 vivendi
801 1767 1124 1829 hominum
1153 1775 1659 1844 consentaneum,
1695 1787 1826 1831 esse

273 1859 675 1921 favorabilem
709 1904 730 1935 ,
773 1860 920 1940 quia
944 1879 1161 1922 revera
1191 1868 1283 1923 est
1313 1879 1615 1940 magnum
1643 1861 1827 1923 bene-

270 1950 485 2011 ficium
511 1951 866 2029 hominum,
897 1953 1049 2015 dum
1091 1972 1194 2015 eos
1229 1954 1501 2015 suaviter
1528 1959 1590 2015 et
1617 1953 1828 2015 effica-

274 2043 425 2104 citer
451 2044 667 2123 dirigit
699 2046 774 2106 ad
814 2045 1197 2124 operandum
1232 2047 1490 2122 bonum,
1539 2051 1602 2108 et
1630 2048 1828 2108 vitan-

271 2137 420 2197 dum
448 2138 707 2199 malum.
737 2139 909 2200 Unde
936 2158 1050 2201 nec
1072 2140 1203 2202 sola
1223 2142 1383 2202 ratio
1410 2141 1824 2219 obligationis,

273 2236 382 2291 aut
407 2230 642 2292 vinculi
661 2233 1074 2309 conscientiae,
1097 2252 1210 2295 nec
1230 2234 1577 2314 periculum
1599 2240 1828 2310 reatus,

274 2324 437 2404 quod
477 2324 556 2385 ad
588 2332 965 2405 praeceptum
990 2328 1166 2406 sequi
1191 2327 1436 2388 videtur
1453 2373 1474 2404 ,
1511 2327 1736 2388 sufficit
1762 2332 1835 2388 ut

278 2423 598 2479 censeatur
620 2416 721 2479 lex
752 2436 881 2481 non
909 2421 1225 2481 continere
1251 2439 1482 2500 purum
1509 2420 1785 2482 favorem
1808 2464 1831 2496 ‚

275 2510 381 2571 sed
410 2511 701 2586 mixtum,
730 2517 867 2572 tum
896 2511 1045 2590 quia
1065 2512 1180 2572 hoc
1203 2529 1531 2574 commune
1550 2517 1643 2573 est
1661 2511 1837 2573 omni

272 2601 421 2680 legi,
450 2608 514 2662 et
533 2602 673 2663 ideo
701 2621 828 2664 non
854 2610 1056 2665 mutat
1075 2604 1345 2665 rationes
1365 2603 1836 2683 particularium

274 2694 333 2755 16
339 2712 530 2774 gum3
572 2700 711 2756 tum
747 2696 938 2758 etiam
969 2696 1119 2775 quia
1147 2694 1472 2756 difficultas
1502 2696 1838 2756 intrinseca

275 2788 393 2868 ipsi
418 2788 660 2864 virtuti,
688 2806 813 2848 non
841 2789 1102 2868 impedit
1127 2788 1458 2868 quominus
1478 2789 1677 2850 virtus
1705 2789 1838 2868 ipsa

277 2880 592 2941 maximus
617 2879 792 2940 favor
820 2879 901 2939 sit
930 2897 948 2940 ι
985 2897 1133 2958 ergo
1160 2880 1378 2941 eadem
1402 2880 1643 2941 ratione
1680 2880 1783 2941 lex
1811 2924 1834 2956 ,

277 2990 417 3053 quse
462 2978 555 3034 est
605 2971 825 3050 regula
870 2971 1116 3032 virtutis
1168 2976 1471 3050 quatenus
1517 2971 1840 3032 vinculum

280 3067 549 3147 imponit
572 3083 716 3128 cum
738 3065 1157 3128 moderatione
1179 3064 1411 3141 debita,
1441 3064 1644 3144 gratia
1664 3070 1755 3126 est
1780 3069 1844 3133 et

283 3160 461 3222 favor
512 3159 855 3222 secundum
908 3163 1141 3220 rectam
1189 3157 1498 3219 rationem
1542 3163 1840 3237 spectata,

278 3253 425 3315 licet
467 3252 749 3315 inferiori
794 3251 1065 3332 portioni
1093 3254 1445 3330 'gravamen
1487 3268 1619 3312 esse
1651 3251 1841 3312 inter-

278 3347 432 3407 dum
462 3350 795 3426 appareat3
838 3349 976 3404 tum
1003 3344 1270 3423 denique
1297 3344 1466 3423 quia,
1502 3343 1556 3404 si
1579 3343 1728 3423 quid
1750 3348 1842 3405 est

273 3439 533 3520 periculi
551 3438 813 3515 alicujus
826 3436 976 3497 mali
995 3436 1075 3497 ob
1093 3437 1643 3515 transgressionem
1659 3436 1837 3515 legis,

275 3532 431 3593 illud
448 3549 577 3592 non
598 3530 876 3592 nascitur
892 3547 972 3593 ex
998 3531 1131 3610 ipsa
1148 3526 1308 3608 lege,
1332 3528 1442 3591 sed
1464 3548 1542 3590 ex
1561 3529 1841 3591 hominis

275 3625 775 3705 imperfectione,
809 3629 874 3685 et
898 3622 1040 3685 ideo
1065 3640 1195 3683 non
1221 3622 1482 3702 impedit
1509 3622 1840 3702 quominus

276 3719 381 3780 lex
407 3718 768 3798 hujusmodi
793 3734 1025 3797 purum
1051 3716 1328 3779 favorem
1351 3716 1683 3778 contineat.
1713 3716 1839 3778 Ma-

280 3813 379 3891 gis
408 3816 609 3891 potest
636 3810 908 3872 dubitari
950 3809 1026 3871 de
1067 3809 1204 3889 lege
1242 3809 1453 3871 odiosa
1470 3854 1493 3886 ,
1527 3807 1840 3888 quomodo

275 3905 473 3985 possit
497 3922 725 3984 purum
753 3903 970 3965 odium
1010 3903 1327 3965 continere
1353 3948 1375 3979 ,
1425 3919 1571 3964 cum
1597 3918 1840 3980 semper

275 3997 517 4060 bonum
555 3996 861 4059 intendat.
907 3995 1246 4058 Dicendum
1277 4011 1425 4055 vero
1448 3999 1540 4056 est
1563 4011 1639 4055 ex
1666 3997 1841 4073 parte

278 4091 559 4153 materiae
586 4090 742 4170 legis
777 4089 894 4149 hoc
919 4105 1049 4148 non
1076 4104 1423 4167 repugnare
1440 4131 1463 4163 ,
1494 4086 1736 4147 etiamsi
1765 4102 1843 4147 ex

275 4190 454 4264 parte
500 4182 645 4244 finis
687 4180 921 4260 aliquid
961 4178 1301 4241 favorabile
1331 4182 1725 4258 perssomnem
1754 4176 1842 4238 le-

277 4295 428 4356 gem
452 4275 814 4337 intendatur
842 4291 859 4335 :
897 4273 1073 4334 etita
1102 4272 1205 4334 lex
1241 4290 1396 4352 pure
1421 4272 1701 4352 poenalis,
1731 4288 1841 4332 seu

277 4388 421 4449 quae
447 4368 647 4429 solum
673 4367 871 4428 fertur
899 4366 977 4427 ad
1010 4365 1454 4446 imponendam
1477 4365 1578 4427 vel
1609 4382 1842 4443 augen-

276 4461 428 4521 dam
456 4476 728 4540 poenam,
758 4462 958 4539 potest
979 4457 1103 4519 dici
1131 4456 1491 4537 simpliciter
1518 4457 1749 4530 odiosa,
1778 4461 1842 4519 et

273 4553 450 4632 leges
479 4551 854 4613 tributorum
905 4555 970 4611 et
1012 4549 1150 4611 alioe
1188 4548 1544 4629 hujusmodi
1581 4548 1697 4611 sub
1735 4567 1838 4612 eo-

279 4647 433 4709 dem
456 4646 674 4708 ordine
700 4643 1198 4707 continebuntur.

365 4744 424 4802 7.
468 4737 804 4800 Difficultas
827 4753 974 4799 vero
996 4734 1275 4816 specialis
1294 4740 1406 4811 oet,
1436 4735 1686 4816 quando
1713 4753 1845 4797 ma-

270 4833 441 4895 teria
466 4832 622 4911 legis
647 4849 774 4892 uno
801 4833 1083 4909 respectu
1107 4828 1352 4890 videtur
1383 4828 1759 4906 favorabilis,
1784 4835 1848 4891 et

271 4926 401 4989 sub
427 4926 549 4987 alio
585 4942 922 5004 gravamen
949 4922 1247 4997 continet,
1274 4928 1344 4983 ut
1362 4923 1584 5002 saepius
1608 4924 1845 4984 contin-

270 5020 401 5100 git,
429 5018 738 5099 quomodo
763 5017 841 5077 de
861 5016 968 5077 illa
984 5014 1393 5094 judicandum
1413 5014 1512 5075 sit.
1548 5016 1844 5076 Auctores

271 5113 459 5175 enim
501 5112 570 5172 in
612 5110 729 5171 hoc
774 5109 965 5170 etiam
1010 5107 1182 5168 varie
1227 5107 1543 5184 sentiunt3
1588 5107 1845 5187 quidam

268 5205 458 5269 enim
486 5204 702 5264 dicunt
733 5219 984 5263 omnem
1010 5200 1215 5279 legem
1241 5199 1661 5262 continentem
1690 5217 1842 5279 prae-

260 5296 609 5379 judicium,
655 5294 758 5356 vel
786 5311 1124 5373 gravamen
1152 5292 1435 5371 alicujus,
1471 5298 1579 5353 aut
1607 5293 1846 5354 malum

271 5389 541 5469 aliquod
569 5387 960 5462 inferentem,
992 5385 1353 5464 simpliciter
1384 5384 1663 5446 odiosam
1691 5404 1845 5462 esse,

266 5483 530 5549 etiamsi
555 5499 857 5561 magnum
874 5481 1149 5543 favorem
1176 5478 1277 5543 vel
1300 5478 1579 5542 favorem
1599 5479 1850 5543 aliunde

690 5601 757 5659 Y·

3328 371 3447 429 417

1894 467 2229 529 contineat.
2275 470 2367 529 Ita
2405 471 2594 531 sentit
2620 470 2930 550 Tiraquel.
2961 470 3028 529 in
3063 468 3209 531 dict.
3241 490 3446 551 praes„

1893 578 1959 619 n.
1985 561 2091 636 65,
2120 579 2264 621 cum
2282 562 2459 624 Joan.
2489 564 2682 624 Andr.
2715 569 2776 624 et
2803 562 2961 638 aliis,
2990 562 3059 622 in
3079 581 3211 641 cap.
3236 565 3351 624 ult.
3373 565 3451 627 de

1892 652 2075 713 Verb.
2121 653 2331 731 signif.
2356 703 2372 730 ,
2421 655 2583 716 circa
2611 656 2773 717 Glos,
2791 702 2812 733 ,
2852 655 3024 716 verb.
3072 655 3406 720 similibus
3427 683 3454 729 ,-

1894 744 2003 823 qui
2029 745 2245 806 dicunt
2263 790 2284 821 ,
2333 765 2476 809 cum
2503 753 2878 809 concurrunt
2912 747 3088 808 favor
3109 754 3173 809 et
3201 749 3413 810 odium
3431 795 3453 826 ‚

1895 837 2358 916 dispositionem
2407 858 2536 902 esse
2586 841 2881 902 odiosam.
2934 839 3205 902 Fundari
3252 843 3457 921 potuit

1896 929 2206 1010 Tiraquel.
2238 932 2306 993 in
2328 932 2451 995 alio
2474 934 2798 1014 principio,
2823 933 2968 1012 quia
2989 933 3301 994 existimat
3327 953 3457 995 non

1897 1040 2072 1101 posse
2102 1025 2386 1086 eamdem
2415 1026 2879 1106 dispositionem
2907 1025 3094 1086 simul
3129 1044 3258 1087 esse
3286 1026 3460 1087 favo-

1900 1114 2161 1177 rabilem
2203 1117 2562 1195 etjodiosam
2578 1164 2599 1195 ‚
2645 1119 2834 1179 etiam
2872 1124 3151 1197 respectu
3189 1118 3459 1180 diverso-

1903 1228 2073 1286 rum,
2108 1210 2208 1272 vel
2234 1211 2575 1273 secundum
2599 1212 2873 1274 diversas
2902 1213 3205 1288 rationes3
3257 1231 3460 1293 neque

1902 1301 2072 1363 idem
2109 1308 2409 1364 statutum
2445 1321 2620 1382 posse
2663 1322 2795 1365 esse
2830 1304 3061 1383 partim
3099 1303 3457 1381 favorabile,

1903 1393 2136 1473 partim
2164 1395 2468 1472 odiosum,
2500 1401 2634 1456 tum
2661 1396 2808 1474 quia
2842 1414 2970 1457 non
3002 1401 3201 1476 potest
3239 1415 3367 1457 una
3401 1403 3464 1457 et

1903 1488 2120 1548 eadem
2159 1505 2256 1549 res
2302 1489 2542 1549 diverso
2580 1489 2722 1567 jure
2763 1487 3034 1564 censeri,
3076 1488 3122 1549 1.
3159 1489 3329 1550 Eum
3358 1490 3465 1569 qui

1903 1582 2078 1655 oedes,
2109 1579 2176 1642 ff.
2215 1580 2291 1642 de
2334 1582 2637 1661 Usucap.;
2671 1587 2808 1641 tum
2828 1581 3017 1642 etiam
3045 1582 3193 1660 quia
3209 1599 3337 1642 non
3360 1600 3467 1661 po-

1905 1677 2025 1733 test
2050 1672 2215 1733 idem
2246 1678 2546 1734 statutum
2575 1673 2826 1734 extendi
2849 1674 2916 1733 in
2938 1673 3215 1733 favorem
3253 1674 3464 1749 unius,

1907 1765 2062 1844 quin
2083 1770 2359 1827 vertatur
2384 1766 2453 1826 in
2471 1765 2684 1826 odium
2706 1765 2980 1841 alterius,
3007 1771 3067 1826 et
3090 1784 3126 1827 e
3149 1784 3462 1827 converso.

1908 1859 2002 1918 Ex
2028 1858 2144 1919 hoc
2174 1876 2323 1938 ergo
2350 1859 2652 1938 principio
2682 1858 2900 1919 inferri
2928 1863 3148 1937 potest,
3173 1859 3377 1937 legem
3402 1859 3469 1918 in

1910 1969 2035 2030 qua
2073 1950 2258 2012 simul
2295 1957 2676 2012 concurrunt
2705 1950 2880 2011 favor
2920 1956 2983 2010 et
3017 1950 3254 2027 odium,
3300 1950 3470 2012 odio-

1912 2061 2046 2104 sam
2077 2043 2451 2105 censendam
2490 2063 2640 2120 esse,
2685 2043 2833 2122 quia
2876 2060 3004 2103 non
3048 2048 3249 2122 potest
3284 2043 3474 2104 simul

1911 2155 2042 2198 esse
2064 2136 2418 2198 favorabilis
2436 2143 2499 2198 et
2525 2137 2756 2212 odiosa,
2783 2154 2898 2197 nec
2916 2135 3104 2197 etiam
3128 2141 3330 2216 potest
3350 2137 3475 2197 dici

1913 2228 2269 2290 favorabilis
2314 2229 2571 2290 omnino
2591 2275 2611 2304 ,
2656 2228 2805 2308 quia
2837 2228 3072 2289 bonum
3115 2247 3193 2289 ex
3229 2230 3474 2308 integra

1914 2340 2140 2396 causa3
2181 2339 2330 2400 ergo
2357 2323 2476 2383 erit
2502 2322 2740 2397 odiosa,
2784 2321 2933 2402 quia
2957 2322 3194 2383 malum
3219 2341 3297 2383 ex
3326 2340 3477 2402 quo-

1915 2433 2184 2496 cumque
2233 2415 2517 2493 defectu,
2570 2424 2633 2476 et
2677 2415 2894 2476 odium
2937 2415 3127 2477 habet
3169 2417 3475 2478 rationem

1918 2507 2070 2569 mali
2093 2524 2114 2585 3
2145 2509 2320 2584 item,
2356 2509 2502 2588 quia
2530 2507 2737 2587 legem
2764 2525 2895 2569 esse
2930 2508 3204 2569 odiosam
3226 2528 3355 2571 non
3381 2510 3477 2570 in-

1918 2600 2114 2661 cludit
2164 2602 2561 2679 negationem
2593 2601 2796 2662 omnis
2841 2600 3088 2677 favoris,
3139 2602 3244 2662 sed
3285 2603 3479 2664 solam

1922 2691 2078 2753 dicit
2097 2692 2555 2773 impositionem
2578 2692 2839 2771 alicujus
2863 2693 3013 2769 odii,
3039 2712 3148 2755 seu
3172 2697 3481 2772 gravami-

1920 2786 2043 2864 nis,
2073 2787 2237 2866 quod
2267 2785 2623 2847 verificatur
2654 2786 3019 2866 simpliciter
3049 2786 3127 2847 de
3151 2786 3264 2847 tali
3290 2786 3428 2866 lege
3457 2808 3475 2863 3

1919 2885 2016 2941 est
2049 2898 2199 2958 ergo
2225 2880 2585 2959 simpliciter
2611 2880 2840 2942 odiosa.
2872 2881 3146 2960 Denique
3167 2882 3315 2960 quia
3339 2881 3481 2942 talis

1918 2971 2022 3034 lex
2048 2971 2410 3051 simpliciter
2432 2973 2864 3052 restringenda
2884 2979 2999 3050 est,
3031 2991 3112 3036 ne
3139 2974 3353 3035 odium
3372 2974 3484 3035 ali-
3602 3027 3607 3032 ,

1921 3082 2046 3144 qua
2099 3081 2178 3126 ex
2229 3069 2404 3145 parte
2464 3071 2765 3147 augeatur
2803 3087 2825 3143 3
2881 3084 3031 3147 ergo
3095 3073 3186 3130 est
3235 3073 3483 3131 tantum

1926 3158 2159 3219 odiosa.

2005 3251 2067 3311 8.
2111 3248 2234 3311 Alii
2272 3266 2420 3312 vero
2462 3250 2841 3328 existimant,
2870 3251 2980 3312 ubi
3021 3253 3483 3333 conjunguntur

1920 3342 2096 3404 favor
2121 3348 2185 3405 et
2224 3342 2437 3403 odium
2463 3343 2532 3403 in
2568 3344 2786 3405 eadem
2812 3344 2952 3423 1636
2976 3345 3077 3407 vel
3107 3351 3359 3424 statuto,
3388 3353 3482 3409 ta·

1918 3433 2046 3497 lem
2085 3435 2555 3516 dispositionem
2597 3435 3002 3498 favorabilem
3041 3440 3296 3500 omnino
3340 3459 3483 3502 cen-

1918 3528 2178 3591 sendam
2220 3546 2372 3590 esse.
2420 3529 2690 3590 Fundari
2728 3536 2945 3610 potest,
2994 3532 3141 3610 quia
3183 3532 3292 3593 ubi
3331 3551 3483 3595 con-

1920 3628 2182 3684 currunt
2226 3621 2404 3683 favor
2446 3626 2509 3682 et
2562 3622 2798 3699 odium,
2841 3623 3018 3685 favor
3057 3624 3371 3703 praevalet,
3422 3633 3486 3688 et

1918 3713 2245 3795 praefertur
2274 3712 2458 3792 odio;
2490 3732 2640 3793 ergo
2676 3716 2994 3777 constituit
3020 3716 3484 3797 dispositionem

1919 3807 2279 3887 simpliciter
2323 3806 2747 3870 favorabilem.
2794 3809 3177 3872 Antecedens
3216 3813 3484 3874 sumitur

1920 3916 1999 3960 ex
2032 3898 2078 3959 l.
2118 3901 2181 3974 Ξ,
2213 3918 2267 3960 c.
2297 3899 2383 3959 De
2409 3898 2604 3977 injus
2630 3900 2931 3976 vocando,
2972 3907 3045 3962 ut
3081 3907 3256 3963 notat
3289 3910 3353 3964 et
3387 3923 3482 3966 se-

1920 3991 2137 4071 quitur
2154 3991 2492 4052 Panormit.
2515 3991 2585 4051 in
2612 4010 2748 4071 cap.
2771 3993 2856 4054 In
2873 3994 3121 4067 litteris,
3151 3995 3229 4056 de
3263 3998 3476 4059 Restit.

1919 4082 2101 4162 spol„
2128 4101 2193 4143 11.
2236 4084 2355 4159 343
2395 4083 2666 4145 Anchar.
2699 4089 2763 4145 et
2787 4084 2920 4159 alii,
2958 4103 3115 4165 quos
3148 4086 3340 4149 refert
3378 4089 3483 4151 Ti-

1918 4192 2054 4254 raq.
2097 4191 2306 4255 supra,
2352 4193 2418 4236 n.
2458 4175 2559 4237 66.
2603 4177 2681 4236 Et
2718 4175 3148 4254 confirmatur,
3184 4196 3333 4259 qma
3369 4182 3482 4244 ubi

1921 4272 2302 4328 concurrunt
2326 4266 2502 4330 favor
2524 4273 2588 4330 et
2613 4267 2850 4345 odium,
2878 4268 3076 4344 favor,
3121 4272 3326 4350 quoad
3344 4273 3481 4335 fieri

1918 4361 2131 4442 possit,
2141 4361 2535 4440 ampliandus
2548 4367 2662 4436 est,
2675 4368 2738 4425 et
2748 4363 2964 4424 odium
2977 4365 3480 4444 restringendum

1919 4459 2013 4516 est
2039 4459 2346 4534 quantum
2385 4472 2628 4518 necesse
2664 4456 2854 4517 fuerit
2893 4461 2964 4518 ut
3009 4457 3185 4520 favor
3222 4461 3480 4540 amplie-
3588 4481 3599 4487 ·

1916 4555 2062 4627 tur3
2088 4566 2237 4627 ergo
2263 4548 2407 4610 talis
2433 4550 2747 4630 dispositio
2774 4551 3133 4631 simpliciter
3146 4552 3483 4633 judicanda

1919 4646 2015 4702 est
2031 4640 2403 4703 favorabilis.

2002 4737 2063 4797 9.
2107 4736 2181 4801 N
2181 4753 2255 4797 on
2280 4753 2617 4816 repugnare
2657 4737 2841 4818 leqem
2867 4739 3183 4802 seemdwm
3218 4740 3483 4806 diem-soe

1924 4833 2224 4908 respectus
2272 4846 2393 4892 esse
2440 4830 2836 4906 favorabilem
2880 4836 2935 4895 et
2981 4833 3294 4895 odiosam:
3340 4841 3484 4898 sunt

1925 4921 2083 4983 enim
2108 4926 2178 4983 ut
2203 4921 2345 4983 alioe
2368 4921 2688 4984 relationes
2714 4923 3251 5002 opposita—Dico
3271 4932 3483 4988 tamen

1925 5013 2230 5092 imprimis
2269 5029 2396 5073 non
2435 5031 2781 5094 repugnare
2822 5015 3106 5077 eamdem
3148 5017 3352 5097 legem
3392 5020 3485 5081 di-

1923 5107 2117 5167 versis
2142 5105 2516 5186 respectibus
2551 5124 2681 5168 esse
2723 5106 3148 5188 favorabilem,
3183 5112 3283 5174 vel
3312 5113 3484 5173 odio·

1924 5216 2082 5259 sam.
2139 5199 2229 5259 Ita
2280 5198 2554 5259 sentiunt
2598 5200 3010 5262 communiter
3060 5203 3361 5281 doctoreS,
3421 5211 3483 5266 et

1927 5309 2209 5372 expresse
2248 5292 2439 5354 Gloss.
2480 5293 2549 5353 in
2574 5292 2741 5354 dicta
2778 5293 2823 5355 1.
2859 5296 2921 5371 2,
2953 5314 3005 5358 c.
3046 5299 3132 5359 De
3157 5298 3226 5359 in
3247 5299 3349 5377 jus
3375 5316 3483 5359 vo·

1929 5385 2151 5459 cando,
2188 5384 2359 5446 verb.
2388 5386 2678 5462 Litteris,
2716 5404 2906 5466 quam
2946 5380 3033 5449 ibi
3065 5390 3308 5466 Palud.‚
3345 5391 3485 5452 Cas-

1928 5484 2122 5542 trens.
2149 5483 2213 5541 et
2237 5478 2346 5540 alii
2376 5485 2739 5562 sequuntur.
2770 5480 2940 5545 Idem
2967 5483 3154 5545 sentit
3179 5484 3390 5547 Innoc.
3415 5483 3487 5546 in

3012 5590 3093 5651 27
