3976 6219
522 517 689 581 civili
715 517 783 578 in
808 517 1179 597 praecedenti
1199 517 1340 595 lib„
1375 537 1416 580 a
1442 537 1575 600 cap.
1609 522 1713 597 25,
1762 524 1825 580 et
1872 517 2084 579 omnia

521 614 612 675 ibi
639 612 800 673 dicta
829 612 1144 690 generalia
1168 612 1298 675 fere
1327 619 1475 674 sunt
1519 612 1645 692 legi
1678 612 1991 688 humanae,
2023 617 2084 672 et

519 707 608 768 ita
629 707 698 767 in
728 705 1198 767 ecclesiasticam
1225 706 1415 767 etiam
1441 706 1841 768 conveniunt.
1868 704 2086 779 Qualia

518 805 664 861 sunt
690 798 964 877 obligare
992 816 1229 875 omnes,
1258 805 1322 860 et
1348 799 1506 860 solos
1526 799 1800 860 subditos
1826 798 1905 859 ad
1929 816 2084 879 quos

519 892 884 972 loquuntur,
915 896 978 953 et
1019 892 1181 954 hanc
1215 892 1659 972 obligationem
1704 891 1955 953 extendi
2005 891 2085 952 ad

521 1001 625 1045 eos
652 984 762 1064 qui
789 987 856 1044 in
878 985 1186 1046 territorio
1203 991 1551 1061 versantur,
1578 985 1819 1047 etiamsi
1842 1001 2084 1065 perma-

520 1082 744 1139 nenter
783 1083 847 1138 et
880 1079 1055 1157 quasi
1095 1079 1163 1138 in
1211 1078 1453 1154 habitu,
1485 1078 1715 1139 subditi
1741 1097 1869 1138 non
1914 1078 2078 1152 sint3

520 1188 555 1230 e
583 1187 878 1231 converso
905 1177 1115 1232 autem
1162 1189 1290 1232 non
1340 1171 1588 1233 extendi
1628 1171 1707 1231 ad
1754 1171 2083 1231 existentes

520 1268 697 1324 extra
721 1264 1125 1334 territorium,
1158 1264 1399 1324 etiamsi
1426 1264 1576 1324 alias
1597 1264 1665 1323 in
1682 1263 1898 1323 habitu
1939 1262 2082 1323 sub-

521 1356 638 1417 diti
664 1357 809 1432 sint,
833 1374 985 1435 quas
1002 1357 1370 1435 quaestiones
1390 1357 1455 1415 in
1484 1354 1732 1435 speciali
1754 1354 1829 1416 de
1843 1354 2084 1433 legibus

521 1449 941 1511 ecclesiasticis
974 1450 1232 1510 tractavi
1259 1449 1445 1510 etiam
1490 1449 1558 1509 in
1582 1454 1630 1510 t.
1676 1452 1706 1508 1
1749 1447 1824 1509 de
1853 1447 2049 1526 Relig.
2059 1493 2079 1524 ,

519 1544 843 1604 tractando
864 1542 941 1604 de
963 1542 1178 1603 diebus
1198 1542 1391 1617 festiS,
1413 1541 1557 1602 etin
1576 1544 1613 1603 5
1632 1545 1681 1601 t.
1701 1541 1775 1602 de
1800 1542 2053 1602 Censur.
2062 1586 2082 1616 ‚

522 1638 636 1698 dis.
656 1640 717 1712 5,
745 1656 795 1696 3.
815 1639 856 1697 4
877 1642 940 1698 et
959 1638 1019 1698 5.
1044 1636 1305 1710 Quaestio
1330 1635 1518 1696 etiam
1546 1635 1674 1709 illa,
1699 1653 1781 1696 an
1799 1635 2086 1715 princeps

522 1728 831 1808 obligetur
841 1729 1108 1808 legibus,
1129 1729 1476 1790 communis
1493 1734 1585 1789 est
1603 1727 1896 1802 PraelatiS,
1915 1746 1987 1788 ac
2001 1727 2088 1788 13-

522 1822 916 1900 gislatoribus
945 1821 1385 1897 ecclesiasticiS,
1412 1822 1602 1883 etiam
1617 1838 1861 1880 summo
1880 1820 2088 1880 Ponti·

520 1914 867 1975 fici.Solum
877 1934 1023 1994 ergo
1039 1920 1365 1995 supersunt
1374 1914 1730 1975 adnotanda
1742 1931 1957 1993 pauca,
1972 1913 2088 1974 cir-

523 2024 597 2067 ca
617 2024 908 2086 personas
937 2008 1260 2069 inferiores
1282 2026 1419 2087 quae
1444 2006 1684 2085 legibus
1702 2006 1965 2085 obligari
1994 2024 2089 2067 so-

523 2099 677 2175 lent,
698 2118 834 2178 quae
852 2101 1102 2180 propria
1115 2105 1260 2160 sunt
1275 2099 1826 2161 ecclesiasticarum
1850 2099 2085 2177 legum.

605 2194 666 2253 2.
710 2193 897 2270 Leqes
923 2192 1332 2255 ecclesiastices·
1351 2209 1547 2254 omnes
1564 2197 1619 2255 et
1643 2192 1799 2255 solos
1822 2193 2089 2271 baptiza—

524 2289 616 2346 tos
643 2284 933 2362 obligare,
955 2284 1138 2346 etiam
1164 2284 1494 2359 koereticos,
1524 2290 1725 2364 utpote
1750 2285 1855 2364 qui
1878 2284 2095 2346 habent

523 2378 979 2452 fundamentum
1008 2377 1393 2457 subjectionis
1421 2379 1819 2441 characterem
1867 2378 2093 2456 baptis-

524 2471 760 2531 malem.
782 2505 864 2514 -
887 2470 1093 2531 Primo
1119 2488 1267 2549 ergo
1298 2469 1582 2545 dicimus,
1613 2469 1932 2549 proprium
1963 2487 2094 2530 esse

524 2562 736 2639 legum
788 2563 1362 2640 ecclesiasticarum,
1410 2568 1483 2623 ut
1517 2567 1764 2623 tantum
1811 2562 2098 2623 homines

526 2653 866 2734 baptizatos
914 2654 1226 2735 obligent;
1276 2673 1406 2716 non
1459 2674 1607 2716 vero
1644 2654 1923 2716 infideles
1968 2674 2096 2716 non

527 2747 866 2827 baptizatos
869 2794 891 2823 ,
913 2748 1152 2808 etiamsi
1179 2749 1344 2809 inter
1384 2748 1758 2810 Christianos
1783 2748 2089 2825 habitent,

531 2845 595 2899 et
620 2840 1003 2919 principibus
1016 2839 1366 2901 christianis
1385 2840 1617 2907 subditi
1634 2840 1759 2900 sint
1772 2856 1788 2899 :
1801 2841 1959 2900 ratio
1973 2846 2089 2916 est,

528 2932 676 3012 quia
701 2931 982 2993 infideles
1006 2951 1134 2993 non
1152 2938 1299 2993 sunt
1323 2933 1607 2994 Ecclesiae
1646 2933 1949 3008 membra,
1982 2952 2094 2994 ne-

527 3042 648 3103 que
671 3031 816 3085 sunt
843 3026 918 3085 de
937 3025 1381 3087 communitate
1409 3025 1838 3101 ecclesiastica,
1864 3031 1926 3085 et
1952 3025 2092 3087 ideo

527 3119 671 3180 licet
693 3120 929 3199 possint
945 3119 1208 3198 obligari
1229 3120 1471 3198 legibus
1499 3119 1804 3195 civilibus,
1827 3120 1925 3181 vel
1954 3138 2094 3181 suo-

527 3230 670 3273 rum
701 3212 1052 3292 principum
1101 3212 1447 3273 infidelium
1476 3213 1543 3272 in
1579 3213 1705 3273 suis
1732 3213 1963 3292 regniS,
1994 3212 2094 3274 vel

525 3306 875 3386 principum
926 3305 1426 3380 christianorum,
1477 3311 1782 3385 quatenus
1835 3310 2093 3385 possunt

527 3416 659 3459 esse
687 3398 968 3459 membra
989 3398 1254 3460 civitatis
1275 3398 1562 3477 politicae,
1589 3403 1652 3459 et
1671 3398 2095 3477 temporaliter

527 3490 661 3567 subj
669 3491 788 3551 ecti
813 3489 1198 3570 principibus
1223 3489 1574 3550 christianis
1579 3505 1600 3567 3
1615 3490 1856 3569 legibus
1882 3497 2092 3552 tamen

527 3583 812 3644 Ecclesiae
830 3600 957 3643 non
989 3582 1369 3661 obligantur,
1401 3584 1550 3661 quia
1577 3602 1692 3644 nec
1720 3590 1864 3643 sunt
1897 3602 2093 3645 mem-

527 3674 641 3735 bra
668 3674 975 3749 Ecclesiae,
1007 3680 1080 3734 ut
1110 3674 1378 3735 Ecclesia
1405 3680 1519 3750 est,
1550 3693 1666 3736 nec
1694 3675 1928 3737 habent
1953 3676 2096 3738 fun-

530 3768 893 3828 damentum
936 3768 1329 3847 san’ectionis
1365 3768 1443 3828 ad
1485 3768 1955 3830 ecclesiasticam
2001 3772 2098 3849 ju-

528 3859 971 3922 risdictionem.
1055 3861 1223 3922 Dices
1276 3877 1292 3922 ε
1349 3878 1499 3939 ergo
1552 3880 1755 3942 neque
1820 3861 2098 3925 haeretici

528 3952 885 4031 obligantur
906 3954 1003 4014 his
1024 3953 1288 4032 legibus,
1301 3955 1449 4034 quia
1466 3954 1560 4015 illi
1587 3956 1777 4016 etiam
1804 3974 1933 4018 non
1953 3963 2100 4018 sunt

531 4044 816 4107 membra
828 4045 1133 4122 Ecclesiae,
1151 4065 1349 4126 neque
1371 4046 1606 4108 habent
1621 4048 2099 4111 fundamutum

523 4138 696 4213 fidei,
730 4138 868 4199 sine
907 4157 1030 4218 quo
1064 4146 1367 4219 praecepta
1384 4140 1809 4218 ecclesiastica,
1840 4161 1980 4223 quae
2019 4143 2100 4204 ad

530 4231 796 4292 salutem
830 4232 1057 4293 animae
1085 4238 1148 4293 et
1171 4233 1412 4293 cultum
1440 4234 1550 4295 Dei
1572 4234 1961 4313 ordinantur,
1987 4255 2103 4298 nec

527 4324 864 4400 fructuose,
887 4343 1000 4386 nec
1022 4343 1165 4387 vere
1193 4325 1504 4387 observari
1532 4333 1809 4406 possunt.
1830 4329 2103 4409 Respon-

527 4418 646 4478 deo
706 4417 993 4497 negando
1054 4418 1557 4497 consequentiam
1611 4434 1628 4478 ε
1698 4421 2102 4500 supponimus

525 4510 698 4570 enim
742 4527 1092 4571 sermonem
1142 4528 1272 4571 esse
1320 4510 1398 4571 de
1426 4509 1730 4571 hoereticis
1751 4511 2096 4592 baptizatiS,

525 4603 637 4682 qui
682 4603 1037 4682 generalius
1086 4608 1379 4683 apostatae
1405 4603 1528 4664 dici
1555 4611 1839 4683 possunt3
1867 4607 1998 4669 sive
2021 4609 2096 4669 ad

520 4695 927 4774 judaismum,
961 4695 1089 4755 sive
1111 4695 1192 4755 ad
1217 4697 1677 4775 paganismum,
1709 4698 1842 4760 sive
1856 4699 1935 4759 ad
1957 4718 2097 4780 pro·

527 4788 731 4867 priam
758 4787 1043 4848 haeresim
1072 4789 1354 4849 translati
1374 4789 1518 4851 sint.
1546 4791 1632 4851 De
1662 4789 1762 4850 his
1788 4808 1938 4870 ergo
1962 4810 2096 4853 om-

526 4881 712 4942 nibus
753 4886 1016 4958 negatur
1062 4881 1525 4961 consequentia,
1562 4884 1712 4962 quia
1759 4890 1906 4944 sunt
1949 4903 2094 4947 vere

530 4972 792 5052 subjecti
820 4971 1241 5034 ecclesiasticae
1265 4974 1680 5053 jurisdictioni
1707 4997 1723 5035 ε
1758 4994 1907 5036 nam
1951 4978 2097 5039 reti-

529 5071 684 5127 nent
711 5066 1127 5127 characterem
1148 5066 1600 5147 baptismalem,
1630 5068 1795 5147 quod
1822 5074 1915 5129 est
1956 5069 2097 5132 fun-

533 5159 895 5221 damentum
925 5159 1115 5239 hujus
1140 5160 1559 5240 subJectioniS.
1590 5162 1689 5236 Et,
1712 5161 1858 5222 licet
1879 5180 2097 5225 secun·

530 5252 682 5313 dum
740 5260 1108 5334 praesentem
1156 5259 1385 5316 statum
1446 5272 1575 5315 non
1631 5254 1757 5316 sint
1817 5255 2096 5318 absolute

531 5347 834 5423 membra,
872 5353 1084 5409 tamen
1111 5348 1444 5428 aliquando
1482 5349 1736 5410 fuerunt
1789 5349 2092 5426 membra,

531 5445 595 5502 et
622 5447 837 5501 contra
859 5441 960 5520 jus
976 5441 1257 5503 Ecclesiae
1274 5442 1647 5522 acquisitum
1673 5442 2090 5523 deliquerunt,

529 5550 594 5596 se
621 5533 702 5595 ab
751 5533 862 5595 illa
886 5527 1251 5615 separando,
1282 5552 1645 5617 semperque
1672 5536 1752 5597 ad
1777 5532 1953 5620 illam
1998 5554 2095 5600 re·

1524 416 1641 470 Lm.
1678 415 1758 469 1v.
1794 417 1876 469 ns
1907 415 2068 470 LEGE
2099 413 2386 469 rosrrm
2408 396 2741 468 3111011131.

2163 516 2298 579 dire
2331 519 2467 597 cogi
2503 520 2781 597 possunt,
2831 515 2978 595 quia
3026 514 3273 593 signum
3306 514 3727 577 ecclesiasticas
3936 483 3938 544 ¹

2155 611 2602 690 jurisdictionis
2629 627 2871 689 semper
2896 610 2965 669 in
2988 627 3052 670 se
3079 610 3371 685 retinent,
3405 615 3469 670 et
3488 610 3727 671 ratione
3936 603 3938 612 '

2162 704 2328 764 illius
2371 704 2563 766 veluti
2617 701 3079 763 inchoationem
3115 702 3450 782 quamdam
3497 703 3728 764 habent
3936 703 3938 706 ’

2162 797 2587 859 membrorum
2628 796 2936 857 Ecclesiae.
2967 794 3144 857 Unde
3188 795 3261 855 fit
3284 801 3354 856 ut
3396 796 3536 874 ejus
3568 814 3727 876 prae-

2163 890 2354 970 ceptis
2398 890 2773 969 obligentur,
2818 893 2881 949 et
2920 894 3135 949 contra
3169 887 3281 949 illa
3318 894 3583 968 peccent
3626 889 3730 950 illa

2161 1001 2289 1044 non
2312 983 2633 1045 servando.
2664 983 2875 1061 Neque
2898 981 3088 1042 refert
3114 981 3279 1061 quod
3310 999 3440 1041 non
3464 981 3730 1043 habeant

2160 1075 2376 1153 fidem,
2402 1075 2535 1137 sine
2562 1092 2687 1154 qua
2712 1073 2820 1133 illa
2845 1079 3150 1154 praecepta
3178 1073 3414 1133 servari
3444 1091 3575 1134 non
3597 1092 3729 1154 pos·

2162 1173 2330 1244 sunt,
2382 1169 2529 1247 quia
2561 1167 2749 1229 fidem
2799 1167 3028 1228 habere
3055 1172 3333 1246 possunt,
3365 1171 3428 1228 et
3452 1184 3566 1246 per
3595 1166 3730 1227 illos
3922 1073 3938 1328 Ι

2163 1267 2285 1323 stat
2303 1262 2632 1342 quominus
2653 1279 2781 1322 non
2798 1260 3092 1337 habeant,
3110 1265 3173 1321 et
3189 1260 3331 1321 ideo
3345 1278 3423 1320 ex
3436 1277 3509 1321 eo
3532 1262 3729 1339 capite

2162 1372 2291 1414 non
2320 1361 2713 1415 excusantur.
2752 1354 2926 1416 Sicut
2960 1358 3243 1433 peccator
3274 1371 3495 1414 carens
3533 1354 3730 1431 gratia

2163 1464 2292 1507 non
2312 1452 2641 1508 excusatur
2664 1447 3041 1525 obligatione
3072 1446 3361 1526 praecepti
3389 1448 3703 1506 communi
3716 1481 3729 1492 -

2164 1538 2368 1614 candi,
2408 1540 2555 1618 quia
2592 1545 2792 1619 potest
2824 1558 2887 1600 se
2937 1540 3016 1599 ad
3064 1538 3328 1616 gratiam
3356 1553 3723 1617 proeparare.

2167 1633 2581 1711 Praeterquam
2606 1633 2771 1712 quod
2805 1632 3002 1693 multa
3033 1637 3337 1712 praecepta
3370 1632 3729 1693 ecclesiasti·

2158 1721 2237 1785 ‘ca
2281 1730 2537 1804 possunt
2563 1726 2766 1805 quoad
2794 1724 3205 1787 substantiam
3230 1725 3463 1786 servari
3499 1725 3581 1785 ab
3611 1725 3731 1785 1113-

2166 1818 2356 1878 retico
2408 1819 2476 1878 in
2526 1836 2599 1879 30
2648 1823 2809 1879 statu
2856 1823 3289 1898 permanente3
3330 1824 3534 1897 potest
3566 1818 3731 1879 enim

2162 1912 2471 1991 Jejunare,
2507 1913 2743 1974 solvere
2778 1913 3073 1987 decimaS,
3102 1916 3165 1974 et
3188 1912 3439 1973 similia.

2250 2007 2310 2066 3.
2340 2007 2540 2085 ‘Leqes
2555 2006 2908 2085 pontificias
2931 2024 3129 2068 omnes
3158 2007 3371 2086 ubique
3413 2004 3735 2069 Christia-

2168 2115 2277 2159 nos
2306 2098 2594 2177 obligare,
2618 2100 2773 2161 siout
2801 2104 2854 2161 et
2878 2116 3127 2161 canones·
3150 2098 3551 2162 conciliorum
3571 2099 3634 2159 si
3662 2098 3736 2158 ab

2171 2208 2232 2251 eo
2261 2197 2402 2253 sunt
2449 2192 2787 2269 approbati.
2805 2217 2887 2238 ⁶—
2918 2191 3222 2267 Secundo,
3265 2191 3596 2252 dicendum
3647 2196 3739 2250 aet

2171 2282 2337 2362 leges
2358 2283 2705 2362 pontificias
2723 2283 2798 2345 de
2821 2302 2885 2345 se
2907 2283 3183 2362 obligare
3207 2284 3581 2345 Christianos
3607 2300 3739 2343 om·

2175 2393 2286 2436 nes
2312 2376 2576 2452 adultos,
2608 2376 2839 2456 ubique
2859 2381 3166 2438 terrarum
3195 2376 3512 2456 degentes,
3550 2382 3615 2437 et
3638 2394 3741 2436 cu·
3936 2447 3938 2452 ,

2170 2470 2541 2548 juscumque
2570 2476 2761 2531 status
2798 2489 2905 2531 seu
2948 2471 3315 2532 conditionis
3347 2472 3638 2531 existant.
3673 2472 3741 2530 In

2176 2561 2295 2622 hoc
2323 2563 2509 2623 etiam
2556 2570 2646 2624 est
2692 2580 2924 2641 magna
2969 2563 3314 2625 differentia
3363 2565 3532 2624 inter
3577 2563 3746 2640 leges

2177 2654 2612 2716 ecclesiasticas
2667 2663 2729 2717 et
2782 2656 3027 2734 clviles3
3084 2675 3232 2717 nam
3298 2656 3511 2717 civiles
3557 2654 3745 2715 nullae

2177 2754 2324 2807 sunt
2361 2765 2500 2827 quae
2550 2749 2912 2810 universum
2964 2749 3273 2829 obligent,
3321 2755 3392 2809 ut
3435 2748 3744 2828 superiori

2171 2838 2332 2900 libro
2354 2840 2683 2920 probatum
2712 2848 2838 2920 est3
2860 2861 2973 2904 nec
3000 2844 3189 2904 etiam
3216 2843 3495 2922 obligant
3521 2858 3741 2902 omnoe

2173 2938 2368 2994 status
2399 2934 2750 3011 hominum,
2800 2937 2947 3016 quia
2992 2937 3240 2997 clericos
3284 2936 3562 3015 obligare
3612 2953 3742 2995 non

2173 3031 2452 3104 possunt,
2474 3028 2597 3104 nisi·
2613 3034 2919 3107 quatenus
2946 3049 3058 3109 per
3083 3047 3347 3091 canones
3369 3030 3743 3109 pet-mittun·
3922 3083 3929 3098 .

2172 3124 2296 3195 tur,
2325 3125 2387 3181 et
2427 3122 2643 3182 saltem
2668 3141 2985 3184 summum
3013 3124 3373 3186 Pontificem
3406 3124 3583 3184 nullo
3611 3142 3743 3184 mo-

2172 3211 2252 3272 do
2282 3213 2557 3293 obligare
2584 3221 2871 3293 possunt3
2900 3217 3070 3295 leges
3089 3224 3299 3278 autem
3323 3219 3638 3278 canonicae
3668 3236 3744 3278 ex

2171 3321 2282 3366 suo
2308 3323 2535 3385 genere
2588 3309 2912 3390 utriusque
2965 3311 3219 3372 effectus
3266 3316 3414 3370 sunt
3460 3328 3738 3389 capaceS.

2174 3399 2477 3461 Probatur
2504 3419 2652 3480 ergo
2675 3403 2844 3481 prior
2874 3422 3039 3482 pars,
3069 3404 3217 3484 quia
3243 3408 3511 3483 potestas
3534 3403 3745 3463 Ponti-

2174 3489 2305 3552 ficis
2343 3493 2863 3555 universalissima
2914 3502 3006 3556 est
3058 3513 3244 3574 supra
3294 3501 3490 3555 totam
3539 3495 3745 3555 Eccle-

2173 3586 2327 3647 siam
2350 3602 2370 3664 ;
2400 3588 2506 3648 sed
2527 3588 2793 3650 Ecclesia
2813 3607 2920 3668 per
2948 3589 3307 3650 universum
3329 3589 3546 3650 orbem
3573 3589 3656 3650 de
3682 3607 3744 3650 se

2174 3679 2579 3756 diffunditur3
2610 3699 2758 3760 ergo
2785 3687 2846 3742 et
2889 3688 3154 3760 potestas
3203 3682 3514 3743 Pontificis
3528 3699 3549 3759 ;
3597 3701 3746 3761 ergo

2178 3777 2239 3832 et
2264 3772 2430 3851 leges
2457 3773 2537 3834 ab
2564 3792 2638 3834 ea
2669 3775 3086 3852 procedentes.
3124 3774 3300 3837 Unde
3341 3781 3584 3836 constat
3630 3776 3745 3836 hoc

2179 3882 2305 3926 esse
2333 3867 2653 3945 proprium
2674 3867 2887 3945 legum
2910 3866 3302 3942 Pontificum,
3318 3869 3466 3948 quia
3494 3869 3746 3930 univer-

2179 3957 2324 4018 salis
2351 3965 2617 4037 potestas
2644 3960 2894 4039 propria
2919 3965 3013 4020 est
3037 3960 3225 4020 illius.
3254 3960 3381 4022 Sub
3408 3960 3508 4022 his
3531 3968 3747 4023 tamen

2181 4052 2755 4131 comprehendimus
2791 4070 3057 4114 canones
3107 4052 3510 4114 conciliorum
3557 4073 3748 4133 gene-

2180 4143 2429 4218 ralium,
2464 4145 2608 4224 quia
2655 4145 2749 4205 illi
2801 4147 2989 4208 etiam
3016 4164 3055 4207 a
3092 4146 3495 4208 Pontificibus
3520 4166 3749 4227 appro-

2180 4235 2431 4314 bantur,
2462 4243 2524 4319 et
2549 4255 2624 4299 ea
2650 4239 3040 4318 potissimum
3066 4239 3306 4301 ratione
3340 4241 3469 4300 vim
3511 4241 3751 4301 habent

2181 4329 2521 4408 obligandi,
2555 4337 2618 4393 et
2635 4332 2851 4393 eadem
2878 4333 3118 4395 ratione
3140 4333 3584 4413 comprehendi
3612 4353 3751 4415 pos-

2181 4430 2328 4484 sunt
2354 4442 2621 4487 canones
2647 4425 3049 4488 conciliorum
3076 4427 3582 4507 provincialium,
3637 4429 3690 4489 si
3716 4446 3751 4488 a

2182 4517 2578 4579 Pontificibus
2603 4518 2691 4579 ita
2718 4525 2864 4580 sunt
2892 4520 3236 4600 approbati,
3267 4526 3337 4580 ut
3384 4520 3453 4580 in
3492 4539 3751 4600 corpore

2180 4610 2588 4671 Deerat-alium
2631 4612 2755 4672 sint
2785 4612 3023 4688 inserti,
3053 4612 3153 4673 vel
3180 4614 3389 4692 aliquo
3417 4614 3618 4674 modo
3645 4632 3753 4693 pro

2178 4704 2466 4764 universa
2486 4704 2753 4765 Ecclesia
2795 4706 3119 4784 acceptati,
3157 4707 3337 4785 eique
3369 4705 3755 4767 sufficienter

2175 4797 2494 4875 propositi.
2525 4798 2603 4857 Et
2631 4796 2769 4857 ideo
2800 4797 2931 4857 dixi
2956 4798 3068 4858 has
3096 4797 3260 4877 leges
3291 4798 3649 4877 pontificias
3676 4801 3755 4860 de

2175 4907 2240 4949 33
2262 4888 2536 4968 obligare
2551 4891 2805 4970 ubique,
2830 4891 2979 4971 quia
2998 4898 3255 4971 possunt
3273 4894 3464 4953 etiam
3489 4893 3757 4953 Pontifi-

2177 4999 2275 5043 ces
2301 4981 2469 5061 leges
2486 4984 2778 5063 ferrepro
2808 4985 2989 5046 certis
3012 4985 3371 5064 provinciis,
3388 4984 3488 5044 vel
3506 4987 3759 5065 regnis,

2176 5080 2239 5136 et
2266 5080 2416 5137 tunc
2443 5094 2521 5138 ex
2546 5077 2893 5139 intentione
2918 5077 3171 5139 illorum
3197 5077 3577 5139 limitabitur
3594 5080 3763 5140 obli·

2176 5169 2345 5246 gatio
2374 5169 2554 5248 juxta
2580 5175 2858 5231 tenorem
2877 5171 3055 5249 legis.

2254 5263 2315 5323 4.
2361 5264 2439 5323 Et
2464 5262 2682 5324 eodem
2709 5263 2893 5324 modo
2922 5263 3222 5343 probatur
3252 5263 3430 5325 facile
3457 5282 3611 5343 pars
3652 5285 3761 5327 33-

2175 5356 2400 5432 cunda,
2436 5356 2583 5435 quia
2618 5355 2787 5435 leges
2823 5356 3241 5418 ecclesiasticae
3287 5356 3573 5436 obligare
3615 5378 3764 5438 pos

2173 5454 2319 5509 sunt
2349 5449 2599 5510 clericos
2620 5455 2683 5511 et
2707 5449 2916 5526 laicos,
2947 5456 3011 5511 et
3036 5469 3165 5511 non
3189 5450 3392 5511 solum
3419 5450 3768 5513 inferiorae

2172 5539 2478 5622 homines,
2520 5542 2629 5605 sed
2653 5544 2844 5606 etiam
2870 5543 3206 5625 Principes,
3239 5561 3355 5606 1133
3387 5542 3601 5605 30111111
3644 5563 3771 5607 sae-
