3976 6219
1220 387 1355 439 CAP.
1393 388 1517 440 vlu.
1552 388 1636 440 AN
1669 388 1791 439 LEX
1823 387 2173 441 NATURALIS
2205 390 2332 441 UNA
2365 389 2478 442 SIT.

249 487 328 546 ad
367 485 782 562 intellectum,
829 493 890 548 et
935 489 1021 548 516
1068 488 1536 566 distinguuntur
1583 507 1623 549 a
1664 489 1806 549 divo

248 578 506 652 Thoma,
539 579 828 657 Cajctano
856 585 918 640 et
953 581 1088 641 aliis
1122 582 1431 642 naturalia
1476 587 1802 661 praecepta,

249 670 407 730 sicut
425 671 895 749 distinguuntur
908 691 945 731 a
964 673 1338 752 philosophis
1362 674 1806 753 propositiones

249 763 644 824 necessariae:
693 782 841 824 nam
885 764 1167 843 quaedam
1206 771 1352 826 sunt
1392 784 1501 845 per
1523 785 1587 827 se
1616 770 1804 841 notae,

250 859 313 913 ct
353 854 421 914 in
469 874 556 930 se,
599 860 660 916 et
710 862 991 936 respectu
1037 858 1319 917 omnium
1346 857 1697 933 hominum,
1736 863 1807 918 ut

249 952 394 1006 sunt
417 949 936 1009 universalissima
963 956 1296 1029 praecepta:
1328 949 1464 1011 aliae
1484 950 1719 1011 sunt'in
1740 969 1805 1012 se

251 1058 363 1117 per
389 1058 452 1101 se
483 1047 668 1117 notae,
701 1059 773 1102 ac
804 1042 1182 1117 immediate,
1213 1061 1340 1104 non
1366 1050 1577 1105 tamen
1605 1043 1805 1122 quoad

249 1150 385 1208 nos,
417 1134 698 1212 quamvis
719 1140 996 1212 respectu
1028 1134 1375 1214 sapientum
1412 1136 1645 1215 possint
1677 1153 1806 1197 6556

228 1225 425 1301 tales,
457 1232 526 1286 ut
549 1232 694 1286 sunt
721 1227 928 1306 aliqua
949 1232 1252 1307 praecepta
1277 1228 1661 1306 singularum
1679 1230 1807 1287 vir-

246 1322 476 1393 tutum,
517 1323 579 1379 et
619 1324 923 1398 praecepta
948 1318 1271 1397 Decalogi:
1309 1320 1444 1380 aliae
1469 1338 1615 1381 vero
1660 1325 1808 1381 sunt

247 1427 387 1486 quae
432 1409 714 1488 indigent
757 1410 1060 1486 discursu,
1091 1411 1254 1471 inter
1297 1430 1449 1491 quas
1488 1418 1577 1473 est
1617 1412 1804 1473 etiam

250 1499 552 1562 latitudo:
603 1519 749 1561 nam
803 1503 1083 1580 quaedam
1132 1502 1333 1580 facile,
1382 1503 1519 1564 aliae
1559 1503 1806 1565 difficile

250 1600 730 1670 cognoscuntur.
781 1594 926 1668 Quae
963 1594 1272 1656 distinctio
1311 1595 1548 1656 confert
1581 1595 1660 1655 ad
1705 1613 1804 1656 co-

249 1686 664 1764 gnoscendam
698 1686 1111 1764 ignorantiam
1149 1687 1303 1767 legis
1351 1687 1649 1749 naturalis
1664 1733 1684 1763 ,
1727 1687 1805 1748 de

251 1795 376 1857 qua
399 1779 610 1839 statim
634 1779 927 1840 (11661665.

332 1874 393 1932 4.
439 1871 669 1933 Ultimo
695 1872 937 1936 reducit
975 1873 1047 1933 D.
1079 1873 1368 1948 ThomaS,
1402 1874 1469 1933 in
1493 1873 1556 1934 d.
1592 1878 1710 1934 art.
1741 1875 1804 1948 2,

248 1981 312 2043 q.
352 1966 457 2039 94,
493 1982 681 2042 quem
728 1964 1052 2042 Cajetanus
1079 1970 1140 2025 et
1173 1965 1280 2025 alii
1323 1965 1672 2041 imitantur,
1700 1983 1808 2027 va-

246 2056 534 2116 rietatem
585 2056 747 2117 hanc
798 2065 1240 2136 praeceptorum
1292 2060 1673 2120 naturalium
1727 2059 1807 2119 ad

245 2148 451 2208 varias
505 2148 777 2209 hominis
827 2149 1261 2212 inclinationes
1310 2151 1624 2213 naturales
1650 2173 1666 2212 ε
1717 2157 1810 2212 651

248 2240 418 2300 enim
458 2241 645 2301 homo
690 2240 1084 2302 individuum
1126 2243 1435 2322 quoddam
1470 2262 1603 2319 665,
1643 2249 1704 2305 61
1738 2251 1808 2306 111

248 2334 336 2393 516
363 2333 697 2394 inclinatur
723 2334 801 2394 ad
820 2330 1309 2396 conservandum
1336 2354 1522 2397 suum
1548 2354 1699 2413 esse,
1726 2337 1805 2398 ad

249 2444 426 2486 suam
457 2426 995 2487 commoditatem:
1033 2432 1123 2487 est
1158 2429 1344 2488 etiam
1373 2446 1483 2488 ens
1510 2430 1807 2508 corrupti-

249 2515 399 2592 bile,
437 2535 546 2578 5611
575 2518 860 2593 mortale,
893 2524 955 2579 et
987 2524 1051 2578 ut
1079 2519 1166 2580 516
1196 2519 1532 2581 inclinatur
1558 2521 1636 2581 ad
1664 2539 1808 2582 con-

248 2609 658 2669 servationem
705 2611 953 2689 speciei,
1005 2617 1066 2671 et
1111 2611 1187 2673 ad
1242 2612 1512 2674 actiones
1557 2620 1808 2694 propter

249 2699 422 2760 illam
449 2703 851 2762 necessarias:
886 2704 1136 2765 tandem
1161 2704 1477 2766 rationalis
1504 2711 1615 2781 est,
1649 2711 1709 2765 et
1736 2712 1806 2767 ut

249 2791 337 2851 sic
365 2811 555 2871 capax
579 2794 1080 2871 immortalitatis,
1124 2802 1188 2857 et
1226 2797 1640 2875 spiritualium
1667 2814 1806 2876 per-

248 2885 609 2963 fectionum,
651 2892 713 2946 et
751 2890 1325 2951 communicationis
1357 2908 1500 2950 cum
1542 2891 1688 2965 Deo,
1734 2909 1806 2952 ac

247 2977 553 3038 societatis
580 2997 723 3040 cum
751 2980 1158 3042 rationalibus
1185 2983 1498 3043 creaturis.
1514 2984 1638 3043 Lex
1661 3001 1806 3062 ergo

247 3071 549 3132 naturalis
570 3071 809 3152 perficit
843 3072 1164 3135 hominem
1191 3074 1530 3135 secundum
1557 3092 1807 3135 omnem

246 3163 711 3227 inclinationem
751 3184 952 3242 suam,
983 3173 1045 3227 et
1083 3172 1155 3227 ut
1194 3167 1282 3228 sic
1323 3167 1600 3227 continet
1639 3168 1810 3229 varia

246 3262 556 3335 praecepta
571 3279 589 3331 3
619 3258 1044 3337 temperantiae
1076 3259 1175 3319 vel
1190 3258 1570 3327 fortitudinis
1597 3278 1810 3320 secun-

248 3348 402 3408 dum
430 3349 695 3427 primam
725 3350 1230 3412 inclinationem:
1265 3352 1559 3412 castitatis
1582 3357 1643 3412 et
1664 3370 1810 3430 pru-

246 3440 477 3500 dentiae
530 3442 736 3519 quoad
796 3442 1166 3503 secundam:
1226 3442 1566 3521 religioniS,
1615 3442 1805 3521 justi-

246 3532 377 3607 tiae,
410 3537 556 3610 etc.,
582 3534 787 3612 quoad
809 3534 1094 3596 tertiam:
1130 3553 1279 3596 nam
1304 3535 1403 3596 hae
1430 3552 1644 3595 omnes
1668 3553 1802 3616 pro·

244 3624 576 3705 pensiones
599 3627 666 3687 in
684 3627 936 3689 homine
956 3627 1298 3706 spectandae
1319 3632 1488 3701 sunt,
1503 3632 1807 3706 quatenus

248 3715 458 3796 aliquo
487 3718 670 3779 modo
701 3719 1122 3780 determinatae
1154 3725 1216 3781 et
1248 3720 1500 3781 elevatae
1528 3737 1639 3798 per
1669 3738 1808 3798 gra-

246 3811 401 3870 dum
447 3804 854 3873 rationalem:
915 3828 1065 3872 nam
1109 3813 1161 3871 si
1221 3813 1685 3873 considerentur
1739 3818 1810 3873 ut

246 3920 422 3964 mere
448 3908 593 3963 sunt
612 3903 943 3980 naturales,
967 3904 1066 3964 vel
1085 3903 1408 3980 animales,
1436 3905 1640 3984 potius
1666 3903 1809 3965 frae-

247 3993 476 4055 nandae
503 4001 649 4056 sunt
668 3996 746 4056 ad
764 3997 1061 4057 virtutem
1080 3997 1547 4075 assequendam,
1559 4000 1632 4055 ut
1654 3995 1811 4055 dixit

249 4087 630 4163 AristoteleS,
662 4090 701 4147 2
741 4087 966 4163 Ethic.,
1010 4105 1144 4166 cap.
1176 4089 1238 4162 9,
1271 4093 1332 4147 et
1358 4087 1589 4165 optime
1618 4085 1812 4164 Chry-

251 4184 577 4255 sostomus,
605 4179 777 4239 hom.
797 4181 873 4240 13
897 4180 973 4240 ad
1003 4178 1323 4260 populum,
1354 4195 1567 4238 versus
1594 4176 1810 4253 finem3

250 4277 466 4330 tamen
509 4275 580 4330 ut
620 4270 994 4348 regulabiles
1046 4289 1157 4349 per
1201 4276 1433 4330 rectam
1480 4268 1808 4344 rationem,

249 4362 512 4440 singulis
553 4363 925 4444 respondent
962 4364 1211 4444 propria
1255 4368 1317 4424 et
1356 4361 1815 4424 accommodata

251 4460 577 4535 praecepta.

336 4550 395 4609 5.
445 4548 656 4627 Ζ696η1
689 4547 1032 4610 naturalem
1063 4565 1184 4609 6666
1219 4564 1405 4610 unam
1445 4545 1515 4609 in
1548 4546 1817 4609 omnibus

252 4640 616 4702 hominibus.
642 4672 711 4685 -
733 4640 1013 4718 objectio.
1026 4671 1108 4684 —
1127 4638 1392 4702 Solutio.
1410 4670 1491 4683 —
1510 4637 1811 4714 Secundo,

254 4731 587 4792 dicendum
606 4736 699 4792 651
717 4732 877 4792 11666
893 4731 1096 4810 legem
1114 4730 1459 4790 naturalem
1478 4747 1607 4789 6556
1625 4747 1818 4789 unam

255 4824 324 4883 in
352 4824 641 4885 omnibus
675 4822 1051 4893 hominibus,
1086 4829 1148 4883 ct
1184 4822 1434 4901 ubique.
1467 4824 1560 4882 Ita
1585 4822 1817 4882 Aristo-

255 4917 408 4978 teles
440 4919 478 4977 5
508 4916 735 4991 Ethic.,
761 4916 959 4995 capite
987 4918 1056 4990 73
1089 4916 1319 4990 Cicero,
1361 4915 1536 4993 cujus
1572 4914 1821 4993 egregia

254 5010 448 5071 verba
494 5011 561 5070 in
598 5010 1014 5090 superioribus
1060 5009 1245 5070 allata
1288 5015 1432 5070 sunt
1446 5055 1467 5085 ,
1521 5015 1583 5072 et
1629 5009 1818 5070 refert

255 5103 634 5178 LactantiuS,
673 5103 835 5164 libro
876 5104 916 5162 2
960 5102 1448 5178 Institutionum,
1486 5120 1622 5181 cap.
1654 5105 1715 5177 7,
1752 5107 1816 5162 et

256 5196 366 5257 lib.
405 5197 466 5272 5,
494 5214 629 5274 cap.
657 5201 694 5258 8
712 5212 732 5273 3
761 5196 941 5256 divus
969 5195 1258 5269 ThomaS,
1280 5214 1342 5274 q.
1378 5197 1482 5270 94,
1511 5200 1631 5256 art.
1664 5197 1725 5269 4,
1758 5199 1821 5255 61

258 5289 347 5348 ibi
380 5305 635 5349 omnes:
680 5288 836 5349 ratio
873 5292 989 5363 cst,
1017 5287 1164 5367 quia
1200 5287 1331 5348 haec
1367 5286 1466 5348 lex
1507 5292 1598 5348 est
1631 5286 1822 5346 veluti

258 5381 601 5461 proprietas
620 5398 998 5459 consequens
1000 5425 1021 5456 ,
1042 5396 1171 5440 non
1187 5368 1490 5440 rationem
1508 5378 1822 5458 propriam

259 5473 525 5554 alicujus
571 5472 901 5549 individui,
951 5472 1058 5534 sed
1106 5471 1454 5553 specificam
1501 5477 1816 5545 naturam,

3325 382 3440 441 117

1841 537 1844 540 ,
1888 507 2026 569 quae
2069 490 2285 552 eadem
2313 495 2404 550 est
2444 489 2510 548 in
2550 488 2858 549 omnibus.
2910 489 3061 548 Item
3102 485 3445 565 synderesis

1889 580 2105 642 eadem
2128 583 2309 642 estin
2331 581 2618 643 omnibus
2638 580 3013 653 hominibuS,
3044 585 3105 640 et
3131 597 3239 657 per
3267 597 3331 639 56
3357 579 3447 639 lo-

1888 674 2134 752 quendo
2167 692 2297 735 esse
2333 680 2535 753 posset
2560 674 2777 734 eadem
2805 672 3075 750 cognitio
3112 671 3445 731 conclusio-

1888 784 2043 826 num
2053 782 2074 842 3
2105 784 2252 845 ergo
2281 773 2342 828 61
2365 767 2582 827 eadem
2611 766 2711 826 lex
2736 769 2995 826 naturae.
3030 765 3140 825 Hic
3170 782 3318 825 vero
3345 782 3446 824 oc-

1886 858 2171 919 currebat
2206 858 2492 937 objectio,
2539 858 2686 937 quia
2716 858 2976 920 diversae
3005 857 3286 917 nationes
3318 875 3444 916 usae

1885 957 2032 1011 sunt
2061 951 2301 1030 legibus
2336 951 2659 1012 contrariis
2681 950 3068 1011 naturalibus
3095 950 3443 1027 praecepti53

1887 1061 2037 1120 ergo
2069 1061 2197 1104 non
2227 1048 2318 1104 est
2346 1044 2564 1104 eadem
2606 1042 2707 1103 lex
2744 1047 2986 1102 naturae
3027 1041 3094 1100 in
3134 1040 3441 1100 omnibus.

1888 1133 2273 1197 Antecedens
2291 1140 2527 1196 constat
2538 1154 2616 1197 ex
2628 1136 3028 1213 HieronymO,
3042 1132 3219 1193 lib..2
3237 1138 3450 1193 contra

1888 1229 1922 1288 J
1926 1228 2071 1287 ovin
2082 1277 2093 1288 .
2102 1244 2124 1304 ;
2145 1233 2207 1288 et
2224 1228 2624 1306 TheodoretO,
2646 1228 2756 1288 lib.
2775 1230 2815 1289 9
2830 1227 3034 1287 Curat.
3043 1242 3063 1302 ;
3086 1227 3156 1285 D.
3183 1226 3443 1301 Thoma,

1888 1338 1950 1400 q.
1984 1322 2087 1395 94,
2126 1325 2241 1382 art.
2276 1322 2337 1396 4,
2383 1320 2491 1379 ubi
2534 1338 2611 1381 ex
2654 1320 2818 1381 Julio
2854 1320 3113 1394 Caesare,
3153 1318 3261 1380 lib.
3291 1320 3330 1378 6
3372 1318 3448 1378 dc

1884 1411 2053 1472 Bello
2076 1412 2277 1490 gallic.
2286 1456 2307 1487 ,
2352 1411 2542 1472 refert
2572 1412 2734 1491 apud
2772 1411 3108 1472 Germanos
3134 1410 3284 1470 olim
3310 1410 3443 1470 fur-

1884 1509 2018 1564 tum
2046 1522 2175 1565 non
2198 1504 2386 1565 fuisse
2413 1510 2771 1583 reputatum
2796 1504 3103 1583 iniquum.
3132 1505 3208 1563 Et
3231 1503 3307 1563 de
3336 1504 3445 1562 La·

1884 1596 2339 1660 cedaemonibus
2361 1597 2531 1658 idem
2552 1597 2743 1658 refert
2762 1596 2972 1657 Castro
2999 1615 3072 1658 ex
3096 1595 3419 1656 Plutarcho
3424 1640 3445 1671 ,

1881 1689 1993 1751 lib.
2021 1693 2059 1752 2
2086 1691 2164 1752 de
2183 1692 2341 1768 Lege
2362 1689 2589 1769 poenal.
2601 1734 2620 1765 ,
2641 1708 2775 1769 cap.
2801 1692 2900 1750 14.
2916 1689 3234 1750 Adulteria
3257 1689 3445 1749 etiam

1883 1802 1921 1843 a
1950 1784 2235 1862 Lycurgo
2264 1781 2522 1860 probata
2559 1782 2745 1842 fuisse
2771 1781 2960 1843 refert
2990 1781 3349 1841 Plutarchus
3376 1780 3445 1840 in

1883 1874 2013 1934 vita
2043 1874 2231 1935 illiue.
2277 1873 2634 1953 Respondeo
2674 1874 2946 1934 breviter
2973 1892 3051 1934 ex
3096 1873 3168 1933 D.
3200 1872 3441 1932 Thoma

1887 1983 2101 2045 supra,
2124 1966 2287 2026 hanc
2305 1965 2509 2044 legem
2539 1966 2738 2044 quoad
2766 1966 3173 2026 substantiam
3214 1966 3279 2024 in
3312 1983 3445 2023 om-

1887 2058 2070 2118 nibus
2095 2057 2454 2118 hominibus
2481 2075 2609 2118 esse
2636 2076 2868 2118 unam:
2908 2058 3112 2136 quoad
3154 2057 3443 2117 notitiam

1885 2170 2033 2212 vero
2068 2169 2197 2232 non
2223 2169 2354 2213 6556
2386 2152 2716 2230 integram,
2744 2157 2816 2211 ut
2837 2151 2923 2211 sic
2957 2151 3181 2226 dicam,
3216 2151 3283 2210 in
3313 2168 3445 2210 om-

1885 2244 2094 2305 nibus,

1967 2338 2025 2398 6.
2074 2337 2326 2398 Declaro
2362 2336 2674 2398 breviter:
2719 2354 2869 2397 nam
2906 2353 3091 2414 supra
3122 2335 3252 2396 dixi
3289 2335 3449 2395 hanc

1883 2431 2087 2510 legem
2128 2449 2303 2509 posse
2339 2429 2712 2490 considerari
2744 2430 2811 2489 iu
2839 2434 2979 2490 actu
3008 2429 3232 2507 prim0,
3268 2435 3335 2489 et
3378 2433 3448 2488 ut

1886 2525 1973 2585 sic
2000 2541 2130 2584 esse
2158 2525 2364 2601 ipsum
2409 2521 2824 2582 intellectuale
2859 2522 3115 2598 lumen;
3153 2521 3270 2581 hoc
3300 2539 3446 2599 crgo

1883 2615 2070 2676 modo
2094 2620 2334 2677 constat
2356 2632 2486 2675 esse
2511 2614 2578 2674 in
2601 2614 2889 2674 omnibus
2914 2614 3218 2674 eamdem.
3244 2614 3447 2673 Potest

1885 2708 2142 2769 ulterius
2165 2707 2386 2768 655616
2413 2711 2552 2766 66111
2586 2706 2880 2781 5661111116,
2903 2706 2961 2765 id
2995 2711 3109 2780 est,
3127 2706 3192 2764 in
3222 2704 3445 2765 actuali

1885 2800 2239 2878 cognitione
2282 2804 2346 2859 et
2380 2799 2638 2877 judicio,
2683 2797 2783 2859 vel
2830 2798 3015 2858 etiam
3060 2799 3128 2856 in
3165 2797 3446 2877 proximo

1885 2893 2103 2955 habitu
2128 2894 2259 2972 jam
2288 2897 2643 2972 comparato
2670 2911 2782 2971 per
2807 2897 3016 2952 actum
3042 2913 3055 2951 :
3104 2896 3287 2969 atque
3327 2891 3447 2951 hoc

1886 2986 2073 3046 modo
2100 2991 2191 3047 est
2214 3004 2287 3045 ex
2314 2992 2486 3064 parte
2513 2985 2581 3043 in
2614 2984 2925 3058 omnibus,
2947 2983 3058 3060 qui
3084 2982 3325 3042 ratione
3354 2983 3447 3041 uti

1887 3083 2172 3159 possunt:
2203 3095 2352 3138 nam
2387 3075 2603 3138 saltem
2631 3075 2833 3155 quoad
2869 3075 3071 3155 prima
3107 3079 3169 3135 et
3199 3074 3448 3135 univer-

1889 3170 2191 3231 salissima
2220 3168 2521 3248 principia
2548 3168 2822 3246 ignorari
2866 3185 2994 3227 non
3031 3169 3253 3245 potest,
3301 3165 3448 3241 quia

1886 3268 2032 3323 sunt
2051 3280 2129 3323 ex
2150 3259 2438 3322 terminis
2462 3260 2805 3334 notissima,
2828 3264 2888 3320 61
2908 3259 3063 3318 adeo
3086 3256 3444 3329 conformia,

1888 3360 1950 3416 et
1977 3354 2155 3433 quasi
2195 3353 2517 3432 adaequata
2551 3350 2819 3412 naturali
2846 3349 3235 3412 inclinationi
3262 3347 3449 3409 ratio-

1887 3447 1984 3506 nis
2012 3453 2074 3506 et
2099 3445 2452 3521 voluntatis,
2475 3450 2546 3505 ut
2571 3445 2963 3522 tergiversari
2990 3461 3117 3504 non
3139 3442 3366 3521 possit:
3390 3445 3451 3500 61

1884 3537 2005 3599 1166
2033 3538 2215 3598 modo
2233 3537 2391 3597 dixit
2408 3536 2757 3598 D.Thomas
2784 3553 2990 3615 supra,
3017 3540 3134 3595 art.
3163 3536 3225 3610 6,
3244 3533 3447 3611 legem

1886 3629 2236 3691 naturalem
2264 3646 2391 3689 non
2412 3646 2587 3708 posse
2619 3627 2853 3689 aboleri
2876 3646 2914 3688 a
2934 3626 3221 3687 cordibus
3247 3625 3449 3685 homi-

1884 3740 2060 3797 num,
2091 3721 2308 3783 saltem
2336 3722 2540 3800 quoad
2563 3720 2695 3781 haec
2731 3719 3056 3798 principia.
3092 3719 3224 3792 Quo
3258 3716 3446 3776 modo

1888 3814 2082 3893 aliqui
2108 3813 2465 3890 intelligunt
2482 3812 2871 3872 Aristotelem
2905 3813 2941 3872 3
2969 3810 3195 3884 Ethic.,
3222 3828 3357 3888 cap.
3387 3812 3448 3882 1,

1888 3905 2196 3967 dicentem
2219 3906 2438 3965 merito
2456 3903 2790 3983 quemlibet
2810 3903 3180 3983 reprehendi
3199 3906 3449 3980 propter

1891 3996 2309 4076 ignorantiam
2322 3995 2736 4055 universalem
2747 4038 2762 4054 .
2786 3994 2998 4068 Quoad
3015 3994 3137 4053 alia
3149 4011 3297 4053 vero
3311 4011 3448 4071 par-

1890 4087 2176 4149 ticularia
2200 4091 2504 4165 praecepta
2548 4086 2825 4162 ignorari
2851 4091 3090 4162 potest:
3123 4102 3245 4162 qua
3272 4085 3451 4161 igno-

1892 4179 2100 4239 rantia
2135 4177 2472 4256 supposita,
2503 4182 2837 4255 potuerunt
2867 4175 3090 4253 aliquae
3116 4181 3330 4252 gentes
3359 4177 3453 4235 in-

1892 4270 2213 4331 troducere
2247 4268 2416 4347 leges
2453 4266 2791 4329 contrarias
2820 4267 2952 4346 juri
2988 4272 3254 4327 naturae:
3289 4285 3452 4327 nun-

1892 4381 2081 4444 quam
2117 4368 2328 4423 tamen
2357 4360 2435 4422 ab
2462 4360 2583 4421 illis
2609 4360 2837 4421 habitae
2866 4365 3013 4421 511111
3039 4365 3111 4420 111
3145 4360 3455 4420 naturales

1891 4455 2085 4535 legeS,
2115 4454 2220 4516 sed
2252 4459 2323 4515 ut
2348 4454 2637 4515 humanae
2666 4454 2967 4532 positivae.

1975 4551 2035 4609 7.
2078 4548 2183 4609 An
2222 4546 2578 4627 ignorantia
2616 4547 2994 4608 naturalium
3023 4549 3457 4625 proeoeptorum

1882 4641 2084 4719 possit
2126 4658 2247 4702 esse
2289 4639 2683 4703 invincibilis.
2724 4673 2804 4683 —-
2849 4639 3063 4718 Opinio
3102 4655 3348 4717 neqans.
3374 4672 3456 4682 —

1897 4731 2215 4795 Sententia
2265 4732 2554 4793 auctoris.
2607 4763 2690 4776 —
2739 4731 2853 4791 Hic
2903 4748 3050 4792 vero
3097 4729 3457 4791 occurrebat

1898 4825 2177 4905 quaestiO,
2221 4843 2303 4884 an
2345 4824 2476 4884 haec
2511 4825 2865 4902 ignorantia
2902 4823 3278 4884 naturalium
3308 4843 3459 4902 11163-

1900 4924 2219 4997 ceptorum
2241 4916 2428 4995 possit
2464 4934 2592 4977 esse
2620 4916 3012 4977 invincibilia
3042 4916 3249 4975 Castro
3273 4932 3458 4992 supra

1901 5009 2209 5089 significat
2235 5027 2363 5070 non
2390 5026 2589 5088 posse,
2615 5014 2677 5069 et
2702 5009 2821 5068 fuit
2849 5007 3198 5086 aliquorum
3220 5007 3457 5068 theolo-

1902 5120 2125 5180 gorum
2161 5101 2394 5180 opinio,
2425 5105 2496 5160 ut
2522 5099 2731 5161 videre
2757 5100 2900 5161 licet
2930 5099 2996 5158 in
3019 5097 3265 5173 Alense,
3299 5102 3334 5159 2
3362 5118 3423 5177 p.
3432 5144 3453 5175 ,

1899 5212 1962 5272 q.
1999 5195 2138 5270 153,
2183 5199 2302 5253 art.
2348 5194 2408 5267 3,
2440 5197 2502 5251 et
2530 5191 2816 5252 Durando
2844 5190 2912 5250 in
2946 5192 3007 5265 3,
3038 5188 3305 5251 (11511661.
3350 5193 3457 5266 25,

1901 5304 1963 5365 q.
1995 5290 2054 5361 1,
2082 5291 2144 5345 61
2166 5285 2469 5344 inclinant
2490 5284 2678 5343 etiam
2702 5283 2894 5361 aliqui
2914 5283 3168 5361 juristae,
3195 5289 3266 5343 ut
3286 5289 3457 5362 patet

1898 5397 1975 5439 ex
2007 5377 2299 5438 Gratiano
2341 5380 2477 5454 post
2520 5394 2655 5455 cap.
2708 5375 3042 5451 Turbatur,
3089 5379 3148 5449 1,
3184 5394 3246 5453 q.
3283 5378 3345 5448 4,
3397 5382 3458 5435 61

1898 5471 2109 5533 Glossa
2155 5468 2224 5530 in
2268 5485 2403 5548 cap.
2443 5468 2559 5530 ult.
2609 5468 2688 5530 de
2733 5467 3101 5530 Consuetud.
3145 5466 3265 5527 Sed
3312 5468 3461 5545 quia
