3976 6219
998 407 1134 461 cAP.
1168 408 1367 462 xxvn.
1400 408 1615 464 mma
1646 406 2000 472 monmo
2032 405 2190 460 som
2222 405 2570 461 mommo
2602 407 2685 470 Vl,
2719 407 2855 460 E'rc.

325 523 526 587 neque
552 503 676 568 alia
711 504 928 584 regula
970 508 1239 570 occurrit
1278 526 1414 588 quae
1440 519 1727 572 constans
1754 527 1884 571 esse

323 600 605 661 videatur
644 598 723 659 ad
763 599 1232 661 discernendum
1276 620 1386 681 per
1431 603 1630 681 legem
1675 603 1883 683 prohi-

324 691 599 765 bentem,
631 709 768 770 quae
795 692 1020 768 irritet,
1048 693 1146 753 vel
1174 711 1299 755 non
1326 695 1527 755 irritet
1560 715 1635 758 ex
1656 698 1720 757 vi
1741 713 1884 775 pro-

322 783 662 844 hibitioniS.
695 783 772 843 Et
797 784 915 845 boc
951 786 1140 847 etiam
1166 786 1492 848 confirmat
1518 789 1677 849 ratio
1705 789 1882 851 dubi-

321 876 496 937 tandi
519 876 585 936 in
613 893 745 954 cap.
772 878 852 938 25
865 877 1083 956 posita,
1108 897 1244 957 quae
1258 897 1501 960 semper
1523 881 1710 943 habet
1727 882 1879 958 vim,

323 968 622 1047 quamdiu
663 986 790 1029 non
826 969 1009 1031 datur
1044 970 1166 1032 alia
1208 974 1368 1032 ratio
1407 973 1487 1034 ob
1524 992 1714 1052 quam
1754 975 1883 1035 sola

322 1060 657 1140 prohibitio
679 1061 757 1122 ad
784 1063 1159 1124 irritandum
1182 1051 1470 1142 sufficiat,
1486 1067 1736 1145 quando
1753 1085 1881 1128 non

321 1153 510 1215 habet
535 1154 739 1216 locum
770 1157 1219 1219 adminiculum
1245 1159 1402 1238 legis
1442 1162 1589 1227 Non
1611 1162 1875 1224 dubium.

320 1246 597 1325 Denique
641 1248 875 1327 patebit
917 1250 1036 1311 hoc
1081 1252 1279 1331 magis
1323 1253 1754 1332 respondendo
1803 1253 1881 1315 ad

318 1340 588 1401 rationes
610 1339 934 1402 dubitandi
961 1344 1230 1405 secundo
1251 1344 1386 1406 loco
1413 1346 1661 1425 positas.

401 1434 460 1492 7.
490 1431 585 1492 Ad
603 1435 1124 1513 comparationem
1152 1455 1301 1515 ergo
1323 1456 1460 1517 quae
1480 1437 1552 1499 fit
1574 1456 1716 1499 cum
1740 1438 1879 1518 1838

319 1523 613 1599 naturali,
661 1532 927 1605 negatur
965 1529 1343 1608 similitud03
1385 1531 1533 1610 quia
1564 1530 1666 1593 lex
1698 1537 1877 1593 natu-

317 1616 464 1678 ralis
491 1635 618 1679 non
644 1624 892 1681 tantum
918 1620 1109 1684 dictat
1134 1623 1284 1703 quid
1312 1622 1393 1685 sit
1424 1622 1755 1686 honestum
1775 1624 1878 1687 vel

317 1714 498 1790 turpe
524 1712 591 1773 in
630 1714 870 1776 actione
895 1714 1126 1796 aliqua,
1157 1717 1263 1779 sed
1294 1717 1482 1777 etiam
1513 1716 1707 1779 dictat
1726 1718 1876 1798 quid

318 1803 442 1865 tale
477 1805 558 1866 sit
591 1806 658 1867 in
686 1825 803 1869 usu
828 1807 996 1869 illius
1021 1808 1257 1871 vinculi
1283 1809 1383 1871 vel
1405 1808 1660 1873 effectus
1686 1829 1876 1890 quem

317 1896 457 1957 talis
477 1903 648 1959 actus
675 1905 811 1979 post
827 1918 892 1962 se
915 1901 1266 1982 relinquere
1287 1908 1510 1984 posset.
1539 1904 1697 1965 Nam
1714 1904 1767 1965 si
1785 1909 1877 1965 ta-

318 1988 394 2049 lis
416 2008 561 2051 usus
582 1992 772 2055 habet
793 1994 1092 2074 turpitud‘
1142 2013 1246 2057 em
1281 1996 1678 2058 intrinsecam
1715 1999 1875 2078 ejus-

318 2080 463 2142 dem
488 2085 746 2146 rationis
767 2104 908 2148 cum
934 2014 1317 2168 turpi-Ridine
1343 2090 1565 2169 prioris
1590 2090 1871 2167 actionis,

317 2178 466 2235 tunc
498 2194 744 2240 necesse
785 2185 878 2241 est
917 2182 1105 2243 etiam
1132 2179 1310 2242 illum
1336 2201 1518 2243 usum
1558 2183 1875 2263 prohiberi

317 2285 395 2328 ex
426 2268 490 2329 vi
518 2270 795 2348 ejusdem
816 2273 970 2352 legis
996 2275 1315 2351 naturalis,
1344 2281 1408 2337 et
1430 2283 1874 2356 consequenter

315 2361 605 2441 impediri
640 2364 949 2439 effectum,
983 2385 1093 2429 seu
1122 2369 1439 2430 vinculum
1480 2369 1872 2449 quod-solum

315 2461 564 2534 propter
584 2455 773 2517 talem
799 2475 980 2518 usum
1009 2460 1222 2521 induci
1242 2467 1499 2540 poterat.
1523 2463 1680 2523 Nam
1701 2464 1754 2523 si
1776 2463 1873 2523 in-

315 2546 668 2625 duceretur,
703 2556 860 2611 esset
902 2551 1092 2612 etiam
1128 2558 1309 2633 turpe
1342 2560 1405 2615 et
1438 2562 1651 2616 contra
1687 2556 1874 2617 ratio-

314 2658 458 2701 nem
475 2686 496 2716 ,
545 2643 693 2721 quia
739 2650 898 2705 esset
925 2644 1271 2725 iniquitatis
1308 2647 1652 2723 vinculum,
1700 2653 1770 2709 ut
1804 2648 1872 2708 in

313 2734 597 2814 exemplo
623 2734 700 2797 de
733 2737 1132 2798 matrimonio
1176 2739 1342 2800 inter
1380 2741 1872 2818 consanguineos

314 2827 381 2886 in
423 2828 627 2907 primo
654 2830 851 2907 gradu
877 2829 1089 2891 videre
1130 2830 1296 2891 licet.
1337 2832 1418 2892 At
1451 2850 1598 2894 vero
1638 2834 1707 2894 in
1732 2834 1871 2913 lege

311 2920 575 3000 positiva
601 2939 727 2982 non
762 2922 1037 3000 procedit
1061 2922 1194 2984 haec
1220 2925 1379 2984 ratio
1403 2924 1621 2986 eodem
1659 2927 1867 3002 mode,

311 3013 432 3074 nisi
480 3014 559 3073 sit
607 3019 852 3075 tantum
898 3014 1271 3076 declarativa
1308 3017 1467 3095 juris
1520 3019 1822 3079 naturalis
1846 3036 1867 3097 ;

311 3113 461 3167 tunc
490 3106 656 3178 enim
697 3113 1024 3187 reputatur
1067 3114 1370 3189 tanquam
1405 3108 1620 3171 eadem
1649 3112 1773 3185 lex,
1809 3119 1871 3174 et

309 3199 450 3261 ideo
469 3199 686 3261 eadem
705 3201 823 3262 erit
845 3201 1163 3281 utriusque
1189 3202 1371 3263 rati0.
1398 3204 1478 3265 Ut
1500 3203 1747 3282 quando
1768 3204 1871 3266 lex

309 3292 597 3372 prohibet
612 3293 1082 3372 promissionem
1102 3300 1350 3374 turpem
1370 3314 1447 3356 ex
1473 3301 1646 3375 parte
1668 3296 1870 3375 objec-

308 3385 380 3460 ti,
429 3403 502 3445 eo
537 3386 671 3464 ipso
698 3387 980 3448 annullat
1018 3387 1215 3463 illam,
1239 3388 1340 3449 vel
1370 3391 1575 3468 potius
1605 3388 1871 3450 declarat

308 3495 435 3538 esse
462 3478 725 3554 nullam,
750 3479 897 3558 quia
922 3479 1140 3541 eadem
1164 3481 1485 3560 turpitudo
1511 3499 1648 3561 quae
1680 3486 1771 3542 est
1801 3482 1869 3542 in

309 3576 452 3631 actu
480 3571 906 3650 promittendi,
936 3578 1091 3633 esset
1127 3572 1195 3633 in
1233 3572 1611 3651 obligatione
1633 3574 1712 3635 ad
1734 3592 1866 3635 rem

307 3669 579 3742 turpem,
629 3664 681 3724 si
724 3682 834 3742 per
863 3664 1043 3725 illum
1074 3665 1491 3740 induceretur,
1535 3672 1596 3728 et
1629 3666 1769 3728 ideo
1800 3667 1868 3728 in

308 3756 596 3834 proesenti
621 3774 750 3817 non
778 3756 1022 3835 agimus
1049 3758 1125 3819 de
1151 3759 1289 3837 lege
1314 3759 1575 3838 positiva
1597 3759 1869 3821 declara-

306 3848 439 3910 tiva
462 3848 619 3928 juris
646 3849 968 3927 naturalis,
1014 3850 1121 3912 sed
1160 3851 1237 3912 de
1287 3851 1686 3912 constitutiva
1718 3853 1866 3913 novi

299 3939 480 4021 juris.
504 3940 644 4001 Hoec
672 3947 884 4003 autem
910 3941 1012 4003 lex
1032 3961 1160 4004 non
1185 3942 1471 4021 prohibet
1491 3947 1696 4003 actum
1719 3943 1868 4022 quia

305 4032 567 4108 malum,
616 4034 724 4094 sed
769 4033 1155 4113 prohibendo
1200 4034 1349 4094 facit
1394 4039 1465 4094 ut
1515 4034 1595 4094 sit
1639 4033 1859 4097 malus».

308 4126 511 4186 Potest
541 4131 751 4187 autem
777 4126 1104 4205 prohibere
1131 4132 1363 4202 actum,
1394 4133 1456 4188 et
1487 4145 1614 4188 non
1659 4128 1868 4208 prohi-

307 4216 454 4279 bere
482 4197 588 4279 se‘d
619 4219 881 4279 tolerare
902 4217 1190 4280 effectum
1218 4221 1375 4300 ejus,
1396 4218 1498 4281 vel
1518 4219 1666 4300 quia
1689 4239 1871 4282 causa

307 4309 742 4389 prohibitionis
759 4328 896 4392 quae
914 4310 1035 4372 fuit
1055 4312 1124 4372 in
1142 4318 1281 4373 actu
1304 4317 1497 4374 cessat
1512 4312 1581 4373 in
1602 4313 1826 4375 effectu
1847 4336 1865 4390 ;

308 4402 408 4464 vel
440 4403 609 4483 quia,
642 4403 788 4465 licet
826 4403 1028 4477 duret,
1073 4422 1202 4466 non
1234 4405 1322 4465 ita
1361 4411 1568 4466 movet
1611 4405 1689 4466 ad
1731 4424 1870 4486 pro-

307 4496 650 4559 hibendum
683 4495 971 4559 effectum
993 4497 1154 4559 sicut
1179 4502 1406 4572 actum,
1437 4498 1586 4578 quia
1611 4516 1740 4559 non
1765 4516 1869 4578 ap-

308 4597 483 4671 paret
508 4596 685 4654 tanta
727 4590 1075 4652 indecentia
1101 4591 1202 4652 vel
1237 4590 1593 4652 deformitas
1633 4591 1700 4652 in
1742 4609 1870 4652 uno

309 4686 469 4746 sicut
495 4684 563 4745 in
590 4684 735 4745 alio.
767 4685 894 4745 Hoc
919 4688 1088 4763 patet
1109 4683 1405 4764 exemplis
1431 4701 1617 4764 supra
1643 4682 1870 4747 adduc-

307 4778 389 4840 tis
398 4793 419 4855 3
463 4794 612 4838 nam
649 4775 754 4839 lex
787 4776 1122 4857 prohibens
1160 4776 1521 4838 contrahere
1551 4778 1872 4839 matrimo-

310 4869 487 4930 nium
520 4876 737 4931 contra
756 4869 1152 4932 interdictum
1185 4869 1472 4931 Ecclesiae
1500 4886 1630 4930 non
1668 4870 1871 4933 irritat

309 4961 510 5038 illum,
550 4962 700 5042 quia
737 4962 1059 5025 vinculum
1090 4979 1484 5043 permanens,
1520 4980 1629 5024 aeu
1656 4964 1868 5025 matri-

310 5055 616 5132 monium,
638 5055 707 5117 in
731 5055 894 5117 facto
915 5073 1047 5118 esse
1075 5074 1205 5117 non
1223 5060 1316 5117 est
1337 5055 1428 5116 ita
1443 5061 1658 5118 contra
1679 5057 1869 5119 inter-

309 5147 544 5209 dictum
575 5148 880 5224 Ecclesiae,
911 5150 1071 5211 sicut
1095 5149 1163 5209 in
1190 5148 1348 5210 fieri.
1381 5150 1509 5211 Lex
1538 5166 1688 5211 vero
1722 5169 1867 5230 pro-

309 5240 528 5302 hibens
572 5241 1043 5303 matrimonium
1084 5241 1247 5304 inter
1284 5246 1576 5320 cognatos
1620 5259 1698 5303 ex
1736 5241 1867 5305 solo

311 5335 677 5396 catechismo
725 5335 1012 5415 prohibet
1054 5341 1291 5413 actum,
1340 5340 1402 5397 et
1446 5353 1574 5396 non
1606 5334 1866 5415 impedit

310 5426 622 5506 effectum,
653 5428 897 5491 etiamsi
924 5428 1029 5492 ille
1056 5430 1276 5493 modus
1304 5428 1686 5509 cognationis
1708 5446 1867 5491 sem-

310 5539 420 5604 per
440 5522 621 5586 duret
643 5525 809 5587 inter
827 5524 1142 5605 conjuges,
1167 5524 1314 5605 quia
1341 5523 1444 5586 lex
1467 5523 1747 5585 humana
1773 5541 1866 5585 so-

3405 396 3523 467 ⁸35

1962 509 2096 570 lum
2123 510 2430 588 reputavit
2456 508 2631 571 illam
2653 515 2723 571 ut
2749 508 3082 589 aliqualem
3109 507 3521 572 indecentiam

1963 603 2045 664 ad
2073 603 2564 664 contrahendum
2597 604 2674 664 de
2706 619 2906 680 novo;
2939 621 3066 663 non
3092 621 3238 664 vero
3274 602 3355 664 ad
3386 623 3523 683 per-

1962 696 2345 757 manendum
2373 697 2440 756 in
2469 696 2865 757 matrimonio
2891 694 3081 757 semel
3106 701 3436 757 contracto.

2043 789 2104 849 8.
2161 790 2277 853 Ubi
2306 790 2641 852 constitnit
2663 789 2845 867 leqem
2866 788 3193 867 positivam
3211 788 3525 866 prohibero

1961 900 2080 943 non
2118 883 2311 945 solum
2359 887 2579 957 actum,
2628 883 2733 944 sed
2772 881 2953 944 etiam
3000 880 3116 943 obli
3117 880 3420 960 ,clationem
3451 899 3524 945 σω

1961 974 2071 1035 illo
2102 974 2507 1049 resultantm,
2556 974 2767 1038 habere
2804 975 2929 1036 vim
2965 973 3265 1035 imitandi
3298 978 3517 1037 actum.

1961 1067 2201 1127 —Hinc
2227 1084 2373 1129 vero
2402 1066 2772 1145 colligimus,
2802 1065 2910 1127 ubi
2935 1065 3282 1128 constiterit
3317 1065 3522 1144 legem

1960 1160 2287 1239 positivam
2332 1159 2659 1239 prohibere
2703 1176 2832 1220 non
2879 1157 3080 1220 solum
3129 1164 3370 1234 actum,
3417 1159 3523 1221 sed

1962 1253 2151 1314 etiam
2177 1252 2619 1331 obligationem
2643 1258 2705 1313 et
2730 1250 3056 1313 vinculum
3083 1268 3161 1312 ex
3188 1250 3297 1311 illo
3332 1250 3525 1312 resul-

1960 1352 2122 1421 tans,
2171 1345 2400 1406 habere
2443 1346 2572 1407 vim
2617 1345 2903 1406 irritandi
2938 1350 3170 1419 actum,
3193 1342 3343 1422 quia
3371 1349 3522 1404 tunc

1960 1457 2091 1500 non
2108 1438 2309 1500 solum
2326 1443 2525 1514 actus,
2545 1440 2652 1500 sed
2680 1438 2869 1500 etiam
2892 1437 3189 1515 obligatio
3211 1437 3330 1497 erit
3354 1436 3521 1497 mala

1956 1532 2108 1610 quia
2155 1531 2508 1612 prohibita3
2560 1531 2858 1610 obligatio
2910 1534 3121 1592 autem
3174 1546 3365 1609 prava
3412 1547 3522 1591 seu

1956 1624 2156 1705 turpis
2175 1642 2305 1687 esse
2323 1643 2451 1686 non
2479 1629 2680 1704 potest
2698 1623 2927 1699 valida,
2949 1623 3097 1703 quia
3117 1627 3277 1684 esset
3297 1621 3521 1683 vincu-

1956 1716 2089 1778 lum
2133 1716 2518 1798 iniquitatis:
2566 1734 2715 1777 nam
2760 1716 2860 1778 lex
2887 1733 3026 1795 quae
3054 1713 3339 1793 prohibet
3364 1714 3518 1774 obli-

1957 1812 2274 1891 gationem
2305 1810 2594 1891 prohibet
2620 1807 2818 1869 multo
2850 1807 3050 1885 magis
3075 1806 3176 1869 vel
3203 1813 3410 1868 actum
3439 1805 3519 1867 ad

1957 1922 2145 1984 quem
2177 1909 2269 1965 est
2295 1903 2613 1982 obligatio,
2643 1899 2743 1962 vel
2779 1900 2998 1961 saltem
3024 1898 3310 1978 prohibet
3337 1916 3417 1959 ne
3441 1915 3520 1959 ex

1956 1997 2333 2074 obligatione
2352 1994 2481 2057 flat.
2508 1997 2682 2056 Tunc
2704 2011 2850 2072 ergo
2877 1992 3084 2053 locum
3105 1990 3293 2053 babet
3314 1990 3520 2069 prima

1955 2090 2234 2170 exceptio
2261 2091 2328 2150 in
2360 2089 2695 2150 assertione
2721 2086 3056 2162 insinuata,
3086 2084 3139 2144 si
3166 2090 3377 2145 tamen
3409 2082 3521 2144 illa

1954 2182 2215 2246 dicenda
2245 2183 2326 2244 sit
2346 2182 2646 2261 exceptio,
2672 2198 2815 2242 cum
2838 2180 2980 2241 talis
2999 2179 3100 2239 lex
3117 2179 3253 2257 jam
3280 2194 3409 2237 non
3439 2176 3521 2237 sit

1953 2295 2108 2357 pure
2146 2275 2478 2357 prohibens
2503 2279 2734 2349 actum,
2771 2272 2878 2334 sed
2919 2271 3084 2331 ultra
3118 2268 3519 2349 progrediens

1954 2370 2032 2431 ad
2061 2369 2348 2431 effectum
2364 2369 2496 2448 ejus
2513 2366 2997 2446 impediendum.
3022 2366 3099 2423 Et
3114 2362 3253 2423 ideo
3271 2379 3520 2422 necesse

1953 2467 2044 2524 est
2070 2467 2143 2522 ut
2167 2461 2309 2522 talis
2337 2461 2612 2523 extensio
2652 2460 2721 2520 in
2751 2458 2887 2536 lege
2915 2455 3287 2517 sufficienter
3318 2454 3516 2515 decla-

1953 2559 2146 2615 retur.
2198 2555 2402 2616 Potest
2428 2560 2639 2615 autem
2670 2552 2996 2630 (quantum
3024 2566 3192 2609 nunc
3225 2546 3516 2624 occurrit)

1953 2649 2194 2711 duobus
2245 2650 2445 2710 modis
2487 2647 2817 2710 declarari:
2865 2663 3026 2706 unus
3057 2649 3149 2706 est
3191 2662 3303 2724 per
3326 2641 3518 2704 verba

1951 2760 2259 2822 expressa,
2304 2748 2366 2804 et
2392 2742 2536 2803 talis
2563 2741 2783 2801 modus
2810 2743 2901 2800 est
2936 2738 3068 2799 sine
3108 2734 3516 2811 ambiguitate

1951 2841 2063 2898 aut
2110 2835 2397 2916 scrupulo
2423 2857 2441 2909 ;
2492 2834 2602 2895 illa
2653 2839 2866 2893 tamen
2914 2830 3103 2892 verba
3148 2828 3517 2907 regulariter

1951 2928 2310 2990 coincidunt
2333 2945 2475 2988 cum
2501 2926 2625 2987 illis
2648 2926 2871 3006 quibus
2892 2923 3093 2993 solent
3113 2922 3347 2984 irritari
3370 2939 3515 2982 con-

1951 3024 2209 3096 tractus,
2257 3018 2358 3080 vel
2403 3017 2767 3093 formaliter,
2803 3017 2905 3078 vel
2954 3012 3431 3096 aequivalenter,
3452 3021 3515 3078 et

1950 3118 2101 3174 tunc
2149 3112 2290 3173 talis
2333 3112 2439 3173 lex
2468 3130 2594 3172 non
2630 3115 2829 3190 potest
2861 3108 2986 3170 dici
3013 3108 3346 3189 prohibens
3378 3113 3515 3168 tan-

1949 3211 2110 3280 tum,
2144 3203 2252 3266 sed
2277 3204 2555 3265 absolute
2581 3204 2852 3265 irritans.
2888 3202 3061 3264 Alius
3105 3201 3329 3262 modus
3370 3201 3510 3277 erit,

1952 3297 2202 3378 quando
2218 3298 2377 3358 ratio
2395 3296 2551 3375 legis
2572 3294 2957 3376 prohibentis
2983 3294 3183 3373 magis
3208 3298 3316 3354 aut
3339 3312 3514 3374 aeque

1950 3391 2200 3470 respicit
2246 3388 2531 3451 effectum
2584 3394 2760 3450 actus
2799 3405 2987 3468 quam
3033 3387 3238 3468 ipsum
3278 3391 3509 3462 actum,

1950 3483 2100 3562 quia
2124 3482 2427 3544 nimirum
2454 3487 2627 3543 actus
2656 3480 3019 3561 prohibetur
3037 3479 3236 3541 solum
3264 3486 3514 3559 propter

1950 3574 2277 3636 vitandum
2302 3574 2493 3635 talem
2521 3573 2843 3650 effectum3
2887 3590 3038 3633 nam
3076 3578 3225 3633 tunc
3264 3572 3513 3650 signum

1951 3671 2043 3728 est
2078 3666 2279 3744 magis
2311 3665 2624 3745 prohiberi
2662 3666 2865 3745 ipsum
2891 3664 3201 3740 effectum,
3224 3664 3408 3743 juxta
3439 3663 3513 3724 il-

1948 3757 2095 3819 lud:
2139 3758 2401 3837 Propter
2426 3758 2582 3837 quod
2607 3758 3057 3837 mumquodque
3087 3756 3228 3832 tale,
3268 3760 3325 3819 et
3359 3755 3518 3818 illud

1948 3853 2173 3930 mauis.
2204 3850 2573 3930 Exemplum
2605 3868 2737 3913 esse
2775 3856 2975 3931 potest
3019 3851 3088 3911 in
3125 3848 3264 3929 lege
3304 3850 3513 3929 prohi-

1947 3943 2133 4005 bente
2147 3960 2458 4023 apponere
2476 3960 2726 4022 poenam
2737 3943 3154 4023 sponsalibus3
3171 3944 3330 4004 ratio
3344 3944 3514 4006 enim

1947 4035 2116 4096 illius
2164 4034 2599 4115 prohibitionis
2645 4041 2738 4096 est
2751 4079 2772 4110 ,
2822 4040 2892 4095 ut
2942 4034 3341 4095 matrimonia
3388 4036 3513 4095 sint

1946 4128 2163 4206 libera,
2196 4116 2251 4190 c.
2286 4127 2551 4194 Gemma.
2584 4127 2661 4188 de
2689 4127 2937 4206 Spons.,
2975 4130 3040 4187 et
3077 4125 3215 4186 ideo
3244 4124 3347 4187 lex
3372 4145 3513 4205 pro-

1947 4219 2171 4281 hibens
2225 4219 2674 4299 appositionem
2716 4219 2858 4280 talis
2908 4235 3106 4298 poenae
3144 4235 3273 4278 non
3315 4217 3514 4279 solum

1948 4319 2138 4392 negat
2155 4314 2462 4375 actionem
2476 4311 2722 4374 civilem
2739 4310 2820 4372 ad
2835 4310 3025 4372 talem
3044 4327 3294 4391 poenam
3312 4316 3512 4371 extor-

1949 4407 2280 4485 quendam,
2316 4404 2425 4467 sed
2458 4405 2647 4466 etiam
2682 4403 2941 4484 impedit
2966 4402 3246 4464 absolute
3271 4422 3351 4464 ne
3386 4404 3513 4465 ulla

1949 4497 2246 4578 obligatio
2262 4497 2341 4559 ad
2361 4515 2612 4577 poenam
2631 4515 2709 4559 ex
2727 4496 2839 4557 tali
2860 4501 3180 4557 contractu
3200 4502 3508 4572 nascatur,

1948 4591 2099 4671 quia
2143 4607 2387 4670 semper
2426 4589 2567 4651 talis
2604 4589 2899 4667 obligatio
2927 4589 3200 4650 obstaret
3241 4588 3514 4650 libertati

1948 4683 2357 4745 matrimonii.
2411 4681 2595 4745 Aliud
2626 4683 2981 4764 exemplum
3025 4687 3118 4744 est
3145 4682 3222 4743 de
3262 4681 3401 4760 lege
3429 4681 3514 4742 ci-

1947 4775 2061 4837 vili
2090 4774 2457 4857 prohibente
2466 4775 2950 4930 &missionem
2974 4773 3306 4836 revocandi
3327 4778 3514 4834 testa-

1947 4874 2234 4932 mentum
2247 4914 2270 4945 ‚
2317 4868 2419 4931 vel
2599 4868 2832 4931 'tuendi
2869 4866 3202 4943 haeredem,
3236 4883 3374 4946 quae
3411 4864 3515 4928 lex

1948 4967 2231 5026 censetur
2249 4961 2498 5024 irritans
2517 4980 2596 5023 ex
2608 4961 2672 5022 vi
2685 4961 2941 5023 rationis
2964 4959 3347 5041 prohibendi,
3374 4976 3514 5039 quae

1948 5062 2063 5133 est,
2093 5055 2243 5137 quia
2264 5059 2633 5118 testamenta
2657 5052 2885 5116 debent
2917 5071 3046 5115 esse
3070 5052 3298 5128 libera,
3331 5046 3515 5131 juxta

1947 5148 1993 5212 1.
2021 5153 2081 5226 1,
2106 5167 2160 5210 c.
2182 5148 2261 5209 de
2285 5148 2521 5210 Sacros.
2556 5146 2747 5223 Eccl.,
2769 5151 2833 5208 et
2851 5145 2942 5208 ita
2956 5145 3326 5223 intelligitur
3347 5142 3523 5234 com-'J

1949 5242 2222 5304 muniter
2242 5241 2344 5302 lex
2359 5240 2700 5319 Stimtio
2723 5239 2831 5302 Ιιοο
2844 5240 3032 5313 mdo,
3055 5236 3122 5298 ff.
3150 5235 3229 5298 de
3248 5234 3531 5319 verbor..

1947 5334 2199 5414 obligat.
2232 5336 2308 5396 Et
2337 5332 2566 5394 similia
2594 5330 2879 5410 exempla
2902 5329 3101 5392 videri
3143 5334 3400 5409 possunt
3442 5327 3512 5387 in

1945 5429 2110 5490 Bart.
2145 5433 2207 5490 et
2233 5427 2393 5503 aliis,
2424 5427 2491 5487 in
2518 5425 2563 5490 1.
2605 5425 2852 5506 Siquis
2872 5442 2987 5504 pro
3017 5442 3102 5499 oo,
3134 5422 3199 5484 ff.
3234 5421 3311 5482 de
3333 5418 3509 5481 Fide-

1940 5524 2122 5607 juss.,
2161 5526 2225 5585 et
2250 5521 2394 5584 Gov.
2443 5519 2513 5582 in
2550 5537 2607 5581 c.
2649 5519 2937 5597 Quamvis
2958 5521 3225 5599 pactum,
3255 5515 3295 5574 2
3318 5531 3407 5595 p.,
3441 5510 3511 5576 in
