3976 6219
862 412 995 464 CAP.
1031 413 1135 462 XV.
1173 415 1256 465 AD
1293 414 1448 466 DEUS
1483 417 1561 468 DE
1594 418 1899 469 ΡΟΤΕΝΤῙΑ
1937 418 2255 469 ABSOLUTA
2292 417 2687 479 DlSPENSARE,
2723 417 2856 468 mc.

266 521 433 590 sunt,
459 519 758 594 quatenus
790 514 940 575 talia
971 520 1137 590 sunt,
1168 521 1229 574 et
1269 516 1407 576 ideo
1435 518 1724 595 supponit
1756 518 1824 577 in

263 608 410 686 ipsis
433 607 816 685 objectislseu
841 607 1074 667 actibus
1091 607 1494 668 intrinsecum
1519 609 1822 682 debitum,

263 705 332 758 ut
360 717 484 758 non
517 704 805 760 amentur
844 718 951 760 seu
981 717 1109 759 non
1143 698 1319 774 fiant,
1351 705 1411 760 et
1454 720 1486 761 e
1516 701 1826 760 contrario

261 793 534 872 praecipit
560 794 723 853 bona
750 798 1052 872 quatenus
1072 793 1465 854 intrinsecam
1493 793 1824 854 connexio-

263 904 406 946 nem
437 891 499 946 et
522 885 940 946 necessitatem
963 884 1194 946 habent
1218 903 1358 946 cum
1387 891 1609 946 natura
1637 886 1824 946 ratio-

263 977 421 1053 nali3
443 977 558 1036 boc
591 983 800 1037 autem
829 977 1107 1036 debitum
1135 978 1537 1057 inseparabile
1556 984 1671 1052 est,
1694 996 1821 1036 non

263 1071 409 1148 quia
440 1088 565 1130 non
610 1069 687 1129 sit
717 1069 1124 1148 dispensabile
1164 1070 1270 1145 (sic
1313 1071 1480 1130 enim
1511 1076 1824 1149 peteretur

262 1162 684 1241 principium),
710 1161 817 1222 sed
840 1162 988 1240 quia
1014 1162 1341 1222 intrinsece
1368 1163 1731 1242 supponitur
1757 1163 1823 1220 in

264 1254 410 1332 ipsis
454 1254 639 1314 rebus
684 1259 827 1313 ante
860 1271 1109 1314 omnem
1142 1254 1345 1331 legem
1390 1255 1820 1328 extrinsecam,

265 1352 334 1423 et·
377 1346 513 1406 ideo
555 1345 859 1406 stantibus
910 1347 1140 1406 eisdem
1190 1347 1374 1407 rebus
1422 1348 1649 1408 auferri
1700 1366 1819 1407 non

267 1444 488 1516 potest,
520 1438 668 1517 quia
698 1456 826 1498 non
860 1437 1089 1517 pendet
1119 1456 1194 1498 ex
1237 1441 1576 1500 extrinseca
1606 1439 1820 1498 volun-

269 1535 392 1590 tate
407 1546 428 1607 3
459 1548 661 1608 neque
690 1536 779 1590 est
808 1549 906 1590 res
935 1531 1138 1609 aliqua
1168 1530 1474 1607 distincta,
1505 1532 1608 1591 sed
1646 1531 1821 1609 quasi

269 1624 491 1683 modus
528 1623 781 1683 omnino
819 1624 1205 1697 intrinsecuS,
1234 1641 1347 1683 seu
1386 1624 1558 1702 quasi
1602 1623 1821 1683 relatio

268 1732 405 1794 quae
438 1715 721 1794 impediri
750 1733 874 1775 non
904 1720 1132 1793 potest,
1174 1715 1371 1792 posito
1415 1714 1821 1775 fundamento

269 1814 330 1866 et
354 1808 620 1866 termino
631 1823 651 1884 3
684 1812 744 1867 et
769 1806 926 1866 hanc
952 1807 1252 1867 rationem
1284 1805 1655 1866 confirmant
1682 1824 1819 1885 quoe

267 1899 430 1959 circa
457 1898 608 1958 alias
636 1899 953 1979 opiniones
980 1898 1144 1978 dicta
1166 1904 1330 1974 sunt,
1360 1905 1422 1960 et
1448 1915 1584 1979 quae
1611 1899 1678 1959 in
1700 1917 1751 1960 c.
1782 1899 1820 1958 6

263 1990 552 2050 diximus.

343 2085 439 2144 19.
489 2084 628 2143 Haec
654 2083 846 2162 igitur
873 2083 1175 2144 sententia
1202 2082 1563 2159 formaliter,
1590 2089 1652 2144 et
1678 2101 1816 2163 pro-

262 2175 394 2254 prie
422 2176 751 2254 loquendo,
777 2193 926 2236 vera
952 2182 1060 2237 est.
1091 2176 1247 2249 Quia
1267 2194 1414 2237 vero
1441 2195 1669 2255 negare
1692 2196 1818 2237 non

260 2286 578 2346 possumus
603 2270 795 2329 Deum
821 2268 1153 2347 aliquando
1173 2269 1411 2330 efficere
1439 2275 1507 2329 ut
1531 2275 1702 2330 actus
1725 2269 1818 2330 illi

261 2361 609 2421 materiales
658 2361 924 2437 liceant,
975 2361 1083 2440 qui
1131 2361 1284 2422 alias
1304 2384 1336 2436 ,·
1373 2379 1500 2422 non
1553 2363 1820 2422 interve·

261 2453 469 2512 niente
513 2454 634 2514 Deo
676 2455 808 2534 ipso
850 2459 910 2514 et
951 2455 1084 2532 ejus
1122 2459 1442 2532 potestate,
1477 2454 1641 2514 licite
1683 2454 1820 2516 fieri

263 2562 388 2604 non
417 2546 673 2624 possint,
702 2546 839 2606 ideo
868 2551 939 2605 ut
967 2545 1350 2625 intelligatur
1375 2547 1684 2624 quomodo
1706 2547 1821 2607 hoc

262 2637 393 2710 fiat,
425 2643 486 2697 et
513 2657 621 2698 eur
657 2637 763 2698 illa
793 2657 919 2698 non
947 2639 1024 2699 sit
1064 2657 1175 2698 nec
1207 2638 1550 2719 appelletur
1576 2639 1821 2719 dispen-

264 2732 443 2805 satiO,
471 2736 708 2810 oportet
737 2731 1113 2809 distinguere
1144 2732 1211 2791 in
1249 2733 1372 2792 Deo
1400 2733 1600 2793 varias
1633 2734 1819 2793 ratio-

262 2840 392 2882 nes.
420 2824 524 2882 Est
543 2824 709 2883 enim
727 2841 1048 2902 supremus
1074 2824 1386 2903 legislator
1408 2845 1423 2883 :
1447 2825 1612 2886 unde
1633 2825 1821 2886 habet

262 2919 332 2974 ut
381 2914 574 2993 possit
612 2934 773 2976 nova
809 2921 870 2975 et
914 2917 1085 2977 varia
1117 2922 1418 2996 praecepta
1459 2919 1815 2996 imponere:

261 3012 354 3067 est
387 3006 573 3067 etiam
601 3011 920 3087 supremus
946 3009 1243 3069 Dominus
1271 3008 1380 3088 qui
1405 3014 1601 3089 potest
1622 3010 1819 3070 domi-

258 3100 368 3160 nia
395 3106 635 3162 mutare
662 3101 761 3163 vel
797 3101 1167 3163 concedere:
1202 3108 1291 3163 est
1317 3103 1468 3164 item
1496 3121 1819 3184 supremus

249 3193 449 3270 judex
475 3194 579 3271 qui
608 3200 805 3273 potest
830 3195 1049 3274 punire
1074 3195 1172 3255 vel
1199 3196 1533 3275 unicuique
1564 3196 1819 3258 reddere

258 3286 425 3365 quod
456 3287 514 3347 ei
542 3286 818 3347 debetur.
848 3288 1218 3367 Dispensatio
1243 3307 1388 3367 ergo
1415 3291 1659 3369 proprie
1681 3308 1817 3369 per·

256 3378 416 3438 tinet
441 3379 520 3439 ad
549 3381 740 3441 Deum
769 3382 883 3441 sub
905 3384 1107 3462 prima
1132 3382 1638 3459 consideratione,
1671 3382 1816 3462 quia

257 3470 311 3548 ej
322 3471 534 3532 usdem
553 3474 869 3552 potestatis
885 3481 977 3535 est
992 3475 1203 3536 tollere
1221 3480 1280 3535 et
1299 3475 1557 3536 condere
1575 3475 1776 3551 legem
1794 3492 1809 3535 :

255 3564 464 3642 itaque
492 3570 563 3624 ut
588 3565 972 3643 intelligatur
996 3568 1153 3626 Deus
1176 3567 1549 3645 dispensare,
1572 3573 1812 3645 oportet

253 3660 326 3716 ut
358 3658 586 3717 utendo
608 3657 736 3717 sola
760 3657 866 3717 illa
882 3658 1332 3736 jurisdictione,
1360 3663 1420 3718 et
1443 3676 1568 3717 non
1591 3659 1812 3737 adjun-

254 3747 459 3824 gendo
483 3753 845 3826 potestatem
876 3749 1320 3810 dominativam
1358 3768 1467 3828 per
1499 3768 1684 3828 quam
1715 3769 1814 3811 res

252 3840 417 3916 ipsas
455 3840 775 3916 immutet,
815 3839 1000 3901 licere
1031 3840 1217 3901 faciat
1266 3842 1430 3920 quod
1464 3846 1647 3902 antea
1686 3861 1812 3902 non

250 3929 525 3991 licebat:
563 3950 710 3992 nam
750 3932 800 3991 si
837 3951 949 4011 per
996 3932 1341 3993 dominium
1388 3950 1574 3993 suum
1617 3940 1814 3995 mutet

251 4022 626 4100 humanum,
647 4024 762 4085 hoc
785 4043 910 4085 non
933 4025 1049 4085 erit
1070 4024 1446 4103 dispensare,
1470 4026 1574 4085 sed
1600 4026 1811 4086 tollere

249 4114 580 4175 materiam
625 4116 802 4193 legiS,
853 4123 924 4175 ut
973 4133 1049 4175 ex
1095 4115 1508 4195 superioribus
1552 4114 1820 4177 constat.

252 4206 505 4279 Quoties
533 4225 679 4285 ergo
705 4209 859 4269 Deus
881 4208 1026 4267 facit
1051 4207 1289 4268 licitum
1317 4213 1523 4269 actum
1547 4209 1655 4287 qui
1674 4209 1813 4286 jure

250 4304 491 4358 naturae
509 4299 832 4359 videbatur
851 4298 1191 4377 prohibitus
1195 4346 1214 4375 ,
1240 4318 1558 4379 nunquam
1581 4300 1646 4359 id
1667 4300 1814 4360 facit

250 4396 323 4449 ut
354 4408 545 4468 purus
572 4390 904 4467 legislator,
933 4391 1039 4451 sed
1078 4391 1308 4451 utendo
1334 4392 1458 4453 alia
1488 4397 1808 4471 potestate,

247 4487 314 4543 et
340 4483 482 4542 ideo
509 4499 637 4542 non
663 4483 992 4563 dispensat.

331 4577 433 4636 20.
467 4576 675 4638 Oseam
703 4577 1061 4637 meretricem
1091 4576 1157 4637 in
1185 4575 1489 4655 conjuyem
1518 4582 1814 4656 cooptasse

235 4668 623 4745 probabilior
651 4673 801 4729 tenet
828 4669 1049 4745 opinio.
1077 4700 1159 4713 —
1187 4668 1314 4728 Hoc
1342 4668 1550 4728 videre
1579 4668 1721 4729 licet
1745 4670 1812 4728 in

246 4759 548 4838 exemplis
578 4760 809 4838 positis.
842 4759 1098 4832 Quando
1128 4760 1296 4819 enim
1331 4760 1489 4819 Deus
1529 4762 1814 4839 praecepit

243 4851 515 4912 Abrahae
562 4851 911 4914 interficere
956 4851 1180 4928 filium,
1220 4853 1282 4913 id
1331 4853 1475 4912 fecit
1517 4860 1812 4932 tanquam

242 4943 540 5005 dominus
583 4944 728 5005 vitae
773 4951 834 5005 et
877 4944 1133 5005 mortis:
1169 4944 1223 5004 si
1269 4945 1436 5005 enim
1477 4947 1636 5006 Deus
1684 4946 1812 5024 ipse

242 5055 359 5117 per
407 5036 680 5116 seipsum
719 5037 1012 5098 voluisset
1055 5036 1399 5098 interficere
1444 5039 1640 5111 Isaac,
1684 5056 1810 5097 non

242 5129 617 5208 indiguisset
643 5128 1127 5208 dispensatione,
1159 5129 1263 5190 sed
1292 5147 1368 5189 ex
1398 5147 1507 5189 suo
1535 5129 1809 5189 dominio

241 5222 306 5282 id
338 5221 544 5282 facere
570 5226 809 5299 posset:
843 5221 1058 5281 eodem
1088 5239 1234 5300 ergo
1261 5221 1444 5281 modo
1479 5221 1680 5300 potuit
1719 5222 1810 5280 uti

240 5313 601 5374 Abrahamo
648 5319 718 5372 ut
758 5312 1190 5387 instrumentO,
1222 5318 1283 5373 et
1323 5313 1612 5392 quintum
1657 5332 1812 5392 prae-

239 5413 497 5485 ceptum
544 5425 673 5467 non
719 5406 1005 5486 prohibet
1032 5424 1158 5467 esse
1188 5406 1672 5466 instrumentum
1704 5406 1811 5466 Dei

241 5498 311 5559 in
354 5498 685 5575 occisione,
732 5500 782 5559 si
826 5499 957 5579 ipse
1000 5498 1379 5578 praeceperit.
1418 5498 1587 5559 Idem
1626 5498 1813 5560 sentit

3346 414 3466 475 119

1905 520 1972 579 D.
2006 517 2272 578 Thomas
2298 519 2374 579 de
2416 518 2576 578 facto
2603 520 2769 579 Oseae
2809 517 2877 576 in
2919 515 3465 576 assumenda‘mu-

1904 611 2055 670 liere
2092 611 2444 685 fornicaria,
2470 616 2541 670 ut
2572 615 2739 690 patet
2773 609 2934 668 dicto
2963 614 3080 667 art.
3113 608 3174 681 8,
3202 608 3280 667 ad
3311 610 3371 682 3,
3403 613 3466 667 et

1907 706 1964 765 2.
2014 705 2075 780 2,
2110 722 2172 782 q.
2208 705 2344 764 454.
2378 706 2579 764 Potest
2618 702 2786 763 enim
2827 702 2985 760 Deus
3024 700 3353 761 transferre
3395 702 3462 761 in

1906 796 2111 857 virum
2140 797 2489 856 dominium
2516 794 2793 854 mulieris
2820 794 2951 853 sine
2976 811 3274 853 consensu
3307 794 3459 872 ejus,

1903 895 1965 950 et
2015 896 2102 950 ita
2150 890 2389 950 efficere
2437 888 2755 949 vinculum
2807 887 2970 946 inter
3018 885 3175 960 illos,
3223 888 3462 948 ratione

1902 983 2077 1060 cujus
2118 981 2226 1041 illa
2267 982 2486 1061 copula
2519 982 2650 1058 jam
2694 979 3023 1038 fornicaria
3052 996 3177 1037 non
3216 980 3309 1039 sit.
3345 980 3462 1040 Sed

1901 1075 2042 1136 lieet
2069 1076 2185 1136 hoc
2207 1075 2286 1136 sit
2314 1093 2532 1137 verum
2557 1075 2633 1136 de
2660 1074 2936 1152 potentia
2963 1072 3264 1147 absoluta,
3290 1073 3463 1132 locus

1904 1169 2069 1228 Oseae
2120 1186 2246 1227 non
2292 1168 2456 1245 cogit
2500 1167 2577 1227 ad
2631 1166 2792 1226 hanc
2839 1165 3459 1242 interpretationem:

1898 1259 2083 1337 jussit
2105 1261 2274 1319 enim
2302 1261 2458 1319 Deus
2480 1275 2791 1319 assumere
2814 1275 2953 1318 eam
2975 1275 3112 1334 quae
3139 1257 3312 1334 prius
3343 1257 3464 1317 for-

1901 1350 2133 1411 nicaria
2162 1351 2387 1426 fuerat,
2418 1370 2544 1411 non
2575 1350 2773 1409 solum
2801 1349 2879 1409 ad
2902 1367 3107 1423 usum,
3135 1347 3242 1408 sed
3273 1348 3460 1408 etiam

1903 1444 1982 1503 ad
2018 1443 2505 1519 matrimonium,
2549 1448 2610 1502 ct
2646 1443 2713 1502 in
2749 1443 3102 1520 conjugem,
3140 1446 3212 1499 ut
3250 1441 3462 1500 Hiero-

1901 1554 2150 1614 nymuS,
2179 1536 2594 1596 Theodoretus
2627 1540 2688 1596 et
2715 1534 2822 1594 alii
2857 1534 3362 1611 interpretantur,
3400 1537 3461 1591 et

1902 1630 2191 1703 Irenaeus,
2226 1628 2384 1687 libro
2424 1631 2486 1703 4,
2523 1631 2739 1686 contra
2766 1628 3055 1700 Haereses,
3092 1642 3223 1703 cap.
3260 1626 3337 1684 37
3350 1640 3369 1700 3
3399 1629 3462 1683 et

1902 1720 2284 1798 Augustinus
2307 1722 2386 1780 22
2420 1725 2632 1780 contra
2662 1719 2895 1792 Faust.,
2922 1736 3054 1796 cap.
3085 1719 3159 1776 80
3186 1721 3247 1775 et
3270 1717 3373 1790 85,
3399 1721 3461 1775 et

1901 1811 2059 1871 libro
2104 1817 2315 1873 eontra
2358 1811 2779 1872 Secundinum
2824 1809 3119 1882 Manicli„
3170 1827 3304 1887 cap.
3354 1809 3453 1869 21.

1902 1902 2105 1964 Simili
2153 1904 2336 1964 modo
2381 1922 2509 1964 non
2554 1902 2927 1982 dispensavit
2969 1918 3112 1960 cum
3153 1900 3455 1974 Hebraeis,

1900 1996 2148 2073 quando
2181 1996 2618 2075 AEgyptiorum
2646 1994 2841 2073 spolia
2865 1992 2984 2052 illis
3013 1992 3332 2065 concessit,
3354 1993 3459 2051 sed

1901 2087 2001 2146 vel
2034 2093 2331 2165 tanquam
2362 2105 2682 2167 supremus
2717 2086 3006 2145 dominus
3042 2084 3325 2157 donavit,
3359 2083 3459 2143 vel

1898 2178 2115 2239 saltem
2150 2185 2449 2257 tanquam
2488 2195 2812 2258 supremus
2845 2176 3040 2254 judex
3076 2174 3343 2233 reddidit
3372 2173 3459 2233 eis

1900 2272 2244 2332 mercedem
2266 2271 2547 2332 laborum
2570 2287 2846 2343 suorum,
2870 2272 2938 2327 ut
2961 2267 3185 2326 dicitur
3208 2266 3459 2343 Sapien-

1899 2365 1986 2425 tia
2029 2366 2125 2425 10.
2159 2366 2250 2425 Ita
2286 2382 2433 2442 ergo
2474 2365 2542 2424 in
2584 2361 2887 2423 similibus
2917 2359 3203 2420 omnibus
3231 2358 3458 2418 intelli-

1901 2456 2172 2534 gendum
2207 2461 2321 2533 est,
2357 2474 2557 2535 neque
2593 2459 2791 2534 potest
2827 2454 3006 2513 aliter
3040 2451 3177 2512 fieri
3210 2456 3460 2530 propter

1899 2550 2205 2610 rationem
2234 2548 2585 2610 adductam.
2615 2548 2905 2626 Idemque
2938 2543 3230 2623 applicari
3261 2547 3459 2622 potest

1901 2644 1976 2704 ad
2007 2650 2313 2725 praecepta
2344 2643 2733 2718 affirmativa,
2764 2643 2830 2702 in
2863 2640 3088 2720 quibus
3115 2644 3207 2699 est
3237 2655 3335 2698 res
3369 2637 3460 2697 fa-

1904 2737 2058 2812 cilis,
2087 2738 2230 2815 quia
2252 2755 2379 2797 non
2410 2736 2690 2814 obligant
2706 2753 2815 2815 pro
2839 2751 3104 2812 semper,
3127 2731 3232 2792 sed
3260 2735 3460 2790 stante

1902 2830 2360 2908 opportunitate
2383 2847 2519 2907 quae
2542 2829 2705 2888 circa
2726 2827 2848 2886 tale
2872 2825 3183 2904 objectum
3204 2823 3462 2883 inducat

1899 2922 2341 2982 necessitatem.
2365 2923 2569 2981 Potest
2596 2924 2803 2979 autem
2824 2920 2985 2978 Deus
3013 2923 3123 2978 aut
3149 2917 3460 2995 objectum

1899 3021 2164 3089 mutare,
2195 3014 2464 3074 cedendo
2490 3013 2619 3090 juri
2652 3029 2786 3086 suc,
2824 3011 2923 3071 vel
2958 3010 3285 3071 hominum
3317 3009 3461 3086 jura

1899 3106 2322 3181 immutando,
2380 3111 2490 3166 aut
2545 3105 2734 3165 etiam
2785 3103 3207 3165 necessitatem
3264 3105 3461 3180 potest

1898 3201 2139 3261 auferre
2169 3198 2449 3259 addendo
2477 3215 2668 3258 novas
2702 3195 3193 3257 circumstantias
3221 3212 3359 3270 quae
3386 3192 3459 3252 il-

1896 3294 2023 3353 lam
2053 3291 2416 3370 impediant,
2439 3295 2499 3351 et
2528 3289 2933 3350 nihilominus
2960 3290 3334 3367 praeceptum
3363 3284 3460 3344 in-

1895 3390 2141 3464 tegrum
2184 3389 2419 3459 manet,
2452 3387 2521 3442 ut
2564 3400 2639 3442 ex
2679 3400 2743 3442 se
2789 3398 3032 3459 semper
3072 3378 3303 3455 obliget
3344 3394 3456 3456 pro

1894 3478 2100 3538 debita
2149 3475 2606 3556 opportunitate
2623 3520 2644 3550 ,
2687 3473 2854 3553 quod
2899 3478 2990 3533 est
3036 3472 3286 3549 signum
3330 3486 3458 3528 non

1892 3570 2080 3630 fuisse
2112 3569 2338 3629 factam
2368 3567 2905 3648 dispensationem.

1973 3664 2046 3722 21
2061 3706 2074 3721 .
2120 3661 2294 3723 Unde
2318 3661 2549 3739 colligit
2573 3662 2642 3721 D.
2666 3660 2957 3733 ThomaS,
2983 3657 3051 3717 in
3077 3655 3243 3716 dicta
3270 3652 3452 3714 solut.

1893 3753 1972 3813 ad
2003 3755 2064 3829 3,
2094 3754 2259 3814 hune
2306 3754 2560 3813 modum
2592 3750 3041 3812 immutationis
3083 3766 3212 3809 non
3259 3746 3457 3806 solum

1895 3848 2040 3921 De0,
2071 3846 2177 3906 sed
2206 3846 2394 3906 etiam
2423 3845 2662 3905 homini
2690 3843 3003 3903 interdum
3030 3858 3160 3901 esse
3199 3838 3459 3920 possibi-

1892 3938 2039 3999 lem.
2082 3940 2150 3998 In
2184 3937 2488 4014 negativis
2532 3937 2782 4014 quidem
2826 3933 3164 4013 praeceptiS,
3208 3931 3457 4009 quando

1894 4029 2154 4089 materia
2194 4029 2444 4087 illorum
2486 4027 2650 4086 cadit
2692 4026 2806 4085 sub
2846 4024 3122 4084 dominio
3154 4023 3454 4096 humano,

1894 4125 1955 4180 et
1981 4137 2092 4198 per
2114 4118 2396 4178 homines
2423 4118 2742 4176 immutari
2768 4121 2990 4194 potest,
3017 4113 3324 4192 quomodo
3347 4131 3459 4173 nos

1893 4230 2078 4290 supra
2122 4210 2531 4288 explicuimus
2575 4208 2778 4284 legem
2828 4206 3338 4286 praescriptionis:
3390 4206 3459 4266 in

1894 4302 2278 4363 affirmativis
2310 4306 2541 4375 autem,
2574 4298 2821 4379 quando
2858 4316 2968 4377 per
2993 4296 3276 4358 homines
3318 4316 3457 4377 pos·

1893 4399 2040 4455 sunt
2070 4393 2388 4454 immutari
2410 4391 2888 4453 circumstantia:
2915 4407 3054 4469 quoe
3082 4388 3457 4451 inducebant

1893 4488 2318 4548 necessitatem
2366 4484 2697 4565 operandi,
2752 4484 2851 4544 vel
2901 4482 3147 4562 quando
3203 4490 3461 4561 possunt

1892 4580 2176 4640 homines
2213 4580 2460 4658 gravius
2494 4582 2873 4658 praeceptum
2916 4578 3272 4655 imponere:
3306 4581 3377 4635 ut
3405 4578 3457 4637 si

1892 4676 2023 4735 Rex
2050 4673 2363 4753 praecipiat
2389 4672 2517 4732 filio
2546 4690 2672 4732 non
2699 4688 3054 4731 succurrere
3081 4670 3325 4749 parenti
3353 4688 3458 4730 ex-

1893 4770 2089 4824 treme
2117 4764 2446 4843 indigenti,
2474 4768 2545 4824 ut
2572 4763 2897 4825 subveniat
2923 4760 3274 4841 reipublicae
3296 4762 3456 4840 peri-

1893 4856 2153 4916 clitanti.
2188 4857 2347 4917 Deus
2377 4862 2587 4916 autem
2628 4856 2707 4914 ob
2746 4854 3124 4933 singularem
3152 4854 3454 4915 excellen-

1893 4949 2045 5009 tiam
2074 4953 2293 5028 potest,
2317 4947 2563 5027 quando
2581 4948 2714 5008 vult
2736 4948 2829 5006 uti
2848 4945 3128 5006 absoluta
3153 4951 3455 5025 potestate

1891 5045 1952 5101 et
1986 5040 2281 5101 dominio,
2331 5039 2505 5100 Unde
2546 5039 2734 5099 etiam
2766 5037 3133 5114 intelligitur
3173 5036 3332 5097 ratio
3374 5039 3453 5098 ob

1890 5149 2080 5209 quam
2108 5150 2236 5192 non
2264 5132 2330 5191 in
2364 5132 2650 5191 omnibus
2670 5129 2988 5209 praeceptis
3016 5128 3318 5206 negativis
3346 5150 3453 5210 po-

1889 5228 2007 5283 test
2046 5224 2185 5284 talis
2216 5225 2476 5283 mutatio
2518 5223 2652 5282 fieri
2693 5240 2803 5301 per
2840 5220 3123 5280 homines
3164 5238 3241 5280 ex
3278 5230 3453 5302 parte

1890 5315 2189 5389 materiae,
2208 5316 2276 5374 in
2302 5315 2522 5393 quibus
2544 5319 2742 5392 potest
2762 5313 2898 5373 fieri
2925 5330 2963 5372 a
2990 5313 3137 5388 Deo,
3155 5318 3248 5388 ut,
3278 5314 3452 5374 verbi

1891 5408 2112 5485 gratia,
2145 5408 2210 5466 in
2253 5412 2557 5487 praecepto
2598 5424 2724 5466 non
2764 5405 3132 5482 fornicandi,
3166 5407 3313 5485 quia
3357 5408 3451 5466 ni-

1891 5500 2123 5562 mirum
2163 5519 2292 5564 nou
2322 5500 2511 5562 habet
2547 5499 2734 5563 homo
2774 5500 2949 5563 illam
2986 5505 3351 5580 potestatem
3382 5499 3449 5559 in
