3976 6219
1034 418 1172 470 CAP.
1207 419 1292 471 IX.
1328 419 1409 470 DE
1441 419 1603 472 ALIIS
1635 420 2105 475 CONDITIONIBUS
2137 422 2314 475 LEGIS
2345 423 2431 476 Ex
2463 424 2519 475 D.
2555 419 2819 475 Ismene.

313 519 610 594 materiae,
645 520 711 580 in
741 538 863 598 qua
885 521 985 581 lex
1011 527 1312 596 versatur,
1344 528 1406 582 et
1434 522 1500 581 in
1529 523 1632 583 illa
1661 541 1869 584 neces-

310 612 550 671 sitatem
580 613 952 691 imponendo
978 630 993 672 t
1026 614 1156 673 haec
1183 620 1390 674 autem
1425 614 1749 674 efficacitas
1779 622 1870 676 est

309 705 558 782 propria
583 706 895 783 potestatis
916 706 1384 784 jurisdictioniS‚
1416 708 1564 784 quia
1587 714 1677 768 est
1700 714 1871 768 actus

308 795 571 873 publicae
593 798 937 873 potestatis;
960 816 1105 875 crgo
1126 799 1257 858 haec
1274 804 1540 877 potestas
1563 805 1654 858 est
1676 819 1788 879 per
1805 817 1868 860 se

307 888 601 964 requisita
623 888 700 948 ad
729 889 893 966 leges
924 889 1225 949 ferendas,

306 1072 389 1131 ad
412 1072 567 1149 layas
583 1074 1155 1149 ferendas.—Recte
1177 1079 1388 1133 autem
1415 1072 1501 1153 (ut
1526 1092 1711 1151 supra
1726 1075 1867 1134 teti-

305 1165 390 1242 gi)
423 1165 689 1225 advertit
726 1165 1102 1224 Bartholom.
1135 1166 1202 1225 in
1240 1166 1373 1226 loco
1416 1166 1699 1243 allegato,
1740 1185 1866 1226 non

304 1274 553 1317 omnem
575 1262 934 1335 potestatem
949 1257 1392 1334 jurisdictionis
1410 1276 1537 1318 esse
1558 1259 1862 1318 sufficien-

302 1352 429 1407 tem
458 1350 535 1408 ad
565 1349 730 1426 leges
754 1349 1040 1409 ferendas
1066 1370 1081 1408 :
1114 1349 1346 1409 habent
1375 1350 1541 1410 enim
1569 1350 1864 1410 ordinarii

296 1441 539 1517 judices
585 1442 1103 1518 jurisdictionem,
1149 1448 1210 1501 et
1250 1447 1459 1502 tamen
1506 1442 1671 1519 leges
1703 1443 1863 1502 ferre

304 1550 431 1591 non
464 1539 720 1610 possunt
735 1549 756 1610 3
780 1534 1113 1611 requiritur
1138 1552 1288 1612 ergo
1310 1535 1667 1613 principalis
1695 1553 1862 1613 quae-

303 1627 449 1685 dam
473 1632 534 1686 et
558 1627 849 1704 primaria
871 1632 1130 1705 potestas
1159 1628 1225 1687 in
1252 1629 1359 1688 illo
1399 1628 1614 1687 ordine
1639 1650 1652 1687 ε
1687 1629 1856 1706 quia,

304 1717 462 1777 sicut
491 1718 751 1778 condere
770 1719 971 1795 legem
995 1738 1157 1778 unus
1185 1726 1277 1780 est
1310 1738 1388 1779 ex
1420 1719 1739 1797 praecipuis
1764 1737 1860 1778 ac-

305 1808 471 1867 tibus
499 1808 958 1885 gubernationis
980 1812 1353 1889 reipublicae,
1374 1812 1461 1870 ita
1486 1811 1859 1888 praecipuam

307 1905 369 1959 et
394 1902 770 1979 superiorem
800 1903 1057 1980 requirit
1082 1908 1467 1981 potestatem.
1494 1902 1636 1961 Haec
1652 1908 1860 1961 autem

303 1999 569 2070 potestas
594 1994 887 2070 primario
917 2000 978 2053 et
1005 2012 1113 2073 per
1141 1995 1467 2054 essentiam
1496 1994 1561 2053 in
1587 1995 1709 2053 Deo
1746 1999 1858 2071 est3

301 2086 796 2144 communicatur
836 2092 1044 2145 autem
1082 2086 1331 2163 regibus
1372 2103 1484 2163 per
1526 2086 1863 2162 quamdam

301 2177 853 2254 participationem,
875 2178 1055 2253 juxta
1084 2177 1239 2236 illud
1260 2179 1401 2255 Sap.
1430 2177 1489 2235 6:
1514 2176 1564 2236 A
1580 2178 1741 2237 adite
1763 2195 1862 2238 re·-

298 2286 422 2347 qes,
450 2273 591 2341 etc„
619 2270 901 2347 quoniam
935 2271 1080 2329 data
1107 2275 1195 2330 est
1235 2286 1274 2329 a
1309 2269 1564 2328 Domino
1597 2274 1863 2345 potestas

299 2363 485 2423 vohis.
515 2364 659 2425 Non
687 2363 842 2422 enim
871 2367 957 2422 est
975 2354 1239 2438 potestas
1265 2360 1392 2421 nisi
1426 2377 1463 2420 a
1492 2361 1636 2433 Dec,
1669 2366 1740 2418 ut
1767 2360 1860 2418 di-

299 2455 459 2514 citur
492 2455 569 2514 ad
603 2456 779 2514 Rom.
820 2454 916 2514 13.
972 2454 1047 2513 Et
1091 2454 1228 2513 ideo
1280 2453 1703 2530 unusquisque
1748 2471 1858 2530 pro

300 2565 589 2606 mensura
615 2546 928 2625 potestatis
957 2545 1073 2605 sibi
1100 2545 1441 2604 commissae
1467 2549 1663 2621 potest
1694 2542 1859 2620 leges

299 2639 520 2714 facere,
554 2645 615 2698 et
664 2656 790 2697 non
841 2637 1130 2715 amplius,
1178 2638 1334 2696 Nam
1375 2642 1445 2694 ut
1491 2643 1653 2695 recte
1701 2636 1858 2695 dixit

300 2731 789 2810 chrysostomus,
812 2730 876 2788 in
899 2729 1053 2790 Psal.
1070 2731 1170 2803 44,
1190 2730 1350 2788 circa
1367 2727 1557 2788 finem
1585 2749 1598 2785 ε
1631 2728 1853 2805 Reyum

299 2825 453 2902 layas
503 2830 656 2885 ratoe
690 2829 829 2885 sunt
870 2828 926 2884 et
970 2823 1188 2883 validae
1228 2823 1396 2882 intra
1438 2840 1635 2883 eorum
1676 2820 1847 2896 fines,

300 2918 704 2979 Romanorum
727 2918 1070 2993 Imperator
1093 2914 1306 2974 Persis
1332 2931 1448 2973 non
1468 2917 1664 2989 posset
1691 2916 1855 2987 ferre

299 3008 474 3085 Zeyes,
507 3026 608 3070 nec
634 3009 966 3069 Persarum
995 3007 1124 3068 Rea·
1145 3010 1339 3082 posset
1364 3007 1527 3080 ferre
1554 3004 1708 3080 Zeqes
1735 3004 1854 3066 Ro-

295 3102 517 3162 manis.
550 3102 624 3160 Et
652 3100 737 3160 sic
759 3100 835 3160 de
859 3098 1112 3159 caeteris,
1144 3095 1461 3169 Quomodo
1488 3101 1695 3155 autem
1724 3091 1862 3155 haec'

296 3198 562 3271 potestas
590 3194 669 3251 sit
698 3194 765 3251 in
799 3191 1107 3264 omnibuS,
1135 3196 1196 3249 et
1223 3189 1302 3248 ad
1334 3205 1436 3248 eos
1465 3187 1762 3259 dimanet,
1793 3191 1856 3245 et

296 3285 632 3363 quotuplex
658 3286 757 3358 sit,
793 3289 853 3344 et
886 3303 965 3343 an
1001 3301 1241 3361 semper
1286 3282 1366 3340 sit
1405 3279 1747 3339 necessaria
1774 3279 1850 3337 ad

297 3377 616 3436 condenda
630 3378 904 3436 humana
920 3381 1169 3449 statuta,
1201 3374 1364 3433 infra
1387 3372 1714 3433 dicendum
1736 3377 1849 3446 est,

294 3470 614 3528 tractando
634 3470 707 3529 de
730 3469 865 3546 lege
891 3469 1168 3527 humana
1200 3489 1214 3525 z
1247 3467 1355 3525 ubi
1380 3467 1567 3525 etiam
1591 3464 1854 3542 explica-

295 3559 500 3619 bimus
527 3561 594 3620 in
618 3579 738 3637 quo
767 3561 960 3638 gradu
989 3564 1267 3637 oporteat
1294 3559 1454 3617 hanc
1479 3556 1851 3635 jurisdictio-

294 3669 437 3711 nem
473 3652 721 3726 hahere,
752 3659 822 3712 ut
851 3653 928 3712 ad
955 3653 1155 3730 legem
1185 3651 1503 3710 ferendam
1532 3648 1813 3708 sufficiat.

369 3747 429 3806 9.
457 3746 540 3806 In
569 3747 725 3805 omni
745 3745 1162 3805 communitate
1181 3760 1406 3819 semper
1433 3759 1553 3804 esse
1579 3741 1847 3819 aliquam

283 3842 631 3914 potestatem
656 3836 1273 3913 supremam—Nunc
1291 3833 1489 3893 solum
1510 3833 1760 3892 adverto
1779 3832 1846 3891 in

289 3930 459 3989 omni
492 3929 933 3988 communitate
977 3946 1107 3988 esse
1155 3927 1426 4004 aliquam
1480 3930 1843 4003 potestatem

290 4039 640 4099 supremam
676 4021 743 4079 in
776 4039 887 4079 suo
930 4020 1168 4094 ordine,
1204 4024 1274 4077 ut
1324 4023 1416 4078 est
1461 4018 1528 4076 in
1575 4016 1844 4075 Ecclesia

291 4114 591 4188 Pontifex,
613 4114 676 4171 in
695 4130 887 4188 regno
905 4111 1230 4190 temporali
1254 4126 1397 4184 rex3
1417 4109 1482 4167 in
1501 4107 1840 4185 republica,

289 4224 425 4284 quae
473 4205 882 4265 aristocratice
925 4204 1306 4281 gubernatur
1335 4200 1421 4277 (id
1463 4204 1577 4271 est,
1624 4216 1734 4276 per
1781 4217 1844 4258 se

287 4297 526 4376 ipsam),
558 4303 687 4357 tota
716 4295 1084 4374 respublica.
1116 4296 1251 4354 Non
1281 4293 1450 4353 enim
1490 4295 1694 4370 potest
1720 4307 1846 4350 esse

287 4409 529 4470 corpus,
560 4391 681 4449 nisi
710 4390 789 4448 sit
818 4393 1233 4448 monstrosum
1266 4387 1328 4446 e't
1366 4384 1677 4456 mutilum,
1714 4383 1846 4442 sine

286 4484 508 4561 capite.
535 4483 610 4542 Et
631 4482 706 4541 de
732 4482 846 4540 hoc
879 4481 1076 4558 capite
1100 4479 1189 4537 ait
1211 4480 1278 4539 D.
1311 4478 1598 4551 ThomaS,
1630 4476 1691 4536 d.
1725 4480 1840 4536 art.

289 4576 352 4650 3,
404 4593 555 4649 esse,
586 4574 686 4633 vel
726 4574 923 4652 ipsam
956 4571 1443 4642 multitudinem,
1476 4569 1539 4628 id
1563 4574 1655 4627 est
1680 4585 1844 4627 rem-

285 4666 620 4746 publicam,
663 4665 760 4724 vel
813 4669 1129 4743 gerentem
1170 4663 1369 4721 vicem
1419 4661 1589 4738 ejus;
1646 4664 1845 4738 potest

284 4765 497 4820 autem
538 4759 737 4817 vicem
782 4758 916 4835 ejus
958 4773 1191 4834 gerere,
1230 4754 1329 4814 vel
1352 4754 1461 4831 qui
1488 4753 1567 4812 ab
1594 4753 1724 4831 ipsa
1751 4758 1843 4812 est

282 4851 672 4916 constitutus,
704 4849 802 4909 vel
829 4849 937 4927 qui
962 4847 1314 4907 immediate
1343 4864 1381 4905 a
1408 4846 1555 4919 Deo,
1585 4849 1655 4903 ut
1678 4843 1843 4904 infra

281 4943 544 5002 dicetur.
592 4942 853 5019 Ideoque
898 4945 968 4999 ut
1000 4939 1078 4999 ab
1130 4945 1389 5016 utroque
1434 4936 1835 5011 abstraheret,

281 5041 449 5096 recte
477 5034 796 5107 conclusit,
829 5033 1012 5110 leyem
1036 5032 1231 5092 debere
1257 5049 1376 5092 esse
1404 5048 1442 5089 a
1461 5046 1838 5108 personapu-

285 5127 468 5201 blica,
522 5145 652 5204 qaoe
700 5126 886 5186 totius
935 5120 1345 5183 multitudinis
1391 5139 1595 5182 curam
1641 5121 1833 5181 habet.

283 5220 536 5279 Constat
559 5218 771 5295 igitur,
791 5221 1151 5294 potestatem
1173 5212 1410 5273 ferendi
1433 5212 1599 5290 leges
1620 5212 1841 5271 huma-

283 5329 399 5372 nas
443 5309 659 5370 saltem
687 5327 815 5369 esse
844 5309 911 5367 in
940 5325 1224 5386 supremo
1253 5306 1474 5383 capite,
1506 5305 1841 5383 quodcum-

284 5421 408 5482 que
435 5402 587 5461 illud
608 5402 710 5476 sit,
739 5401 886 5480 quia
907 5418 1020 5460 nec
1043 5404 1239 5477 potest
1265 5398 1510 5476 procedi
1540 5397 1606 5456 in
1632 5396 1840 5457 infini-

287 5503 448 5568 tum,
475 5511 589 5553 nec
614 5493 681 5552 in
711 5493 831 5552 alio
857 5511 986 5553 esse
1014 5496 1214 5570 potest
1232 5489 1430 5567 major
1466 5495 1728 5567 potestas
1772 5490 1839 5548 in

3339 418 3515 483 ,37

1950 525 2057 585 illo
2086 526 2322 585 ordine.
2356 527 2425 584 In
2454 525 2847 587 inferioribus
2874 531 3106 599 autem,
3136 530 3198 584 et
3226 524 3514 585 subordi-

1950 618 2112 677 natis
2142 619 2522 696 principibus
2545 624 2719 678 tanta
2756 619 2894 691 erit,
2921 623 3153 696 quanta
3182 616 3301 677 illis
3326 618 3514 678 fuerit

1949 711 2403 769 communicata
2432 729 2468 769 a
2500 711 2735 788 capite:
2767 710 2930 788 quod
2972 728 3041 770 ex
3090 710 3327 769 ratione
3375 728 3514 769 mu-

1949 803 2116 862 neris
2143 803 2644 880 uniuscujusque,
2676 821 2750 862 ex
2789 802 3252 875 consuetudine,
3297 807 3405 860 aut
3437 820 3513 860 ex

1947 894 2211 971 legibus,
2255 895 2351 954 vel
2387 894 2725 972 privilegiis
2773 893 3245 971 intelligendum
3275 894 3412 968 erit,
3441 898 3512 952 ut

1948 986 2113 1045 infra
2138 986 2320 1045 latius
2342 986 2599 1045 dicetur.

2033 1080 2129 1138 10.
2156 1079 2271 1139 Fit
2293 1080 2448 1139 satis
2467 1079 2693 1138 rationi
2714 1078 3031 1138 dubitandi
3047 1095 3118 1139 ex
3148 1078 3226 1137 D.
3256 1077 3508 1138 Thomu.

1945 1170 2118 1230 —Ad
2168 1169 2472 1229 rationem
2526 1187 2673 1246 ergo
2721 1169 3045 1229 dubitandi
3093 1170 3157 1228 in
3204 1169 3511 1248 principio

1946 1262 2207 1340 positam
2235 1268 2397 1321 recte
2426 1262 2748 1341 respondet
2782 1263 2850 1321 D.
2880 1261 3169 1334 Thomas,
3196 1280 3404 1340 supra,
3430 1261 3507 1320 ad

1945 1355 2240 1432 primum,
2272 1355 2474 1432 legem
2524 1354 2868 1414 naturalem
2907 1371 3083 1431 posse
3110 1354 3504 1429 considerari,

1945 1449 2044 1506 vel
2071 1452 2254 1525 prout
2276 1454 2367 1506 est
2389 1448 2455 1506 in
2476 1446 2737 1506 subditis
2760 1446 2855 1505 vel
2879 1452 3064 1523 prout
3092 1447 3274 1505 estin
3297 1446 3504 1524 aliquo

1942 1539 2253 1617 superiore
2279 1556 2314 1597 a
2334 1557 2456 1616 quo
2478 1538 2602 1598 lata
2633 1544 2747 1597 est.
2783 1538 2982 1597 Priori
3012 1536 3195 1596 modo
3220 1544 3311 1596 est
3333 1555 3370 1595 a
3397 1554 3506 1595 na·

1939 1635 2080 1690 tura
2099 1631 2285 1690 insita
2307 1630 2454 1709 ipsis
2468 1629 2849 1703 hominibuS,
2872 1630 2980 1707 qui
3000 1648 3109 1708 per
3125 1647 3262 1688 eam
3285 1628 3509 1705 guber-

1939 1728 2194 1797 nantur,
2225 1723 2404 1800 eique
2442 1722 2690 1783 obedire
2724 1722 2971 1796 debent,
3023 1727 3085 1781 et
3124 1722 3240 1781 hac
3267 1722 3507 1780 ratione

1939 1819 2245 1890 quatenus
2273 1813 2443 1873 illam
2471 1816 2537 1873 in
2575 1815 2700 1873 suis
2730 1813 3040 1873 mentibus
3067 1814 3359 1892 scriptam
3393 1813 3521 1896 ha·-

1938 1905 2109 1978 bent,
2159 1905 2387 1965 dicitur
2432 1906 2855 1985 unusquisque
2902 1906 3019 1966 sibi
3051 1907 3169 1984 ipsi
3218 1924 3345 1965 esse
3379 1904 3501 1977 lex,

1942 1997 2099 2055 sicut
2137 1997 2329 2057 codex
2360 1997 2568 2073 legum
2614 1999 2924 2058 interdum
2961 1998 3115 2057 solet
3145 1997 3348 2056 vocari
3375 1996 3500 2069 lex,

1942 2092 2014 2145 ut
2041 2087 2116 2146 de
2143 2086 2318 2147 libris
2340 2090 2562 2148 veteris
2592 2090 2968 2148 Testamenti
3009 2108 3087 2148 ex
3121 2089 3501 2165 Hieronymo

1942 2196 2127 2256 supra
2173 2179 2440 2238 diximus
2461 2202 2478 2252 ;
2522 2179 2680 2240 liber
2706 2187 2913 2240 autem
2941 2188 3220 2240 mortuus
3242 2199 3369 2239 non
3393 2197 3501 2257 po-

1941 2275 2058 2330 test
2096 2270 2216 2330 dici
2254 2290 2380 2331 esse
2413 2272 2530 2331 sibi
2558 2272 2673 2350 ipsi
2709 2273 2830 2344 lex,
2867 2274 3013 2350 quia
3042 2291 3168 2331 non
3195 2277 3393 2350 potest
3441 2288 3504 2331 se

1938 2379 2049 2439 per
2102 2362 2306 2438 legem
2352 2364 2419 2422 in
2465 2364 2595 2441 ipso
2641 2365 2928 2441 scriptam
2959 2365 3304 2441 gubernare
3338 2384 3352 2421 t
3398 2380 3503 2423 cor

1939 2459 2149 2513 autem
2175 2454 2446 2513 hominis
2483 2462 2574 2515 est
2601 2455 2760 2515 liber
2792 2456 2971 2515 vivus
3020 2457 3087 2515 in
3115 2474 3236 2534 quo
3280 2460 3369 2515 est
3401 2454 3500 2515 lex

1937 2551 2174 2604 naturae
2203 2547 2448 2623 scripta,
2477 2553 2539 2606 et
2585 2548 2721 2607 ideo
2751 2553 3056 2625 quatenus
3088 2547 3194 2607 illa
3233 2547 3492 2624 regitur,

1937 2637 2163 2697 dicitur
2204 2637 2317 2696 sibi
2350 2638 2468 2716 ipsi
2496 2657 2625 2699 esse
2648 2639 2767 2700 lex.
2797 2640 3112 2711 Quomodo
3138 2646 3346 2699 autem
3389 2638 3497 2699 illa

1933 2728 2033 2790 lex
2061 2735 2298 2789 naturae
2332 2731 2409 2789 sit
2437 2731 2516 2790 ab
2539 2731 2746 2809 aliquo
2787 2732 3098 2810 superiore
3129 2736 3493 2810 potestatem

1931 2821 2220 2896 habente,
2243 2822 2515 2882 dicemus
2545 2824 2612 2882 in
2641 2824 2799 2884 libro
2827 2824 3126 2902 sequenti.
3151 2824 3244 2883 Ad
3271 2823 3492 2883 confir-

1933 2914 2270 2974 mationem
2291 2915 2698 2992 respondetur
2723 2916 2917 2976 solam
2944 2916 3354 2989 honestatem,
3391 2913 3489 2974 vel

1926 3006 2232 3084 justitiam
2266 3006 2544 3080 actioniS,
2571 3025 2705 3084 quae
2749 3026 2858 3085 per
2903 3006 3105 3084 legem
3151 3006 3492 3066 humanam

1934 3097 2369 3175 praescribitur,
2395 3117 2521 3157 non
2546 3117 2672 3158 esse
2703 3100 2848 3158 satis
2880 3098 2958 3158 ad
2997 3099 3310 3178 propriam
3338 3097 3492 3158 obli·

1935 3190 2248 3267 gationem
2277 3190 2451 3267 16313,
2488 3196 2550 3250 et
2577 3190 2715 3250 ideo
2738 3190 2881 3250 licet
2915 3192 2983 3250 in
3007 3190 3342 3250 condendis
3370 3190 3492 3249 illis

1933 3282 2174 3359 legibus
2202 3284 2278 3342 sit
2307 3283 2647 3343 necessaria
2670 3283 3022 3361 prudentia,
3057 3288 3118 3342 et
3140 3282 3279 3342 ideo
3302 3283 3491 3341 inter-

1930 3375 2144 3435 venire
2166 3376 2430 3435 debeant
2458 3380 2519 3434 et
2550 3376 2786 3435 soleant
2808 3375 3063 3435 consilia
3090 3375 3437 3453 sapientum
3468 3389 3485 3432 ε

1931 3472 2141 3527 tamen
2183 3468 2290 3527 illa
2335 3485 2462 3527 non
2512 3468 2826 3527 sufficiunt
2857 3468 2989 3528 sine
3026 3467 3342 3527 voluntate
3380 3466 3490 3526 ha-

1932 3559 2133 3619 bentis
2153 3565 2541 3638 potestatem,
2563 3579 2600 3621 a
2614 3579 2734 3639 qua
2754 3565 3061 3638 'potestate
3090 3565 3151 3619 et
3171 3559 3488 3619 voluntate

1930 3650 2030 3710 lex
2063 3653 2283 3730 accipit
2310 3653 2438 3711 vim
2467 3658 2528 3711 et
2564 3671 2695 3713 esse
2726 3653 2902 3729 legiS,
2940 3658 3010 3711 ut
3037 3670 3223 3729 supra
3249 3651 3486 3710 dictum

1929 3749 2040 3803 est.
2074 3744 2326 3816 Quando
2351 3762 2496 3820 ergo
2523 3744 2813 3804 dicuntur
2847 3745 3014 3823 leges
3051 3762 3180 3804 esse
3208 3742 3487 3802 consulta

1929 3836 2300 3913 sapientum,
2326 3835 2423 3895 vel
2448 3855 2576 3896 esse
2596 3838 2658 3896 id
2677 3838 2836 3914 quod
2861 3838 3099 3896 ratione
3122 3835 3483 3909 constiterit,

1927 3933 2035 3985 aut
2070 3927 2218 4004 quid
2243 3927 2466 4003 simile,
2505 3928 2926 3988 denominatio
2958 3929 3224 3987 sumitur
3264 3945 3302 3985 a
3348 3945 3485 4004 pro-

1923 4017 2185 4094 prietate
2203 4019 2469 4095 quadam
2485 4020 2751 4079 maxime
2773 4021 3203 4092 necessaria,et
3226 4018 3482 4076 fortasse

1924 4109 2124 4186 posita
2151 4114 2243 4166 est
2276 4107 2353 4166 ad
2382 4108 2544 4167 illius
2574 4111 2999 4168 necessitatem
3032 4109 3428 4168 indicandam
3460 4125 3476 4168 ε

1926 4215 2054 4258 non
2083 4216 2227 4258 vero
2252 4198 2399 4275 quia
2418 4198 2524 4258 illa
2555 4199 2832 4260 sufficiat.

2512 4381 2759 4443 CAPUT
2799 4383 2897 4444 IX.

1925 4583 2127 4628 UTRUM
2178 4582 2266 4627 SIT
2307 4582 2383 4626 DE
2425 4582 2679 4628 RATIONE
2728 4584 2891 4630 LEGIS
2931 4584 3007 4629 UT
3050 4584 3140 4629 SIT
3188 4584 3362 4630 IUSTA
3403 4583 3481 4631 ΒΤ

2004 4675 2176 4720 JUSTE
2214 4675 2391 4733 LATA,
2437 4676 2532 4719 UBI
2569 4676 2646 4720 DE
2673 4677 2820 4722 ALus
2856 4677 3284 4723 CONDITIONIBUS
3314 4676 3472 4723 LEGIS

2003 4767 2079 4812 AB
2110 4766 2333 4813 lsmoao
2365 4768 2597 4812 POSITIS.

2001 4937 2057 4995 1.
2091 4935 2394 5013 Expositis
2423 4935 2880 4995 conditionibus
2911 4935 2977 4994 in
3005 4935 3140 5012 lege
3169 4933 3477 5013 requisitis

1919 5045 1996 5088 ex
2023 5032 2197 5105 parte
2234 5044 2662 5106 personarum,
2693 5044 2800 5086 seu
2834 5044 3155 5086 causarum
3182 5045 3316 5104 quae
3343 5046 3481 5106 pos-

1920 5126 2065 5180 sunt
2102 5121 2442 5180 extrinsece
2481 5119 2744 5197 judicari
2766 5134 2785 5193 3
2818 5117 3190 5194 explicandae
3221 5122 3479 5181 veniunt

1923 5212 2302 5271 conditiones
2323 5210 2518 5269 veluti
2538 5210 2903 5283 intrinsecae,
2928 5215 2988 5269 et
3015 5211 3178 5270 actui
3197 5211 3263 5271 in
3287 5230 3475 5290 quem

1919 5302 2077 5381 legis
2103 5307 2476 5380 praeceptum
2511 5301 2727 5360 cadere
2760 5306 2981 5379 potest,
3012 5307 3073 5362 et
3101 5302 3218 5381 ipsi
3246 5304 3472 5362 actioni

1920 5396 2160 5457 ferendi
2186 5394 2411 5473 legem,
2452 5413 2603 5473 quas
2639 5396 2717 5455 ad
2751 5396 3053 5473 justitiam
3091 5413 3470 5469 revocamus,

1921 5493 1983 5548 et
2006 5488 2119 5548 sub
2139 5487 2246 5548 illa
2268 5488 2846 5568 comprehendimus
2863 5506 3077 5549 omnes
3099 5486 3475 5547 conditiones
