3976 6219
865 402 884 439 -Ι

539 437 661 499 518
1442 445 1558 498 LIB.
1594 446 1653 498 V.
1687 446 1769 497 DE
1803 445 2157 498 VARIETA'I'E
2187 447 2396 500 LFGUM
2426 443 2837 499 HUMANARUM.

538 539 621 601 sit
645 538 1013 614 renuntiari,
1045 539 1203 599 sicut
1237 557 1405 599 nunc
1439 540 1508 600 in
1535 540 1639 599 illo
1663 558 1809 600 casu
1844 540 2099 618 disposi-

539 636 677 692 tum
705 637 796 691 est
820 651 930 711 per
955 632 1409 708 Tridentinum,
1439 651 1582 693 sess.
1620 635 1721 707 25,
1752 651 1885 711 cap.
1925 636 2002 693 15
2024 633 2100 693 de

538 723 831 802 Regular.
865 724 1096 786 Deinde
1122 724 1305 804 objici
1342 730 1598 804 possunt
1617 725 1758 804 jura
1803 726 2102 785 canonica

540 823 605 879 et
646 818 876 895 civilia,
902 836 1041 899 quoe
1095 818 1310 880 dicunt
1356 818 1714 879 sustinenda
1756 835 1884 879 esse
1927 820 2102 897 jura-

537 917 755 973 menta
798 917 1012 973 contra
1053 912 1221 990 leges
1253 912 1463 974 civiles
1491 912 1826 988 irritantes,
1852 911 2101 993 quando

539 1003 674 1065 sine
709 1003 1030 1087 dispendio
1071 1006 1296 1066 animoe
1327 1006 1574 1085 impleri
1611 1012 1885 1085 possunt,
1923 1008 2104 1086 juxta

541 1113 676 1175 cap.
724 1090 878 1159 θωπί
902 1098 1232 1177 continqat,
1277 1098 1352 1159 de
1397 1099 1686 1177 Jur.jur.,
1712 1118 1844 1179 cap.
1882 1100 2105 1172 Quam-

541 1191 662 1265 vis,
701 1190 778 1250 de
807 1191 1028 1267 PactiS,
1060 1192 1125 1251 in
1162 1194 1224 1267 6,
1252 1191 1547 1253 Authent.
1584 1192 2009 1268 Sacramenta,
2045 1211 2101 1253 c.

543 1281 610 1343 Si
677 1282 969 1343 adversus
1019 1284 1457 1345 venditionem.
1513 1285 1882 1365 Supponunt
1939 1286 2108 1345 enim

543 1374 679 1436 hoec
697 1376 843 1453 jura
866 1394 1040 1455 posse
1068 1376 1338 1456 aliquem
1359 1377 1575 1437 cedere
1596 1377 1726 1456 juri
1754 1396 1890 1453 suo,
1918 1378 2108 1438 etiam

546 1473 763 1528 contra
789 1468 991 1546 legem
1017 1469 1388 1545 irritantem,
1427 1480 1490 1530 et
1515 1469 1604 1529 ita
1643 1469 1809 1530 licite
1851 1468 2110 1547 implere

547 1561 713 1639 quod
742 1561 974 1640 juravit
1005 1578 1022 1620 :
1059 1580 1208 1640 ergo
1234 1568 1384 1624 tunc
1413 1568 1606 1623 cessat
1640 1562 1903 1622 irritatio
1951 1561 2109 1640 legis

547 1669 660 1731 per
683 1654 1206 1714 renuntiationem
1236 1655 1467 1734 proprii
1491 1655 1674 1733 juris,
1711 1655 1788 1714 Et
1809 1655 1967 1715 ratio
1990 1660 2105 1729 est,

548 1745 696 1823 quia
728 1745 826 1806 hae
852 1746 1019 1827 leges
1045 1765 1204 1826 saepe
1232 1748 1552 1808 continent
1581 1747 1891 1826 privatum
1935 1747 2110 1808 favo-

546 1853 706 1911 rem,
737 1840 838 1898 cui
862 1840 1281 1918 unusquisque
1315 1840 1675 1900 renuntiare
1712 1846 1934 1919 potest,
1972 1859 2105 1920 cap.

549 1931 634 1991 ad
654 1929 1085 2010 Apostolicam,
1115 1932 1192 1992 de
1216 1932 1504 2010 Regular.

633 2023 730 2083 ⁴5.
755 2022 849 2082 Ad
879 2023 1149 2103 priorem
1176 2037 1415 2104 partem
1443 2026 1780 2105 respondeo
1815 2026 1988 2086 illam
2027 2025 2115 2087 le-

550 2131 693 2195 gem
730 2116 1048 2194 antiquam
1088 2136 1215 2177 non
1250 2117 1438 2177 fuisse
1473 2118 1834 2197 simpliciter
1868 2119 2115 2179 irritan-

551 2212 704 2283 tem,
731 2207 836 2268 seb
863 2209 978 2268 sub
997 2209 1103 2269 illa
1124 2210 1496 2283 conditione,
1520 2212 1642 2271 nisi
1668 2217 1926 2292 utraque
1945 2231 2113 2291 parS,

552 2301 804 2377 scilicet,
823 2302 1092 2362 novitius
1107 2308 1168 2363 et
1182 2309 1544 2380 conventus,
1573 2304 1815 2364 cederet
1831 2305 1960 2382 juri
1980 2322 2113 2380 su0,

553 2406 663 2453 seu
683 2392 877 2454 libere
900 2395 1270 2455 consentiret
1291 2395 1359 2453 in
1377 2395 1813 2474 professionem
1833 2402 1977 2456 ante
1997 2395 2121 2457 fao-

552 2489 704 2546 tam.
735 2485 910 2546 Unde
939 2504 1053 2547 nec
1077 2486 1176 2547 lex
1220 2487 1326 2547 illa
1373 2488 1730 2549 continebat
1772 2488 2118 2550 absolutam

552 2576 1035 2656 prohibitionem
1074 2583 1146 2638 ut
1189 2579 1484 2659 professio
1515 2587 1699 2641 antea
1737 2599 1866 2641 non
1915 2580 2116 2657 fieret,

553 2670 660 2730 sed
703 2674 952 2731 tantum
981 2671 1096 2732 sub
1141 2671 1358 2733 eadem
1398 2673 1747 2733 conditione
1778 2689 1798 2749 3
1840 2691 1952 2734 nec
1985 2681 2119 2735 erat

553 2778 723 2821 nunc
740 2763 938 2842 posita
962 2763 1260 2842 primario
1274 2777 1523 2844 propter
1538 2764 1774 2823 bonum
1800 2768 1994 2824 status
2024 2783 2120 2825 re-

554 2850 759 2929 ligiosi
779 2852 1081 2928 absolute,
1102 2854 1208 2914 sed
1241 2855 1307 2914 in
1327 2855 1722 2915 commodum
1753 2856 2120 2917 contrahen-

553 2944 739 3019 tium,
762 2950 824 3005 et
841 2945 1258 3024 dependenter
1280 2946 1359 3006 ab
1388 2965 1604 3008 eorum
1630 2948 2112 3010 renuntiatione.

557 3034 703 3108 Quae
729 3037 942 3098 omnia
980 3037 1305 3099 manifeste
1353 3039 1729 3119 colliguntur
1761 3056 1838 3100 ex
1870 3056 2005 3120 cap.
2038 3042 2122 3102 ad

554 3128 984 3209 Apostolicam,
1021 3132 1097 3193 de
1124 3132 1416 3212 Regular.
1447 3134 1578 3194 Imo
1606 3132 1692 3193 ibi
1736 3133 2119 3212 significatur

555 3227 706 3284 tunc
730 3223 939 3304 aliquo
967 3225 1151 3286 modo
1192 3226 1381 3287 fuisse
1412 3226 1789 3306 prohibitam
1815 3225 1990 3286 illam
2021 3243 2118 3287 re-

555 3317 1039 3394 nuntiationem,
1076 3336 1205 3379 non
1248 3319 1628 3398 simpliciter,
1648 3319 1755 3380 sed
1783 3336 1862 3379 ne
1888 3319 2119 3398 passim

554 3406 732 3470 fieret
758 3410 859 3471 vel
889 3428 968 3471 ne
997 3409 1324 3471 indiscrete
1363 3410 1795 3472 admitteretur
1839 3410 1982 3470 talis
2024 3428 2121 3471 re-

555 3503 866 3564 nuntiatio
910 3504 1062 3564 anni
1105 3503 1506 3583 probationis,
1539 3505 1644 3583 qui
1683 3505 1751 3565 in
1786 3504 2122 3565 subsidium

553 3596 936 3675 fraqilitatis
945 3595 1222 3658 hamana»
1237 3597 1512 3657 nascitur
1520 3597 1868 3658 institutum
1877 3639 1891 3654 .
1906 3597 2121 3675 Itaque

555 3685 665 3746 illa
689 3687 790 3747 lex
814 3705 941 3746 non
973 3692 1106 3747 erat
1134 3687 1408 3761 irritans,
1446 3686 1545 3747 vel
1575 3704 1698 3746 non
1729 3692 1862 3747 erat
1892 3705 1968 3747 ex
1997 3687 2120 3748 illis

556 3777 634 3839 de
663 3777 887 3856 quibus
910 3795 1078 3837 nunc
1102 3777 1440 3856 loquimur,
1464 3778 1610 3857 quia
1642 3797 1757 3840 nec
1785 3779 1973 3840 dabat
1999 3779 2122 3840 for-

554 3887 727 3930 mam
747 3868 1211 3930 substantialem
1242 3871 1606 3946 contractui,
1627 3870 1732 3931 sed
1761 3871 2119 3950 proefigebat

555 3968 822 4042 tempus,
865 3980 981 4022 nec
1006 3961 1373 4041 prohibebat
1405 3962 1679 4024 absolute
1708 3965 2112 4040 contrarium,

555 4057 660 4119 sed
683 4075 827 4118 cum
846 4062 1013 4117 certo
1034 4055 1240 4118 modo.
1265 4056 1607 4118 Concilium
1632 4063 1844 4118 autem
1861 4059 2120 4119 Triden-

553 4151 758 4212 tinum
786 4149 1130 4212 absolutam
1158 4150 1361 4228 legem
1398 4151 1830 4230 prohibentem
1875 4152 2113 4228 statuit,

556 4248 619 4306 et
657 4242 995 4304 clausulam
1045 4243 1319 4304 absolute
1364 4243 1713 4304 irritantem
1752 4244 2013 4318 addidit,
2057 4249 2119 4305 et

552 4336 692 4398 ideo
730 4337 866 4414 jam
896 4353 1025 4396 non
1064 4342 1154 4397 est
1200 4335 1372 4396 locus
1397 4336 1846 4396 renuntiationi
1882 4336 2120 4415 proprii

548 4428 710 4507 juris
737 4473 758 4503 ,
801 4427 1044 4489 etiamsi
1070 4427 1188 4488 hoc
1214 4428 1418 4507 ipsum
1469 4427 1812 4488 Concilium
1853 4447 1981 4488 non
2015 4447 2120 4490 ex·

554 4521 861 4600 presserit.
882 4521 1058 4582 Unde
1084 4526 1284 4600 potest
1316 4521 1515 4600 potius
1542 4522 1888 4599 retorqueri
1923 4537 2117 4600 argu-

552 4621 860 4685 mentum,
895 4614 1083 4693 quod,
1123 4615 1233 4675 ubi
1273 4614 1374 4675 lex
1406 4614 1512 4674 dat
1537 4613 1803 4675 formam
1837 4614 2116 4676 absolute

550 4707 962 4787 praecipiendo
986 4706 1086 4769 vel
1113 4706 1518 4787 prohibendo,
1550 4712 1611 4768 et
1636 4707 1935 4768 irritando
1971 4708 2119 4768 sim-

550 4799 790 4880 pliciter
816 4804 1045 4874 actum,
1080 4817 1209 4859 non
1234 4798 1462 4859 habeat
1488 4799 1695 4859 locum
1736 4799 1976 4878 privata
2021 4817 2117 4859 re-

549 4893 883 4967 nuntiati0,
901 4909 1017 4952 nec
1035 4897 1208 4951 actus
1225 4890 1576 4951 nullitatem
1593 4890 1893 4970 impedire
1909 4891 2112 4952 debet.

633 4987 733 5047 16.
763 4986 938 5045 Tunc
968 5001 1114 5045 vero
1146 4983 1414 5046 occurrit
1425 4983 1619 5044 altera
1644 5001 1786 5063 pars
1817 4984 1886 5044 in
1912 4983 2116 5062 objec-

548 5083 718 5144 tione
737 5079 960 5161 posita,
991 5077 1149 5139 circa
1184 5095 1374 5157 quam
1405 5076 1647 5137 institui
1686 5083 1888 5156 posset
1924 5076 2117 5155 longa

550 5173 883 5254 disputatio
911 5172 988 5233 de
1015 5171 1081 5233 vi
1123 5177 1185 5233 et
1230 5171 1414 5232 modo
1441 5168 2113 5249 obligationis-illarum

546 5267 785 5344 legum,
803 5260 873 5327 et
892 5264 1200 5346 quomodo
1215 5265 1637 5343 juramentum
1656 5263 2113 5342 quodammodo

548 5365 765 5422 contra
789 5359 927 5419 illas
951 5358 1298 5437 praevaleat.
1336 5356 1454 5418 Sed
1478 5357 1627 5436 quia
1655 5357 1732 5418 de
1754 5356 1870 5418 hac
1902 5377 1970 5419 re
1990 5357 2113 5418 dis-

535 5451 761 5532 putavi
784 5450 907 5511 late
929 5452 997 5511 in
1023 5456 1204 5511 tract.
1226 5450 1305 5511 de
1325 5450 1594 5526 Juram.,
1617 5449 1663 5512 1.
1690 5451 1750 5511 2.
1783 5468 1822 5510 a
1849 5468 1981 5530 cap.
2006 5451 2110 5525 20,

547 5545 688 5606 ideo
710 5543 981 5606 breviter
1002 5543 1141 5604 dico
1157 5543 1463 5623 imprimis
1488 5543 1655 5624 leges
1677 5542 1814 5604 illas
1833 5560 1962 5604 non
1982 5560 2113 5606 esse

2179 540 2537 621 simpliciter
2562 538 2979 620 prohibentes,
3014 537 3117 598 sed
3142 544 3388 598 tantum
3416 553 3628 617 pure
3686 534 3843 594 irri-

2179 639 2403 707 tanteS,
2447 633 2572 692 imo
2601 650 2712 692 nec
2754 629 3027 690 absolute
3060 631 3394 704 irritantes,
3442 628 3581 689 sed
3628 629 3837 706 quasi

2182 725 2297 786 sub
2330 725 2704 802 conditione,
2734 723 2854 783 nisi
2873 722 2978 783 ille
3006 721 3085 782 ob
3108 723 3282 800 cujus
3307 723 3641 783 favorem
3682 720 3835 779 latre

2180 824 2328 879 sunt
2359 818 2491 896 juri
2531 835 2640 876 suo
2668 815 3135 876 renuntiaverit.
3169 817 3273 874 Est
3299 815 3487 875 enim
3549 832 3833 891 magna

2180 909 2531 972 differentia
2574 910 2738 969 inter
2764 908 2968 985 legem
3010 906 3195 966 simul
3228 906 3739 985 prohibentem
3770 916 3831 966 et

2179 1003 2556 1077 irritantem,
2581 1006 2644 1063 et
2666 1018 2819 1080 pure
2846 999 3233 1061 irritantem:
3264 1016 3416 1058 nam
3441 998 3667 1077 prior
3686 1018 3827 1059 non

2184 1097 2385 1158 solum
2415 1097 2617 1157 irritat
2638 1101 2873 1168 actum,
2900 1095 2953 1154 si
2975 1093 3105 1168 fiat,
3126 1093 3231 1154 sed
3256 1094 3453 1154 etiam
3480 1092 3827 1172 prohihet

2185 1209 2265 1251 ne
2306 1189 2437 1265 fiat,
2475 1193 2536 1249 et
2572 1189 2661 1248 ita
2706 1186 3077 1265 regulariter
3102 1185 3241 1246 talis
3276 1185 3381 1247 lex
3403 1204 3561 1246 non
3594 1186 3825 1246 fertur

2186 1283 2253 1344 in
2280 1282 2555 1343 favorem
2581 1282 2987 1360 privatorum,
3014 1277 3118 1338 sed
3149 1278 3383 1338 intuitu
3406 1279 3823 1338 communis

2186 1374 2360 1449 boni,
2410 1379 2472 1435 et
2524 1374 2663 1433 ideo
2710 1371 2869 1433 nihil
2910 1370 3189 1431 conferre
3221 1375 3425 1449 potest
3450 1369 3555 1430 ad
3597 1371 3823 1448 impe-

2189 1467 2486 1529 diendum
2532 1467 2817 1527 effectum
2874 1466 3009 1544 ejus
3067 1464 3450 1524 renuntiatio
3515 1465 3821 1543 privatae

2188 1579 2489 1642 personae.
2524 1561 2601 1620 Et
2646 1564 2837 1639 patet,
2873 1557 3019 1636 quia
3059 1555 3167 1616 illa
3211 1556 3630 1616 renuntiatio
3681 1575 3821 1616 non

2189 1658 2387 1733 potest
2418 1651 2716 1731 impedire
2743 1650 3075 1730 quominus
3110 1653 3433 1728 peceatum
3456 1650 3557 1709 sit
3587 1649 3820 1711 faeere

2190 1753 2396 1806 actum
2446 1750 2657 1805 contra
2703 1743 2907 1821 legem
2957 1741 3388 1821 prohibentem
3445 1740 3813 1817 absolute,

2192 1840 2340 1919 quia
2366 1838 2647 1900 voluntas
2679 1837 2920 1917 privata
2949 1854 3076 1895 non
3099 1841 3298 1915 potest
3323 1834 3546 1897 facere
3582 1843 3668 1896 ut
3708 1835 3812 1897 Iex

2192 1933 2524 2014 prohibens
2542 1951 2669 1993 non
2695 1930 2961 2008 obliget3
2992 1948 3190 2008 neque
3213 1936 3501 2008 respectu
3545 1929 3809 2009 obliga·

2192 2025 2379 2087 tionis
2403 2026 2557 2103 legis
2576 2024 2763 2085 habet
2794 2023 3001 2083 locum
3030 2022 3447 2083 renuntiatio:
3480 2039 3661 2100 ergo
3694 2040 3806 2083 ne-

2197 2136 2318 2197 que
2345 2123 2623 2197 respectu
2657 2116 3017 2176 irritationis
3052 2115 3282 2176 habere
3311 2120 3519 2193 potest
3576 2115 3804 2174 locum

2196 2216 2307 2271 aut
2333 2211 2484 2285 vim,
2507 2211 2653 2288 quia
2680 2227 2806 2269 non
2840 2215 2931 2269 est
2972 2207 3308 2269 verisimile
3344 2207 3801 2286 legislatorem

2196 2304 2463 2364 voluisse
2481 2304 2893 2364 irritationem
2907 2301 3106 2362 facere
3120 2307 3366 2362 tantum
3383 2302 3503 2362 sub
3532 2320 3621 2361 ea
3644 2320 3801 2361 con-

2199 2396 2455 2469 ditione,
2483 2395 2864 2476 prohibendo
2888 2400 3094 2455 actum
3113 2394 3245 2454 sine
3273 2394 3674 2455 conditione.
3716 2396 3799 2454 At

2198 2507 2348 2550 vero
2380 2489 2481 2549 lex
2507 2506 2660 2567 pure
2688 2487 2936 2548 irritans
2958 2504 3080 2545 non
3106 2485 3396 2563 prohibet
3417 2494 3648 2547 actum
3680 2489 3796 2548 ab·

2198 2581 2417 2654 solute,
2458 2581 2565 2641 sed
2592 2579 2789 2640 fertur
2809 2580 2878 2638 in
2917 2578 3190 2638 favorem
3217 2578 3643 2658 privatorum,
3685 2583 3798 2640 cni

2198 2679 2446 2753 possent
2470 2672 2587 2751 ipsi
2615 2672 2992 2732 renuntiare.
3041 2671 3115 2730 Et
3154 2670 3289 2730 ideo
3326 2670 3484 2729 dixit
3526 2672 3795 2732 Panor-

2201 2766 2337 2825 mit.
2379 2766 2445 2825 in
2474 2784 2526 2825 c.
2561 2766 2643 2825 ad
2675 2763 3107 2843 Apostolicam,
3145 2762 3221 2822 de
3242 2761 3568 2840 Regmm„
3602 2766 3793 2842 quod

2199 2856 2301 2918 lex
2339 2858 2515 2935 cujus
2558 2857 2760 2917 favori
2796 2855 3154 2917 renuntiare
3202 2854 3338 2933 quis
3382 2859 3612 2932 potest,
3645 2875 3788 2917 non

2199 2954 2329 3011 tam
2379 2955 2469 3010 est
2517 2948 2855 3028 prohibitio
2899 2965 3088 3027 quam
3128 2946 3503 3021 exhortatiO,
3548 2948 3782 3026 utique

2198 3051 2476 3122 respectu
2510 3041 2716 3119 illius;
2748 3059 2895 3115 nam
2928 3046 3207 3120 respectu
3254 3040 3511 3100 aliorum
3558 3047 3775 3120 potest

2199 3135 2515 3196 continere
2561 3136 2688 3196 vim
2728 3134 3179 3214 prohibitionis,
3216 3132 3379 3194 sicut
3414 3133 3489 3193 de
3514 3133 3772 3212 privile-

2201 3228 2304 3306 gio
2328 3227 2590 3287 dicimus
2616 3245 2743 3287 non
2766 3227 2994 3287 habere
3020 3227 3330 3287 rationem
3353 3226 3509 3304 legis
3533 3243 3763 3304 respec-

2198 3324 2270 3379 tu
2297 3321 2432 3399 ejus
2472 3320 2572 3380 cui
2608 3320 2980 3391 conceditur,
3012 3320 3120 3379 sed
3143 3324 3425 3397 respectu
3471 3317 3753 3377 aliorum.

2200 3412 2379 3473 Tales
2399 3430 2546 3490 ergo
2569 3412 2860 3473 videntur
2886 3430 3014 3472 esse
3044 3410 3167 3471 illae
3189 3411 3396 3488 leges;
3425 3428 3539 3471 nos
3556 3416 3756 3471 autem

2201 3504 2278 3565 de
2300 3504 2539 3584 legibus
2565 3504 3034 3585 prohibentibus
3056 3510 3118 3564 et
3151 3503 3540 3563 irritantibus
3579 3504 3755 3564 abso-

2200 3595 2329 3656 lute
2356 3595 2689 3676 loquimur.
2718 3596 2891 3669 Quod
2921 3597 2971 3656 si
2998 3596 3252 3657 fortasse
3273 3596 3439 3674 leges
3472 3595 3593 3655 issae
3620 3614 3753 3656 con-

2199 3688 2403 3749 tinent
2442 3689 2784 3750 absolutam
2831 3691 3239 3750 irritationem
3278 3692 3390 3766 (ut
3425 3694 3516 3749 est
3546 3689 3750 3766 proba-

2199 3778 2373 3857 bile),
2395 3781 2725 3842 dicendum
2759 3788 2852 3843 est
2878 3800 3003 3842 non
3031 3782 3320 3861 impediri
3352 3781 3745 3842 irritationem

2197 3874 2337 3933 talis
2359 3880 2529 3935 actus
2551 3894 2661 3954 per
2672 3875 3122 3953 juramentum,
3141 3873 3248 3935 sed
3276 3873 3556 3934 sustineri
3572 3873 3744 3934 effec-

2197 3979 2333 4026 tum
2358 3968 2512 4046 ejuS,
2542 3969 2653 4047 qui
2685 3987 2813 4028 non
2838 3972 2972 4028 erat
3013 3985 3122 4046 per
3159 3967 3364 4046 legem
3392 3966 3733 4045 prohibitus,

2198 4065 2261 4120 et
2278 4060 2366 4120 ita
2391 4060 2806 4121 formaliteret
2833 4061 2900 4120 in
2922 4078 2985 4122 se
3009 4078 3137 4120 non
3160 4058 3502 4120 confirmari
3513 4065 3736 4135 actum,

2196 4169 2309 4231 per
2324 4152 2528 4230 legem
2547 4153 2821 4214 absolute
2841 4153 3173 4226 irritatum,
3188 4158 3439 4232 propter
3446 4153 3739 4212 renuntia-

2199 4244 2432 4306 tionem
2485 4246 2743 4324 privatae
2801 4264 3096 4324 personae,
3140 4245 3248 4306 sed
3287 4245 3486 4306 solum
3531 4245 3734 4305 virtute

2199 4336 2455 4398 formari
2474 4337 2597 4398 alia
2621 4338 2720 4398 via
2747 4337 3108 4398 sustinendo
3133 4337 3424 4398 eumdem
3448 4337 3730 4413 eflectum,

2200 4434 2270 4488 ut
2295 4431 2363 4489 in
2391 4430 2552 4491 dicto
2574 4431 2706 4492 loco
2734 4431 2922 4491 latius
2947 4436 3272 4492 tractatum
3296 4436 3412 4492 est.

2724 4614 2973 4676 CAPUT
3015 4616 3226 4676 XXIII.

2197 4812 2397 4857 u'rmm
2438 4812 2497 4857 IN
2560 4812 2711 4857 LEGE
2763 4812 3083 4859 IRRI'I'ANTE
3131 4812 3329 4858 Anum
3383 4812 3505 4858 11‘80
3567 4812 3730 4859 uero

2277 4905 2355 4949 ET
2398 4904 2557 4950 ANTE
2605 4905 2814 4951 omum
2856 4905 3231 4951 SENTENTIAM
3280 4904 3520 4951 mnu·
3564 4904 3728 4950 Loco!

2275 4997 2529 5044 Bruma,

2275 5177 2305 5234 1
2320 5219 2334 5234 .
2353 5173 2539 5237 Ratio
2552 5172 3233 5253 dubitanda—Aliquos
3245 5172 3585 5250 affirmasse
3594 5173 3721 5252 opii·

2193 5268 2357 5330 kiam
2375 5267 2657 5344 sufficere
2681 5267 2764 5328 ad
2795 5266 3248 5328 matrimoniwm
3272 5266 3400 5326 sine
3418 5265 3643 5326 testibus
3662 5266 3720 5326 in

2190 5360 2659 5433 necessitatem&
2674 5359 3120 5437 promulqatwm
3132 5364 3218 5420 est
3232 5357 3719 5419 Padauium.—

2189 5452 2370 5513 Ratio
2397 5451 2721 5512 dubitandi
2758 5457 2869 5526 est,
2893 5452 3040 5530 quia
3074 5450 3502 5529 interpretatio
3531 5450 3716 5511 volun·

2191 5543 2335 5605 tatis
2357 5543 2725 5624 legislatoris
2750 5543 2994 5606 videtur
3014 5561 3189 5625 posse
3210 5541 3437 5606 habere
3450 5542 3633 5606 locum
3654 5544 3713 5606 in
