3976 6219
572 419 690 480 556

568 521 877 604 imprimis
908 520 1361 584 observandum
1396 522 1561 584 hanc
1603 522 1972 584 sententiam
2001 541 2128 584 non

569 636 701 679 esse
746 615 1213 693 intelligendam
1253 615 1528 677 absolute
1560 616 1635 676 de
1664 615 1954 675 omnibus
1977 616 2132 694 legi-

568 712 685 772 bus
706 708 1039 785 canonicis,
1052 710 1199 789 quia
1216 710 1284 770 in
1306 711 1423 771 hoc
1446 728 1628 770 sensu
1646 727 1847 788 neque
1865 709 1972 769 illo
1987 710 2130 787 jure

568 803 888 884 probatur,
917 821 1120 881 neque
1150 808 1310 863 esset
1337 804 1731 877 convenienS,
1763 807 2013 881 propter
2034 820 2131 862 ra-

567 897 767 957 tiones
785 895 974 956 factas
997 896 1065 955 in
1087 897 1352 956 secundo
1375 901 1438 956 et
1459 902 1677 975 quarto
1696 896 2125 971 fundamento,

569 1007 707 1068 quae
729 989 830 1048 hic
856 988 1044 1048 etiam
1070 987 1279 1049 locum
1310 988 1563 1049 habent.
1592 988 1905 1062 Quocirca,
1934 1006 2131 1067 quan-

570 1082 650 1142 do
690 1082 790 1142 lex
818 1081 1221 1142 ecclesiastica
1256 1082 1504 1142 irritans
1546 1082 1905 1161 simpliciter
1929 1081 2128 1142 fertur

568 1175 702 1235 sine
731 1173 1073 1252 adjectione
1115 1174 1374 1253 alicujus
1418 1175 1736 1254 particulas
1778 1192 1916 1253 quse
1961 1174 2128 1234 suffi-

570 1269 802 1330 cienter
838 1267 1121 1328 excludat
1157 1268 1311 1328 illud
1340 1274 1606 1347 tempus»,
1646 1268 1828 1347 plane
1861 1267 1972 1328 illa
2000 1286 2126 1328 non

568 1362 769 1422 irritat
788 1366 932 1421 ante
952 1360 1193 1440 lapsum
1217 1361 1600 1421 ordinarium
1617 1367 1883 1439 tempus,
1910 1360 1978 1420 in
2002 1360 2129 1420 sin-

571 1453 733 1532 gulis
768 1453 1100 1533 provinciis
1128 1454 1204 1514 ad
1249 1454 1646 1532 obligandum
1686 1454 2123 1515 necessarium.

570 1546 895 1621 Probatur,
920 1546 1068 1625 quia
1088 1546 1239 1606 dum
1257 1545 1360 1607 lex
1390 1565 1551 1607 nova
1579 1564 1705 1607 non
1736 1546 2014 1607 excludit
2033 1564 2130 1607 or-

569 1637 884 1699 dinarium
900 1638 1000 1717 jus
1017 1638 1367 1718 antiquum,
1392 1657 1506 1699 nee
1523 1643 1829 1717 repugnat
1850 1638 1964 1711 ini,
1987 1656 2130 1699 cen-

537 1717 758 1792 ⁰seuda
792 1736 885 1792 est
923 1732 1265 1792 secundum
1306 1731 1462 1792 illud
1494 1732 1667 1808 ferri,
1699 1732 1848 1811 quia
1883 1749 2127 1810 semper

563 1824 721 1904 juris
749 1824 1064 1901 derogatio
1085 1824 1338 1885 vitanda
1365 1831 1476 1898 est,
1510 1824 1713 1903 quoad
1745 1823 1881 1884 fieri
1910 1825 2123 1903 possit,

567 1924 639 1976 ut
659 1916 823 1976 infra
835 1917 1034 1977 dicam
1048 1933 1070 1993 3
1091 1917 1195 1977 sed
1209 1936 1286 1977 ex
1297 1918 1438 1995 jure
1456 1917 1771 1978 communi
1793 1923 1853 1977 et
1870 1917 2128 1996 antiquo

567 2008 909 2086 requiritur
936 2010 1088 2070 illud
1131 2016 1394 2089 tempus,
1433 2011 1560 2070 imo
1587 2016 1891 2088 quatenus
1919 2028 2129 2070 neces-

566 2102 800 2161 sarium
820 2108 911 2161 est
928 2103 1007 2162 ad
1029 2103 1371 2164 humanam
1397 2104 1705 2179 notitiam,
1729 2103 1975 2164 videtur
1997 2122 2129 2165 esse

567 2212 647 2254 ex
686 2199 911 2253 natura
951 2195 1042 2255 rei
1082 2196 1534 2270 necessarium3
1567 2213 1716 2272 ergo
1752 2194 1805 2254 si
1835 2195 1936 2255 lex
1966 2213 2129 2257 nova

565 2286 721 2346 illud
740 2305 866 2346 non
885 2287 1178 2363 excludit,
1199 2288 1538 2348 seeundum
1554 2288 1706 2348 illud
1724 2288 2129 2366 intelligenda

567 2384 680 2439 est.
727 2376 927 2458 Atque
972 2379 1089 2440 hoc
1132 2381 1319 2441 etiam
1365 2381 1737 2441 confirmant
1781 2381 2126 2460 superiores

564 2470 855 2531 rationes.
894 2472 1069 2533 Unde
1106 2491 1145 2532 a
1171 2472 1408 2533 fortiori
1456 2479 1698 2534 constat
1736 2474 1984 2552 quando
2025 2473 2127 2534 lex

566 2563 861 2623 canonica
911 2582 1194 2643 expresse
1237 2566 1604 2626 concesserit
1648 2567 1849 2645 majus
1882 2571 2126 2644 tempus

565 2653 645 2714 ad
680 2654 1147 2733 obligationem,
1197 2663 1641 2736 consequenter
1686 2660 1874 2719 etiam
1911 2678 2128 2721 conce-

566 2749 709 2809 dere
737 2747 891 2808 illud
920 2750 999 2809 ad
1029 2750 1462 2825 irritationem,
1488 2751 1608 2811 nisi
1629 2751 1800 2812 aliud
1829 2753 1993 2813 clare
2022 2772 2127 2813 ex-

564 2840 816 2919 primat,
861 2842 1009 2919 quia
1037 2844 1226 2902 etiam
1258 2848 1347 2901 est
1379 2842 1763 2903 ordinarium
1792 2844 1897 2921 jus
1925 2849 1997 2904 ut
2025 2844 2126 2905 lex

564 2950 692 2992 non
721 2932 894 3010 prius
923 2932 1123 2993 irritet
1163 2951 1350 3011 quam
1385 2933 1641 3011 obliget.

645 3026 705 3084 7.
749 3024 1048 3084 Praedicta
1070 3042 1217 3103 ergo
1241 3029 1548 3088 sententia
1568 3026 1647 3087 ad
1671 3045 1987 3088 summum
2014 3026 2127 3089 ha-

563 3117 669 3177 bet
702 3117 911 3177 locum
965 3117 1033 3176 in
1082 3117 1323 3196 legibus
1374 3120 1703 3199 pontificiis
1751 3121 2126 3182 habentibus

561 3210 735 3270 illam
777 3209 1143 3289 particulam
1189 3229 1260 3272 ⁶oe
1303 3231 1479 3288 nuno,
1521 3213 1623 3274 vel
1665 3214 1897 3274 similes
1912 3231 1934 3290 3
1975 3232 2125 3275 nam

537 3303 685 3364 ·i11ae
713 3302 1003 3364 videntur
1029 3304 1353 3367 excludere
1380 3325 1630 3368 omnem
1653 3308 1948 3386 temporis
1972 3308 2128 3368 dila-

563 3396 996 3474 tionem,'quia
1029 3396 1182 3458 alias
1221 3405 1423 3460 essent
1454 3400 1803 3479 superssuae,
1836 3407 1897 3462 et
1931 3401 2022 3461 ita
2048 3402 2125 3462 de

563 3488 686 3548 illis
718 3488 1056 3566 loquuntur
1089 3507 1368 3569 expresse
1400 3493 1876 3554 Panormitanus
1917 3499 1979 3554 et
2016 3493 2124 3554 alii

563 3597 748 3659 supra
780 3580 1063 3659 allegati3
1090 3588 1152 3643 et
1178 3582 1394 3644 eodem
1416 3585 1601 3645 modo
1622 3585 1896 3664 loquitur
1916 3586 2126 3646 Glossa

563 3673 652 3733 ibi
688 3674 1104 3735 communiter
1145 3675 1483 3754 approbata
1518 3695 1628 3755 per
1664 3676 1972 3738 Cardinal.
2014 3678 2128 3738 Bo-

564 3765 881 3839 nifacium,
922 3771 984 3825 et
1015 3766 1167 3826 alios
1209 3766 1275 3826 in
1304 3767 1603 3827 Clement.
1645 3770 1683 3829 2
1711 3769 1786 3829 de
1814 3770 2124 3845 Haeretic.,

565 3857 738 3919 verb.
773 3859 881 3918 Em
897 3862 1059 3933 tunc,
1083 3864 1147 3919 et
1170 3866 1513 3939 sequuntur
1542 3861 1821 3923 moderni
1853 3863 2129 3942 theologi

566 3949 981 4011 communiter
1009 3954 1067 4012 1.
1099 3953 1162 4026 2,
1198 3959 1414 4031 quaest.
1446 3955 1554 4029 90,
1585 3961 1701 4016 art.
1730 3957 1771 4016 4
1787 3977 1804 4031 3
1839 3956 2121 4033 Saucius,

566 4044 677 4123 qui
703 4042 856 4103 alios
879 4043 1090 4119 refert,
1115 4043 1160 4105 l.
1199 4046 1235 4105 3
1258 4045 1334 4105 de
1362 4046 1659 4123 Matrim.‚
1691 4047 1985 4128 disputat.
2025 4052 2125 4125 17,

567 4155 633 4197 n.
677 4138 775 4211 10,
820 4155 859 4196 a
898 4155 1162 4217 quorum
1201 4140 1507 4200 sententia
1542 4141 1954 4202 recedendum
2001 4160 2132 4203 non

567 4233 680 4295 est.
715 4229 862 4306 quia
888 4246 1103 4290 revera
1135 4229 1268 4290 haec
1292 4231 1542 4293 videtur
1563 4250 1691 4294 esse
1717 4252 1893 4294 mens
1919 4234 2131 4296 Ponti-

566 4319 779 4381 ficum.
836 4319 1298 4383 Observandum
1353 4331 1566 4386 autem
1621 4331 1714 4387 est
1771 4327 2131 4406 hujusmodi

566 4412 734 4491 leges
775 4413 843 4473 in
881 4414 1104 4492 quibus
1143 4415 1300 4477 tales
1350 4418 1663 4497 particulae
1707 4426 2127 4502 apponuntur,

569 4505 934 4582 regulariter
951 4506 1284 4586 loquendo,
1309 4527 1438 4570 esse
1458 4510 1534 4571 de
1558 4512 1926 4590 quibusdam
1946 4513 2131 4572 rebus

567 4598 671 4659 vel
697 4597 1040 4662 actionibus
1070 4600 1138 4660 in
1166 4600 1390 4680 quibus
1410 4603 1691 4665 Pontifex
1712 4610 1912 4684 potest
1937 4605 2131 4665 libere

570 4690 892 4769 disponere
920 4695 984 4751 et
1023 4691 1402 4771 dispensare,
1440 4699 1512 4755 ut
1543 4701 1689 4756 sunt
1727 4696 2028 4758 beneficia
2072 4701 2135 4757 et

570 4782 926 4843 collationes
953 4802 1192 4860 eorum,
1226 4792 1288 4847 et
1321 4787 1462 4849 ideo
1487 4788 1550 4848 in
1580 4788 1677 4849 his
1706 4807 1865 4868 saepe
1890 4789 2135 4849 inhabi-

570 4874 709 4935 litat
735 4893 1048 4954 personas,
1078 4879 1177 4939 vel
1204 4879 1464 4959 impedit
1489 4881 1763 4941 valorem
1791 4881 2134 4941 collationis

571 4985 611 5028 a
637 4967 738 5028 die
764 4969 1318 5047 promulgationis3
1352 4976 1425 5032 ut
1452 4961 1784 5033 novissime
1826 4973 1972 5032 fecit
2005 4972 2136 5032 Cle-

571 5078 747 5122 mens
765 5061 898 5120 VIII
915 5062 983 5121 in
1002 5062 1120 5122 hoc
1137 5081 1332 5141 regno
1350 5063 1680 5125 Lusitaniae
1704 5064 2134 5126 constituendo

571 5167 802 5213 novum
829 5152 1342 5232 impedimentum
1383 5151 1474 5217 ex'
1497 5157 1740 5219 defectu
1767 5158 2012 5235 generis
2052 5156 2133 5217 ad

571 5245 858 5324 quaedam
876 5246 1279 5308 ecclesiastica
1296 5248 1615 5324 beneficia,
1641 5256 1702 5310 et
1719 5251 1927 5311 Sixtus
1944 5250 2000 5308 V
2016 5249 2134 5310 hoc

572 5338 761 5398 etiam
782 5338 927 5398 fecit
946 5345 1009 5399 et
1034 5340 1364 5401 declaravit
1395 5341 1462 5401 in
1492 5342 1971 5420 professionibus
1993 5343 2135 5403 reli-

571 5431 911 5509 giosorum,
932 5433 1077 5510 quia
1097 5434 1286 5494 etiam
1305 5434 1479 5494 valor
1494 5435 1888 5514 professionis
1906 5436 2137 5514 pendet

571 5539 652 5587 ex
675 5526 1093 5603 acceptatione
1124 5526 1284 5589 sedis
1310 5526 1681 5605 apostolicae.

1473 423 1588 477 LIB.
1624 424 1684 477 V.
1722 424 1803 476 DE
1834 422 2192 477 VARIETATE
2222 421 2434 476 Lmtm
2464 419 2873 475 nummum.

2288 526 2349 585 8.
2393 523 2473 584 At
2503 540 2648 584 vero
2675 523 2742 582 in
2780 522 2920 582 aliis
2947 520 3131 581 rebus
3158 540 3296 600 quae
3332 540 3462 582 non
3506 522 3599 583 ita
3626 540 3793 601 pen-

2208 618 2357 678 dent
2374 635 2452 678 ex
2472 616 2825 677 voluntaria
2842 615 3231 675 institutione
3256 614 3661 690 Pontificum,
3683 615 3792 675 sed

2207 716 2563 790 supponunt
2588 707 2838 787 aliquod
2862 708 3141 768 naturale
3165 708 3271 786 jus
3299 708 3467 786 quod
3508 725 3627 787 per
3672 707 3787 766 hu-

2208 821 2461 865 manam
2488 804 2690 881 legem
2717 801 3034 862 interdum
3068 800 3481 875 modificatur,
3521 801 3594 860 id
3622 803 3790 860 nu'n·

2208 914 2397 976 quam
2418 895 2491 956 fit
2507 896 2639 955 sine
2662 894 3051 955 concessione
3071 893 3432 954 sufficientis
3453 893 3786 972 temporis,

2207 995 2281 1051 ut
2305 991 2407 1050 lex
2433 989 2511 1049 ad
2538 988 2826 1048 notitiam
2857 986 3173 1063 deveniat3
3202 993 3339 1046 tum
3359 986 3508 1065 quia
3533 985 3785 1063 regula-

2207 1084 2360 1145 riter
2390 1087 2547 1144 esset
2577 1081 2871 1141 nocivum
2898 1079 3064 1139 bono
3096 1080 3437 1153 communi,
3470 1084 3609 1139 tum
3635 1078 3788 1157 quia

2206 1177 2521 1239 videretur
2559 1175 2768 1254 aliquo
2810 1174 2996 1233 modo
3026 1172 3156 1250 juri
3191 1178 3431 1232 naturae
3470 1189 3788 1249 repugna-

2209 1289 2301 1346 re,
2344 1275 2414 1331 ut
2447 1269 2823 1330 declaratum
2866 1271 2958 1327 est
2994 1265 3279 1344 exemplo
3316 1265 3471 1343 legis
3519 1263 3787 1324 Concilii

2209 1362 2554 1424 Tridentini
2600 1360 2900 1422 irritantis
2937 1359 3333 1420 matrimonia
3372 1357 3781 1418 clandestina.

2208 1455 2501 1530 Quamvis
2527 1460 2737 1515 autem
2764 1453 2883 1513 hoc
2913 1452 3001 1512 ita
3045 1452 3148 1528 sit,
3183 1450 3594 1512 nihilominus
3624 1467 3789 1509 sem-

2208 1569 2320 1630 per
2344 1567 2458 1628 pro
2486 1548 2622 1626 lege
2650 1553 2740 1608 est
2766 1545 3297 1626 praesumendum,
3327 1550 3392 1603 et
3414 1543 3557 1603 ideo
3582 1560 3786 1621 quan-

2210 1644 2555 1723 documque
2619 1642 2723 1703 lex
2787 1641 3083 1700 canonica
3144 1637 3435 1698 habuerit
3509 1636 3783 1696 similem

2210 1735 2574 1812 clausulam,
2601 1734 3065 1814 quamprimum
3087 1732 3166 1792 ad
3184 1730 3470 1791 notitiam
3490 1729 3785 1789 deveniat

2208 1827 2505 1889 servanda
2537 1833 2629 1889 est
2662 1833 2734 1887 ut
2761 1825 3063 1886 nullitatis
3100 1823 3446 1903 periculum
3484 1821 3774 1883 evitetur.

2207 1920 2381 1994 Quod
2426 1922 2476 1980 si
2517 1939 2629 1999 per
2671 1918 3090 1997 ignorantiam
3132 1916 3302 1977 aliud
3344 1921 3557 1976 eontra
3605 1913 3779 1973 illam

2205 2015 2439 2075 factum
2466 2013 2675 2089 fuerit,
2702 2017 2765 2072 et
2783 2011 2970 2071 habet
2991 2028 3117 2071 esse
3147 2025 3518 2088 permanens
3542 2025 3584 2067 a
3605 2008 3778 2085 cujus

2207 2107 2601 2168 subsistentia
2647 2109 2709 2165 et
2750 2104 3011 2165 veritate
3055 2102 3161 2163 alii
3192 2101 3442 2162 effectus
3479 2099 3776 2178 pendent,

2209 2198 2588 2278 supplendus
2611 2202 2701 2258 est
2728 2196 3020 2272 defectus,
3051 2202 3303 2275 propter
3325 2193 3607 2254 eamdem
3631 2210 3780 2251 cau-

2208 2310 2341 2353 sam
2373 2289 2631 2371 periculi
2660 2289 2956 2350 evitandi.

2290 2388 2351 2446 9.
2396 2383 2515 2445 Sed
2534 2383 2681 2462 quid
2706 2382 2876 2443 silex
2900 2383 2986 2441 ita
3012 2379 3326 2441 intellecta
3352 2380 3540 2439 nimis
3568 2380 3782 2457 gravis

2213 2477 2497 2538 videatur
2514 2483 2575 2537 et
2591 2476 2757 2536 bono
2776 2474 3090 2535 communi
3113 2473 3427 2534 contraria
3443 2495 3460 2547 3
3485 2472 3783 2533 licebitne

2212 2568 2292 2630 ab
2319 2570 2427 2630 illa
2456 2569 2801 2649 supplicare
2828 2569 2905 2628 ad
2929 2569 3134 2646 ipsum
3161 2565 3548 2641 Pontificem,
3584 2572 3649 2627 et
3686 2567 3782 2625 iu-

2208 2664 2390 2723 terim
2419 2663 2620 2740 legem
2657 2679 2785 2721 nou
2824 2662 3100 2720 servare?
3127 2659 3573 2736 Respondemr,
3605 2658 3783 2734 licet,

2207 2755 2273 2814 in
2319 2754 2689 2833 praescriptis
2730 2749 3199 2831 particularibus
3242 2748 3612 2809 admittatur
3660 2750 3784 2809 hoc

2204 2864 2402 2925 genus
2428 2844 2860 2925 appellationis
2898 2843 2999 2902 vel
3031 2841 3442 2920 suspensionis
3476 2859 3613 2921 cap.
3658 2841 3781 2904 Si-

2204 2941 2543 3018 ynifioasti,
2579 2939 2654 2999 de
2682 2936 3039 3015 Rescriptis,
3074 2953 3215 2994 cum
3246 2934 3344 2993 his
3373 2951 3511 3011 quae
3544 2933 3630 2992 ibi
3660 2951 3781 2993 no·

2205 3036 2441 3106 tantur,
2486 3031 2633 3111 quia
2674 3030 2821 3089 talia
2872 3029 3167 3106 rescripta
3194 3045 3354 3105 saepe
3393 3026 3662 3105 pendent
3696 3043 3778 3085 ex

2205 3123 2367 3184 facto
2396 3125 2572 3202 cujus
2600 3122 2955 3202 ignorantia
2974 3122 3041 3180 in
3070 3119 3363 3181 Pontifice
3393 3118 3769 3179 admittitur.

2206 3220 2275 3278 Iu
2301 3218 2543 3296 legibus
2569 3224 2780 3278 autem
2800 3214 3231 3277 communibus
3265 3232 3390 3274 non
3422 3212 3775 3274 admittitur

2203 3310 2309 3371 ille
2348 3310 2569 3371 modus
2610 3309 3042 3389 appellationis
3091 3313 3152 3368 et
3196 3306 3616 3386 suspensionis
3633 3351 3650 3379 ,
3703 3310 3775 3364 ut

2204 3408 2423 3464 notant
2442 3404 2718 3463 doctores
2735 3403 2804 3461 in
2824 3421 2878 3462 c.
2918 3399 3257 3472 Consuluit,
3284 3400 3320 3459 3
3340 3398 3417 3458 de
3440 3396 3770 3476 Appellat„

2205 3500 2269 3556 et
2298 3496 2366 3555 in
2397 3495 2518 3573 leg.
2562 3494 2645 3557 Si
2675 3512 2797 3569 res,
2837 3493 2905 3552 ff.
2943 3492 3117 3567 eod.;
3151 3491 3342 3551 tradit
3383 3489 3678 3551 Rebuffus
3708 3489 3777 3548 in

2204 3586 2330 3665 leg.
2368 3587 2662 3662 Scaevola,
2699 3585 2736 3665 ἑ
2768 3585 2851 3648 Si
2881 3602 3000 3664 qua
3023 3601 3220 3662 poena,
3252 3583 3320 3643 ff.
3362 3582 3439 3642 de
3465 3580 3659 3640 Verb.
3699 3580 3774 3640 si-

2206 3679 2390 3759 gnif.,
2422 3681 2569 3758 quia
2594 3678 2949 3757 ignorantia
2971 3677 3128 3756 juris
3155 3680 3217 3737 et
3243 3675 3398 3735 boni
3433 3673 3776 3734 communis

2205 3790 2334 3832 non
2356 3774 2749 3851 praesumitur
2783 3771 2852 3830 in
2879 3768 3202 3843 Pontifice,
3228 3774 3291 3828 et
3308 3768 3409 3828 lex
3431 3764 3777 3826 communis

2206 3864 2351 3926 licet
2386 3865 2454 3925 in
2496 3883 2623 3924 uno
2666 3864 2801 3924 loco
2850 3863 3069 3923 afferat
3114 3860 3603 3932 incommodum,
3648 3875 3778 3917 non

2209 3958 2350 4018 ideo
2378 3963 2572 4018 cessat
2601 3956 2876 4018 efficacia
2903 3956 3057 4034 ejus.
3089 3955 3471 4033 Quapropter
3490 3952 3555 4010 in
3575 3967 3650 4009 eo
3674 3967 3780 4008 ca-

2211 4069 2284 4112 su
2307 4050 2638 4130 supplicari
2665 4048 2916 4128 quidem
2952 4053 3152 4127 potest
3180 4044 3461 4106 Pontifici
3472 4060 3492 4119 3
3521 4042 3781 4102 interim

2209 4149 2421 4204 tamen
2457 4146 2737 4202 servetur
2771 4139 2898 4213 lex,
2929 4140 3077 4217 quia
3114 4155 3359 4216 semper
3386 4135 3612 4216 poterit
3641 4134 3779 4193 sine

2211 4235 2451 4297 malitia
2469 4232 2724 4307 servari,
2750 4238 2812 4293 et
2830 4230 3063 4309 alioqui
3080 4229 3157 4290 de
3178 4246 3242 4289 se
3264 4229 3518 4306 obligat,
3538 4225 3781 4286 etiamsi

2212 4326 2465 4406 aliquod
2484 4324 2947 4386 incommodum
2991 4326 3103 4382 aut
3133 4320 3562 4382 difficultatem
3591 4317 3784 4378 conti·

2214 4426 2381 4482 neat.

2296 4518 2395 4577 10.
2437 4512 2636 4574 Aliud
2663 4509 3457 4591 immoqatum.—Quaeret
3482 4522 3633 4566 vero
3673 4502 3789 4563 ali-

2213 4607 2351 4688 quis
2376 4612 2507 4668 tam
2549 4605 2711 4665 circa
2759 4603 2927 4681 leges
2973 4603 3181 4663 civiles
3236 4618 3427 4679 quam
3455 4597 3789 4658 canonicas

2212 4700 2524 4760 irritantes
2551 4716 2634 4757 an
2657 4714 2769 4775 pro
2802 4713 2875 4756 eo
2902 4702 3179 4774 tempore
3206 4711 3319 4772 pro
3347 4709 3471 4771 quo
3497 4689 3789 4750 nondum

2214 4790 2493 4868 obligant
2508 4835 2528 4865 ,
2568 4806 2769 4868 neque
2803 4787 3080 4848 efficiunt
3126 4804 3308 4846 suum
3351 4784 3643 4844 effectum
3675 4799 3792 4840 an·

2214 4881 2498 4944 nullandi
2520 4886 2749 4950 actum,
2766 4879 2867 4940 vel
2885 4876 3324 4938 inhabilitandi
3347 4893 3639 4956 personas
3658 4891 3795 4932 non

2215 4974 2690 5048 consentientes,
2729 4971 2948 5032 saltem
2988 4969 3262 5029 efficiant
3302 4968 3505 5040 illum,
3537 4965 3800 5026 volente

2218 5072 2280 5128 et
2316 5070 2673 5144 acceptante
2719 5063 3128 5123 irritationem
3184 5060 3286 5121 vel
3331 5058 3803 5119 inhabilitatem

2216 5177 2289 5220 eo
2315 5158 2394 5218 ad
2422 5175 2608 5236 quem
2647 5155 3043 5217 commodum
3071 5153 3168 5214 vel
3199 5150 3669 5212 incommodum
3707 5156 3806 5208 ta·

2215 5251 2293 5312 lis
2319 5250 2682 5311 irritationis
2710 5254 2983 5326 spectare
3003 5252 3226 5325 potest.
3257 5243 3467 5305 Videri
3492 5242 3664 5303 enim
3686 5258 3806 5319 po-

2219 5349 2339 5404 test
2365 5360 2541 5422 posse
2570 5342 2839 5420 aliquem
2863 5339 2956 5398 uti
2985 5338 3121 5415 lege
3154 5338 3438 5397 irritante
3468 5333 3587 5394 sibi
3623 5333 3808 5393 favo-

2217 5435 2424 5510 rabili,
2450 5435 2637 5495 etiam
2671 5438 2814 5493 ante
2848 5437 3089 5508 tempus
3118 5446 3156 5487 a
3191 5429 3327 5505 lege
3361 5426 3807 5505 praescriptum

2214 5528 2302 5589 ,ad
2326 5527 2752 5606 obligandum,
2780 5529 2916 5584 tum
2946 5523 3093 5601 quia
3120 5521 3277 5582 illud
3306 5526 3551 5597 tempus
3579 5536 3807 5580 conce·
