3976 6219
514 399 634 461 368

513 523 586 569 eu
607 504 731 583 leae
760 501 944 565 veteri
973 507 1027 565 et
1048 505 1310 564 Μίνω.
1338 501 1573 563 —Haec
1598 499 1729 561 sola
1754 514 2077 577 compara—

514 597 602 658 tio
624 595 801 656 nobis
822 599 1098 674 superest
1119 594 1282 656 inter
1309 593 1424 655 has
1451 594 1607 654 duas
1629 595 1979 673 potestates.
2004 590 2080 650 Et

513 690 582 750 in
601 688 710 749 illa
729 687 1137 748 inveniuntur
1162 704 1399 748 errores
1426 684 1754 761 contrarii3
1779 700 1941 744 unus
1963 686 2076 758 est,

513 781 627 843 has
654 782 810 842 duas
853 784 1206 859 potestates,
1253 784 1441 860 prout
1489 781 1636 840 sunt
1676 776 1743 838 in
1788 774 2076 851 Ecclesia,

515 891 757 954 semper
779 892 852 935 ac
872 872 1211 935 necessario
1234 891 1364 936 esse
1387 872 1771 951 conjunctas,
1787 888 1917 931 non
1943 866 2081 948 qni·

514 967 657 1028 dem
676 966 745 1026 in
767 983 841 1027 eo
859 983 1065 1042 sensu,
1077 965 1145 1026 in
1168 983 1290 1045 quo
1312 964 1508 1045 aliqui
1533 964 1823 1025 dixerunt
1842 966 2081 1023 utram-

521 1077 642 1138 que
668 1062 1033 1138 potestatem
1062 1075 1191 1119 esse
1233 1058 1301 1118 in
1354 1073 1599 1118 summo
1625 1053 1921 1118 Pontifice
1955 1071 2082 1115 1·ae-

516 1157 700 1232 pectu
730 1150 918 1211 totius
948 1149 1111 1211 orbis
1115 1195 1136 1226 ,
1165 1156 1228 1211 et
1251 1149 1504 1225 directe,
1529 1167 1600 1210 ac
1626 1147 1968 1210 formaliter
1992 1148 2083 1226 (ut

517 1243 604 1304 sic
634 1243 862 1320 dicam)
891 1260 969 1304 ex
999 1241 1211 1304 divino
1243 1241 1378 1321 jure
1394 1257 1415 1319 3
1446 1241 1728 1321 quamvis
1771 1241 1940 1302 enim
1965 1239 2085 1301 hoc

517 1353 647 1396 non
674 1335 764 1396 ita
794 1335 898 1410 sit,
941 1352 1067 1395 non
1110 1340 1323 1395 tamen
1352 1338 1445 1395 est
1477 1350 1649 1395 error
1678 1333 1746 1394 in
1789 1332 1937 1407 fide,
1975 1330 2084 1393 sed

518 1428 751 1507 opinio,
781 1427 858 1489 de
886 1445 1010 1508 qua
1034 1426 1180 1488 satis
1216 1425 1448 1487 dictum
1483 1431 1596 1487 est.
1629 1427 1697 1486 In
1732 1424 1857 1487 alio
1900 1441 2083 1485 sensu

515 1520 802 1583 haeretico
826 1521 1051 1582 docent
1071 1519 1242 1581 illam
1272 1519 1549 1580 haeretici
1575 1518 1763 1597 hujus
1790 1518 2085 1598 temporis

518 1632 784 1694 quorum
813 1615 1097 1693 princeps
1123 1613 1329 1691 quoad
1350 1612 1513 1673 hanc
1552 1617 1817 1692 partem,
1838 1612 2084 1672 videtur

517 1707 718 1769 fuisse·
759 1706 1056 1768 Henricus
1085 1706 1242 1781 VIII,
1285 1723 1395 1766 rex
1440 1705 1701 1783 Angliae,
1735 1704 1854 1783 ⁸qui
1889 1704 2086 1765 voluit

518 1816 1031 1879 unumquemque
1075 1815 1285 1877 regem
1319 1797 1723 1877 temporalem
1752 1814 1880 1858 esse
1919 1814 2087 1857 sum-

520 1909 696 1952 mum
734 1890 1094 1952 Pontificem
1122 1891 1190 1950 in
1217 1907 1328 1950 suo
1363 1908 1580 1968 regno,
1617 1896 1804 1969 atque
1840 1890 1930 1950 ita
1976 1890 2087 1952 ha-

518 1985 666 2046 bere
692 1984 878 2046 simul
907 1990 1232 2064 utramque
1269 1989 1655 2064 potestatem.
1698 1984 1777 2045 Hi
1810 1983 2087 2046 haeretici

520 2077 764 2139 nullum
788 2076 1024 2138 habent
1047 2077 1528 2139 fundamentum
1552 2083 1772 2158 praeter
1795 2077 2088 2139 affectum

519 2170 861 2247 libertatis3
891 2169 1180 2231 videntur
1206 2175 1413 2231 autem
1442 2170 1601 2231 nihil
1633 2170 1818 2231 altius
1857 2171 2088 2232 sentire

522 2263 600 2324 de
626 2262 743 2324 hac
765 2268 1062 2342 potestate
1084 2263 1390 2342 spirituali
1417 2263 1484 2324 in
1510 2263 1647 2342 lege
1676 2281 1861 2339 nova,
1899 2281 2088 2342 quam

521 2356 810 2418 habuerit
849 2356 916 2416 in
960 2356 1096 2435 lege
1127 2356 1346 2432 veteri,
1390 2361 1502 2417 aut
1549 2362 1806 2432 naturae,
1842 2362 1905 2418 et
1949 2357 2088 2418 ideo

463 2441 473 2449 ⁶
524 2449 689 2529 quod
717 2449 838 2510 illis
884 2449 1264 2529 temporibus
1309 2454 1622 2510 servatum
1667 2467 1796 2510 esse
1839 2453 2088 2529 putant,

524 2548 597 2603 ut
622 2560 800 2622 reges
846 2551 1049 2603 essent
1093 2560 1280 2622 supra
1306 2542 1673 2620 sacerdoteS,
1702 2560 1874 2604 nunc
1901 2543 2091 2605 etiam

525 2636 896 2697 servandum
928 2652 1060 2696 esse
1086 2634 1463 2696 existimant.
2082 2693 2085 2694 a

605 2730 667 2789 Ξ.
709 2729 1022 2792 Semmdus
1048 2747 1238 2791 error.
1263 2760 1349 2774 —
1371 2728 1544 2789 Alius
1594 2746 1765 2789 error
1802 2729 2092 2790 inventus

529 2820 718 2882 etiam
758 2837 796 2879 a
826 2817 1246 2894 novatoribus,
1295 2825 1388 2879 est
1433 2824 1798 2898 potestatem
1847 2820 2091 2881 civilem

530 2911 784 2974 omnino
832 2928 1180 2990 repugnare
1212 2911 1629 2988 Pontificibus,
1659 2930 1767 2974 seu
1816 2914 2093 2993 personis

531 3005 600 3065 in
650 3003 1009 3066 sacerdotali
1057 3004 1360 3083 dignitate
1411 3005 1778 3066 constitutis.
1809 3005 2092 3068 Afferunt

531 3096 720 3160 verba
745 3096 854 3158 illa
882 3095 1106 3158 Christi
1140 3098 1318 3160 Lucee
1339 3099 1419 3159 22
1442 3116 1459 3160 :
1484 3099 1676 3180 Reqes
1701 3099 1970 3179 qentium
1994 3100 2093 3162 do-

530 3192 846 3253 minantur
890 3208 1113 3266 eorum,
1159 3196 1305 3265 etc„
1341 3209 1443 3254 vos
1484 3197 1681 3254 autem
1716 3210 1834 3253 uon
1872 3193 1982 3268 sio,
2015 3211 2092 3254 ex

531 3283 757 3364 quibus
776 3281 979 3367 verbis
1005 3283 1093 3344 sic
1121 3283 1358 3363 colligit
1383 3283 1678 3345 Bernard.
1698 3284 1743 3345 1.
1775 3286 1815 3344 2
1834 3285 1913 3346 de
1936 3285 2091 3346 Con-

532 3377 743 3451 sider.,
775 3395 912 3457 cap.
944 3377 1006 3453 6,
1036 3377 1304 3439 Planum
1341 3383 1474 3440 est:
1500 3376 1813 3456 Apostolis
1834 3379 2096 3441 interdi-

533 3471 694 3533 citur
713 3470 1054 3531 dominatus
1057 3493 1082 3541 ;
1102 3485 1240 3548 erqo
1265 3474 1357 3544 tu,
1382 3474 1436 3532 et
1462 3470 1579 3531 tibi
1605 3486 1903 3548 usin-pare
1919 3470 2091 3545 aude,

534 3565 642 3624 aut
662 3561 975 3623 dominans
994 3558 1438 3640 Apostolatum,
1464 3565 1572 3624 aut
1592 3559 1974 3640 Apostolieus
1998 3562 2096 3623 do-

532 3654 854 3726 minatum,
894 3650 1072 3731 plane
1115 3653 1188 3715 ab
1243 3652 1535 3715 alterutro
1574 3652 1957 3730 prohibueris
1969 3675 1998 3724 ;
2035 3652 2095 3713 si

532 3749 851 3823 utrumque
867 3741 1157 3805 similiter
1185 3743 1398 3807 habere
1426 3744 1602 3817 voles,
1630 3744 1838 3823 perdes
1863 3750 2096 3807 utrum-

535 3853 667 3916 que.
699 3835 854 3895 Item
874 3832 981 3894 illa
999 3834 1177 3895 Pauli
1197 3836 1236 3896 2
1258 3834 1338 3897 ad
1355 3835 1627 3897 Timoth.
1655 3837 1696 3896 2
1718 3856 1734 3897 ε
1758 3837 1951 3903 Nemo
1980 3837 2095 3900 mi-

535 3928 728 3990 litans
775 3928 923 4003 Deo,
966 3926 1242 4006 implicat
1286 3945 1349 3991 se
1397 3929 1658 4008 ueyotiis
1698 3929 2090 3992 secularibus.

536 4022 629 4081 Ex
671 4019 899 4100 quibus
926 4018 1146 4081 volunt
1171 4020 1455 4101 colligere
1478 4021 1619 4100 jure
1645 4022 1859 4083 divino
1884 4021 2096 4102 prohi-

534 4112 737 4174 bitum
768 4131 896 4175 esse
928 4112 1342 4175 sacerdotibus
1372 4113 1602 4176 habere
1629 4116 1913 4195 regimen
1941 4120 2097 4176 tem·

536 4206 770 4286 porale.
795 4204 1161 4267 Confirmari
1177 4211 1398 4286 potest,
1420 4207 1569 4287 quia
1593 4207 1881 4270 Nicolaus
1907 4208 2095 4289 Papa,

534 4300 604 4361 in
631 4299 902 4379 Epistola
943 4300 1024 4361 ad
1062 4299 1423 4363 Michaelem
1469 4301 1906 4382 imperatorem
1945 4300 2099 4362 dicit

540 4394 623 4455 Iu
643 4393 766 4472 leae
789 4399 1029 4456 natura·
1051 4394 1273 4457 eosdem
1296 4393 1491 4472 fuisse
1510 4395 1725 4474 Reqes,
1752 4400 1807 4457 et
1829 4395 2098 4457 sacerdo-

537 4492 625 4549 tes
638 4511 664 4559 ;
699 4483 1013 4549 Christum
1040 4491 1238 4550 autem
1261 4487 1408 4550 illas
1418 4493 1741 4566 potestates
1763 4506 2094 4569 separasse.

539 4578 718 4638 Ratio
765 4578 954 4639 etiam
985 4578 1247 4656 adjungi
1273 4585 1494 4657 potest,
1524 4580 1672 4659 quia
1702 4598 1831 4642 11811
1857 4580 2101 4642 videtur

530 4686 662 4730 una
685 4687 951 4748 persona
983 4670 1298 4731 sufficiens
1346 4671 1427 4732 ad
1457 4678 1793 4754 utrumque
1819 4673 2107 4753 regimen

531 4762 971 4825 convenienter
981 4762 1426 4843 praestandum,
1437 4766 1784 4844 praesertim
1797 4766 1850 4828 si
1867 4772 2106 4828 utrum·

532 4871 655 4933 que
679 4855 760 4915 sit
785 4855 1149 4935 perfectum,
1178 4855 1361 4937 quale
1388 4857 1736 4947 requiritur
1760 4859 1831 4922 in
1879 4878 1953 4923 eo
1997 4858 2108 4941 qui

538 4952 906 5027 potestatem
932 4948 1122 5009 habet
1146 4948 1387 5011 ferendi
1409 4950 1602 5029 leges.

628 5041 688 5101 3.
718 5039 1549 5104 Coactum—Nihilominus
1565 5044 1792 5106 veritas
1809 5044 2110 5108 catholica

539 5138 656 5210 est,
673 5139 1005 5214 potestates
1033 5133 1149 5195 has
1171 5152 1287 5195 nec
1312 5136 1653 5198 necessario
1672 5154 1801 5199 esse
1816 5138 2109 5216 conjunc·

543 5231 662 5302 tas,
703 5245 818 5289 nec
850 5227 1192 5289 necessario
1240 5234 1575 5307 separatas,
1619 5230 1768 5310 quia
1811 5236 2105 5293 neutrum

543 5326 634 5380 est
675 5320 885 5381 divino
919 5322 1062 5400 jure
1094 5327 1494 5402 praeceptum,
1539 5328 1650 5384 aut
1697 5323 2100 5403 prohibitum.

541 5411 717 5473 Prior
748 5430 891 5492 pars
919 5413 1065 5473 satis
1086 5419 1256 5492 patet
1277 5414 1409 5494 ipso
1452 5434 1569 5476 usu
1602 5421 1664 5476 et
1700 5416 2100 5496 experientia.

542 5505 700 5566 Nam
739 5503 1044 5586 imprimis
1083 5505 1278 5568 multo
1324 5511 1602 5588 tempore
1653 5508 1775 5570 fuit
1831 5507 2106 5570 Ecclesia

1480 399 1597 453 Lm.
1633 398 1715 453 IV.
1745 398 1828 451 DE
1858 393 2066 450 LEGEA
2096 393 2384 450 Posrrm
2414 396 2741 451 canotum,

2156 496 2381 559 Christi
2402 498 2536 559 sine
2562 497 2692 559 ulla
2717 495 3048 577 temporali
3064 501 3362 577 potestate
3398 495 3626 579 quoad
3667 497 3766 557 ci-

2156 590 2278 652 vile
2328 591 2610 670 regimen
2658 589 3038 671 reipublicae,
3086 596 3149 652 et
3207 593 3403 671 prius,
3468 589 3764 665 38111881,

2159 702 2349 763 quam
2374 702 2552 764 reges
2585 684 2913 765 coepissent
2946 684 3028 745 ad
3077 682 3266 746 fidem
3299 685 3637 761 converti3
3698 692 3767 745 et

2158 782 2370 839 tamen
2396 783 2765 858 potestatem
2801 776 3188 857 spiritualem
3213 796 3458 859 semper
3480 776 3764 852 habuit,

2159 888 2236 932 ex
2267 888 2392 950 quo
2415 871 2690 932 Christus
2715 869 2874 931 dixit
2905 891 2921 930 ε
2955 870 3147 934 Pasce
3180 888 3312 933 oves
3335 888 3530 933 meas.
3567 870 3767 930 Nunc

2158 963 2350 1024 etiam
2376 963 2560 1025 multi
2597 968 2744 1025 sunt
2773 961 3076 1043 Episcopi,
3100 962 3211 1042 qui
3231 961 3472 1024 nullam
3500 962 3769 1023 habent

2158 1062 2527 1138 potestatem
2549 1056 2794 1118 civilem
2815 1056 2896 1117 ad
2922 1055 3204 1117 ferendas
3240 1056 3432 1135 18383,
3458 1074 3623 1117 cum
3660 1061 3766 1116 ta·

2162 1168 2308 1211 men
2348 1149 2730 1230 spiritualem
2768 1148 3043 1211 habeant
3069 1164 3086 1208 2
3120 1166 3268 1227 ergo
3298 1167 3375 1210 ex
3403 1149 3529 1210 hac
3571 1154 3762 1229 parte

2168 1241 2541 1322 separabiles
2575 1247 2741 1304 sunt.
2774 1241 3008 1303 Deinde
3034 1241 3201 1320 quod
3241 1247 3516 1321 potestas
3548 1241 3763 1302 civilis

2168 1335 2360 1398 etiam
2400 1353 2689 1415 suprema
2729 1335 2866 1396 sine
2909 1333 3327 1397 ecclesiastica
3354 1334 3760 1411 inveniatur,

2165 1428 2383 1491 eadem
2436 1427 2686 1489 traditio
2740 1426 3030 1489 ostendit.
3079 1429 3236 1489 Nam
3295 1427 3761 1489 Constantinus

2163 1521 2523 1601 imperator,
2544 1520 2612 1580 in
2635 1519 2908 1582 Concilio
2934 1519 3187 1595 Niceno,
3217 1519 3532 1600 professus
3556 1526 3663 1581 aet
3693 1538 3757 1580 se

2162 1632 2293 1675 non
2321 1612 2607 1674 babuisse
2629 1617 2997 1692 potestatem
3024 1612 3103 1673 ad
3122 1611 3545 1692 ‚iudicandum
3587 1613 3759 1673 inter

2164 1706 2525 1768 sacerdotes.
2557 1705 2726 1766 Idem
2762 1705 2838 1765 de
2869 1704 3306 1767 Valentiniano
3351 1706 3611 1767 seniore
3658 1723 3756 1766 re-

2164 1798 2285 1860 fert
2302 1798 2545 1873 Ambr„
2566 1796 2677 1859 lib.
2701 1799 2764 1873 Ξ,
2784 1797 2975 1876 Epist.
3001 1800 3079 1858 13
3096 1798 3174 1858 ad
3193 1797 3510 1860 valentin.
3528 1797 3756 1877 junio-

2166 1909 2323 1967 rem,
2355 1891 2422 1951 in
2459 1908 2583 1969 qua
2622 1889 2878 1968 dignam
2925 1889 3114 1952 refert
3139 1889 3444 1952 catholico
3470 1890 3756 1969 impera-

2166 1988 2303 2044 tore
2338 1981 2752 2044 sententiam:
2803 1982 2888 2043 Iu
2926 1998 3109 2044 eausa
3142 1982 3312 2059 fidei,
3340 1983 3431 2044 vel
3466 1982 3755 2061 alicuju&

2168 2075 2552 2139 ecclesiastici
2589 2073 2845 2148 ordinis,
2881 2091 3013 2137 eum
3034 2074 3323 2153 judicare
3368 2074 3577 2150 debere,
3624 2075 3743 2153 qui

2165 2186 2270 2231 uec
2298 2184 2538 2230 munere
2579 2167 2784 2244 impar
2820 2165 2931 2241 sit,
2976 2184 3079 2229 neo
3108 2167 3260 2245 jin-e
3285 2166 3637 2229 dissimilis.
3664 2167 3753 2226 Et

2168 2261 2257 2322 ita
2283 2261 2472 2322 etiam
2494 2259 2673 2320 factis
2696 2258 3047 2320 observasse
3067 2258 3260 2320 refert
3284 2259 3571 2338 Niceph.,
3594 2258 3648 2318 l.
3674 2261 3702 2318 1
3716 2261 3744 2318 1

2169 2356 2325 2416 Hist.
2349 2373 2403 2415 c.
2444 2355 2481 2413 3
2509 2358 2571 2414 et
2612 2353 2715 2426 30,
2751 2357 2816 2412 et
2844 2351 3073 2412 similia
3097 2351 3288 2412 habet
3323 2351 3597 2426 Theod„
3632 2350 3678 2412 L
3712 2354 3753 2412 4

2171 2448 2357 2522 Hist.,
2388 2465 2443 2508 8.
2468 2448 2507 2507 6
2530 2451 2593 2507 et
2612 2445 2674 2507 7.
2702 2444 2821 2517 Qui
2849 2444 3039 2505 etiam
3059 2462 3113 2506 8.
3153 2445 3252 2518 16,
3279 2462 3427 2505 88111
3455 2443 3749 2523 Ν1881111.,

2171 2558 2360 2620 supra
2382 2558 2435 2601 c.
2476 2542 2577 2614 13,
2604 2537 2792 2600 refert
2813 2536 3057 2616 insigne
3089 2537 3327 2598 dictum
3355 2536 3615 2616 Eulogii
3658 2555 3753 2597 sa-

2176 2631 2463 2708 cerdotis,
2509 2631 2619 2712 qui
2662 2647 2803 2691 cum
2840 2647 2879 2689 a
2918 2629 3203 2708 praefecto
3229 2628 3645 2691 induceretur
3670 2630 3749 2690 ad

2173 2722 2687 2785 consentiendum
2739 2720 2989 2782 Valenti
3062 2722 3278 2782 ariano
3333 2721 3706 2802 imperatori
3725 2769 3745 2798 ,

2171 2835 2282 2896 per
2308 2816 2575 2877 ironiam
2600 2813 3043 2893 interrogavit:
3060 2814 3391 2894 Numquid
3409 2832 3542 2878 oum
3558 2816 3747 2895 impe-

2170 2910 2265 2971 rio
2293 2914 2378 2972 esc
2401 2909 2582 2971 etiam
2612 2908 2940 2971 sacerdotis
2969 2906 3333 2986 diquitatem
3360 2914 3741 2971 consecutus.-

2171 3001 2447 3082 Denique
2499 3001 2579 3061 ab
2636 3000 2925 3062 omnibus
2975 2999 3289 3061 catholicis
3345 3000 3601 3079 regibus
3655 3001 3743 3061 ita

2172 3113 2366 3175 usque
2392 3093 2472 3156 ad
2501 3097 2713 3156 nostra
2744 3097 3027 3173 tempora
3064 3098 3380 3154 servatum
3423 3098 3537 3155 est.
3563 3092 3741 3154 Ratio

2173 3205 2321 3250 vero
2348 3186 2523 3249 81818
2533 3194 2646 3264 831,
2676 3204 2753 3248 ex
2779 3185 2958 3248 dictis
2980 3184 3352 3246 destruendo
3374 3184 3742 3246 fundamen-

2176 3288 2311 3343 tum
2349 3281 2643 3343 contrarii
2672 3280 2935 3342 erroris:
2972 3297 3123 3340 nam
3149 3279 3219 3340 in
3260 3279 3395 3357 lege
3422 3296 3584 3340 nova
3622 3297 3742 3359 po-

2176 3380 2360 3436 testas
2409 3373 2815 3435 ecclesiastica
2862 3390 2991 3433 11811
3017 3376 3111 3433 831
3141 3371 3453 3446 naturalis,
3485 3372 3595 3431 sed
3628 3389 3740 3431 su·

2174 3466 2587 3547 pei-naturalis
2606 3511 2627 3542 ,
2685 3471 2748 3528 et
2800 3465 3144 3545 specialiter
3184 3483 3222 3526 a
3268 3463 3495 3525 Christo
3543 3464 3727 3539 data3

2175 3577 2498 3639 nunquam
2522 3577 2669 3621 vero
2715 3557 2861 3619 data
2901 3563 2994 3619 est
3023 3556 3275 3619 terrenis
3301 3554 3572 3635 regibus,
3613 3573 3742 3617 nec

2174 3651 2401 3713 alicubi
2442 3651 2718 3713 Christus
2760 3650 3050 3730 praecepit
3092 3656 3166 3711 81
3206 3654 3363 3710 esset
3406 3649 3743 3726 conjuncta

2173 3761 2317 3806 cum
2344 3751 2641 3826 potestate
2661 3744 2834 3824 regia
2858 3742 3065 3807 :nulla
3082 3759 3233 3823 ergo
3255 3748 3348 3804 est
3363 3740 3506 3803 talis
3529 3758 3740 3803 neces-

2174 3838 2344 3900 sitas.

2254 3932 2317 3993 4.
2348 3929 2602 3994 Civilem
2649 3935 2704 3993 et
2749 3927 3208 3993 eeclesiasticam
3240 3930 3599 4008 potestatem
3628 3942 3742 3988 esse

2169 4042 2344 4106 posse
2386 4022 2454 4085 iu
2496 4022 2690 4086 eodem
2718 4022 3051 4084 ostenditur
3088 4037 3161 4083 σω
3185 4037 3305 4082 usu
3344 4018 3743 4082 Ecclesia.—

2178 4115 2350 4189 Quod
2377 4120 2592 4176 autem
2633 4113 2733 4175 hae
2773 4112 2912 4174 duae
2933 4116 3263 4193 potestates
3291 4112 3361 4172 in
3374 4110 3595 4171 eadem
3609 4128 3741 4190 per·

2176 4226 2329 4269 sona
2383 4207 2730 4286 conjunctae
2776 4223 2906 4267 esse
2941 4204 3180 4285 possint
3196 4249 3218 4281 ,
3271 4201 3561 4264 similiter
3605 4220 3741 4283 pro-

2176 4299 2361 4363 batur
2389 4317 2465 4363 ex
2486 4317 2607 4360 usu
2632 4296 2916 4360 Ecclesiae
2941 4315 2957 4360 ε
2983 4314 3133 4359 118111
3152 4313 3433 4357 3811111183
3463 4294 3739 4355 Pontifex

2177 4393 2363 4456 simul
2400 4392 2589 4455 etiam
2623 4409 2734 4453 rex
2760 4396 2852 4452 est
2888 4388 3247 4471 temporalis
3277 4388 3345 4449 in
3373 4387 3503 4448 suis
3540 4387 3736 4462 terris,

2152 4546 2157 4551 .
2179 4505 2443 4567 quarum
2476 4491 2567 4546 est
2586 4483 2897 4560 dominus,
2923 4483 3090 4564 quod
3116 4500 3156 4543 a
3178 4481 3408 4544 sanetis
3435 4479 3745 4542 Pontifici-

2183 4581 2298 4641 bus
2323 4578 2708 4653 inchoatum,
2750 4583 2813 4638 et
2837 4581 3268 4638 conservatum
3294 4579 3409 4652 est,
3441 4571 3612 4635 unde
3650 4590 3748 4634 88-

2185 4670 2371 4752 gitari
2406 4688 2533 4731 non
2567 4675 2771 4750 potest
2797 4687 2925 4732 esse
2964 4667 3276 4729 illicitum.
3312 4668 3468 4743 1m0,
3499 4665 3749 4746 speciali

2184 4764 2293 4826 Dei
2320 4763 2707 4845 providentia
2730 4763 2964 4824 factum
2984 4779 3115 4823 esse
3132 4760 3400 4822 affirmat
3417 4760 3488 4819 D.
3518 4758 3742 4820 Thom.

2184 4857 2253 4918 in
2275 4860 2315 4918 Ξ
2338 4856 2643 4933 sentent„
2661 4857 2731 4917 in
2747 4854 2894 4917 fine.
2927 4853 3224 4915 Similiter
3252 4851 3447 4913 multi
3466 4850 3749 4930 Episcopi

2187 4947 2375 5010 simul
2390 4948 2622 5010 habent
2637 4947 2881 5009 civilem
2897 4951 3264 5028 potestatem
3287 4950 3349 5006 et
3371 4942 3746 5021 dominium,

2188 5048 2261 5103 ut
2287 5047 2548 5117 constat,
2582 5040 2924 5121 praesertim
2952 5040 3021 5099 in
3046 5037 3402 5113 Germania,
3432 5041 3498 5098 et
3529 5036 3752 5115 Hispa-

2188 5137 2319 5212 nia,
2350 5136 2494 5198 etin
2514 5133 2996 5196 Conimbricensi
3023 5132 3143 5193 boc
3171 5133 3549 5212 episcopatu.
3570 5129 3753 5189 Ratio

2186 5248 2333 5292 vero
2361 5235 2475 5305 est,
2505 5229 2654 5308 quia
2678 5227 2797 5288 hoc
2823 5245 2951 5290 non
2982 5231 3075 5288 est
3101 5244 3213 5306 per
3253 5243 3319 5287 se
3355 5223 3612 5297 malum,
3642 5240 3755 5283 ne-

2185 5341 2306 5402 que
2362 5328 2455 5384 est
2499 5322 2710 5402 aliqua
2761 5320 3025 5400 positiva
3065 5319 3204 5397 lege
3252 5315 3660 5397 prohibitum,
3694 5320 3753 5375 et

2184 5413 2437 5476 aliunde
2494 5418 2699 5494 potest
2743 5412 2971 5474 multas
3015 5412 3285 5472 rationes
3333 5407 3751 5487 congruentias

2182 5506 2411 5571 habere
2438 5523 2456 5569 ε
2488 5524 2657 5589 ergo.
2689 5505 3070 5568 Antecedens
3087 5502 3294 5583 quoad
3311 5502 3582 5584 primam
3611 5517 3753 5581 par-
