3976 6219
808 385 941 435 CAP.
977 385 1107 436 xm.
1144 383 1225 434 ΑΝ
1258 382 1375 433 LEX
1412 380 1634 434 clviLls
1663 380 1920 433 TANTUM
1951 380 2163 433 Possm*
2195 382 2520 435 EXTERNOS
2554 384 2768 446 mma,
2808 385 2940 436 E‘rc,

261 487 485 547 Navar.
533 482 597 542 in
632 500 767 562 cap.
816 484 899 547 Si
926 486 1063 563 quis
1094 502 1210 544 non
1255 484 1472 557 dicam,
1502 483 1578 543 de
1623 484 1822 558 Poen.,

263 577 325 637 d.
358 581 418 652 1,
449 595 514 636 n.
548 576 606 637 5.
631 576 811 636 Ratio
841 582 1051 637 autem
1084 575 1270 654 hujus
1299 562 1684 636 limitationis
1709 581 1822 652 est,

263 669 412 748 quia
450 669 584 747 ¹jam
632 673 780 728 tunc
825 679 917 729 est
962 674 1135 728 actus
1181 668 1467 743 exterior,
1517 669 1655 729 licet
1699 687 1826 729 non

264 767 745 836 consummatuS,
785 768 847 822 et
876 762 1013 822 ideo
1044 760 1356 840 prohiberi
1385 767 1584 840 potest
1624 781 1663 822 a
1688 762 1827 839 lege

263 856 564 931 humana,
602 860 665 915 et
702 855 911 934 puniri
948 854 1046 915 vel
1079 854 1292 915 leviori
1333 872 1538 933 poena,
1574 856 1672 916 vel
1717 855 1828 915 ali-

265 948 514 1029 quando
542 947 728 1008 etiam
757 948 1093 1023 ordinaria,
1120 946 1296 1027 juxta
1322 947 1594 1007 materiae
1624 948 1830 1026 gravi-

265 1048 478 1102 tatem.

348 1135 404 1194 3.
455 1134 730 1196 Potestas
765 1133 1029 1195 humana
1057 1132 1403 1213 leyislatioa
1438 1133 1628 1194 solum
1655 1133 1826 1195 ordi-

263 1232 450 1287 natur
478 1227 561 1289 ad
585 1227 936 1288 exteriorem
953 1242 1179 1304 paoem,
1208 1230 1261 1286 et
1291 1226 1652 1287 honestatem
1671 1244 1828 1288 eom-

266 1320 586 1381 munitatis
622 1319 918 1381 humanoe.
964 1351 1047 1363 —
1086 1318 1265 1379 Ratio
1294 1336 1442 1379 vero
1473 1319 1829 1398 principalis

265 1410 636 1487 assertioniS,
669 1417 781 1486 est,
813 1411 959 1490 quia
983 1417 1246 1490 potestas
1276 1411 1553 1472 humana
1578 1412 1827 1491 legisla-

265 1504 396 1564 tiva
417 1503 617 1564 solum
646 1504 969 1564 ordinatur
997 1504 1076 1563 ad
1105 1505 1474 1566 exteriorem
1514 1523 1727 1584 pacem
1768 1514 1829 1566 et

269 1595 654 1657 honestatem
684 1597 1143 1657 communitatis
1185 1597 1498 1674 humanae,
1537 1599 1614 1659 ad
1642 1618 1828 1678 quam

269 1690 427 1750 nihil
449 1689 721 1750 referunt
738 1696 907 1750 actus
931 1691 1035 1769 qui
1060 1689 1126 1750 in
1146 1709 1301 1769 pura
1322 1698 1528 1752 mente
1547 1710 1831 1752 consum-

277 1789 547 1843 mantur.
601 1785 749 1842 ltem
797 1783 944 1862 quia
987 1782 1118 1842 haec
1166 1789 1433 1862 potestas
1478 1784 1833 1845 immediate

272 1875 542 1934 nascitur
568 1874 649 1934 ab
683 1875 816 1954 ipsa
843 1874 1287 1936 communitate
1321 1876 1596 1937 humana
1629 1878 1835 1937 media

268 1966 508 2027 ratione
529 1967 801 2027 naturali
824 1984 839 2026 ε
868 1967 1039 2027 nulla
1057 1973 1266 2028 autem
1291 1969 1446 2029 ratio
1462 1968 1650 2028 dictat
1668 1968 1833 2047 quod

269 2059 685 2118 communitas
728 2059 1017 2120 humana.
1046 2060 1235 2139 possit
1274 2060 1419 2120 dare
1470 2066 1835 2140 potestatem

267 2151 622 2211 immediate
637 2157 697 2211 et
716 2170 826 2231 per
846 2171 909 2212 se
939 2170 1124 2232 super
1150 2159 1321 2213 actus
1340 2171 1508 2214 mere
1533 2154 1831 2228 internos,

269 2262 409 2304 cum
434 2242 526 2303 illi
553 2245 679 2303 sint
712 2245 966 2304 omnino
995 2251 1170 2305 extra
1187 2247 1605 2322 cognitionem
1633 2264 1831 2321 suam,

269 2354 339 2396 ac
364 2336 619 2415 proinde
648 2337 834 2396 etiam
871 2337 997 2396 sint
1032 2343 1206 2397 extra
1240 2337 1442 2413 forum
1475 2356 1678 2398 suum.
1724 2339 1834 2398 De-

271 2428 461 2507 nique
505 2427 621 2488 hoc
671 2428 900 2508 optime
948 2429 1217 2489 declarat
1255 2430 1321 2489 D.
1372 2430 1638 2489 Thomas
1676 2431 1735 2490 2.
1770 2431 1831 2503 ᾖ,

273 2540 335 2600 q.
369 2523 507 2595 104,
537 2526 654 2581 art.
683 2523 742 2598 5,
775 2540 853 2581 ex
883 2522 1117 2583 Seneca
1144 2525 1181 2583 3
1227 2523 1302 2583 de
1352 2522 1644 2597 Benefic.,
1690 2523 1836 2600 quia

273 2632 435 2674 unus
467 2614 654 2675 homo
679 2616 1043 2676 naturaliter
1065 2635 1192 2677 non
1222 2616 1504 2677 subditur
1523 2616 1701 2676 alteri
1737 2634 1836 2677 se-

272 2708 544 2767 cundum
576 2709 849 2769 animam
884 2716 946 2770 et
974 2710 1309 2770 secundum
1356 2727 1596 2789 corpus.
1633 2709 1840 2771 Errat

272 2800 430 2862 enim
479 2801 706 2880 (inquit
735 2800 860 2878 ille)
911 2804 970 2863 ei
1015 2803 1152 2882 quis
1178 2807 1359 2880 putat
1392 2804 1734 2863 servitutem
1770 2802 1839 2863 in

273 2899 460 2955 totum
500 2894 794 2956 hominem
841 2896 1192 2968 descendere,
1234 2912 1388 2972 pars
1430 2894 1584 2955 enim
1626 2895 1840 2956 melior

275 2992 518 3064 excepta
545 2991 649 3047 est.
689 2985 957 3064 Corpora
986 2987 1238 3047 obnooeia
1265 2991 1405 3047 sunt
1442 2990 1496 3046 et
1524 2986 1836 3065 adscripta

276 3080 561 3155 dominis,
591 3098 754 3140 mens
776 3080 876 3140 sui
892 3079 1068 3158 juris
1086 3084 1193 3142 est.
1221 3078 1432 3141 Solum
1450 3076 1617 3138 enim
1638 3083 1837 3157 potest

272 3171 544 3231 inveniri
572 3171 868 3250 subjectio
894 3172 1057 3232 inter
1089 3170 1372 3231 homines
1400 3177 1702 3249 quatenus
1740 3172 1837 3231 in-

279 3271 372 3323 ter
417 3282 482 3324 se
527 3264 1153 3324 communicationem
1197 3263 1425 3324 habere
1460 3269 1738 3342 possunt,
1774 3269 1836 3324 et

275 3356 547 3416 actiones
567 3350 750 3415 unius
772 3362 1027 3434 possunt
1054 3356 1192 3416 aliis
1224 3375 1354 3416 esse
1383 3355 1564 3417 utiles
1589 3355 1688 3416 vel
1728 3376 1837 3417 no-

276 3449 464 3524 civ‘ae,
505 3453 567 3508 et
607 3448 747 3508 ideo
796 3448 997 3507 solum
1039 3448 1116 3508 de
1161 3448 1259 3507 his
1299 3447 1535 3508 actibus
1580 3453 1838 3528 possunt

278 3548 577 3620 praecepta
608 3540 883 3600 humana
908 3540 1066 3616 dari,
1097 3542 1203 3619 qui
1230 3541 1309 3600 ad
1329 3541 1696 3600 exteriorem
1716 3541 1838 3601 dis-

278 3634 643 3712 positionem
676 3651 885 3694 rerum
910 3632 1326 3694 humanarum
1359 3633 1667 3712 pertinere
1698 3651 1835 3714 pos·

278 3732 442 3788 sunt.

365 3820 423 3879 4.
472 3819 536 3879 Si
564 3819 702 3896 quis
730 3823 937 3878 autem
975 3817 1085 3877 has
1111 3817 1381 3878 rationes
1422 3823 1654 3879 attente
1693 3835 1836 3878 con-

278 3911 524 3992 sideret,
567 3910 745 3970 facile
792 3910 1095 3989 intelliget
1140 3911 1338 3970 solum
1383 3911 1714 3990 procedere
1758 3910 1834 3970 de

278 4004 415 4083 lege
441 4004 739 4080 humana,
771 4010 1071 4083 quatenus
1100 4022 1210 4082 per
1238 4009 1602 4083 potestatem
1633 4022 1671 4063 a
1710 4002 1840 4063 sola

278 4099 518 4159 ratione
559 4097 829 4158 naturali
856 4102 1218 4157 manantem
1254 4095 1402 4156 ferri
1443 4100 1664 4175 potest,
1700 4112 1839 4173 quas

278 4190 379 4252 lex
408 4208 547 4251 cum
578 4190 745 4251 civili
786 4189 1119 4265 coincidit3
1167 4206 1295 4248 non
1328 4205 1475 4248 vero
1509 4187 1839 4266 procedere

277 4284 348 4345 in
375 4284 507 4361 lege
536 4282 964 4356 ecclesiastica,
991 4298 1130 4360 quae
1157 4280 1432 4358 procedit
1458 4297 1496 4339 a
1524 4278 1839 4358 superiore

279 4382 598 4456 potestate,
629 4376 915 4436 ordinata
954 4373 1032 4433 ad
1060 4372 1341 4434 altiorem
1383 4371 1597 4447 finem,
1633 4376 1697 4432 et
1728 4371 1841 4432 ha-

280 4469 465 4529 bente
493 4469 773 4529 altiorem
803 4467 1131 4546 originem.
1180 4467 1386 4528 Manet
1423 4484 1569 4544 ergo
1614 4465 1690 4525 de
1732 4464 1841 4524 illa

282 4561 416 4639 lege
438 4561 713 4640 specialis
731 4560 1057 4621 difficultas
1071 4578 1210 4639 quae
1231 4577 1309 4618 ex
1327 4558 1577 4638 speciali
1599 4558 1838 4619 ratione

282 4653 448 4715 illius
476 4655 772 4728 nascitur,
801 4660 861 4715 et
892 4654 1032 4714 ideo
1060 4653 1126 4712 in
1162 4652 1391 4711 librum
1432 4657 1723 4730 quartum
1769 4652 1842 4711 il-

282 4745 411 4807 lam
438 4748 820 4808 tractandam
849 4746 1292 4825 relinquimus:
1319 4749 1381 4804 et
1406 4744 1485 4803 ob
1510 4742 1671 4804 hanc
1696 4762 1832 4803 cau-

283 4857 413 4900 sam
448 4839 688 4902 locutus
730 4858 866 4901 sum
911 4840 977 4900 in
1018 4839 1352 4900 assertione
1381 4838 1457 4898 de
1496 4838 1633 4915 lege
1676 4855 1845 4898 mere

282 4933 557 4995 humana
571 4951 591 5012 3
628 4953 774 4995 nam
811 4932 1217 4995 ecclesiastica
1252 4929 1709 5011 quodammodo
1753 4934 1847 4989 est

283 5026 518 5102 divina,
564 5033 625 5088 et
656 5028 723 5087 in
751 5027 867 5088 hoc
895 5045 1076 5087 sensu
1106 5024 1282 5086 nulla
1308 5029 1397 5084 est
1423 5022 1751 5083 difficultas
1776 5020 1844 5081 in

284 5122 643 5184 assertione.

368 5218 425 5278 5.
477 5216 780 5295 objicitur
828 5215 1011 5295 leyem
1065 5214 1297 5277 civilem
1352 5231 1468 5274 non
1512 5230 1684 5291 posse
1725 5230 1846 5274 esse

285 5308 450 5371 eirca
488 5313 687 5370 actum
720 5313 1024 5371 externum
1071 5307 1176 5387 qui
1212 5324 1327 5367 non
1363 5309 1553 5383 potest
1593 5304 1849 5383 probari

285 5417 415 5462 oum
446 5418 565 5461 non
598 5402 791 5479 possit
824 5400 1038 5480 puniri
1086 5400 1343 5461 omnino.
1376 5428 1461 5442 —-
1502 5396 1623 5459 Sed
1661 5396 1847 5474 objici

284 5497 487 5573 potest
497 5509 519 5573 3
541 5511 689 5556 nam
715 5496 995 5576 sequitur
1023 5512 1149 5556 non
1173 5511 1348 5574 posse
1392 5508 1577 5556 extem
1605 5488 1848 5560 civilem

3346 380 3467 438 223

1904 481 2229 561 prohibere
2257 488 2366 543 aut
2391 484 2724 564 praecipere
2753 488 2958 543 actum
2988 486 3309 543 externum
3335 502 3469 544 om-

1905 575 2057 634 nino
2091 575 2425 652 occultum,
2457 576 2566 655 qui
2594 576 2660 635 in
2682 575 2920 653 judic-io
2946 574 3220 635 humano
3246 576 3469 654 proba-

1905 666 2048 726 bilis
2089 685 2217 726 non
2257 667 2378 727 sit:
2425 685 2805 747 consequens
2832 674 3041 729 antem
3078 674 3169 728 est
3201 668 3426 729 falsum
3445 686 3466 746 3

1909 777 2077 839 ergo.
2122 761 2382 839 Sequela
2411 767 2602 842 patet,
2634 762 2780 840 quia
2812 762 2954 822 talis
2989 768 3161 822 actus
3203 781 3328 823 non
3361 781 3472 842 po-

1907 858 2025 913 test
2065 854 2274 932 puniri
2306 872 2415 933 per
2451 854 2653 933 legem
2695 874 2848 935 pure
2898 854 3272 933 humanam3
3323 874 3471 935 ergo

1910 963 2025 1005 nec
2050 946 2385 1025 prohiberi,
2407 948 2551 1026 quia
2576 953 2846 1026 potestas
2864 948 3211 1027 legislativa
3233 966 3474 1028 semper

1908 1036 2096 1098 habet
2153 1039 2483 1099 coactivam
2538 1040 2937 1119 adjunctam,
2996 1046 3066 1101 ut
3116 1058 3275 1120 soepe
3330 1060 3474 1103 cum

1908 1129 2093 1189 Arist.
2131 1130 2420 1191 diximus.
2483 1133 2863 1193 Antecedens
2907 1138 3097 1212 patet,
3152 1134 3300 1212 quia
3349 1133 3474 1195 tale

1909 1221 2203 1284 delictum
2245 1241 2371 1283 non
2405 1229 2604 1302 potest
2631 1226 2837 1304 puniri
2879 1242 2988 1303 per
3021 1226 3328 1304 judicium
3355 1225 3474 1287 hu-

1908 1330 2166 1374 manum
2188 1331 2208 1392 3
2253 1333 2401 1394 ergo
2426 1335 2538 1377 nec
2559 1336 2670 1396 per
2704 1318 2907 1396 legem
2936 1317 3302 1395 humanam,
3328 1318 3477 1397 quia

1908 1406 2123 1467 eadem
2146 1413 2237 1467 est
2256 1414 2520 1487 potestas
2536 1409 2614 1470 ad
2639 1415 2975 1488 utrumque
2995 1416 3201 1471 actum
3207 1427 3227 1488 3
3246 1417 3310 1471 et
3329 1430 3475 1471 con-

1906 1496 2211 1574 firmatur,
2233 1501 2379 1579 quia
2404 1501 2528 1562 tale
2556 1502 2851 1563 delictum
2879 1521 3007 1564 non
3046 1509 3134 1564 est
3155 1504 3474 1584 probabile

1910 1592 1976 1651 in
2004 1592 2277 1653 humano
2297 1594 2535 1672 judicio
2551 1611 2571 1672 3
2605 1613 2755 1675 ergo
2787 1615 2901 1657 nec
2928 1602 3128 1676 potest
3155 1597 3220 1657 in
3250 1596 3356 1657 illo
3377 1597 3475 1676 ju-

1912 1683 2129 1762 dicari,
2176 1687 2323 1765 quia
2360 1687 2662 1769 judicium
2713 1688 3059 1749 humanum
3107 1707 3234 1749 non
3279 1690 3476 1751 fertur

1911 1778 2035 1837 nisi
2076 1780 2413 1839 secundum
2454 1781 2718 1860 allegata
2761 1787 2823 1842 et
2866 1782 3143 1862 probata.
3195 1784 3476 1844 Primum

1912 1877 2123 1931 autem
2153 1890 2529 1952 consequens
2553 1875 2732 1954 plane
2753 1876 2974 1936 falsum
3001 1882 3111 1952 est,
3149 1877 3295 1955 quia
3322 1877 3475 1938 alias

1912 1981 2039 2023 non
2061 1972 2342 2043 peccaret
2361 1967 2469 2045 qui
2494 1967 2694 2045 lcgem
2709 1968 3049 2030 humanam
3071 1971 3477 2030 occultissime

1914 2075 2041 2117 non
2071 2064 2362 2136 servaret,
2412 2061 2578 2138 quod
2607 2062 2726 2121 dici
2756 2080 2882 2122 non
2924 2069 3141 2141 potest,
3185 2065 3331 2143 quia
3377 2065 3478 2124 lex

1915 2168 2042 2210 non
2069 2157 2314 2211 tantum
2341 2152 2627 2231 prohibet
2670 2171 2750 2214 ne
2797 2154 3029 2215 actibus
3071 2156 3314 2234 publice
3342 2156 3474 2231 fiat,

1914 2243 2019 2302 sed
2053 2244 2409 2322 simpliciter
2450 2263 2530 2304 ne
2558 2242 2707 2304 fiat:
2754 2251 2890 2306 tum
2935 2247 3124 2306 etiam
3166 2249 3312 2326 quia
3352 2264 3480 2309 non

1913 2335 2199 2413 prohibet
2220 2342 2425 2397 actum
2455 2337 2656 2397 solum
2680 2339 2917 2399 ratione
2942 2340 3212 2399 scandali
3233 2346 3340 2400 aut
3366 2359 3482 2400 no·

1914 2428 2241 2503 torietatiS,
2277 2429 2384 2489 sed
2413 2430 2651 2490 ratione
2685 2431 2800 2503 sui,
2831 2431 2975 2509 quia
3006 2432 3105 2492 vel
3133 2432 3334 2493 malus
3365 2438 3477 2509 est,

1914 2520 2013 2580 vel
2043 2539 2121 2580 ex
2161 2522 2225 2581 vi
2256 2521 2691 2600 prohibitionis
2738 2522 2893 2601 legis
2931 2525 3010 2584 sit
3058 2524 3295 2599 malus;
3345 2530 3482 2586 tum

1917 2611 2186 2689 denique
2231 2614 2378 2690 quia
2411 2613 2509 2673 lex
2554 2614 2973 2693 praecipiendo
3022 2617 3340 2676 constituit
3383 2636 3483 2677 ac·

1915 2708 2053 2763 tum
2083 2703 2147 2763 in
2178 2703 2286 2764 tali
2315 2706 2513 2783 specie
2540 2705 2639 2766 vel
2667 2706 3090 2768 mediocritate
3119 2708 3388 2783 virtutiS,
3421 2715 3483 2770 et

1916 2795 2058 2856 ideo
2081 2797 2189 2875 qui
2217 2796 2296 2858 ab
2317 2797 2424 2857 illa
2455 2798 2762 2877 discrepat
2786 2801 3188 2878 quantumvis
3216 2801 3477 2877 occulte,

1917 2896 2131 2950 contra
2155 2892 2449 2951 virtutem
2479 2892 2632 2969 agit,
2654 2910 2725 2953 ac
2755 2893 3014 2954 subinde
3057 2901 3266 2973 peccat
3280 2912 3301 2972 3
3331 2902 3403 2955 ut
3429 2897 3481 2955 si

1917 2981 2019 3042 lex
2050 2989 2221 3042 taxat
2250 2985 2518 3062 pretium
2547 2984 2758 3060 tritici,
2803 2986 2855 3044 si
2896 2988 3035 3064 quis
3082 2988 3284 3047 carius
3329 2988 3484 3049 illud

1914 3075 2142 3136 vendat
2173 3075 2430 3151 occulte,
2456 3077 2712 3139 omnino
2740 3089 2953 3141 contra
2985 3080 3293 3159 justitiam
3322 3082 3478 3160 agit,

1915 3173 1977 3227 et
2009 3167 2096 3227 sic
2120 3167 2195 3226 de
2222 3168 2379 3228 aliis,

1997 3261 2055 3320 6.
2101 3259 2294 3322 Actus
2316 3261 2640 3339 dupliciter
2665 3264 2925 3327 occultus
2945 3283 3056 3343 per
3073 3284 3134 3328 se
3160 3271 3214 3328 et
3243 3285 3355 3346 per
3376 3283 3481 3329 ae·

1918 3352 2343 3414 cidens.—Pro
2371 3354 2698 3431 solutione,
2729 3358 3129 3436 supponenda
3156 3366 3246 3420 est
3269 3359 3483 3438 vulga-

1915 3445 2001 3504 ris
2024 3444 2335 3506 distinctio
2349 3445 2424 3506 de
2444 3451 2583 3507 actu
2603 3448 2932 3528 dupliciter
2945 3451 3205 3527 occulto,
3224 3453 3479 3528 scilicet,

1915 3555 2026 3617 per
2051 3555 2115 3599 se
2144 3543 2205 3599 et
2227 3545 2451 3600 natura
2483 3557 2594 3600 sua
2620 3587 2636 3614 ,
2666 3541 2765 3602 vel
2796 3561 2907 3621 per
2945 3544 3247 3620 accidens»,
3277 3563 3353 3606 ex
3381 3546 3484 3607 de-

1914 3627 2078 3688 fectu
2140 3630 2519 3709 probationis
2539 3680 2557 3706 ‚
2606 3634 2781 3712 cujus
2828 3636 3078 3713 quidem
3116 3656 3309 3717 capax
3352 3644 3486 3699 erat

1915 3728 2087 3784 actus
2136 3724 2211 3784 de
2248 3742 2311 3785 se
2350 3732 2676 3804 spectatuS,
2720 3728 2797 3788 de
2831 3728 2994 3790 facto
3021 3735 3232 3791 tamen
3260 3730 3478 3791 defuit.

1915 3816 2111 3889 Quam
2148 3816 2602 3878 distinctionem
2625 3819 2783 3881 bene
2811 3826 3033 3882 tractat
3073 3823 3263 3902 Cajct.
3308 3827 3367 3884 2.
3417 3826 3479 3899 2,

1917 3927 1976 3988 q.
2015 3913 2115 3983 11,
2144 3915 2263 3969 art.
2299 3911 2370 3986 33
2401 3912 2613 3971 Castro
2634 3911 2679 3970 l.
2712 3915 2751 3972 2
2778 3914 2854 3972 de
2881 3915 3024 3992 Leg.
3060 3916 3315 3993 poenaL,
3341 3934 3476 3996 cap.

1918 4001 2032 4062 ult.
2067 4017 2088 4077 3
2119 4008 2181 4061 et
2213 4001 2477 4063 Simanc.
2532 4003 2601 4061 in
2641 4003 2929 4064 Catholic.
2983 4006 3205 4083 instit„
3233 4008 3330 4068 tit.
3376 4012 3476 4071 42.

1922 4093 2106 4153 Actus
2134 4110 2280 4170 ergo
2309 4092 2610 4153 mentales
2630 4111 2700 4154 ac
2736 4113 2906 4155 mere
2934 4098 3165 4157 interni
3205 4105 3348 4159 sunt
3375 4119 3485 4178 per

1920 4203 1983 4245 se
2012 4190 2074 4244 et
2101 4189 2325 4245 natura
2370 4203 2482 4245 sua
2512 4184 2730 4245 occulti
2758 4186 2896 4247 aliis
2934 4186 3298 4255 hominibus
3311 4197 3486 4253 extra

1920 4283 2303 4356 operantem,
2332 4277 2479 4355 quia
2511 4277 2794 4340 homines
2819 4297 2945 4342 non
2973 4290 3351 4360 cognoscunt
3375 4303 3484 4345 na-

1918 4370 2200 4431 turaliter
2229 4369 2347 4429 nisi
2369 4370 2710 4431 ministerio
2737 4389 3028 4432 sensuum
3040 4387 3061 4450 3
3102 4382 3165 4435 et
3184 4375 3323 4437 ideo
3345 4395 3483 4455 quoe

1919 4483 2029 4544 per
2056 4464 2373 4525 sensibiles
2422 4463 2672 4525 effectus
2711 4466 2809 4526 vel
2839 4467 3016 4545 signa
3043 4485 3169 4528 non
3199 4471 3485 4532 manifes-

1921 4562 2156 4633 tantur,
2188 4575 2297 4636 per
2321 4574 2385 4617 se
2412 4564 2474 4618 et
2505 4562 2729 4618 natura
2756 4578 2868 4620 sua
2885 4566 3030 4620 sunt
3069 4566 3244 4622 extra
3278 4564 3486 4643 cogni-

1921 4650 2155 4710 tionem
2184 4648 2561 4711 humanam:
2603 4649 2959 4729 hujusmodi
2987 4660 3198 4715 autem
3220 4660 3365 4715 sunt
3387 4675 3487 4716 ac·

1922 4748 2024 4802 tus
2083 4760 2250 4804 mere
2290 4743 2562 4817 interni,
2622 4749 2684 4804 et
2728 4745 2867 4806 ideo
2919 4746 3213 4808 dicuntur
3267 4767 3378 4828 per
3421 4767 3485 4810 se

1924 4836 2167 4897 occulti.
2242 4837 2430 4897 Actus
2488 4853 2635 4897 vero
2684 4838 2814 4915 qui.
2852 4841 3122 4900 exterius
3181 4842 3488 4920 prodeunt

1922 4929 2200 4990 sensibus
2242 4930 2473 5009 percipi
2502 4935 2774 5008 possunt,
2806 4937 2868 4992 et
2889 4932 3028 4993 ideo
3055 4951 3182 4993 non
3210 4940 3358 4993 sunt
3378 4953 3490 5014 per

1924 5040 1990 5083 se
2016 5022 2273 5083 occulti:
2316 5022 2621 5101 contingit
2662 5027 2867 5084 autem
2911 5025 3188 5104 ignorari
3238 5034 3490 5107 propter

1923 5115 2263 5177 absentiam
2285 5117 2557 5191 testium,
2580 5120 2643 5175 et
2674 5116 2760 5175 sic
2779 5134 2908 5176 non
2939 5135 3110 5196 posse
3128 5119 3399 5197 probari,
3426 5128 3488 5183 et

1923 5214 2074 5269 tunc
2094 5207 2313 5269 occulti
2340 5209 2588 5287 quidem
2613 5214 2758 5268 sunt
2771 5253 2793 5284 ,
2814 5214 3022 5270 tamen
3052 5230 3164 5290 per
3184 5213 3483 5292 accidenS,

1925 5302 2070 5381 quia
2095 5301 2201 5361 illa
2226 5302 2477 5361 testium
2497 5300 2776 5362 absentia
2798 5308 2890 5363 est
2915 5304 3343 5368 accidentaria.
3377 5312 3487 5368 As-

1926 5394 2112 5455 sertio
2134 5410 2283 5471 ergo
2303 5394 2501 5473 posita
2519 5395 2790 5473 procedit
2825 5395 2900 5456 de
2936 5397 3171 5458 actibus
3201 5399 3485 5479 internis»,

1927 5507 1998 5550 ac
2024 5485 2285 5549 subinde
2307 5503 2418 5567 per
2444 5504 2509 5549 se
2535 5486 2817 5551 occultis:
2858 5490 3121 5569 obJectio
3163 5509 3309 5553 vero
3338 5509 3486 5572 pro-
