3976 6219
809 411 943 463 CAP.
979 412 1086 465 XX.
1122 412 1336 465 imum
1365 409 1657 466 INTENTIO
1686 408 2145 474 LEGISLAToms,
2180 411 2298 464 SEU
2329 410 2517 466 RATIO
2548 411 2746 476 LEGIS,
2781 411 2918 465 E‘rc,

259 515 397 569 tum
419 506 607 568 etiam
629 507 800 585 quia,
821 509 1069 586 quando
1087 509 1188 571 lex
1210 512 1277 572 in
1299 510 1502 572 verbis
1519 515 1612 570 est
1632 508 1821 583 clara,

262 601 438 682 quasi
470 600 742 678 possidet
771 602 877 678 jus
918 601 1256 681 obligandi,
1288 624 1411 683 quo
1454 623 1581 666 non
1623 608 1824 683 potest

261 694 331 755 in
381 694 569 753 dubio
621 694 889 773 privari,
943 697 1091 774 quia
1144 698 1362 758 melior
1411 704 1502 759 est
1554 697 1825 758 conditio

262 787 647 866 possidentis,
676 787 741 848 Si
763 793 970 848 autem
993 796 1305 867 quaeratur
1327 789 1573 868 quando
1604 807 1715 868 per
1741 787 1828 848 le-

264 898 406 960 gem
445 880 818 941 sufficienter
844 881 1181 960 explicetur
1203 883 1345 945 talis
1374 883 1662 957 intenti0‚
1706 900 1828 942 res-

263 974 571 1053 pondetur
610 991 738 1034 non
768 992 897 1037 esse
933 977 1344 1038 necessarium
1381 989 1451 1037 ut
1484 976 1830 1036 declaretur

266 1066 443 1145 quasi
472 1066 542 1127 in
573 1072 714 1127 actu
744 1067 1009 1145 signat0,
1036 1068 1103 1129 id
1124 1074 1236 1145 est,
1266 1075 1337 1129 ut
1368 1069 1648 1149 superior
1664 1068 1832 1128 dicat

265 1176 330 1219 se
369 1158 528 1220 velle
573 1159 851 1238 obligare
867 1205 887 1235 ‚
931 1160 1039 1221 sed
1074 1162 1221 1222 satis
1256 1180 1386 1224 esse
1435 1167 1509 1222 ut
1551 1159 1831 1220 absolute

267 1253 607 1333 praecipiat,
640 1253 787 1332 (11110
814 1259 1191 1334 praeceptum
1218 1256 1366 1316 satis
1397 1255 1708 1335 significat
1727 1271 1834 1315 vo-

267 1343 573 1406 luntatem
598 1345 1020 1425 praecipiendi,
1046 1352 1110 1407 et
1129 1346 1419 1409 voluntas
1439 1345 1834 1427 praecipiendi

269 1436 535 1498 includit
564 1437 950 1500 voluntatem
978 1438 1318 1518 obligandi,
1352 1446 1424 1501 ut
1458 1440 1692 1502 dictum
1716 1445 1828 1500 est.

272 1529 573 1608 Denique,
602 1530 655 1589 si
692 1530 1011 1609 contingat
1041 1532 1108 1592 in
1145 1549 1211 1593 re
1247 1533 1383 1613 ipsa
1420 1531 1834 1612 legislatorem

271 1638 397 1681 non
427 1621 654 1684 habere
680 1623 1091 1685 intentionem
1116 1643 1305 1704 quam
1333 1625 1586 1701 indicat,
1607 1631 1668 1687 et
1690 1625 1830 1687 ideo

271 1732 399 1775 non
423 1715 682 1777 condere
705 1734 916 1778 veram
941 1717 1167 1796 legem,
1205 1718 1336 1797 ipsa
1366 1718 1621 1798 quidem
1658 1718 1734 1780 de
1763 1736 1829 1780 se

275 1826 402 1869 non
430 1807 729 1887 obligabit
741 1831 759 1885 ;
795 1809 1200 1871 nihilominus
1233 1815 1447 1874 tamen
1478 1811 1711 1873 subditi
1741 1814 1833 1872 fa-

272 1900 387 1961 cile
431 1907 726 1980 poterunt
752 1903 1013 1982 obligari
1044 1921 1122 1965 ex
1151 1905 1526 1967 conscientia
1548 1922 1828 1982 erronea,

270 1993 416 2071 quia
447 1995 541 2071 (ut
568 1994 802 2056 dictum
837 1999 951 2074 est)
980 2001 1275 2059 tenentur
1302 1999 1547 2059 credere
1570 2017 1700 2060 esse
1729 2017 1835 2061 ve-

270 2102 404 2145 ram
432 2084 662 2166 legem,
693 2087 889 2151 donec
914 2091 1265 2169 oppositum
1294 2097 1563 2153 constet:
1607 2110 1679 2154 ex
1720 2092 1836 2153 hae

268 2195 415 2239 vero
438 2180 893 2244 existimatione
913 2182 1113 2242 oritur
1133 2182 1427 2262 obligatio
1444 2184 1513 2244 in
1527 2185 1840 2247 conscien-

275 2271 400 2346 tia,
445 2271 587 2333 licet
624 2290 915 2349 erronea,
960 2280 1031 2335 ut
1073 2281 1332 2336 constat.
1381 2278 1648 2356 Ideoque
1696 2277 1838 2338 talis

279 2364 574 2444 obligatio
612 2367 869 2428 cessabit
910 2367 1119 2428 statim
1163 2386 1235 2429 ac
1266 2371 1607 2436 constiterit
1627 2370 1704 2432 de
1741 2362 1839 2431 111-

277 2459 550 2520 tentione
591 2459 734 2520 ficta
775 2458 1146 2538 legislatoris
1174 2477 1195 2537 3
1239 2467 1301 2523 et
1341 2468 1493 2524 tunc
1536 2463 1587 2524 si
1628 2462 1838 2542 aliqua

272 2568 457 2629 poena
483 2552 560 2612 sit
587 2552 794 2612 addita
812 2552 948 2627 tali,
969 2552 1038 2612 in
1066 2571 1134 2614 re
1154 2554 1285 2632 ipsa
1311 2572 1439 2615 non
1460 2556 1831 2629 incurretur,

272 2644 511 2705 etiamsi
541 2645 621 2706 sit
648 2645 853 2724 aliqua
873 2664 1135 2708 censura
1161 2644 1293 2726 ipso
1312 2648 1455 2726 jure
1482 2649 1608 2709 lata
1632 2646 1836 2728 quoad

270 2738 573 2799 exteriora
613 2739 802 2800 verba
826 2758 841 2815 ;
869 2758 983 2801 nec
1022 2745 1225 2819 posset
1268 2746 1481 2820 postea
1521 2742 1686 2822 juste
1727 2758 1839 2821 per

264 2830 540 2909 judicem
581 2833 842 2911 imponi,
886 2833 1127 2894 etiamsi
1159 2839 1318 2895 esset
1357 2835 1739 2896 comminata
1766 2834 1837 2895 in

272 2922 431 3002 lege,
472 2926 621 3004 quia
644 2943 864 2987 revera
898 2942 1024 2986 non
1052 2927 1361 3005 praecessit
1399 2927 1583 3006 culpa
1622 2926 1834 2989 condi-

274 3034 400 3094 gna
427 3018 538 3078 tali
564 3036 772 3097 poena,
803 3023 875 3078 ut
901 3036 1089 3099 supra
1113 3019 1182 3078 in
1215 3019 1405 3080 simili
1431 3020 1672 3081 notavit
1699 3020 1851 3081 Cas-·

271 3116 371 3171 tro
398 3109 440 3172 l.
479 3114 508 3170 1
543 3109 620 3172 de
638 3112 798 3189 Lege
821 3112 1075 3191 poenali,
1101 3131 1152 3173 6.
1183 3114 1244 3188 5,
1268 3112 1516 3173 (10611111.
1542 3114 1601 3173 3.

355 3206 416 3267 8.
461 3205 635 3266 Circa
663 3205 858 3266 alium
881 3212 1113 3282 actum,
1137 3224 1245 3268 seu
1275 3207 1439 3268 circa
1460 3206 1842 3268 determina-

273 3299 508 3360 tionem
557 3298 745 3378 hujus
788 3298 1122 3361 voluntatis
1169 3299 1250 3360 ad
1302 3299 1486 3360 talem
1510 3300 1611 3361 vel
1649 3300 1841 3361 talem

273 3392 620 3467 materiam,
644 3392 1000 3453 addendum
1018 3391 1283 3453 occurrit
1304 3393 1371 3452 in
1391 3391 1711 3453 voluntate
1733 3392 1843 3453 illa

276 3490 347 3546 ut
363 3485 450 3547 sic
465 3490 731 3565 spectata
750 3485 1080 3546 consistere
1100 3486 1347 3564 proprie
1368 3490 1639 3547 mentem
1658 3484 1842 3563 legis-

273 3577 484 3640 latoris
522 3578 1000 3640 constituentem
1039 3576 1230 3638 talem
1266 3576 1467 3655 legem
1498 3577 1568 3637 in
1598 3578 1840 3637 ratione

276 3672 565 3752 praecepti
592 3669 925 3749 obligantis
945 3669 1024 3731 ad
1048 3669 1237 3731 talem
1261 3668 1362 3730 vel
1386 3668 1576 3730 talem
1603 3674 1836 3744 actum,

273 3763 377 3825 vel
420 3763 678 3824 modum
722 3764 873 3842 ejus.
921 3763 1099 3838 Nam,
1134 3763 1292 3823 sicut
1317 3760 1419 3823 lex
1445 3762 1842 3823 constituitur

277 3856 346 3916 in
373 3856 613 3918 ratione
634 3855 789 3936 legis
814 3856 1125 3933 humanae,
1151 3860 1456 3937 quatenus
1478 3861 1570 3918 est
1591 3856 1842 3934 signum

277 3949 612 4011 voluntatis
639 3949 1024 4028 praeceptivae
1050 3966 1158 4010 0611
1191 3947 1543 4028 obligantis,
1576 3949 1664 4008 ita
1697 3966 1844 4010 con·

278 4042 552 4104 stituitur
573 4042 640 4102 in
668 4042 911 4104 ratione
937 4041 1078 4104 talis
1105 4041 1282 4121 legis,
1307 4046 1611 4120 quatenus
1641 4046 1734 4101 est
1760 4040 1844 4100 si·-

276 4153 473 4215 gnum
506 4134 648 4197 talis
687 4134 1023 4197 voluntatis
1049 4134 1418 4214 legislatoris
1444 4133 1520 4193 dc
1558 4131 1670 4193 tali
1700 4138 1844 4193 actu

277 4247 318 4289 a
366 4228 610 4289 subdito
656 4228 1049 4306 exhibend03
1081 4234 1142 4290 et
1179 4228 1267 4288 ita
1294 4226 1427 4288 haec
1454 4225 1678 4286 dicitur
1702 4242 1844 4305 pro-

279 4322 413 4401 prie
454 4340 629 4383 mens
659 4322 1049 4400 legislatoris,
1093 4323 1241 4401 quia
1280 4320 1390 4382 illa
1429 4325 1522 4380 est
1548 4336 1687 4398 (11106
1726 4319 1847 4378 im-

279 4415 546 4477 mediate
571 4415 923 4477 insinuatur
937 4421 999 4476 et
1021 4415 1374 4476 notificatur
1398 4430 1511 4494 per
1535 4411 1687 4473 talia
1707 4429 1845 4472 ver-

278 4507 379 4569 ba.
407 4509 547 4570 Haec
570 4527 718 4588 ergo
743 4508 1022 4588 specialis
1048 4524 1226 4569 mens
1259 4512 1352 4569 est
1374 4507 1442 4567 in
1469 4522 1844 4585 unaquaque

279 4602 413 4682 lege
431 4604 684 4684 propria
699 4604 904 4664 forma
922 4608 985 4664 et
1005 4603 1216 4663 anima
1235 4602 1386 4681 ejus,
1414 4601 1582 4680 quia,
1605 4604 1847 4661 servata

279 4697 697 4776 proportione,
736 4701 870 4757 tota
917 4696 1112 4756 virtus
1143 4700 1205 4756 et
1250 4694 1527 4756 efficacia
1573 4691 1729 4770 legis
1777 4691 1846 4751 in

278 4788 598 4850 voluntate
625 4789 991 4868 legislatoris
1014 4789 1211 4869 posita
1228 4794 1339 4849 est.
1371 4787 1570 4866 Atque
1597 4784 1716 4845 hoc
1737 4783 1846 4845 do-

280 4887 425 4943 cent
445 4884 591 4960 jura
619 4882 864 4961 quando
892 4882 1108 4943 dicunt
1136 4882 1339 4960 legem
1383 4897 1516 4941 11011
1543 4877 1840 4957 obligare,

278 4974 401 5035 nisi
447 4975 786 5036 secundum
833 4980 1106 5037 mentem
1145 4972 1532 5052 legislatoris,
1575 4989 1710 5050 cap.
1766 4969 1845 5034 Si

270 5074 615 5149 postquam,
642 5068 718 5129 de
749 5068 1059 5130 Electione
1077 5068 1147 5128 in
1168 5068 1230 5142 6,
1255 5066 1374 5127 ihi:
1411 5064 1704 5139 Quoniam
1729 5081 1849 5125 non

277 5161 469 5224 solum
507 5164 580 5224 at
624 5161 764 5241 quie
801 5161 1026 5236 veniat,
1071 5161 1175 5223 sed
1206 5159 1390 5222 etiam
1426 5174 1498 5219 eso
1533 5156 1633 5219 eui
1658 5160 1847 5217 memo

280 5253 497 5334 ecciyit,
527 5255 682 5334 qaod
700 5270 884 5334 usqae
908 5255 990 5316 ad
1007 5253 1188 5331 finem
1208 5249 1512 5330 neqotiam
1526 5264 1849 5327 prosequa-

282 5353 386 5410 tur
404 5372 427 5407 .·
448 5352 510 5408 et
529 5347 695 5407 idem
714 5347 933 5427 probat
959 5346 1062 5407 lex
1092 5345 1243 5409 Cam
1266 5344 1509 5418 mulier,
1538 5342 1606 5401 ff.
1637 5340 1849 5402 Soluto

281 5439 705 5516 matrimoni0,
742 5439 863 5500 ihi:
916 5439 999 5504 Si
1035 5444 1231 5502 tamen
1259 5455 1330 5501 ea
1351 5440 1538 5499 mente
1559 5435 1714 5514 leyie
1739 5451 1850 5497 eu-

282 5540 411 5600 mat
438 5534 689 5616 aliquis,
727 5540 797 5599 ut
820 5550 927 5600 neo
951 5548 1230 5599 aeman
1244 5530 1446 5613 possit
1488 5528 1596 5611 qai
1631 5526 1851 5592 lenoci-

3345 406 3467 466 255

1905 509 2076 572 niam
2134 512 2316 573 uxori
2363 512 2693 590 proebuerit
2710 557 2731 587 ,
2788 511 3117 574 audiendus
3171 516 3278 574 est.
3337 512 3467 573 Hoc

1908 603 2095 664 etiam
2123 604 2387 683 probant
2414 605 2558 683 jura
2594 604 2800 679 citata,
2837 622 2975 684 quae
2999 603 3219 664 docent
3247 604 3466 665 adver-

1906 714 2010 755 sus
2048 696 2252 775 legem
2294 697 2678 758 committere
2711 697 2816 775 qui
2852 696 2998 757 facit
3046 701 3259 756 contra
3295 714 3468 758 men-

1907 794 2060 865 tem,
2093 791 2374 869 quamvis
2402 790 2593 850 verba
2624 790 2927 851 custodire
2968 790 3272 865 videatur,
3304 790 3469 851 dicta

1909 881 2048 960 lege
2081 883 2229 948 Non
2258 884 2524 958 dubium,
2556 884 2679 944 etl.
2700 883 2879 949 Scire
2901 884 3075 961 leqes,
3102 881 3169 942 ff.
3194 882 3269 943 de
3295 882 3471 962 Legi-

1911 974 2050 1035 bus.

1991 1070 2054 1128 9.
2106 1065 2459 1130 Oeam-itur
2500 1069 2833 1147 objectioni.
2856 1101 2940 1114 --
2957 1068 3129 1130 Dices
3178 1088 3290 1149 per
3340 1069 3473 1131 11066

1912 1161 2125 1221 01111110
2148 1159 2348 1220 00111111
2375 1161 2626 1240 probari
2664 1179 2836 1241 posse
2876 1161 3259 1223 voluntatem
3292 1164 3474 1241 legis-

1912 1252 2126 1315 latoris
2150 1271 2277 1315 esse
2308 1271 2557 1314 causam
2587 1253 2953 1315 efficientem
2976 1253 3154 1334 legis,
3179 1274 3306 1315 non
3324 1274 3472 1317 vero

1908 1346 2257 1409 formalem.
2288 1349 2443 1410 Item
2461 1347 2564 1408 lex
2587 1348 2862 1409 consistit
2886 1348 2953 1409 in
2973 1349 3152 1428 signo
3170 1348 3469 1424 sensibili,

1913 1442 2014 1503 cui
2045 1441 2330 1503 voluntas
2356 1441 2725 1521 legislatoris
2761 1442 2941 1503 valde
2979 1444 3326 1505 extrinseca
3355 1448 3468 1518 est,

1914 1553 2041 1596 non
2055 1552 2203 1613 ergo
2221 1534 2409 1597 habet
2429 1535 2733 1597 rationem
2752 1535 2990 1612 formae,
3010 1536 3113 1597 sed
3130 1535 3468 1597 efficientis.

1916 1627 2189 1706 Denique
2241 1627 2575 1690 intrinseca
2626 1628 2827 1690 forma
2870 1634 3115 1690 tantum
3162 1634 3256 1690 est
3306 1647 3432 1689 una
3447 1643 3469 1705 3

1913 1720 2044 1782 haec
2085 1726 2296 1782 autem
2323 1726 2415 1781 est
2441 1720 2809 1801 significatio
2849 1722 2981 1801 ipsa
3018 1721 3374 1797 verborum,
3402 1726 3474 1781 111

1911 1831 2099 1894 supra
2128 1814 2327 1874 visum
2361 1818 2453 1874 est
2487 1831 2503 1874 ε
2530 1832 2679 1893 ergo
2705 1833 2832 1875 11011
2859 1815 3144 1876 voluntas
3170 1813 3474 1892 legislato-

1911 1907 2019 1969 ris,
2067 1907 2428 1987 Respondeo
2471 1905 2829 1985 hujusmodi
2863 1908 3128 1969 formam
3174 1926 3301 1967 non
3341 1925 3473 1968 esse

1914 2001 2259 2080 physicam,
2288 1999 2394 2061 sed
2430 1999 2755 2076 moralem,
2800 2006 2864 2062 et
2913 2001 3052 2062 ideo
3104 2000 3266 2061 nihil
3290 2019 3474 2081 repu-

1915 2110 2109 2172 gnare
2163 2098 2232 2153 ut
2291 2092 2629 2153 secundum
2668 2092 2936 2154 diversas
2974 2093 3245 2155 rationes
3298 2099 3472 2154 actus

1913 2186 2225 2264 imperans
2255 2186 2335 2246 sit
2372 2190 2434 2247 et
2483 2185 2686 2246 forma
2734 2191 2907 2246 actus
2949 2186 3255 2264 imperati.
3304 2185 3476 2246 Sicut

1912 2284 2087 2339 actus
2120 2280 2387 2339 exterior
2417 2276 2672 2357 physice
2709 2284 3017 2357 spectatus
3044 2279 3320 2357 procedit
3340 2278 3477 2339 effi-

1914 2371 2149 2433 cienter
2171 2371 2252 2431 ab
2280 2371 2560 2432 interiori
2608 2370 2946 2447 voluntate,
2977 2377 3041 2432 et
3065 2371 3477 2432 nihilominus

1912 2462 1981 2523 in
2001 2481 2130 2523 esse
2157 2468 2329 2524 actus
2350 2462 2602 2523 moralis
2633 2481 2745 2541 per
2762 2462 2935 2524 illam
2969 2463 3310 2525 formaliter
3333 2483 3477 2525 con-

1913 2556 2213 2631 stituitur,
2267 2561 2329 2616 et
2373 2573 2518 2615 cum
2562 2553 2671 2615 illa
2705 2556 3019 2634 componit
3043 2574 3243 2616 unum
3270 2562 3476 2617 actum

1913 2647 2284 2724 humanum,
2317 2648 2425 2728 (1111
2452 2646 2532 2707 ab
2557 2648 2838 2709 interiori
2862 2653 3000 2708 actu
3041 2648 3228 2710 habet
3273 2655 3476 2710 totum

1914 2760 2098 2803 suum
2149 2759 2277 2802 esse
2322 2740 2596 2817 morale3
2651 2740 2740 2801 ita
2768 2758 2915 2819 ergo
2956 2740 3058 2802 lex
3094 2741 3318 2820 scripta
3367 2750 3475 2802 aut

1913 2853 2065 2896 voce
2095 2834 2332 2914 prolata
2355 2839 2555 2914 potest
2584 2832 2837 2913 physice
2855 2833 3186 2913 procedere
3205 2834 3476 2896 efficien-

1914 2932 2009 2988 ter
2035 2926 2115 2987 ab
2138 2926 2422 3006 imperio,
2440 2944 2550 2987 seu
2571 2926 2649 2986 ab
2675 2926 2920 2986 influxu
2937 2925 3266 2988 voluntatis
3292 2926 3478 3005 legis-

1914 3019 2126 3080 latoris
2152 3037 2169 3080 :
2192 3019 2596 3080 nihilominus
2607 3025 2817 3081 autem
2839 3038 2950 3101 per
2971 3020 3145 3081 illam
3162 3021 3479 3082 moraliter

1917 3114 2210 3177 constitui
2225 3114 2295 3173 in
2323 3132 2455 3175 esse
2471 3113 2649 3192 legis,
2676 3114 2824 3193 quia
2849 3114 2928 3175 ab
2952 3113 3060 3174 illa
3084 3115 3478 3175 constituitur

1917 3206 1986 3267 in
2006 3205 2246 3267 ratione
2268 3205 2408 3266 talis
2426 3205 2661 3266 vinculi
2675 3205 3024 3284 obligantis.
3044 3206 3239 3283 Unde,
3264 3225 3481 3286 quem·

1918 3298 2258 3374 admodum
2320 3296 2676 3360 Aristoteles
2744 3298 2933 3375 dixit,
2984 3298 3096 3359 ubi
3136 3304 3227 3360 est
3279 3317 3480 3359 unum

1920 3398 2172 3472 propter
2194 3390 2389 3468 aliud,
2413 3392 2502 3452 1111
2532 3410 2658 3453 6006
2686 3411 2884 3453 unum
2911 3396 3196 3468 tantum3
3227 3392 3319 3453 ita
3358 3391 3482 3453 dici

1917 3489 2117 3564 potest
2141 3484 2209 3544 in
2236 3483 2544 3564 praesenti,
2584 3483 3102 3564 significationem
3145 3485 3481 3548 verborum

1917 3576 2073 3655 legis
2092 3581 2154 3637 et
2173 3576 2559 3638 voluntatem
2585 3575 2952 3655 legislatoris
2968 3582 3268 3657 tanquam
3282 3596 3481 3640 unum

1915 3670 2192 3749 reputari
2225 3686 2242 3731 ε
2273 3670 2573 3748 quoniam
2592 3675 2654 3731 et
2681 3669 2968 3731 voluntas
2994 3670 3361 3752 legislatoris
3389 3677 3483 3733 est

1920 3762 1988 3823 in
2023 3762 2160 3843 lege
2179 3767 2479 3842 tanquam
2501 3763 2570 3823 in
2592 3764 2792 3842 sign0,
2818 3769 2881 3825 et
2904 3763 3003 3826 lex
3029 3763 3097 3824 in
3120 3768 3367 3826 tantum
3390 3769 3484 3827 est

1917 3873 2067 3916 vera
2092 3854 2219 3932 lex,
2254 3856 2322 3915 in
2354 3860 2656 3934 quantum
2685 3866 2960 3917 mentem
2998 3863 3060 3918 et
3094 3857 3483 3920 voluntatem

1917 3946 2287 4027 legislatoris
2313 3948 2609 4025 attingit3
2637 3953 2698 4008 et
2729 3948 2868 4008 ideo
2890 3947 2959 4008 in
2986 3948 3150 4010 dicta
3171 3950 3308 4030 lege
3336 3951 3486 4018 Non

1922 4042 2192 4116 dubium,
2223 4040 2509 4101 voluntas
2549 4039 2941 4117 legislatoris,
2998 4039 3154 4119 legis
3205 4041 3485 4104 voluntas

1920 4132 2288 4212 appellatur,
2302 4136 2365 4192 et
2377 4132 2585 4191 statim
2607 4132 2820 4192 eadem
2838 4132 3124 4194 voluntas
3140 4135 3488 4214 appellatur

1923 4225 2081 4303 legis
2107 4222 2436 4298 sententia,
2467 4240 2605 4301 quae
2627 4222 2845 4284 eadem
2863 4229 2956 4284 est
2987 4242 3132 4284 cum
3165 4231 3377 4287 mente
3397 4225 3486 4287 le·

1922 4316 2253 4398 gislatoriS.
2276 4314 2583 4390 Quoniam
2605 4333 2775 4392 vero,
2791 4315 2901 4376 ubi
2915 4322 3007 4377 est
3019 4335 3217 4379 unum
3232 4325 3485 4399 propter

1921 4409 2115 4486 aliud,
2130 4408 2286 4470 illud
2296 4415 2386 4470 est
2401 4408 2781 4489 praecipuum
2794 4415 2855 4470 et
2865 4409 3223 4490 principale,
3237 4418 3487 4493 propter

1922 4503 2089 4583 quod
2116 4502 2286 4563 aliud
2315 4507 2404 4564 est
2419 4547 2439 4577 ‚
2470 4501 2810 4563 secundum
2836 4520 3172 4564 commune
3195 4504 3482 4567 axioma:

1921 4597 2184 4675 Propter
2205 4597 2363 4676 quod
2375 4597 2822 4676 unumquodque
2843 4597 2987 4673 tale,
3012 4602 3068 4660 et
3084 4598 3245 4660 illud
3257 4599 3488 4678 massis,-

1921 4690 2062 4752 ideo
2088 4689 2157 4749 in
2188 4689 2361 4749 omni
2388 4688 2526 4768 lege
2553 4688 2865 4770 praecipua
2906 4695 2998 4751 est
3038 4708 3213 4752 mens
3237 4690 3484 4769 legisla-

1921 4784 2095 4860 toris,
2132 4787 2318 4862 atque
2346 4781 2433 4842 ita
2469 4781 2576 4841 illa
2605 4787 2697 4843 est
2719 4783 3051 4845 intrinseca
3076 4785 3300 4861 forma,
3338 4783 3486 4845 reli-

1922 4893 2120 4956 quum
2147 4892 2291 4935 vero
2320 4879 2413 4936 est
2440 4875 2616 4954 quasi
2643 4892 2864 4954 corpus
2888 4881 2949 4937 et
2982 4877 3260 4938 materia.

2007 4969 2105 5030 ⁴0.
2149 4967 2467 5031 Rationem
2512 4968 2665 5048 leqis
2710 4986 2831 5032 esse
2861 4970 3039 5048 quasi
3078 4972 3347 5045 sormam
3374 4974 3483 5033 aut

1922 5077 2264 5125 menmam
2292 5061 2681 5123 extrinsecam
2708 5065 2989 5123 tenattem
3019 5078 3081 5123 ee
3114 5061 3488 5141 quodammo-

1923 5155 2019 5230 do,
2045 5159 2164 5215 etc.
2187 5184 2272 5198 -
2294 5152 2440 5212 Dico
2467 5151 2735 5212 secundo
2780 5169 2796 5212 :
2847 5152 3026 5212 Ratio
3060 5149 3215 5230 legis
3242 5169 3370 5212 11011
3396 5158 3489 5214 601

1924 5246 2126 5308 forma
2148 5245 2481 5305 intrinseca
2516 5244 2669 5324 legis
2695 5245 3009 5319 humante,
3040 5245 3146 5305 sed
3178 5251 3270 5307 est
3310 5246 3487 5325 quasi

1925 5340 2128 5400 forma
2167 5345 2276 5398 aut
2300 5354 2592 5398 mensura
2640 5338 2982 5398 extrinseca
3003 5343 3219 5399 tenens
3244 5357 3307 5399 se
3335 5356 3504 5417 quo-⁵

1928 5430 2260 5493 dammodo
2291 5448 2367 5491 ex
2396 5434 2569 5509 parte
2602 5429 2827 5509 objecti
2857 5430 3192 5492 voluntatis
3219 5430 3490 5509 superio-

1924 5527 2030 5590 110.
2064 5526 2357 5607 Suppono
2388 5540 2738 5596 sermonem
2768 5542 2897 5589 esse
2947 5524 3025 5588 de
3062 5524 3202 5605 lege
3239 5524 3489 5605 propria
