<?xml version="1.0" encoding="UTF-8"?>
<!DOCTYPE html PUBLIC "-//W3C//DTD XHTML 1.0 Transitional//EN"
    "http://www.w3.org/TR/xhtml1/DTD/xhtml1-transitional.dtd">
<html xmlns="http://www.w3.org/1999/xhtml" xml:lang="en" lang="en">
 <head>
  <title>
</title>
<meta http-equiv="Content-Type" content="text/html;charset=utf-8" />
  <meta name='ocr-system' content='tesseract 3.04.00' />
  <meta name='ocr-capabilities' content='ocr_page ocr_carea ocr_par ocr_line ocrx_word'/>
</head>
<body>
  <div class='ocr_page' id='page_1' title='image "./rpfranciscisuar02duvagoog_0416.png"; bbox 0 0 3976 6219; ppageno 0'>
   <div class='ocr_carea' id='block_1_1' title="bbox 486 479 2089 4214">
    <p class='ocr_par' dir='ltr' id='par_1_1' title="bbox 502 479 2089 2903">
     <span class='ocr_line' id='line_1_1' title="bbox 532 479 2087 561; baseline -0.003 -15"><span class='ocrx_word' id='word_1_1' title='bbox 532 486 702 546; x_wconf 90' lang='lat' dir='ltr'><strong>enim</strong></span> <span class='ocrx_word' id='word_1_2' title='bbox 732 483 820 544; x_wconf 91' lang='lat' dir='ltr'><strong>ita</strong></span> <span class='ocrx_word' id='word_1_3' title='bbox 842 482 1072 544; x_wconf 86' lang='lat' dir='ltr'><strong>servari</strong></span> <span class='ocrx_word' id='word_1_4' title='bbox 1102 480 1170 543; x_wconf 90' lang='lat' dir='ltr'><strong>in</strong></span> <span class='ocrx_word' id='word_1_5' title='bbox 1190 479 1404 544; x_wconf 91' lang='lat' dir='ltr'><strong>multis</strong></span> <span class='ocrx_word' id='word_1_6' title='bbox 1430 481 1762 561; x_wconf 82' lang='lat' dir='ltr'><strong>provinciis</strong></span> <span class='ocrx_word' id='word_1_7' title='bbox 1778 479 2087 554; x_wconf 77' lang='lat' dir='ltr'><strong>Ecclesiae,</strong></span> 
     </span>
     <span class='ocr_line' id='line_1_2' title="bbox 521 574 2089 655; baseline -0.003 -16"><span class='ocrx_word' id='word_1_8' title='bbox 521 584 581 640; x_wconf 90' lang='lat' dir='ltr'><strong>et</strong></span> <span class='ocrx_word' id='word_1_9' title='bbox 622 574 1021 638; x_wconf 88' lang='lat' dir='ltr'><strong>Pontificibus</strong></span> <span class='ocrx_word' id='word_1_10' title='bbox 1053 593 1180 637; x_wconf 91' lang='lat' dir='ltr'><strong>non</strong></span> <span class='ocrx_word' id='word_1_11' title='bbox 1223 574 1568 655; x_wconf 80' lang='lat' dir='ltr'><strong>displicere,</strong></span> <span class='ocrx_word' id='word_1_12' title='bbox 1609 574 1858 654; x_wconf 89' lang='lat' dir='ltr'><strong>quando</strong></span> <span class='ocrx_word' id='word_1_13' title='bbox 1903 591 2089 635; x_wconf 90' lang='lat' dir='ltr'><strong>causa</strong></span> 
     </span>
     <span class='ocr_line' id='line_1_3' title="bbox 520 668 2087 747; baseline -0.002 -15"><span class='ocrx_word' id='word_1_14' title='bbox 520 677 612 733; x_wconf 89' lang='lat' dir='ltr'><strong>est</strong></span> <span class='ocrx_word' id='word_1_15' title='bbox 639 670 1044 747; x_wconf 81' lang='lat' dir='ltr'><strong>rationabiliS,</strong></span> <span class='ocrx_word' id='word_1_16' title='bbox 1075 676 1138 731; x_wconf 90' lang='lat' dir='ltr'><strong>et</strong></span> <span class='ocrx_word' id='word_1_17' title='bbox 1164 688 1305 732; x_wconf 91' lang='lat' dir='ltr'><strong>cum</strong></span> <span class='ocrx_word' id='word_1_18' title='bbox 1334 668 1543 731; x_wconf 88' lang='lat' dir='ltr'><strong>debita</strong></span> <span class='ocrx_word' id='word_1_19' title='bbox 1569 668 1992 730; x_wconf 80' lang='lat' dir='ltr'><strong>moderatione</strong></span> <span class='ocrx_word' id='word_1_20' title='bbox 2016 687 2087 729; x_wconf 89' lang='lat' dir='ltr'><strong>ac</strong></span> 
     </span>
     <span class='ocr_line' id='line_1_4' title="bbox 519 761 2087 843; baseline -0.003 -17"><span class='ocrx_word' id='word_1_21' title='bbox 519 764 874 826; x_wconf 88' lang='lat' dir='ltr'><strong>obedientia</strong></span> <span class='ocrx_word' id='word_1_22' title='bbox 895 764 967 824; x_wconf 90' lang='lat' dir='ltr'><strong>fit</strong></span> <span class='ocrx_word' id='word_1_23' title='bbox 986 763 1367 843; x_wconf 89' lang='lat' dir='ltr'><strong>supplicati0.</strong></span> <span class='ocrx_word' id='word_1_24' title='bbox 1390 764 1468 824; x_wconf 89' lang='lat' dir='ltr'><strong>Et</strong></span> <span class='ocrx_word' id='word_1_25' title='bbox 1486 763 1738 824; x_wconf 88' lang='lat' dir='ltr'><strong>fortasse</strong></span> <span class='ocrx_word' id='word_1_26' title='bbox 1757 763 1824 823; x_wconf 92' lang='lat' dir='ltr'><strong>in</strong></span> <span class='ocrx_word' id='word_1_27' title='bbox 1846 761 2087 841; x_wconf 89' lang='lat' dir='ltr'><strong>legibus</strong></span> 
     </span>
     <span class='ocr_line' id='line_1_5' title="bbox 514 855 2080 935; baseline 0.001 -16"><span class='ocrx_word' id='word_1_28' title='bbox 514 857 798 920; x_wconf 80' lang='lat' dir='ltr'><strong>civilibus</strong></span> <span class='ocrx_word' id='word_1_29' title='bbox 816 875 943 919; x_wconf 91' lang='lat' dir='ltr'><strong>non</strong></span> <span class='ocrx_word' id='word_1_30' title='bbox 962 863 1093 918; x_wconf 90' lang='lat' dir='ltr'><strong>tam</strong></span> <span class='ocrx_word' id='word_1_31' title='bbox 1115 857 1424 919; x_wconf 80' lang='lat' dir='ltr'><strong>ordinarie</strong></span> <span class='ocrx_word' id='word_1_32' title='bbox 1447 855 1518 917; x_wconf 90' lang='lat' dir='ltr'><strong>fit</strong></span> <span class='ocrx_word' id='word_1_33' title='bbox 1537 857 1671 919; x_wconf 82' lang='grc'><strong>11666</strong></span> <span class='ocrx_word' id='word_1_34' title='bbox 1692 856 2080 935; x_wconf 91' lang='lat' dir='ltr'><strong>supplicati0,</strong></span> 
     </span>
     <span class='ocr_line' id='line_1_6' title="bbox 515 949 2085 1030; baseline 0.003 -19"><span class='ocrx_word' id='word_1_35' title='bbox 515 951 662 1030; x_wconf 89' lang='lat' dir='ltr'><strong>quia</strong></span> <span class='ocrx_word' id='word_1_36' title='bbox 693 970 822 1013; x_wconf 91' lang='lat' dir='ltr'><strong>non</strong></span> <span class='ocrx_word' id='word_1_37' title='bbox 848 956 996 1012; x_wconf 90' lang='lat' dir='ltr'><strong>sunt</strong></span> <span class='ocrx_word' id='word_1_38' title='bbox 1015 956 1146 1012; x_wconf 89' lang='lat' dir='ltr'><strong>tam</strong></span> <span class='ocrx_word' id='word_1_39' title='bbox 1170 952 1513 1029; x_wconf 79' lang='lat' dir='ltr'><strong>generaleS,</strong></span> <span class='ocrx_word' id='word_1_40' title='bbox 1536 956 1596 1011; x_wconf 93' lang='lat' dir='ltr'><strong>et</strong></span> <span class='ocrx_word' id='word_1_41' title='bbox 1617 949 1928 1013; x_wconf 84' lang='lat' dir='ltr'><strong>ordinarie</strong></span> <span class='ocrx_word' id='word_1_42' title='bbox 1956 972 2085 1016; x_wconf 89' lang='lat' dir='ltr'><strong>una</strong></span> 
     </span>
     <span class='ocr_line' id='line_1_7' title="bbox 515 1044 2083 1124; baseline 0.003 -20"><span class='ocrx_word' id='word_1_43' title='bbox 515 1049 577 1105; x_wconf 91' lang='lat' dir='ltr'><strong>et</strong></span> <span class='ocrx_word' id='word_1_44' title='bbox 622 1045 837 1106; x_wconf 89' lang='lat' dir='ltr'><strong>eadem</strong></span> <span class='ocrx_word' id='word_1_45' title='bbox 874 1045 975 1107; x_wconf 89' lang='lat' dir='ltr'><strong>lex</strong></span> <span class='ocrx_word' id='word_1_46' title='bbox 1012 1062 1140 1106; x_wconf 87' lang='lat' dir='ltr'><strong>non</strong></span> <span class='ocrx_word' id='word_1_47' title='bbox 1167 1044 1386 1119; x_wconf 88' lang='lat' dir='ltr'><strong>fertur,</strong></span> <span class='ocrx_word' id='word_1_48' title='bbox 1431 1044 1551 1105; x_wconf 91' lang='lat' dir='ltr'><strong>nisi</strong></span> <span class='ocrx_word' id='word_1_49' title='bbox 1593 1063 1705 1124; x_wconf 88' lang='lat' dir='ltr'><strong>pro</strong></span> <span class='ocrx_word' id='word_1_50' title='bbox 1736 1064 1952 1124; x_wconf 89' lang='lat' dir='ltr'><strong>regn0,</strong></span> <span class='ocrx_word' id='word_1_51' title='bbox 1982 1047 2083 1109; x_wconf 80' lang='lat' dir='ltr'><strong>vel</strong></span> 
     </span>
     <span class='ocr_line' id='line_1_8' title="bbox 515 1136 2079 1215; baseline 0.002 -17"><span class='ocrx_word' id='word_1_52' title='bbox 515 1137 848 1215; x_wconf 81' lang='lat' dir='ltr'><strong>provinciis</strong></span> <span class='ocrx_word' id='word_1_53' title='bbox 890 1138 958 1199; x_wconf 92' lang='lat' dir='ltr'><strong>in</strong></span> <span class='ocrx_word' id='word_1_54' title='bbox 994 1137 1269 1199; x_wconf 89' lang='lat' dir='ltr'><strong>moribus</strong></span> <span class='ocrx_word' id='word_1_55' title='bbox 1304 1136 1585 1198; x_wconf 87' lang='lat' dir='ltr'><strong>civilibus</strong></span> <span class='ocrx_word' id='word_1_56' title='bbox 1612 1138 1880 1200; x_wconf 91' lang='lat' dir='ltr'><strong>multum</strong></span> <span class='ocrx_word' id='word_1_57' title='bbox 1908 1140 2079 1201; x_wconf 89' lang='lat' dir='ltr'><strong>simi-</strong></span> 
     </span>
     <span class='ocr_line' id='line_1_9' title="bbox 511 1229 2081 1313; baseline 0.003 -22"><span class='ocrx_word' id='word_1_58' title='bbox 511 1229 697 1292; x_wconf 83' lang='lat' dir='ltr'><strong>libus.</strong></span> <span class='ocrx_word' id='word_1_59' title='bbox 724 1230 898 1292; x_wconf 87' lang='lat' dir='ltr'><strong>Unde</strong></span> <span class='ocrx_word' id='word_1_60' title='bbox 918 1231 984 1291; x_wconf 87' lang='lat' dir='ltr'><strong>in</strong></span> <span class='ocrx_word' id='word_1_61' title='bbox 1008 1232 1156 1311; x_wconf 90' lang='lat' dir='ltr'><strong>ipsis</strong></span> <span class='ocrx_word' id='word_1_62' title='bbox 1178 1230 1421 1309; x_wconf 89' lang='lat' dir='ltr'><strong>legibus</strong></span> <span class='ocrx_word' id='word_1_63' title='bbox 1443 1231 1776 1311; x_wconf 88' lang='lat' dir='ltr'><strong>pontificiis</strong></span> <span class='ocrx_word' id='word_1_64' title='bbox 1793 1233 2081 1313; x_wconf 81' lang='lat' dir='ltr'><strong>frequen-</strong></span> 
     </span>
     <span class='ocr_line' id='line_1_10' title="bbox 511 1323 2079 1405; baseline 0.003 -22"><span class='ocrx_word' id='word_1_65' title='bbox 511 1323 635 1386; x_wconf 90' lang='lat' dir='ltr'><strong>tius</strong></span> <span class='ocrx_word' id='word_1_66' title='bbox 657 1323 818 1385; x_wconf 89' lang='lat' dir='ltr'><strong>fiunt</strong></span> <span class='ocrx_word' id='word_1_67' title='bbox 852 1325 1004 1386; x_wconf 88' lang='lat' dir='ltr'><strong>tales</strong></span> <span class='ocrx_word' id='word_1_68' title='bbox 1049 1324 1523 1405; x_wconf 78' lang='lat' dir='ltr'><strong>supplicationes</strong></span> <span class='ocrx_word' id='word_1_69' title='bbox 1550 1343 1587 1385; x_wconf 90' lang='lat' dir='ltr'><strong>a</strong></span> <span class='ocrx_word' id='word_1_70' title='bbox 1619 1326 1951 1405; x_wconf 82' lang='lat' dir='ltr'><strong>provinciis</strong></span> <span class='ocrx_word' id='word_1_71' title='bbox 1978 1326 2079 1388; x_wconf 85' lang='lat' dir='ltr'><strong>vel</strong></span> 
     </span>
     <span class='ocr_line' id='line_1_11' title="bbox 509 1407 2077 1500; baseline 0.002 -22"><span class='ocrx_word' id='word_1_72' title='bbox 509 1418 720 1496; x_wconf 90' lang='lat' dir='ltr'><strong>regnis</strong></span> <span class='ocrx_word' id='word_1_73' title='bbox 751 1436 889 1498; x_wconf 83' lang='lat' dir='ltr'><strong>quae</strong></span> <span class='ocrx_word' id='word_1_74' title='bbox 911 1437 950 1478; x_wconf 88' lang='lat' dir='ltr'><strong>a</strong></span> <span class='ocrx_word' id='word_1_75' title='bbox 977 1436 1237 1480; x_wconf 83' lang='lat' dir='ltr'><strong>romana</strong></span> <span class='ocrx_word' id='word_1_76' title='bbox 1253 1407 1394 1478; x_wconf 80' lang='lat' dir='ltr'><strong>sede</strong></span> <span class='ocrx_word' id='word_1_77' title='bbox 1422 1417 1621 1497; x_wconf 88' lang='lat' dir='ltr'><strong>magis</strong></span> <span class='ocrx_word' id='word_1_78' title='bbox 1648 1418 1899 1498; x_wconf 61' lang='lat' dir='ltr'><strong>distant,</strong></span> <span class='ocrx_word' id='word_1_79' title='bbox 1927 1422 2077 1500; x_wconf 88' lang='lat' dir='ltr'><strong>quia</strong></span> 
     </span>
     <span class='ocr_line' id='line_1_12' title="bbox 508 1511 2074 1591; baseline 0.004 -20"><span class='ocrx_word' id='word_1_80' title='bbox 508 1511 749 1572; x_wconf 88' lang='lat' dir='ltr'><strong>facilius</strong></span> <span class='ocrx_word' id='word_1_81' title='bbox 778 1517 1034 1591; x_wconf 84' lang='lat' dir='ltr'><strong>possunt</strong></span> <span class='ocrx_word' id='word_1_82' title='bbox 1070 1529 1287 1574; x_wconf 89' lang='lat' dir='ltr'><strong>earum</strong></span> <span class='ocrx_word' id='word_1_83' title='bbox 1312 1512 1573 1591; x_wconf 83' lang='lat' dir='ltr'><strong>propriae</strong></span> <span class='ocrx_word' id='word_1_84' title='bbox 1600 1515 2074 1577; x_wconf 90' lang='lat' dir='ltr'><strong>consuetudines</strong></span> 
     </span>
     <span class='ocr_line' id='line_1_13' title="bbox 508 1605 2076 1687; baseline 0.004 -23"><span class='ocrx_word' id='word_1_85' title='bbox 508 1605 807 1685; x_wconf 87' lang='lat' dir='ltr'><strong>ignorari.</strong></span> <span class='ocrx_word' id='word_1_86' title='bbox 840 1606 1115 1685; x_wconf 90' lang='lat' dir='ltr'><strong>Deniqne</strong></span> <span class='ocrx_word' id='word_1_87' title='bbox 1139 1605 1206 1665; x_wconf 88' lang='lat' dir='ltr'><strong>in</strong></span> <span class='ocrx_word' id='word_1_88' title='bbox 1227 1605 1587 1684; x_wconf 90' lang='lat' dir='ltr'><strong>hujusmodi</strong></span> <span class='ocrx_word' id='word_1_89' title='bbox 1616 1625 1760 1667; x_wconf 89' lang='lat' dir='ltr'><strong>casu</strong></span> <span class='ocrx_word' id='word_1_90' title='bbox 1783 1626 1895 1687; x_wconf 90' lang='lat' dir='ltr'><strong>pro</strong></span> <span class='ocrx_word' id='word_1_91' title='bbox 1917 1615 2076 1670; x_wconf 88' lang='lat' dir='ltr'><strong>tem-</strong></span> 
     </span>
     <span class='ocr_line' id='line_1_14' title="bbox 506 1700 2077 1781; baseline 0.004 -21"><span class='ocrx_word' id='word_1_92' title='bbox 506 1718 655 1778; x_wconf 89' lang='lat' dir='ltr'><strong>pore</strong></span> <span class='ocrx_word' id='word_1_93' title='bbox 683 1719 794 1779; x_wconf 89' lang='lat' dir='ltr'><strong>pro</strong></span> <span class='ocrx_word' id='word_1_94' title='bbox 818 1720 940 1781; x_wconf 92' lang='lat' dir='ltr'><strong>quo</strong></span> <span class='ocrx_word' id='word_1_95' title='bbox 968 1701 1152 1761; x_wconf 90' lang='lat' dir='ltr'><strong>durat</strong></span> <span class='ocrx_word' id='word_1_96' title='bbox 1186 1700 1567 1780; x_wconf 80' lang='lat' dir='ltr'><strong>supplicatiO,</strong></span> <span class='ocrx_word' id='word_1_97' title='bbox 1612 1704 1955 1764; x_wconf 86' lang='lat' dir='ltr'><strong>cavendum</strong></span> <span class='ocrx_word' id='word_1_98' title='bbox 1985 1711 2077 1766; x_wconf 93' lang='lat' dir='ltr'><strong>est</strong></span> 
     </span>
     <span class='ocr_line' id='line_1_15' title="bbox 509 1794 2074 1875; baseline 0.003 -22"><span class='ocrx_word' id='word_1_99' title='bbox 509 1811 695 1855; x_wconf 90' lang='lat' dir='ltr'><strong>omne</strong></span> <span class='ocrx_word' id='word_1_100' title='bbox 725 1794 1069 1873; x_wconf 89' lang='lat' dir='ltr'><strong>periculum</strong></span> <span class='ocrx_word' id='word_1_101' title='bbox 1101 1796 1356 1873; x_wconf 88' lang='lat' dir='ltr'><strong>peccati.</strong></span> <span class='ocrx_word' id='word_1_102' title='bbox 1392 1794 1592 1871; x_wconf 88' lang='lat' dir='ltr'><strong>Unde,</strong></span> <span class='ocrx_word' id='word_1_103' title='bbox 1620 1797 1672 1855; x_wconf 94' lang='lat' dir='ltr'><strong>si</strong></span> <span class='ocrx_word' id='word_1_104' title='bbox 1700 1796 1833 1856; x_wconf 91' lang='lat' dir='ltr'><strong>fieri</strong></span> <span class='ocrx_word' id='word_1_105' title='bbox 1875 1804 2074 1875; x_wconf 89' lang='lat' dir='ltr'><strong>potest</strong></span> 
     </span>
     <span class='ocr_line' id='line_1_16' title="bbox 508 1887 2072 1970; baseline 0.004 -23"><span class='ocrx_word' id='word_1_106' title='bbox 508 1894 579 1948; x_wconf 91' lang='lat' dir='ltr'><strong>ut</strong></span> <span class='ocrx_word' id='word_1_107' title='bbox 626 1906 740 1968; x_wconf 88' lang='lat' dir='ltr'><strong>pro</strong></span> <span class='ocrx_word' id='word_1_108' title='bbox 790 1887 898 1949; x_wconf 93' lang='lat' dir='ltr'><strong>illo</strong></span> <span class='ocrx_word' id='word_1_109' title='bbox 941 1894 1216 1967; x_wconf 89' lang='lat' dir='ltr'><strong>tempore</strong></span> <span class='ocrx_word' id='word_1_110' title='bbox 1257 1889 1417 1949; x_wconf 88' lang='lat' dir='ltr'><strong>nihil</strong></span> <span class='ocrx_word' id='word_1_111' title='bbox 1467 1888 1578 1950; x_wconf 91' lang='lat' dir='ltr'><strong>fiat</strong></span> <span class='ocrx_word' id='word_1_112' title='bbox 1623 1896 1838 1951; x_wconf 90' lang='lat' dir='ltr'><strong>contra</strong></span> <span class='ocrx_word' id='word_1_113' title='bbox 1869 1891 2072 1970; x_wconf 85' lang='lat' dir='ltr'><strong>legem</strong></span> 
     </span>
     <span class='ocr_line' id='line_1_17' title="bbox 509 1981 2070 2063; baseline 0.002 -21"><span class='ocrx_word' id='word_1_114' title='bbox 509 1981 845 2058; x_wconf 76' lang='lat' dir='ltr'><strong>PontificiS,</strong></span> <span class='ocrx_word' id='word_1_115' title='bbox 894 1981 1237 2043; x_wconf 89' lang='lat' dir='ltr'><strong>curandum</strong></span> <span class='ocrx_word' id='word_1_116' title='bbox 1289 1982 1545 2043; x_wconf 88' lang='lat' dir='ltr'><strong>omnino</strong></span> <span class='ocrx_word' id='word_1_117' title='bbox 1597 1988 1707 2059; x_wconf 90' lang='lat' dir='ltr'><strong>est,</strong></span> <span class='ocrx_word' id='word_1_118' title='bbox 1750 1983 1891 2045; x_wconf 87' lang='lat' dir='ltr'><strong>licet</strong></span> <span class='ocrx_word' id='word_1_119' title='bbox 1937 1985 2070 2063; x_wconf 90' lang='lat' dir='ltr'><strong>ejus</strong></span> 
     </span>
     <span class='ocr_line' id='line_1_18' title="bbox 508 2076 2073 2156; baseline 0.004 -20"><span class='ocrx_word' id='word_1_120' title='bbox 508 2076 788 2137; x_wconf 83' lang='lat' dir='ltr'><strong>executio</strong></span> <span class='ocrx_word' id='word_1_121' title='bbox 815 2076 1246 2154; x_wconf 89' lang='lat' dir='ltr'><strong>suspendatur,</strong></span> <span class='ocrx_word' id='word_1_122' title='bbox 1278 2077 1424 2156; x_wconf 90' lang='lat' dir='ltr'><strong>quia</strong></span> <span class='ocrx_word' id='word_1_123' title='bbox 1451 2076 1539 2136; x_wconf 89' lang='lat' dir='ltr'><strong>ita</strong></span> <span class='ocrx_word' id='word_1_124' title='bbox 1578 2078 1779 2154; x_wconf 89' lang='lat' dir='ltr'><strong>magis</strong></span> <span class='ocrx_word' id='word_1_125' title='bbox 1819 2084 2073 2142; x_wconf 83' lang='lat' dir='ltr'><strong>cavetur</strong></span> 
     </span>
     <span class='ocr_line' id='line_1_19' title="bbox 506 2169 2070 2253; baseline 0.004 -24"><span class='ocrx_word' id='word_1_126' title='bbox 506 2187 692 2231; x_wconf 88' lang='lat' dir='ltr'><strong>omne</strong></span> <span class='ocrx_word' id='word_1_127' title='bbox 721 2169 1086 2249; x_wconf 89' lang='lat' dir='ltr'><strong>periculum,</strong></span> <span class='ocrx_word' id='word_1_128' title='bbox 1110 2174 1171 2230; x_wconf 90' lang='lat' dir='ltr'><strong>et</strong></span> <span class='ocrx_word' id='word_1_129' title='bbox 1194 2187 1266 2230; x_wconf 92' lang='grc'><strong>66</strong></span> <span class='ocrx_word' id='word_1_130' title='bbox 1287 2169 1472 2230; x_wconf 88' lang='lat' dir='ltr'><strong>modo</strong></span> <span class='ocrx_word' id='word_1_131' title='bbox 1500 2176 1751 2250; x_wconf 89' lang='lat' dir='ltr'><strong>paretur</strong></span> <span class='ocrx_word' id='word_1_132' title='bbox 1773 2172 1921 2251; x_wconf 88' lang='lat' dir='ltr'><strong>legi,</strong></span> <span class='ocrx_word' id='word_1_133' title='bbox 1945 2192 2070 2253; x_wconf 91' lang='lat' dir='ltr'><strong>quo</strong></span> 
     </span>
     <span class='ocr_line' id='line_1_20' title="bbox 506 2261 2070 2343; baseline 0.004 -20"><span class='ocrx_word' id='word_1_134' title='bbox 506 2261 829 2323; x_wconf 90' lang='lat' dir='ltr'><strong>commode</strong></span> <span class='ocrx_word' id='word_1_135' title='bbox 857 2262 992 2323; x_wconf 91' lang='lat' dir='ltr'><strong>fieri</strong></span> <span class='ocrx_word' id='word_1_136' title='bbox 1014 2266 1233 2341; x_wconf 90' lang='lat' dir='ltr'><strong>potest.</strong></span> <span class='ocrx_word' id='word_1_137' title='bbox 1267 2262 1330 2322; x_wconf 92' lang='lat' dir='ltr'><strong>Si</strong></span> <span class='ocrx_word' id='word_1_138' title='bbox 1350 2268 1559 2324; x_wconf 90' lang='lat' dir='ltr'><strong>autem</strong></span> <span class='ocrx_word' id='word_1_139' title='bbox 1582 2282 1709 2324; x_wconf 89' lang='lat' dir='ltr'><strong>non</strong></span> <span class='ocrx_word' id='word_1_140' title='bbox 1733 2271 1930 2343; x_wconf 91' lang='lat' dir='ltr'><strong>potest</strong></span> <span class='ocrx_word' id='word_1_141' title='bbox 1952 2268 2070 2329; x_wconf 90' lang='lat' dir='ltr'><strong>hoc</strong></span> 
     </span>
     <span class='ocr_line' id='line_1_21' title="bbox 504 2355 2069 2439; baseline 0.004 -23"><span class='ocrx_word' id='word_1_142' title='bbox 504 2355 690 2416; x_wconf 92' lang='lat' dir='ltr'><strong>modo</strong></span> <span class='ocrx_word' id='word_1_143' title='bbox 739 2356 1057 2434; x_wconf 87' lang='lat' dir='ltr'><strong>suspensio</strong></span> <span class='ocrx_word' id='word_1_144' title='bbox 1105 2356 1483 2417; x_wconf 84' lang='lat' dir='ltr'><strong>executionis</strong></span> <span class='ocrx_word' id='word_1_145' title='bbox 1504 2355 1639 2417; x_wconf 89' lang='lat' dir='ltr'><strong>fieri</strong></span> <span class='ocrx_word' id='word_1_146' title='bbox 1667 2358 1801 2420; x_wconf 90' lang='lat' dir='ltr'><strong>sine</strong></span> <span class='ocrx_word' id='word_1_147' title='bbox 1838 2377 2069 2439; x_wconf 86' lang='lat' dir='ltr'><strong>magna</strong></span> 
     </span>
     <span class='ocr_line' id='line_1_22' title="bbox 503 2449 2068 2530; baseline 0.003 -21"><span class='ocrx_word' id='word_1_148' title='bbox 503 2466 715 2509; x_wconf 90' lang='lat' dir='ltr'><strong>rerum</strong></span> <span class='ocrx_word' id='word_1_149' title='bbox 753 2449 1124 2525; x_wconf 77' lang='lat' dir='ltr'><strong>mutatione,</strong></span> <span class='ocrx_word' id='word_1_150' title='bbox 1163 2450 1263 2509; x_wconf 86' lang='lat' dir='ltr'><strong>vel</strong></span> <span class='ocrx_word' id='word_1_151' title='bbox 1305 2449 1576 2528; x_wconf 90' lang='lat' dir='ltr'><strong>periculo</strong></span> <span class='ocrx_word' id='word_1_152' title='bbox 1611 2451 1869 2530; x_wconf 87' lang='lat' dir='ltr'><strong>alicujus</strong></span> <span class='ocrx_word' id='word_1_153' title='bbox 1895 2472 2068 2515; x_wconf 89' lang='lat' dir='ltr'><strong>scan-</strong></span> 
     </span>
     <span class='ocr_line' id='line_1_23' title="bbox 504 2540 2068 2623; baseline 0.005 -22"><span class='ocrx_word' id='word_1_154' title='bbox 504 2540 649 2617; x_wconf 90' lang='lat' dir='ltr'><strong>dali,</strong></span> <span class='ocrx_word' id='word_1_155' title='bbox 687 2547 837 2603; x_wconf 90' lang='lat' dir='ltr'><strong>tunc</strong></span> <span class='ocrx_word' id='word_1_156' title='bbox 883 2561 960 2604; x_wconf 90' lang='lat' dir='ltr'><strong>ex</strong></span> <span class='ocrx_word' id='word_1_157' title='bbox 1002 2541 1274 2620; x_wconf 89' lang='lat' dir='ltr'><strong>benigna</strong></span> <span class='ocrx_word' id='word_1_158' title='bbox 1319 2543 1825 2623; x_wconf 85' lang='lat' dir='ltr'><strong>interpretatione</strong></span> <span class='ocrx_word' id='word_1_159' title='bbox 1847 2548 2068 2609; x_wconf 78' lang='lat' dir='ltr'><strong>volun-</strong></span> 
     </span>
     <span class='ocr_line' id='line_1_24' title="bbox 502 2635 2066 2717; baseline 0.005 -23"><span class='ocrx_word' id='word_1_160' title='bbox 502 2635 647 2696; x_wconf 91' lang='lat' dir='ltr'><strong>tatis</strong></span> <span class='ocrx_word' id='word_1_161' title='bbox 668 2635 1005 2711; x_wconf 81' lang='lat' dir='ltr'><strong>Pontificis,</strong></span> <span class='ocrx_word' id='word_1_162' title='bbox 1032 2636 1133 2698; x_wconf 89' lang='lat' dir='ltr'><strong>lex</strong></span> <span class='ocrx_word' id='word_1_163' title='bbox 1152 2643 1431 2697; x_wconf 90' lang='lat' dir='ltr'><strong>censetur</strong></span> <span class='ocrx_word' id='word_1_164' title='bbox 1456 2656 1568 2717; x_wconf 89' lang='lat' dir='ltr'><strong>pro</strong></span> <span class='ocrx_word' id='word_1_165' title='bbox 1591 2644 1741 2698; x_wconf 89' lang='lat' dir='ltr'><strong>tunc</strong></span> <span class='ocrx_word' id='word_1_166' title='bbox 1763 2658 1892 2701; x_wconf 90' lang='lat' dir='ltr'><strong>non</strong></span> <span class='ocrx_word' id='word_1_167' title='bbox 1912 2640 2066 2702; x_wconf 91' lang='lat' dir='ltr'><strong>obli-</strong></span> 
     </span>
     <span class='ocr_line' id='line_1_25' title="bbox 506 2721 2067 2810; baseline 0.005 -23"><span class='ocrx_word' id='word_1_168' title='bbox 506 2733 677 2805; x_wconf 79' lang='lat' dir='ltr'><strong>gare,</strong></span> <span class='ocrx_word' id='word_1_169' title='bbox 703 2733 766 2788; x_wconf 89' lang='lat' dir='ltr'><strong>et</strong></span> <span class='ocrx_word' id='word_1_170' title='bbox 791 2728 903 2789; x_wconf 87' lang='lat' dir='ltr'><strong>tali</strong></span> <span class='ocrx_word' id='word_1_171' title='bbox 931 2721 1345 2791; x_wconf 86' lang='lat' dir='ltr'><strong>declaratione</strong></span> <span class='ocrx_word' id='word_1_172' title='bbox 1369 2732 1704 2809; x_wconf 89' lang='lat' dir='ltr'><strong>prudenter</strong></span> <span class='ocrx_word' id='word_1_173' title='bbox 1729 2732 1912 2810; x_wconf 90' lang='lat' dir='ltr'><strong>facta,</strong></span> <span class='ocrx_word' id='word_1_174' title='bbox 1937 2752 2067 2795; x_wconf 89' lang='lat' dir='ltr'><strong>ces-</strong></span> 
     </span>
     <span class='ocr_line' id='line_1_26' title="bbox 505 2821 1678 2903; baseline 0.003 -23"><span class='ocrx_word' id='word_1_175' title='bbox 505 2824 601 2880; x_wconf 92' lang='lat' dir='ltr'><strong>sat</strong></span> <span class='ocrx_word' id='word_1_176' title='bbox 623 2821 812 2883; x_wconf 91' lang='lat' dir='ltr'><strong>etiam</strong></span> <span class='ocrx_word' id='word_1_177' title='bbox 844 2840 1030 2885; x_wconf 91' lang='lat' dir='ltr'><strong>omne</strong></span> <span class='ocrx_word' id='word_1_178' title='bbox 1054 2823 1399 2902; x_wconf 89' lang='lat' dir='ltr'><strong>periculum</strong></span> <span class='ocrx_word' id='word_1_179' title='bbox 1426 2825 1678 2903; x_wconf 90' lang='lat' dir='ltr'><strong>peccati.</strong></span> 
     </span>
    </p>

    <p class='ocr_par' dir='ltr' id='par_1_2' title="bbox 486 2916 2067 4214">
     <span class='ocr_line' id='line_1_27' title="bbox 581 2916 2067 2982; baseline 0.004 -6"><span class='ocrx_word' id='word_1_180' title='bbox 581 2916 644 2976; x_wconf 83' lang='lat'><strong>9.</strong></span> <span class='ocrx_word' id='word_1_181' title='bbox 687 2916 901 2980; x_wconf 76' lang='lat' dir='ltr'><strong>Tertia</strong></span> <span class='ocrx_word' id='word_1_182' title='bbox 929 2918 1472 2980; x_wconf 58' lang='lat' dir='ltr'><strong>condicam—Dico</strong></span> <span class='ocrx_word' id='word_1_183' title='bbox 1497 2919 1721 2979; x_wconf 86' lang='lat' dir='ltr'><strong>tertio:</strong></span> <span class='ocrx_word' id='word_1_184' title='bbox 1754 2918 1854 2980; x_wconf 88' lang='lat' dir='ltr'><strong>lex</strong></span> <span class='ocrx_word' id='word_1_185' title='bbox 1883 2938 2067 2982; x_wconf 90' lang='lat' dir='ltr'><strong>cano-</strong></span> 
     </span>
     <span class='ocr_line' id='line_1_28' title="bbox 500 3009 2062 3089; baseline 0.004 -21"><span class='ocrx_word' id='word_1_186' title='bbox 500 3009 663 3085; x_wconf 90' lang='lat' dir='ltr'><strong>nica,</strong></span> <span class='ocrx_word' id='word_1_187' title='bbox 694 3010 746 3070; x_wconf 92' lang='lat' dir='ltr'><strong>si</strong></span> <span class='ocrx_word' id='word_1_188' title='bbox 774 3029 885 3089; x_wconf 90' lang='lat' dir='ltr'><strong>per</strong></span> <span class='ocrx_word' id='word_1_189' title='bbox 911 3010 1420 3072; x_wconf 88' lang='lat' dir='ltr'><strong>consuetudinem</strong></span> <span class='ocrx_word' id='word_1_190' title='bbox 1447 3012 1771 3073; x_wconf 77' lang='lat' dir='ltr'><strong>toleratam</strong></span> <span class='ocrx_word' id='word_1_191' title='bbox 1804 3032 1930 3074; x_wconf 89' lang='lat' dir='ltr'><strong>non</strong></span> <span class='ocrx_word' id='word_1_192' title='bbox 1963 3033 2062 3076; x_wconf 87' lang='lat' dir='ltr'><strong>ac-</strong></span> 
     </span>
     <span class='ocr_line' id='line_1_29' title="bbox 500 3104 2065 3184; baseline 0.005 -20"><span class='ocrx_word' id='word_1_193' title='bbox 500 3112 801 3184; x_wconf 87' lang='lat' dir='ltr'><strong>ceptatur,</strong></span> <span class='ocrx_word' id='word_1_194' title='bbox 831 3106 1082 3167; x_wconf 89' lang='lat' dir='ltr'><strong>tandem</strong></span> <span class='ocrx_word' id='word_1_195' title='bbox 1106 3124 1234 3166; x_wconf 91' lang='lat' dir='ltr'><strong>non</strong></span> <span class='ocrx_word' id='word_1_196' title='bbox 1261 3104 1520 3184; x_wconf 90' lang='lat' dir='ltr'><strong>obligat,</strong></span> <span class='ocrx_word' id='word_1_197' title='bbox 1547 3105 1788 3168; x_wconf 90' lang='lat' dir='ltr'><strong>etiamsi</strong></span> <span class='ocrx_word' id='word_1_198' title='bbox 1808 3105 2065 3172; x_wconf 84' lang='lat' dir='ltr'><strong>fortasse</strong></span> 
     </span>
     <span class='ocr_line' id='line_1_30' title="bbox 497 3196 2057 3279; baseline 0.006 -23"><span class='ocrx_word' id='word_1_199' title='bbox 497 3196 564 3257; x_wconf 89' lang='lat' dir='ltr'><strong>in</strong></span> <span class='ocrx_word' id='word_1_200' title='bbox 597 3199 901 3279; x_wconf 91' lang='lat' dir='ltr'><strong>principio</strong></span> <span class='ocrx_word' id='word_1_201' title='bbox 929 3198 1315 3279; x_wconf 87' lang='lat' dir='ltr'><strong>culpabiliter</strong></span> <span class='ocrx_word' id='word_1_202' title='bbox 1348 3200 1535 3261; x_wconf 88' lang='lat' dir='ltr'><strong>fuerit</strong></span> <span class='ocrx_word' id='word_1_203' title='bbox 1560 3220 1688 3261; x_wconf 90' lang='lat' dir='ltr'><strong>non</strong></span> <span class='ocrx_word' id='word_1_204' title='bbox 1715 3200 2057 3266; x_wconf 83' lang='lat' dir='ltr'><strong>observata.</strong></span> 
     </span>
     <span class='ocr_line' id='line_1_31' title="bbox 497 3292 2060 3376; baseline 0.006 -26"><span class='ocrx_word' id='word_1_205' title='bbox 497 3292 590 3352; x_wconf 90' lang='lat' dir='ltr'><strong>Ita</strong></span> <span class='ocrx_word' id='word_1_206' title='bbox 624 3293 898 3372; x_wconf 86' lang='lat' dir='ltr'><strong>procedit</strong></span> <span class='ocrx_word' id='word_1_207' title='bbox 925 3295 1271 3354; x_wconf 89' lang='lat' dir='ltr'><strong>communis</strong></span> <span class='ocrx_word' id='word_1_208' title='bbox 1298 3295 1603 3355; x_wconf 89' lang='lat' dir='ltr'><strong>sententia</strong></span> <span class='ocrx_word' id='word_1_209' title='bbox 1629 3315 1813 3376; x_wconf 89' lang='lat' dir='ltr'><strong>supra</strong></span> <span class='ocrx_word' id='word_1_210' title='bbox 1848 3297 2060 3375; x_wconf 87' lang='lat' dir='ltr'><strong>citata,</strong></span> 
     </span>
     <span class='ocr_line' id='line_1_32' title="bbox 495 3387 2062 3468; baseline 0.003 -21"><span class='ocrx_word' id='word_1_211' title='bbox 495 3390 557 3447; x_wconf 88' lang='lat' dir='ltr'><strong>et</strong></span> <span class='ocrx_word' id='word_1_212' title='bbox 580 3388 850 3448; x_wconf 87' lang='lat' dir='ltr'><strong>sumitur</strong></span> <span class='ocrx_word' id='word_1_213' title='bbox 867 3407 943 3448; x_wconf 89' lang='lat' dir='ltr'><strong>ex</strong></span> <span class='ocrx_word' id='word_1_214' title='bbox 966 3389 1166 3467; x_wconf 90' lang='lat' dir='ltr'><strong>capite</strong></span> <span class='ocrx_word' id='word_1_215' title='bbox 1190 3387 1410 3448; x_wconf 91' lang='lat' dir='ltr'><strong>ultimo</strong></span> <span class='ocrx_word' id='word_1_216' title='bbox 1434 3389 1509 3449; x_wconf 91' lang='lat' dir='ltr'><strong>de</strong></span> <span class='ocrx_word' id='word_1_217' title='bbox 1529 3390 1898 3452; x_wconf 80' lang='lat' dir='ltr'><strong>consuetud.</strong></span> <span class='ocrx_word' id='word_1_218' title='bbox 1907 3437 1929 3468; x_wconf 96' lang='lat'><strong>,</strong></span> <span class='ocrx_word' id='word_1_219' title='bbox 1951 3392 2062 3453; x_wconf 88' lang='lat' dir='ltr'><strong>ubi</strong></span> 
     </span>
     <span class='ocr_line' id='line_1_33' title="bbox 497 3478 2059 3561; baseline 0.004 -23"><span class='ocrx_word' id='word_1_220' title='bbox 497 3478 723 3541; x_wconf 91' lang='lat' dir='ltr'><strong>dicitur</strong></span> <span class='ocrx_word' id='word_1_221' title='bbox 753 3479 957 3559; x_wconf 88' lang='lat' dir='ltr'><strong>legem</strong></span> <span class='ocrx_word' id='word_1_222' title='bbox 998 3480 1187 3541; x_wconf 91' lang='lat' dir='ltr'><strong>etiam</strong></span> <span class='ocrx_word' id='word_1_223' title='bbox 1225 3486 1532 3559; x_wconf 89' lang='lat' dir='ltr'><strong>receptam</strong></span> <span class='ocrx_word' id='word_1_224' title='bbox 1569 3500 1744 3561; x_wconf 91' lang='lat' dir='ltr'><strong>posse</strong></span> <span class='ocrx_word' id='word_1_225' title='bbox 1785 3483 1874 3544; x_wconf 83' lang='lat' dir='ltr'><strong>ita</strong></span> <span class='ocrx_word' id='word_1_226' title='bbox 1911 3501 2059 3545; x_wconf 89' lang='lat' dir='ltr'><strong>con-</strong></span> 
     </span>
     <span class='ocr_line' id='line_1_34' title="bbox 492 3573 2059 3655; baseline 0.003 -22"><span class='ocrx_word' id='word_1_227' title='bbox 492 3573 817 3635; x_wconf 89' lang='lat' dir='ltr'><strong>suetudine</strong></span> <span class='ocrx_word' id='word_1_228' title='bbox 836 3573 1151 3652; x_wconf 87' lang='lat' dir='ltr'><strong>abrogari,</strong></span> <span class='ocrx_word' id='word_1_229' title='bbox 1176 3579 1248 3633; x_wconf 89' lang='lat' dir='ltr'><strong>nt</strong></span> <span class='ocrx_word' id='word_1_230' title='bbox 1264 3591 1391 3634; x_wconf 91' lang='lat' dir='ltr'><strong>non</strong></span> <span class='ocrx_word' id='word_1_231' title='bbox 1410 3574 1673 3653; x_wconf 81' lang='lat' dir='ltr'><strong>obliget3</strong></span> <span class='ocrx_word' id='word_1_232' title='bbox 1695 3594 1842 3655; x_wconf 89' lang='lat' dir='ltr'><strong>ergo</strong></span> <span class='ocrx_word' id='word_1_233' title='bbox 1860 3576 2059 3638; x_wconf 90' lang='lat' dir='ltr'><strong>multo</strong></span> 
     </span>
     <span class='ocr_line' id='line_1_35' title="bbox 493 3665 2056 3746; baseline 0.004 -21"><span class='ocrx_word' id='word_1_234' title='bbox 493 3666 693 3744; x_wconf 89' lang='lat' dir='ltr'><strong>magis</strong></span> <span class='ocrx_word' id='word_1_235' title='bbox 734 3667 960 3746; x_wconf 89' lang='lat' dir='ltr'><strong>poterit</strong></span> <span class='ocrx_word' id='word_1_236' title='bbox 999 3665 1288 3745; x_wconf 90' lang='lat' dir='ltr'><strong>impediri</strong></span> <span class='ocrx_word' id='word_1_237' title='bbox 1324 3685 1404 3728; x_wconf 91' lang='lat' dir='ltr'><strong>ne</strong></span> <span class='ocrx_word' id='word_1_238' title='bbox 1449 3667 1703 3745; x_wconf 89' lang='lat' dir='ltr'><strong>obliget,</strong></span> <span class='ocrx_word' id='word_1_239' title='bbox 1735 3686 1878 3730; x_wconf 89' lang='lat' dir='ltr'><strong>cum</strong></span> <span class='ocrx_word' id='word_1_240' title='bbox 1910 3673 2056 3732; x_wconf 88' lang='lat' dir='ltr'><strong>ante</strong></span> 
     </span>
     <span class='ocr_line' id='line_1_36' title="bbox 491 3759 2050 3839; baseline 0.004 -21"><span class='ocrx_word' id='word_1_241' title='bbox 491 3759 977 3838; x_wconf 86' lang='lat' dir='ltr'><strong>acceptationem</strong></span> <span class='ocrx_word' id='word_1_242' title='bbox 1029 3760 1333 3821; x_wconf 88' lang='lat' dir='ltr'><strong>minorem</strong></span> <span class='ocrx_word' id='word_1_243' title='bbox 1383 3759 1741 3824; x_wconf 86' lang='lat' dir='ltr'><strong>firmitatem</strong></span> <span class='ocrx_word' id='word_1_244' title='bbox 1788 3761 2050 3839; x_wconf 88' lang='lat' dir='ltr'><strong>habeat,</strong></span> 
     </span>
     <span class='ocr_line' id='line_1_37' title="bbox 486 3852 2056 3937; baseline 0.005 -27"><span class='ocrx_word' id='word_1_245' title='bbox 486 3852 665 3931; x_wconf 88' lang='lat' dir='ltr'><strong>juxta</strong></span> <span class='ocrx_word' id='word_1_246' title='bbox 709 3852 946 3914; x_wconf 90' lang='lat' dir='ltr'><strong>dictum</strong></span> <span class='ocrx_word' id='word_1_247' title='bbox 976 3852 1013 3932; x_wconf 63' lang='grc' dir='ltr'>ξ</span> <span class='ocrx_word' id='word_1_248' title='bbox 1055 3854 1258 3932; x_wconf 73' lang='lat' dir='ltr'><strong>Leyes.</strong></span> <span class='ocrx_word' id='word_1_249' title='bbox 1290 3854 1469 3915; x_wconf 87' lang='lat' dir='ltr'><strong>Ratio</strong></span> <span class='ocrx_word' id='word_1_250' title='bbox 1512 3860 1721 3917; x_wconf 90' lang='lat' dir='ltr'><strong>autem</strong></span> <span class='ocrx_word' id='word_1_251' title='bbox 1762 3862 1874 3932; x_wconf 90' lang='lat' dir='ltr'><strong>est,</strong></span> <span class='ocrx_word' id='word_1_252' title='bbox 1908 3857 2056 3937; x_wconf 89' lang='lat' dir='ltr'><strong>quia</strong></span> 
     </span>
     <span class='ocr_line' id='line_1_38' title="bbox 489 3950 2054 4030; baseline 0.004 -24"><span class='ocrx_word' id='word_1_253' title='bbox 489 3950 640 4007; x_wconf 88' lang='lat' dir='ltr'><strong>tunc</strong></span> <span class='ocrx_word' id='word_1_254' title='bbox 679 3951 772 4008; x_wconf 91' lang='lat' dir='ltr'><strong>est</strong></span> <span class='ocrx_word' id='word_1_255' title='bbox 808 3963 1038 4026; x_wconf 88' lang='lat' dir='ltr'><strong>magna</strong></span> <span class='ocrx_word' id='word_1_256' title='bbox 1073 3964 1257 4008; x_wconf 90' lang='lat' dir='ltr'><strong>causa</strong></span> <span class='ocrx_word' id='word_1_257' title='bbox 1294 3950 1708 4026; x_wconf 71' lang='lat' dir='ltr'><strong>praesumendi</strong></span> <span class='ocrx_word' id='word_1_258' title='bbox 1747 3950 2054 4030; x_wconf 89' lang='lat' dir='ltr'><strong>legislato-</strong></span> 
     </span>
     <span class='ocr_line' id='line_1_39' title="bbox 488 4040 2049 4123; baseline 0.004 -23"><span class='ocrx_word' id='word_1_259' title='bbox 488 4057 622 4101; x_wconf 90' lang='lat' dir='ltr'><strong>rem</strong></span> <span class='ocrx_word' id='word_1_260' title='bbox 665 4040 1028 4117; x_wconf 84' lang='lat' dir='ltr'><strong>connivere,</strong></span> <span class='ocrx_word' id='word_1_261' title='bbox 1069 4046 1133 4103; x_wconf 89' lang='lat' dir='ltr'><strong>et</strong></span> <span class='ocrx_word' id='word_1_262' title='bbox 1174 4041 1337 4102; x_wconf 89' lang='lat' dir='ltr'><strong>nolle</strong></span> <span class='ocrx_word' id='word_1_263' title='bbox 1369 4060 1511 4104; x_wconf 91' lang='lat' dir='ltr'><strong>cum</strong></span> <span class='ocrx_word' id='word_1_264' title='bbox 1556 4050 1730 4105; x_wconf 91' lang='lat' dir='ltr'><strong>tanto</strong></span> <span class='ocrx_word' id='word_1_265' title='bbox 1773 4045 2049 4123; x_wconf 90' lang='lat' dir='ltr'><strong>periculo</strong></span> 
     </span>
     <span class='ocr_line' id='line_1_40' title="bbox 487 4133 2049 4214; baseline 0.004 -20"><span class='ocrx_word' id='word_1_266' title='bbox 487 4134 998 4195; x_wconf 88' lang='lat' dir='ltr'><strong>communitatem</strong></span> <span class='ocrx_word' id='word_1_267' title='bbox 1022 4133 1319 4214; x_wconf 89' lang='lat' dir='ltr'><strong>obligare,</strong></span> <span class='ocrx_word' id='word_1_268' title='bbox 1345 4140 1407 4197; x_wconf 90' lang='lat' dir='ltr'><strong>et</strong></span> <span class='ocrx_word' id='word_1_269' title='bbox 1427 4135 1546 4197; x_wconf 88' lang='lat' dir='ltr'><strong>hoc</strong></span> <span class='ocrx_word' id='word_1_270' title='bbox 1568 4136 1756 4199; x_wconf 85' lang='lat' dir='ltr'><strong>etiam</strong></span> <span class='ocrx_word' id='word_1_271' title='bbox 1779 4139 2049 4200; x_wconf 87' lang='lat' dir='ltr'><strong>ostendit</strong></span> 
     </span>
    </p>
   </div>
   <div class='ocr_carea' id='block_1_2' title="bbox 486 4227 2090 4308">
    <p class='ocr_par' dir='ltr' id='par_1_3' title="bbox 486 4227 2090 4308">
     <span class='ocr_line' id='line_1_41' title="bbox 486 4227 2090 4308; baseline 0.007 -21"><span class='ocrx_word' id='word_1_272' title='bbox 486 4245 634 4288; x_wconf 89' lang='lat' dir='ltr'><strong>usus</strong></span> <span class='ocrx_word' id='word_1_273' title='bbox 673 4227 863 4288; x_wconf 88' lang='lat' dir='ltr'><strong>totius</strong></span> <span class='ocrx_word' id='word_1_274' title='bbox 904 4228 1207 4290; x_wconf 79' lang='lat' dir='ltr'><strong>Ecclesiae.</strong></span> <span class='ocrx_word' id='word_1_275' title='bbox 1249 4229 1500 4308; x_wconf 85' lang='lat' dir='ltr'><strong>Oportet</strong></span> <span class='ocrx_word' id='word_1_276' title='bbox 1533 4236 1744 4293; x_wconf 88' lang='lat' dir='ltr'><strong>autem</strong></span> <span class='ocrx_word' id='word_1_277' title='bbox 1782 4238 1855 4293; x_wconf 90' lang='lat' dir='ltr'><strong>ut</strong></span> <span class='ocrx_word' id='word_1_278' title='bbox 1899 4250 2047 4294; x_wconf 90' lang='lat' dir='ltr'><strong>con·</strong></span> <span class='ocrx_word' id='word_1_279' title='bbox 2075 4283 2090 4298; x_wconf 93' lang='lat'><strong>.</strong></span> 
     </span>
    </p>
   </div>
   <div class='ocr_carea' id='block_1_3' title="bbox 475 4321 2047 5617">
    <p class='ocr_par' dir='ltr' id='par_1_4' title="bbox 475 4321 2047 5617">
     <span class='ocr_line' id='line_1_42' title="bbox 484 4321 2047 4402; baseline 0.003 -20"><span class='ocrx_word' id='word_1_280' title='bbox 484 4321 743 4383; x_wconf 90' lang='lat' dir='ltr'><strong>suetudo</strong></span> <span class='ocrx_word' id='word_1_281' title='bbox 770 4322 879 4382; x_wconf 85' lang='lat' dir='ltr'><strong>illa</strong></span> <span class='ocrx_word' id='word_1_282' title='bbox 905 4322 1176 4402; x_wconf 87' lang='lat' dir='ltr'><strong>aliquam</strong></span> <span class='ocrx_word' id='word_1_283' title='bbox 1202 4321 1632 4384; x_wconf 85' lang='lat' dir='ltr'><strong>rationabilem</strong></span> <span class='ocrx_word' id='word_1_284' title='bbox 1665 4342 1913 4385; x_wconf 89' lang='lat' dir='ltr'><strong>causam</strong></span> <span class='ocrx_word' id='word_1_285' title='bbox 1936 4325 2047 4387; x_wconf 87' lang='lat' dir='ltr'><strong>ha-</strong></span> 
     </span>
     <span class='ocr_line' id='line_1_43' title="bbox 483 4407 2047 4495; baseline 0.004 -21"><span class='ocrx_word' id='word_1_286' title='bbox 483 4413 647 4490; x_wconf 90' lang='lat' dir='ltr'><strong>beat,</strong></span> <span class='ocrx_word' id='word_1_287' title='bbox 677 4422 747 4476; x_wconf 86' lang='grc'><strong>111</strong></span> <span class='ocrx_word' id='word_1_288' title='bbox 776 4415 1005 4477; x_wconf 86' lang='grc'><strong>(1161161</strong></span> <span class='ocrx_word' id='word_1_289' title='bbox 1031 4407 1103 4476; x_wconf 63' lang='lat' dir='ltr'><strong>&#39;in</strong></span> <span class='ocrx_word' id='word_1_290' title='bbox 1128 4415 1291 4477; x_wconf 91' lang='lat' dir='ltr'><strong>dicto</strong></span> <span class='ocrx_word' id='word_1_291' title='bbox 1322 4415 1519 4495; x_wconf 89' lang='lat' dir='ltr'><strong>capite</strong></span> <span class='ocrx_word' id='word_1_292' title='bbox 1554 4416 1669 4477; x_wconf 85' lang='lat' dir='ltr'><strong>ult.</strong></span> <span class='ocrx_word' id='word_1_293' title='bbox 1701 4422 1764 4478; x_wconf 88' lang='lat' dir='ltr'><strong>et</strong></span> <span class='ocrx_word' id='word_1_294' title='bbox 1787 4417 1953 4480; x_wconf 83' lang='lat' dir='ltr'><strong>infra</strong></span> <span class='ocrx_word' id='word_1_295' title='bbox 1978 4419 2047 4481; x_wconf 90' lang='lat' dir='ltr'><strong>in</strong></span> 
     </span>
     <span class='ocr_line' id='line_1_44' title="bbox 483 4507 2046 4591; baseline 0.006 -24"><span class='ocrx_word' id='word_1_296' title='bbox 483 4507 617 4568; x_wconf 92' lang='lat' dir='ltr'><strong>loco</strong></span> <span class='ocrx_word' id='word_1_297' title='bbox 643 4507 828 4570; x_wconf 88' lang='lat' dir='ltr'><strong>latius</strong></span> <span class='ocrx_word' id='word_1_298' title='bbox 853 4508 1278 4589; x_wconf 89' lang='lat' dir='ltr'><strong>explicabitur.</strong></span> <span class='ocrx_word' id='word_1_299' title='bbox 1311 4510 1542 4572; x_wconf 89' lang='lat' dir='ltr'><strong>Deinde</strong></span> <span class='ocrx_word' id='word_1_300' title='bbox 1566 4529 1812 4573; x_wconf 91' lang='lat' dir='ltr'><strong>necesse</strong></span> <span class='ocrx_word' id='word_1_301' title='bbox 1839 4518 1950 4591; x_wconf 92' lang='lat' dir='ltr'><strong>est,</strong></span> <span class='ocrx_word' id='word_1_302' title='bbox 1982 4519 2046 4576; x_wconf 90' lang='lat' dir='ltr'><strong>et</strong></span> 
     </span>
     <span class='ocr_line' id='line_1_45' title="bbox 482 4584 2045 4682; baseline 0.004 -21"><span class='ocrx_word' id='word_1_303' title='bbox 482 4584 730 4678; x_wconf 78' lang='lat' dir='ltr'><strong>sufficit‘,</strong></span> <span class='ocrx_word' id='word_1_304' title='bbox 757 4607 830 4663; x_wconf 91' lang='lat' dir='ltr'><strong>ut</strong></span> <span class='ocrx_word' id='word_1_305' title='bbox 856 4620 895 4663; x_wconf 88' lang='lat' dir='ltr'><strong>a</strong></span> <span class='ocrx_word' id='word_1_306' title='bbox 921 4602 1144 4681; x_wconf 87' lang='lat' dir='ltr'><strong>majori</strong></span> <span class='ocrx_word' id='word_1_307' title='bbox 1170 4608 1343 4682; x_wconf 90' lang='lat' dir='ltr'><strong>parte</strong></span> <span class='ocrx_word' id='word_1_308' title='bbox 1369 4603 1581 4682; x_wconf 89' lang='lat' dir='ltr'><strong>populi</strong></span> <span class='ocrx_word' id='word_1_309' title='bbox 1606 4622 1734 4666; x_wconf 90' lang='lat' dir='ltr'><strong>non</strong></span> <span class='ocrx_word' id='word_1_310' title='bbox 1762 4606 2045 4669; x_wconf 78' lang='lat' dir='ltr'><strong>observe-</strong></span> 
     </span>
     <span class='ocr_line' id='line_1_46' title="bbox 481 4695 2045 4779; baseline 0.005 -26"><span class='ocrx_word' id='word_1_311' title='bbox 481 4699 585 4754; x_wconf 90' lang='lat' dir='ltr'><strong>tur</strong></span> <span class='ocrx_word' id='word_1_312' title='bbox 613 4714 625 4756; x_wconf 91' lang='lat'>:</span> <span class='ocrx_word' id='word_1_313' title='bbox 659 4713 832 4771; x_wconf 90' lang='lat' dir='ltr'><strong>nam,</strong></span> <span class='ocrx_word' id='word_1_314' title='bbox 861 4695 913 4755; x_wconf 91' lang='lat' dir='ltr'><strong>si</strong></span> <span class='ocrx_word' id='word_1_315' title='bbox 945 4696 1144 4774; x_wconf 85' lang='lat' dir='ltr'><strong>major</strong></span> <span class='ocrx_word' id='word_1_316' title='bbox 1177 4714 1320 4775; x_wconf 92' lang='lat' dir='ltr'><strong>pars</strong></span> <span class='ocrx_word' id='word_1_317' title='bbox 1345 4697 1547 4776; x_wconf 89' lang='lat' dir='ltr'><strong>legem</strong></span> <span class='ocrx_word' id='word_1_318' title='bbox 1579 4704 1799 4776; x_wconf 79' lang='lat' dir='ltr'><strong>servet,</strong></span> <span class='ocrx_word' id='word_1_319' title='bbox 1825 4717 2045 4779; x_wconf 91' lang='lat' dir='ltr'><strong>quam-</strong></span> 
     </span>
     <span class='ocr_line' id='line_1_47' title="bbox 480 4787 2038 4870; baseline 0.005 -25"><span class='ocrx_word' id='word_1_320' title='bbox 480 4787 575 4846; x_wconf 85' lang='lat' dir='ltr'><strong>vis</strong></span> <span class='ocrx_word' id='word_1_321' title='bbox 601 4787 707 4848; x_wconf 89' lang='lat' dir='ltr'><strong>alii</strong></span> <span class='ocrx_word' id='word_1_322' title='bbox 734 4805 873 4849; x_wconf 92' lang='lat' dir='ltr'><strong>eam</strong></span> <span class='ocrx_word' id='word_1_323' title='bbox 900 4806 1025 4848; x_wconf 89' lang='lat' dir='ltr'><strong>non</strong></span> <span class='ocrx_word' id='word_1_324' title='bbox 1059 4794 1400 4868; x_wconf 87' lang='lat' dir='ltr'><strong>acceptent,</strong></span> <span class='ocrx_word' id='word_1_325' title='bbox 1431 4809 1605 4851; x_wconf 91' lang='lat' dir='ltr'><strong>suam</strong></span> <span class='ocrx_word' id='word_1_326' title='bbox 1631 4791 1762 4852; x_wconf 84' lang='lat' dir='ltr'><strong>vim</strong></span> <span class='ocrx_word' id='word_1_327' title='bbox 1787 4793 2038 4870; x_wconf 88' lang='lat' dir='ltr'><strong>retinet,</strong></span> 
     </span>
     <span class='ocr_line' id='line_1_48' title="bbox 479 4882 2043 4962; baseline 0.004 -20"><span class='ocrx_word' id='word_1_328' title='bbox 479 4882 625 4959; x_wconf 90' lang='lat' dir='ltr'><strong>quia</strong></span> <span class='ocrx_word' id='word_1_329' title='bbox 651 4882 718 4942; x_wconf 93' lang='lat' dir='ltr'><strong>id</strong></span> <span class='ocrx_word' id='word_1_330' title='bbox 744 4882 1082 4962; x_wconf 87' lang='lat' dir='ltr'><strong>requiritur</strong></span> <span class='ocrx_word' id='word_1_331' title='bbox 1106 4882 1187 4943; x_wconf 89' lang='lat' dir='ltr'><strong>ad</strong></span> <span class='ocrx_word' id='word_1_332' title='bbox 1214 4885 1748 4962; x_wconf 89' lang='lat' dir='ltr'><strong>consuetudinem,</strong></span> <span class='ocrx_word' id='word_1_333' title='bbox 1779 4890 1851 4945; x_wconf 89' lang='lat' dir='ltr'><strong>ut</strong></span> <span class='ocrx_word' id='word_1_334' title='bbox 1876 4887 2043 4949; x_wconf 74' lang='lat' dir='ltr'><strong>infra</strong></span> 
     </span>
     <span class='ocr_line' id='line_1_49' title="bbox 480 4974 2041 5059; baseline 0.004 -24"><span class='ocrx_word' id='word_1_335' title='bbox 480 4974 737 5051; x_wconf 90' lang='lat' dir='ltr'><strong>dicetur,</strong></span> <span class='ocrx_word' id='word_1_336' title='bbox 765 4982 826 5037; x_wconf 88' lang='lat' dir='ltr'><strong>et</strong></span> <span class='ocrx_word' id='word_1_337' title='bbox 851 4975 1050 5037; x_wconf 85' lang='lat' dir='ltr'><strong>videri</strong></span> <span class='ocrx_word' id='word_1_338' title='bbox 1076 4981 1279 5056; x_wconf 88' lang='lat' dir='ltr'><strong>potest</strong></span> <span class='ocrx_word' id='word_1_339' title='bbox 1301 4977 1716 5040; x_wconf 81' lang='lat' dir='ltr'><strong>Panormitan.</strong></span> <span class='ocrx_word' id='word_1_340' title='bbox 1745 4978 1814 5038; x_wconf 91' lang='grc'><strong>16</strong></span> <span class='ocrx_word' id='word_1_341' title='bbox 1839 4980 2041 5059; x_wconf 88' lang='lat' dir='ltr'><strong>capite</strong></span> 
     </span>
     <span class='ocr_line' id='line_1_50' title="bbox 484 5064 2041 5148; baseline 0.002 -17"><span class='ocrx_word' id='word_1_342' title='bbox 484 5067 636 5131; x_wconf 85' lang='lat' dir='ltr'><strong>G&#39;wm</strong></span> <span class='ocrx_word' id='word_1_343' title='bbox 662 5070 804 5148; x_wconf 84' lang='lat' dir='ltr'><strong>jam</strong></span> <span class='ocrx_word' id='word_1_344' title='bbox 844 5070 1088 5145; x_wconf 75' lang='lat' dir='ltr'><strong>dudum,</strong></span> <span class='ocrx_word' id='word_1_345' title='bbox 1118 5069 1196 5131; x_wconf 93' lang='lat' dir='ltr'><strong>de</strong></span> <span class='ocrx_word' id='word_1_346' title='bbox 1244 5064 1574 5133; x_wconf 69' lang='lat' dir='ltr'><strong>Praebend.</strong></span> <span class='ocrx_word' id='word_1_347' title='bbox 1602 5070 1669 5130; x_wconf 88' lang='lat' dir='ltr'><strong>in</strong></span> <span class='ocrx_word' id='word_1_348' title='bbox 1702 5070 1849 5147; x_wconf 89' lang='lat' dir='ltr'><strong>fine,</strong></span> <span class='ocrx_word' id='word_1_349' title='bbox 1881 5078 1943 5133; x_wconf 93' lang='lat' dir='ltr'><strong>et</strong></span> <span class='ocrx_word' id='word_1_350' title='bbox 1971 5073 2041 5134; x_wconf 88' lang='lat' dir='ltr'><strong>in</strong></span> 
     </span>
     <span class='ocr_line' id='line_1_51' title="bbox 479 5162 2040 5242; baseline 0.003 -20"><span class='ocrx_word' id='word_1_351' title='bbox 479 5163 676 5242; x_wconf 89' lang='lat' dir='ltr'><strong>capite</strong></span> <span class='ocrx_word' id='word_1_352' title='bbox 710 5163 866 5236; x_wconf 75' lang='lat' dir='ltr'><strong>Quia</strong></span> <span class='ocrx_word' id='word_1_353' title='bbox 900 5163 1082 5239; x_wconf 81' lang='lat' dir='ltr'><strong>circa,</strong></span> <span class='ocrx_word' id='word_1_354' title='bbox 1116 5162 1190 5224; x_wconf 93' lang='grc'><strong>(16</strong></span> <span class='ocrx_word' id='word_1_355' title='bbox 1233 5163 1777 5241; x_wconf 86' lang='lat' dir='ltr'><strong>Consanguinitate</strong></span> <span class='ocrx_word' id='word_1_356' title='bbox 1814 5170 1876 5225; x_wconf 91' lang='lat' dir='ltr'><strong>et</strong></span> <span class='ocrx_word' id='word_1_357' title='bbox 1906 5166 2040 5226; x_wconf 86' lang='lat' dir='ltr'><strong>affi-</strong></span> 
     </span>
     <span class='ocr_line' id='line_1_52' title="bbox 475 5256 2038 5330; baseline 0.004 -16"><span class='ocrx_word' id='word_1_358' title='bbox 475 5256 693 5329; x_wconf 85' lang='lat' dir='ltr'><strong>nitate,</strong></span> <span class='ocrx_word' id='word_1_359' title='bbox 738 5275 804 5315; x_wconf 93' lang='lat' dir='ltr'><strong>n.</strong></span> <span class='ocrx_word' id='word_1_360' title='bbox 849 5256 911 5330; x_wconf 92' lang='lat'><strong>8,</strong></span> <span class='ocrx_word' id='word_1_361' title='bbox 944 5256 1054 5316; x_wconf 89' lang='lat' dir='ltr'><strong>ubi</strong></span> <span class='ocrx_word' id='word_1_362' title='bbox 1099 5257 1288 5317; x_wconf 87' lang='lat' dir='ltr'><strong>etiam</strong></span> <span class='ocrx_word' id='word_1_363' title='bbox 1331 5256 1562 5316; x_wconf 88' lang='lat' dir='ltr'><strong>Anton.</strong></span> <span class='ocrx_word' id='word_1_364' title='bbox 1583 5262 1666 5317; x_wconf 90' lang='lat' dir='ltr'><strong>-et</strong></span> <span class='ocrx_word' id='word_1_365' title='bbox 1710 5257 1838 5317; x_wconf 91' lang='lat' dir='ltr'><strong>alii.</strong></span> <span class='ocrx_word' id='word_1_366' title='bbox 1884 5259 2038 5319; x_wconf 90' lang='lat' dir='ltr'><strong>Item</strong></span> 
     </span>
     <span class='ocr_line' id='line_1_53' title="bbox 476 5348 2032 5429; baseline 0.003 -20"><span class='ocrx_word' id='word_1_367' title='bbox 476 5348 634 5410; x_wconf 88' lang='lat' dir='ltr'><strong>Abb.</strong></span> <span class='ocrx_word' id='word_1_368' title='bbox 660 5348 727 5408; x_wconf 93' lang='lat' dir='ltr'><strong>in</strong></span> <span class='ocrx_word' id='word_1_369' title='bbox 755 5367 885 5427; x_wconf 89' lang='lat' dir='ltr'><strong>cap.</strong></span> <span class='ocrx_word' id='word_1_370' title='bbox 919 5348 1069 5410; x_wconf 78' lang='lat' dir='ltr'><strong>Cum</strong></span> <span class='ocrx_word' id='word_1_371' title='bbox 1094 5350 1259 5425; x_wconf 81' lang='lat' dir='ltr'><strong>olim,</strong></span> <span class='ocrx_word' id='word_1_372' title='bbox 1286 5350 1360 5410; x_wconf 90' lang='lat' dir='ltr'><strong>de</strong></span> <span class='ocrx_word' id='word_1_373' title='bbox 1382 5349 1537 5410; x_wconf 92' lang='lat' dir='ltr'><strong>Cler.</strong></span> <span class='ocrx_word' id='word_1_374' title='bbox 1563 5351 1840 5429; x_wconf 66' lang='lat' dir='ltr'><strong>conjug„</strong></span> <span class='ocrx_word' id='word_1_375' title='bbox 1863 5370 1929 5412; x_wconf 91' lang='grc'><strong>6.</strong></span> <span class='ocrx_word' id='word_1_376' title='bbox 1961 5355 2002 5413; x_wconf 76' lang='grc'><strong>4</strong></span> <span class='ocrx_word' id='word_1_377' title='bbox 2013 5375 2032 5428; x_wconf 84' lang='lat'>3</span> 
     </span>
     <span class='ocr_line' id='line_1_54' title="bbox 475 5440 2038 5520; baseline 0.003 -18"><span class='ocrx_word' id='word_1_378' title='bbox 475 5448 538 5502; x_wconf 88' lang='grc'><strong>61</strong></span> <span class='ocrx_word' id='word_1_379' title='bbox 580 5440 827 5520; x_wconf 90' lang='lat' dir='ltr'><strong>Angel.,</strong></span> <span class='ocrx_word' id='word_1_380' title='bbox 859 5441 1026 5502; x_wconf 85' lang='lat' dir='ltr'><strong>verb.</strong></span> <span class='ocrx_word' id='word_1_381' title='bbox 1078 5441 1460 5514; x_wconf 77' lang='lat' dir='ltr'><strong>Constitutio,</strong></span> <span class='ocrx_word' id='word_1_382' title='bbox 1493 5462 1559 5503; x_wconf 90' lang='grc'><strong>6.</strong></span> <span class='ocrx_word' id='word_1_383' title='bbox 1605 5446 1663 5504; x_wconf 88' lang='lat'><strong>7.</strong></span> <span class='ocrx_word' id='word_1_384' title='bbox 1708 5444 1784 5503; x_wconf 91' lang='lat' dir='ltr'><strong>Et</strong></span> <span class='ocrx_word' id='word_1_385' title='bbox 1820 5444 2038 5506; x_wconf 90' lang='lat' dir='ltr'><strong>eadem</strong></span> 
     </span>
     <span class='ocr_line' id='line_1_55' title="bbox 475 5533 2037 5617; baseline 0.003 -20"><span class='ocrx_word' id='word_1_386' title='bbox 475 5536 716 5598; x_wconf 87' lang='lat' dir='ltr'><strong>ratione</strong></span> <span class='ocrx_word' id='word_1_387' title='bbox 743 5551 779 5596; x_wconf 90' lang='grc'><strong>6</strong></span> <span class='ocrx_word' id='word_1_388' title='bbox 811 5549 1126 5611; x_wconf 59' lang='grc'><strong>66616166,</strong></span> <span class='ocrx_word' id='word_1_389' title='bbox 1165 5533 1220 5595; x_wconf 89' lang='lat' dir='ltr'><strong>si</strong></span> <span class='ocrx_word' id='word_1_390' title='bbox 1243 5535 1445 5615; x_wconf 89' lang='lat' dir='ltr'><strong>major</strong></span> <span class='ocrx_word' id='word_1_391' title='bbox 1468 5554 1612 5617; x_wconf 87' lang='lat' dir='ltr'><strong>pars</strong></span> <span class='ocrx_word' id='word_1_392' title='bbox 1635 5536 1900 5616; x_wconf 86' lang='lat' dir='ltr'><strong>resistat,</strong></span> <span class='ocrx_word' id='word_1_393' title='bbox 1932 5538 2037 5602; x_wconf 88' lang='lat' dir='ltr'><strong>in-</strong></span> 
     </span>
    </p>
   </div>
   <div class='ocr_carea' id='block_1_4' title="bbox 1451 313 2736 433">
    <p class='ocr_par' dir='ltr' id='par_1_5' title="bbox 1451 313 2736 433">
     <span class='ocr_line' id='line_1_56' title="bbox 1451 313 2736 433; baseline -0.001 0"><span class='ocrx_word' id='word_1_394' title='bbox 1451 313 1480 340; x_wconf 57' lang='grc'><strong>.</strong></span> <span class='ocrx_word' id='word_1_395' title='bbox 1513 381 1629 433; x_wconf 87' lang='lat' dir='ltr'><strong>LIB.</strong></span> <span class='ocrx_word' id='word_1_396' title='bbox 1665 378 1749 432; x_wconf 80' lang='lat' dir='ltr'><strong>IV.</strong></span> <span class='ocrx_word' id='word_1_397' title='bbox 1784 377 1866 431; x_wconf 88' lang='lat' dir='ltr'><strong>DE</strong></span> <span class='ocrx_word' id='word_1_398' title='bbox 1897 375 2060 430; x_wconf 84' lang='lat' dir='ltr'><strong>LEGE</strong></span> <span class='ocrx_word' id='word_1_399' title='bbox 2089 373 2379 430; x_wconf 82' lang='lat' dir='ltr'>POSITIVA</span> <span class='ocrx_word' id='word_1_400' title='bbox 2410 377 2736 432; x_wconf 74' lang='lat' dir='ltr'><strong>CANONIGA.</strong></span> 
     </span>
    </p>
   </div>
   <div class='ocr_carea' id='block_1_5' title="bbox 2114 477 3734 5624">
    <p class='ocr_par' dir='ltr' id='par_1_6' title="bbox 2157 477 3734 937">
     <span class='ocr_line' id='line_1_57' title="bbox 2159 477 3734 563; baseline 0.004 -21"><span class='ocrx_word' id='word_1_401' title='bbox 2159 478 2442 543; x_wconf 85' lang='lat' dir='ltr'><strong>troducet</strong></span> <span class='ocrx_word' id='word_1_402' title='bbox 2481 477 2994 543; x_wconf 89' lang='lat' dir='ltr'><strong>consuetudinem</strong></span> <span class='ocrx_word' id='word_1_403' title='bbox 3033 485 3248 543; x_wconf 86' lang='lat' dir='ltr'><strong>contra</strong></span> <span class='ocrx_word' id='word_1_404' title='bbox 3287 481 3734 563; x_wconf 82' lang='lat' dir='ltr'><strong>obligationem</strong></span> 
     </span>
     <span class='ocr_line' id='line_1_58' title="bbox 2164 572 3734 655; baseline 0.004 -21"><span class='ocrx_word' id='word_1_405' title='bbox 2164 573 2343 653; x_wconf 88' lang='lat' dir='ltr'><strong>legis,</strong></span> <span class='ocrx_word' id='word_1_406' title='bbox 2375 576 2523 655; x_wconf 90' lang='lat' dir='ltr'><strong>qnia</strong></span> <span class='ocrx_word' id='word_1_407' title='bbox 2549 575 2617 637; x_wconf 92' lang='lat' dir='ltr'><strong>in</strong></span> <span class='ocrx_word' id='word_1_408' title='bbox 2643 573 2828 637; x_wconf 88' lang='lat' dir='ltr'><strong>rebus</strong></span> <span class='ocrx_word' id='word_1_409' title='bbox 2863 572 3203 636; x_wconf 87' lang='lat' dir='ltr'><strong>moralibus</strong></span> <span class='ocrx_word' id='word_1_410' title='bbox 3243 593 3578 639; x_wconf 88' lang='lat' dir='ltr'><strong>consensus</strong></span> <span class='ocrx_word' id='word_1_411' title='bbox 3606 597 3734 640; x_wconf 91' lang='lat' dir='ltr'><strong>ma·</strong></span> 
     </span>
     <span class='ocr_line' id='line_1_59' title="bbox 2157 668 3732 748; baseline 0.004 -21"><span class='ocrx_word' id='word_1_412' title='bbox 2157 668 2313 747; x_wconf 87' lang='lat' dir='ltr'><strong>joris</strong></span> <span class='ocrx_word' id='word_1_413' title='bbox 2359 669 2550 748; x_wconf 87' lang='lat' dir='ltr'><strong>partis</strong></span> <span class='ocrx_word' id='word_1_414' title='bbox 2595 673 2879 731; x_wconf 89' lang='lat' dir='ltr'><strong>censetur</strong></span> <span class='ocrx_word' id='word_1_415' title='bbox 2927 668 3392 731; x_wconf 88' lang='lat' dir='ltr'><strong>communitatis</strong></span> <span class='ocrx_word' id='word_1_416' title='bbox 3408 718 3429 747; x_wconf 92' lang='lat'>‚</span> <span class='ocrx_word' id='word_1_417' title='bbox 3483 679 3547 734; x_wconf 90' lang='lat' dir='ltr'><strong>et</strong></span> <span class='ocrx_word' id='word_1_418' title='bbox 3594 673 3732 734; x_wconf 90' lang='lat' dir='ltr'><strong>ideo</strong></span> 
     </span>
     <span class='ocr_line' id='line_1_60' title="bbox 2163 761 3726 845; baseline 0.003 -22"><span class='ocrx_word' id='word_1_419' title='bbox 2163 762 2397 823; x_wconf 85' lang='lat' dir='ltr'><strong>sufficit</strong></span> <span class='ocrx_word' id='word_1_420' title='bbox 2417 763 2497 824; x_wconf 88' lang='lat' dir='ltr'><strong>ad</strong></span> <span class='ocrx_word' id='word_1_421' title='bbox 2525 762 3058 837; x_wconf 89' lang='lat' dir='ltr'><strong>consuetudinem,</strong></span> <span class='ocrx_word' id='word_1_422' title='bbox 3083 761 3197 824; x_wconf 88' lang='lat' dir='ltr'><strong>lib.</strong></span> <span class='ocrx_word' id='word_1_423' title='bbox 3229 763 3394 838; x_wconf 75' lang='lat' dir='ltr'><strong>Quod</strong></span> <span class='ocrx_word' id='word_1_424' title='bbox 3411 767 3639 845; x_wconf 80' lang='lat' dir='ltr'><strong>major,</strong></span> <span class='ocrx_word' id='word_1_425' title='bbox 3662 766 3726 828; x_wconf 83' lang='lat' dir='ltr'><strong>ff.</strong></span> 
     </span>
     <span class='ocr_line' id='line_1_61' title="bbox 2161 854 3688 937; baseline 0.001 -19"><span class='ocrx_word' id='word_1_426' title='bbox 2161 856 2256 918; x_wconf 88' lang='lat' dir='ltr'><strong>Ad</strong></span> <span class='ocrx_word' id='word_1_427' title='bbox 2301 854 2802 937; x_wconf 89' lang='lat' dir='ltr'><strong>municipalem.;</strong></span> <span class='ocrx_word' id='word_1_428' title='bbox 2832 855 2991 917; x_wconf 91' lang='lat' dir='ltr'><strong>Abb.</strong></span> <span class='ocrx_word' id='word_1_429' title='bbox 3036 861 3098 917; x_wconf 97' lang='grc'><strong>61</strong></span> <span class='ocrx_word' id='word_1_430' title='bbox 3124 855 3236 916; x_wconf 88' lang='grc'><strong>6111</strong></span> <span class='ocrx_word' id='word_1_431' title='bbox 3265 874 3451 936; x_wconf 89' lang='lat' dir='ltr'><strong>supra</strong></span> <span class='ocrx_word' id='word_1_432' title='bbox 3478 858 3688 920; x_wconf 88' lang='lat' dir='ltr'><strong>relati.</strong></span> 
     </span>
    </p>

    <p class='ocr_par' dir='ltr' id='par_1_7' title="bbox 2145 950 3731 2792">
     <span class='ocr_line' id='line_1_62' title="bbox 2241 950 3731 1029; baseline 0.003 -19"><span class='ocrx_word' id='word_1_433' title='bbox 2241 952 2341 1010; x_wconf 90' lang='grc'><strong>10.</strong></span> <span class='ocrx_word' id='word_1_434' title='bbox 2384 951 2655 1013; x_wconf 76' lang='lat' dir='ltr'><strong>Dubium</strong></span> <span class='ocrx_word' id='word_1_435' title='bbox 2678 952 2746 1013; x_wconf 74' lang='lat' dir='ltr'><strong>de</strong></span> <span class='ocrx_word' id='word_1_436' title='bbox 2765 950 3017 1013; x_wconf 74' lang='lat' dir='ltr'><strong>scientia</strong></span> <span class='ocrx_word' id='word_1_437' title='bbox 3034 951 3731 1029; x_wconf 50' lang='lat' dir='ltr'><strong>principia—Dubitari</strong></span> 
     </span>
     <span class='ocr_line' id='line_1_63' title="bbox 2159 1046 3731 1124; baseline 0.003 -21"><span class='ocrx_word' id='word_1_438' title='bbox 2159 1049 2369 1105; x_wconf 88' lang='lat' dir='ltr'><strong>autem</strong></span> <span class='ocrx_word' id='word_1_439' title='bbox 2397 1050 2598 1124; x_wconf 89' lang='lat' dir='ltr'><strong>potest</strong></span> <span class='ocrx_word' id='word_1_440' title='bbox 2619 1049 2922 1124; x_wconf 89' lang='lat' dir='ltr'><strong>quantum</strong></span> <span class='ocrx_word' id='word_1_441' title='bbox 2945 1049 3191 1123; x_wconf 86' lang='lat' dir='ltr'><strong>tempus</strong></span> <span class='ocrx_word' id='word_1_442' title='bbox 3213 1046 3626 1108; x_wconf 88' lang='lat' dir='ltr'><strong>necessarium</strong></span> <span class='ocrx_word' id='word_1_443' title='bbox 3649 1047 3731 1108; x_wconf 89' lang='lat' dir='ltr'><strong>sit</strong></span> 
     </span>
     <span class='ocr_line' id='line_1_64' title="bbox 2158 1137 3727 1219; baseline 0.004 -22"><span class='ocrx_word' id='word_1_444' title='bbox 2158 1143 2229 1197; x_wconf 93' lang='lat' dir='ltr'><strong>ut</strong></span> <span class='ocrx_word' id='word_1_445' title='bbox 2261 1137 2391 1199; x_wconf 83' lang='lat' dir='ltr'><strong>haec</strong></span> <span class='ocrx_word' id='word_1_446' title='bbox 2430 1138 2807 1200; x_wconf 89' lang='lat' dir='ltr'><strong>consuetudo</strong></span> <span class='ocrx_word' id='word_1_447' title='bbox 2836 1138 3167 1218; x_wconf 83' lang='lat' dir='ltr'><strong>praevaleat</strong></span> <span class='ocrx_word' id='word_1_448' title='bbox 3195 1143 3409 1199; x_wconf 89' lang='lat' dir='ltr'><strong>contra</strong></span> <span class='ocrx_word' id='word_1_449' title='bbox 3437 1138 3637 1219; x_wconf 87' lang='lat' dir='ltr'><strong>legem</strong></span> <span class='ocrx_word' id='word_1_450' title='bbox 3665 1148 3727 1203; x_wconf 86' lang='lat' dir='ltr'><strong>et</strong></span> 
     </span>
     <span class='ocr_line' id='line_1_65' title="bbox 2157 1230 3726 1311; baseline 0.003 -20"><span class='ocrx_word' id='word_1_451' title='bbox 2157 1249 2239 1291; x_wconf 90' lang='lat' dir='ltr'><strong>an</strong></span> <span class='ocrx_word' id='word_1_452' title='bbox 2271 1237 2551 1310; x_wconf 89' lang='lat' dir='ltr'><strong>oporteat</strong></span> <span class='ocrx_word' id='word_1_453' title='bbox 2588 1230 3004 1311; x_wconf 82' lang='lat' dir='ltr'><strong>legislatorem</strong></span> <span class='ocrx_word' id='word_1_454' title='bbox 3035 1231 3191 1293; x_wconf 90' lang='lat' dir='ltr'><strong>scire</strong></span> <span class='ocrx_word' id='word_1_455' title='bbox 3216 1231 3393 1293; x_wconf 90' lang='lat' dir='ltr'><strong>illam</strong></span> <span class='ocrx_word' id='word_1_456' title='bbox 3439 1250 3566 1293; x_wconf 89' lang='lat' dir='ltr'><strong>non</strong></span> <span class='ocrx_word' id='word_1_457' title='bbox 3601 1252 3726 1295; x_wconf 87' lang='lat' dir='ltr'><strong>ser-</strong></span> 
     </span>
     <span class='ocr_line' id='line_1_66' title="bbox 2153 1325 3725 1405; baseline 0.001 -18"><span class='ocrx_word' id='word_1_458' title='bbox 2153 1326 2321 1402; x_wconf 83' lang='lat' dir='ltr'><strong>vari3</strong></span> <span class='ocrx_word' id='word_1_459' title='bbox 2355 1326 2552 1388; x_wconf 82' lang='lat' dir='ltr'><strong>videri</strong></span> <span class='ocrx_word' id='word_1_460' title='bbox 2583 1326 2750 1388; x_wconf 90' lang='lat' dir='ltr'><strong>enim</strong></span> <span class='ocrx_word' id='word_1_461' title='bbox 2788 1332 2987 1405; x_wconf 89' lang='lat' dir='ltr'><strong>potest</strong></span> <span class='ocrx_word' id='word_1_462' title='bbox 3019 1325 3137 1387; x_wconf 90' lang='lat' dir='ltr'><strong>hoc</strong></span> <span class='ocrx_word' id='word_1_463' title='bbox 3177 1327 3620 1404; x_wconf 88' lang='lat' dir='ltr'><strong>necessarium,</strong></span> <span class='ocrx_word' id='word_1_464' title='bbox 3652 1334 3725 1389; x_wconf 84' lang='lat' dir='ltr'><strong>ut</strong></span> 
     </span>
     <span class='ocr_line' id='line_1_67' title="bbox 2154 1419 3723 1482; baseline 0.002 -3"><span class='ocrx_word' id='word_1_465' title='bbox 2154 1419 2503 1481; x_wconf 88' lang='lat' dir='ltr'><strong>consentire</strong></span> <span class='ocrx_word' id='word_1_466' title='bbox 2548 1424 2889 1482; x_wconf 88' lang='lat' dir='ltr'><strong>censeatur.</strong></span> <span class='ocrx_word' id='word_1_467' title='bbox 2923 1421 3001 1479; x_wconf 90' lang='lat' dir='ltr'><strong>Et</strong></span> <span class='ocrx_word' id='word_1_468' title='bbox 3041 1419 3132 1480; x_wconf 91' lang='lat' dir='ltr'><strong>ita</strong></span> <span class='ocrx_word' id='word_1_469' title='bbox 3171 1419 3359 1481; x_wconf 89' lang='lat' dir='ltr'><strong>sentit</strong></span> <span class='ocrx_word' id='word_1_470' title='bbox 3398 1420 3613 1482; x_wconf 89' lang='lat' dir='ltr'><strong>Glossa</strong></span> <span class='ocrx_word' id='word_1_471' title='bbox 3657 1421 3723 1482; x_wconf 92' lang='lat' dir='ltr'><strong>in</strong></span> 
     </span>
     <span class='ocr_line' id='line_1_68' title="bbox 2153 1511 3725 1592; baseline 0.001 -19"><span class='ocrx_word' id='word_1_472' title='bbox 2153 1530 2288 1592; x_wconf 74' lang='lat' dir='ltr'><strong>cap.</strong></span> <span class='ocrx_word' id='word_1_473' title='bbox 2335 1513 2471 1589; x_wconf 79' lang='lat' dir='ltr'><strong>Vir,</strong></span> <span class='ocrx_word' id='word_1_474' title='bbox 2500 1512 2577 1573; x_wconf 92' lang='lat' dir='ltr'><strong>de</strong></span> <span class='ocrx_word' id='word_1_475' title='bbox 2617 1512 2881 1574; x_wconf 92' lang='lat' dir='ltr'><strong>Secund.</strong></span> <span class='ocrx_word' id='word_1_476' title='bbox 2918 1513 3103 1592; x_wconf 89' lang='lat' dir='ltr'><strong>Nupt.</strong></span> <span class='ocrx_word' id='word_1_477' title='bbox 3134 1511 3555 1574; x_wconf 87' lang='lat' dir='ltr'><strong>Nihilominus</strong></span> <span class='ocrx_word' id='word_1_478' title='bbox 3595 1533 3725 1576; x_wconf 90' lang='grc'><strong>661-</strong></span> 
     </span>
     <span class='ocr_line' id='line_1_69' title="bbox 2151 1607 3725 1687; baseline 0.002 -21"><span class='ocrx_word' id='word_1_479' title='bbox 2151 1613 2288 1667; x_wconf 90' lang='lat' dir='ltr'><strong>tum</strong></span> <span class='ocrx_word' id='word_1_480' title='bbox 2317 1613 2409 1667; x_wconf 91' lang='lat' dir='ltr'><strong>est</strong></span> <span class='ocrx_word' id='word_1_481' title='bbox 2434 1625 2563 1668; x_wconf 90' lang='lat' dir='ltr'><strong>non</strong></span> <span class='ocrx_word' id='word_1_482' title='bbox 2591 1624 2720 1669; x_wconf 90' lang='lat' dir='ltr'><strong>esse</strong></span> <span class='ocrx_word' id='word_1_483' title='bbox 2755 1607 3164 1668; x_wconf 88' lang='lat' dir='ltr'><strong>necessariam</strong></span> <span class='ocrx_word' id='word_1_484' title='bbox 3188 1607 3511 1669; x_wconf 86' lang='lat' dir='ltr'><strong>scientiam</strong></span> <span class='ocrx_word' id='word_1_485' title='bbox 3541 1608 3725 1687; x_wconf 88' lang='lat' dir='ltr'><strong>legis-</strong></span> 
     </span>
     <span class='ocr_line' id='line_1_70' title="bbox 2154 1700 3725 1780; baseline 0.002 -20"><span class='ocrx_word' id='word_1_486' title='bbox 2154 1700 2389 1776; x_wconf 87' lang='lat' dir='ltr'><strong>latoris,</strong></span> <span class='ocrx_word' id='word_1_487' title='bbox 2419 1701 2488 1761; x_wconf 94' lang='lat' dir='ltr'><strong>in</strong></span> <span class='ocrx_word' id='word_1_488' title='bbox 2515 1719 2638 1780; x_wconf 91' lang='lat' dir='ltr'><strong>quo</strong></span> <span class='ocrx_word' id='word_1_489' title='bbox 2679 1700 3056 1762; x_wconf 81' lang='lat' dir='ltr'><strong>conveniunt</strong></span> <span class='ocrx_word' id='word_1_490' title='bbox 3092 1706 3361 1762; x_wconf 88' lang='lat' dir='ltr'><strong>auctores</strong></span> <span class='ocrx_word' id='word_1_491' title='bbox 3394 1703 3616 1762; x_wconf 83' lang='lat' dir='ltr'><strong>statim</strong></span> <span class='ocrx_word' id='word_1_492' title='bbox 3645 1703 3725 1764; x_wconf 89' lang='lat' dir='ltr'><strong>ci-</strong></span> 
     </span>
     <span class='ocr_line' id='line_1_71' title="bbox 2155 1794 3723 1875; baseline 0.003 -21"><span class='ocrx_word' id='word_1_493' title='bbox 2155 1795 2353 1870; x_wconf 91' lang='lat' dir='ltr'><strong>tandi,</strong></span> <span class='ocrx_word' id='word_1_494' title='bbox 2393 1796 2539 1875; x_wconf 88' lang='lat' dir='ltr'><strong>quia</strong></span> <span class='ocrx_word' id='word_1_495' title='bbox 2580 1801 2673 1857; x_wconf 89' lang='lat' dir='ltr'><strong>est</strong></span> <span class='ocrx_word' id='word_1_496' title='bbox 2712 1814 2810 1857; x_wconf 89' lang='lat' dir='ltr'><strong>res</strong></span> <span class='ocrx_word' id='word_1_497' title='bbox 2850 1794 3169 1857; x_wconf 86' lang='lat' dir='ltr'><strong>moraliter</strong></span> <span class='ocrx_word' id='word_1_498' title='bbox 3196 1795 3617 1875; x_wconf 61' lang='lat' dir='ltr'><strong>impoaeibilis,</strong></span> <span class='ocrx_word' id='word_1_499' title='bbox 3661 1805 3723 1859; x_wconf 89' lang='grc'><strong>61</strong></span> 
     </span>
     <span class='ocr_line' id='line_1_72' title="bbox 2154 1889 3714 1966; baseline 0.003 -19"><span class='ocrx_word' id='word_1_500' title='bbox 2154 1893 2375 1966; x_wconf 82' lang='lat' dir='ltr'><strong>practer</strong></span> <span class='ocrx_word' id='word_1_501' title='bbox 2415 1889 2923 1950; x_wconf 88' lang='lat' dir='ltr'><strong>consuetudinem</strong></span> <span class='ocrx_word' id='word_1_502' title='bbox 2959 1894 3021 1949; x_wconf 93' lang='grc'><strong>61</strong></span> <span class='ocrx_word' id='word_1_503' title='bbox 3045 1906 3254 1964; x_wconf 88' lang='lat' dir='ltr'><strong>usum,</strong></span> <span class='ocrx_word' id='word_1_504' title='bbox 3296 1894 3367 1948; x_wconf 92' lang='lat' dir='ltr'><strong>ut</strong></span> <span class='ocrx_word' id='word_1_505' title='bbox 3399 1908 3436 1949; x_wconf 89' lang='lat' dir='ltr'><strong>a</strong></span> <span class='ocrx_word' id='word_1_506' title='bbox 3476 1890 3714 1952; x_wconf 80' lang='lat' dir='ltr'><strong>fortiori</strong></span> 
     </span>
     <span class='ocr_line' id='line_1_73' title="bbox 2151 1981 3704 2063; baseline 0.003 -23"><span class='ocrx_word' id='word_1_507' title='bbox 2151 1981 2386 2060; x_wconf 89' lang='lat' dir='ltr'><strong>patebit</strong></span> <span class='ocrx_word' id='word_1_508' title='bbox 2414 2001 2488 2044; x_wconf 87' lang='lat' dir='ltr'><strong>ex</strong></span> <span class='ocrx_word' id='word_1_509' title='bbox 2518 1983 2813 2044; x_wconf 76' lang='lat' dir='ltr'><strong>dicendis,</strong></span> <span class='ocrx_word' id='word_1_510' title='bbox 2838 1984 2915 2044; x_wconf 91' lang='lat' dir='ltr'><strong>Et</strong></span> <span class='ocrx_word' id='word_1_511' title='bbox 2941 1982 3080 2043; x_wconf 91' lang='lat' dir='ltr'><strong>ideo</strong></span> <span class='ocrx_word' id='word_1_512' title='bbox 3097 1981 3303 2063; x_wconf 88' lang='lat' dir='ltr'><strong>quoad</strong></span> <span class='ocrx_word' id='word_1_513' title='bbox 3324 1989 3552 2062; x_wconf 86' lang='lat' dir='ltr'><strong>tempus</strong></span> <span class='ocrx_word' id='word_1_514' title='bbox 3578 1984 3704 2046; x_wconf 88' lang='lat' dir='ltr'><strong>dis-</strong></span> 
     </span>
     <span class='ocr_line' id='line_1_74' title="bbox 2152 2075 3703 2154; baseline 0.001 -20"><span class='ocrx_word' id='word_1_515' title='bbox 2152 2076 2438 2154; x_wconf 89' lang='lat' dir='ltr'><strong>tinguere</strong></span> <span class='ocrx_word' id='word_1_516' title='bbox 2466 2077 2664 2137; x_wconf 86' lang='lat' dir='ltr'><strong>solent</strong></span> <span class='ocrx_word' id='word_1_517' title='bbox 2704 2077 3000 2137; x_wconf 90' lang='lat' dir='ltr'><strong>doctores.</strong></span> <span class='ocrx_word' id='word_1_518' title='bbox 3032 2077 3191 2137; x_wconf 92' lang='lat' dir='ltr'><strong>Nam</strong></span> <span class='ocrx_word' id='word_1_519' title='bbox 3234 2076 3287 2135; x_wconf 89' lang='lat' dir='ltr'><strong>si</strong></span> <span class='ocrx_word' id='word_1_520' title='bbox 3317 2075 3411 2136; x_wconf 85' lang='lat' dir='ltr'><strong>lex</strong></span> <span class='ocrx_word' id='word_1_521' title='bbox 3434 2095 3558 2136; x_wconf 92' lang='lat' dir='ltr'><strong>non</strong></span> <span class='ocrx_word' id='word_1_522' title='bbox 3594 2076 3703 2136; x_wconf 91' lang='lat' dir='ltr'><strong>ob-</strong></span> 
     </span>
     <span class='ocr_line' id='line_1_75' title="bbox 2148 2169 3713 2248; baseline 0.001 -19"><span class='ocrx_word' id='word_1_523' title='bbox 2148 2174 2449 2246; x_wconf 78' lang='lat' dir='ltr'><strong>servatur,</strong></span> <span class='ocrx_word' id='word_1_524' title='bbox 2499 2170 2725 2231; x_wconf 87' lang='lat' dir='ltr'><strong>sciente</strong></span> <span class='ocrx_word' id='word_1_525' title='bbox 2768 2169 3141 2248; x_wconf 85' lang='lat' dir='ltr'><strong>legislatore,</strong></span> <span class='ocrx_word' id='word_1_526' title='bbox 3191 2169 3434 2230; x_wconf 90' lang='lat' dir='ltr'><strong>nullum</strong></span> <span class='ocrx_word' id='word_1_527' title='bbox 3475 2175 3713 2230; x_wconf 86' lang='lat' dir='ltr'><strong>certum</strong></span> 
     </span>
     <span class='ocr_line' id='line_1_76' title="bbox 2149 2263 3717 2343; baseline 0.001 -21"><span class='ocrx_word' id='word_1_528' title='bbox 2149 2268 2394 2342; x_wconf 89' lang='lat' dir='ltr'><strong>tempus</strong></span> <span class='ocrx_word' id='word_1_529' title='bbox 2420 2264 2832 2325; x_wconf 89' lang='lat' dir='ltr'><strong>necessarium</strong></span> <span class='ocrx_word' id='word_1_530' title='bbox 2874 2269 2986 2340; x_wconf 93' lang='lat' dir='ltr'><strong>est,</strong></span> <span class='ocrx_word' id='word_1_531' title='bbox 3021 2264 3169 2343; x_wconf 89' lang='lat' dir='ltr'><strong>quia</strong></span> <span class='ocrx_word' id='word_1_532' title='bbox 3199 2263 3443 2325; x_wconf 86' lang='lat' dir='ltr'><strong>nullum</strong></span> <span class='ocrx_word' id='word_1_533' title='bbox 3485 2270 3577 2325; x_wconf 88' lang='lat' dir='ltr'><strong>est</strong></span> <span class='ocrx_word' id='word_1_534' title='bbox 3616 2265 3717 2342; x_wconf 82' lang='lat' dir='ltr'><strong>jus</strong></span> 
     </span>
     <span class='ocr_line' id='line_1_77' title="bbox 2153 2357 3720 2437; baseline 0 -21"><span class='ocrx_word' id='word_1_535' title='bbox 2153 2357 2327 2436; x_wconf 89' lang='lat' dir='ltr'><strong>quod</strong></span> <span class='ocrx_word' id='word_1_536' title='bbox 2343 2357 2496 2417; x_wconf 91' lang='lat' dir='ltr'><strong>illud</strong></span> <span class='ocrx_word' id='word_1_537' title='bbox 2519 2358 2874 2436; x_wconf 73' lang='lat' dir='ltr'><strong>praescribat</strong></span> <span class='ocrx_word' id='word_1_538' title='bbox 2884 2374 2905 2435; x_wconf 84' lang='lat'>3</span> <span class='ocrx_word' id='word_1_539' title='bbox 2933 2357 3251 2418; x_wconf 87' lang='lat' dir='ltr'><strong>sufficiunt</strong></span> <span class='ocrx_word' id='word_1_540' title='bbox 3273 2376 3422 2437; x_wconf 88' lang='lat' dir='ltr'><strong>ergo</strong></span> <span class='ocrx_word' id='word_1_541' title='bbox 3439 2362 3535 2418; x_wconf 90' lang='lat' dir='ltr'><strong>tot</strong></span> <span class='ocrx_word' id='word_1_542' title='bbox 3549 2363 3720 2417; x_wconf 85' lang='lat' dir='ltr'><strong>actus</strong></span> 
     </span>
     <span class='ocr_line' id='line_1_78' title="bbox 2153 2449 3720 2530; baseline 0.002 -21"><span class='ocrx_word' id='word_1_543' title='bbox 2153 2450 2449 2510; x_wconf 87' lang='lat' dir='ltr'><strong>contrarii</strong></span> <span class='ocrx_word' id='word_1_544' title='bbox 2501 2451 2753 2529; x_wconf 86' lang='lat' dir='ltr'><strong>majoris</strong></span> <span class='ocrx_word' id='word_1_545' title='bbox 2810 2451 3002 2530; x_wconf 90' lang='lat' dir='ltr'><strong>partis</strong></span> <span class='ocrx_word' id='word_1_546' title='bbox 3054 2451 3555 2526; x_wconf 74' lang='lat' dir='ltr'><strong>communitatiS,</strong></span> <span class='ocrx_word' id='word_1_547' title='bbox 3614 2449 3720 2530; x_wconf 91' lang='lat' dir='ltr'><strong>qui</strong></span> 
     </span>
     <span class='ocr_line' id='line_1_79' title="bbox 2154 2543 3719 2622; baseline 0.002 -20"><span class='ocrx_word' id='word_1_548' title='bbox 2154 2543 2453 2604; x_wconf 87' lang='lat' dir='ltr'><strong>moralem</strong></span> <span class='ocrx_word' id='word_1_549' title='bbox 2478 2543 2897 2622; x_wconf 88' lang='lat' dir='ltr'><strong>conjecturam</strong></span> <span class='ocrx_word' id='word_1_550' title='bbox 2923 2543 3162 2605; x_wconf 88' lang='lat' dir='ltr'><strong>efficere</strong></span> <span class='ocrx_word' id='word_1_551' title='bbox 3189 2544 3443 2605; x_wconf 78' lang='lat' dir='ltr'><strong>valeant</strong></span> <span class='ocrx_word' id='word_1_552' title='bbox 3470 2544 3549 2605; x_wconf 91' lang='lat' dir='ltr'><strong>de</strong></span> <span class='ocrx_word' id='word_1_553' title='bbox 3569 2543 3719 2605; x_wconf 89' lang='lat' dir='ltr'><strong>tole-</strong></span> 
     </span>
     <span class='ocr_line' id='line_1_80' title="bbox 2149 2636 3720 2717; baseline 0.001 -21"><span class='ocrx_word' id='word_1_554' title='bbox 2149 2637 2353 2697; x_wconf 88' lang='lat' dir='ltr'><strong>rantia</strong></span> <span class='ocrx_word' id='word_1_555' title='bbox 2390 2636 2776 2716; x_wconf 85' lang='lat' dir='ltr'><strong>legislatoris,</strong></span> <span class='ocrx_word' id='word_1_556' title='bbox 2807 2637 2973 2717; x_wconf 92' lang='lat' dir='ltr'><strong>quod</strong></span> <span class='ocrx_word' id='word_1_557' title='bbox 3002 2638 3289 2717; x_wconf 89' lang='lat' dir='ltr'><strong>prudenti</strong></span> <span class='ocrx_word' id='word_1_558' title='bbox 3326 2636 3591 2697; x_wconf 87' lang='lat' dir='ltr'><strong>arbitrio</strong></span> <span class='ocrx_word' id='word_1_559' title='bbox 3616 2636 3720 2698; x_wconf 89' lang='lat' dir='ltr'><strong>de—</strong></span> 
     </span>
     <span class='ocr_line' id='line_1_81' title="bbox 2145 2728 2627 2792; baseline 0.004 -2"><span class='ocrx_word' id='word_1_560' title='bbox 2145 2728 2492 2790; x_wconf 89' lang='lat' dir='ltr'><strong>finiendum</strong></span> <span class='ocrx_word' id='word_1_561' title='bbox 2515 2736 2627 2792; x_wconf 90' lang='lat' dir='ltr'><strong>est.</strong></span> 
     </span>
    </p>

    <p class='ocr_par' dir='ltr' id='par_1_8' title="bbox 2114 2822 3716 5624">
     <span class='ocr_line' id='line_1_82' title="bbox 2225 2822 3716 2903; baseline 0.001 -21"><span class='ocrx_word' id='word_1_562' title='bbox 2225 2825 2323 2884; x_wconf 82' lang='grc'><strong>11.</strong></span> <span class='ocrx_word' id='word_1_563' title='bbox 2369 2822 2450 2884; x_wconf 85' lang='grc' dir='ltr'><strong>Α1</strong></span> <span class='ocrx_word' id='word_1_564' title='bbox 2493 2841 2641 2886; x_wconf 83' lang='lat' dir='ltr'><strong>vero</strong></span> <span class='ocrx_word' id='word_1_565' title='bbox 2686 2823 2934 2903; x_wconf 92' lang='lat' dir='ltr'><strong>quando</strong></span> <span class='ocrx_word' id='word_1_566' title='bbox 2977 2823 3314 2886; x_wconf 86' lang='lat' dir='ltr'><strong>intervenit</strong></span> <span class='ocrx_word' id='word_1_567' title='bbox 3355 2823 3716 2903; x_wconf 87' lang='lat' dir='ltr'><strong>ignorantia</strong></span> 
     </span>
     <span class='ocr_line' id='line_1_83' title="bbox 2142 2916 3714 2998; baseline 0.002 -23"><span class='ocrx_word' id='word_1_568' title='bbox 2142 2916 2458 2996; x_wconf 89' lang='lat' dir='ltr'><strong>principis,</strong></span> <span class='ocrx_word' id='word_1_569' title='bbox 2482 2916 2674 2998; x_wconf 88' lang='lat' dir='ltr'><strong>aliqui</strong></span> <span class='ocrx_word' id='word_1_570' title='bbox 2692 2917 3017 2997; x_wconf 88' lang='lat' dir='ltr'><strong>requirunt</strong></span> <span class='ocrx_word' id='word_1_571' title='bbox 3035 2922 3283 2998; x_wconf 90' lang='lat' dir='ltr'><strong>tempus</strong></span> <span class='ocrx_word' id='word_1_572' title='bbox 3302 2920 3381 2979; x_wconf 71' lang='lat'><strong>40</strong></span> <span class='ocrx_word' id='word_1_573' title='bbox 3396 2935 3714 2978; x_wconf 89' lang='lat' dir='ltr'><strong>annorum</strong></span> 
     </span>
     <span class='ocr_line' id='line_1_84' title="bbox 2144 3009 3714 3089; baseline 0.002 -21"><span class='ocrx_word' id='word_1_574' title='bbox 2144 3014 2215 3068; x_wconf 89' lang='lat' dir='ltr'><strong>ut</strong></span> <span class='ocrx_word' id='word_1_575' title='bbox 2240 3010 2343 3070; x_wconf 85' lang='lat' dir='ltr'><strong>lex</strong></span> <span class='ocrx_word' id='word_1_576' title='bbox 2369 3009 2662 3089; x_wconf 87' lang='lat' dir='ltr'><strong>derogata</strong></span> <span class='ocrx_word' id='word_1_577' title='bbox 2691 3017 3040 3088; x_wconf 89' lang='lat' dir='ltr'><strong>censeatur;</strong></span> <span class='ocrx_word' id='word_1_578' title='bbox 3066 3011 3257 3073; x_wconf 86' lang='lat' dir='ltr'><strong>refert</strong></span> <span class='ocrx_word' id='word_1_579' title='bbox 3275 3010 3468 3072; x_wconf 90' lang='lat' dir='ltr'><strong>Felin.</strong></span> <span class='ocrx_word' id='word_1_580' title='bbox 3495 3029 3577 3073; x_wconf 86' lang='lat' dir='ltr'><strong>ex</strong></span> <span class='ocrx_word' id='word_1_581' title='bbox 3602 3013 3714 3071; x_wconf 89' lang='lat' dir='ltr'><strong>Pa-</strong></span> 
     </span>
     <span class='ocr_line' id='line_1_85' title="bbox 2143 3103 3711 3186; baseline 0.003 -22"><span class='ocrx_word' id='word_1_582' title='bbox 2143 3103 2396 3165; x_wconf 91' lang='lat' dir='ltr'><strong>normit.</strong></span> <span class='ocrx_word' id='word_1_583' title='bbox 2429 3104 2498 3165; x_wconf 89' lang='lat' dir='ltr'><strong>in</strong></span> <span class='ocrx_word' id='word_1_584' title='bbox 2528 3124 2659 3185; x_wconf 90' lang='lat' dir='ltr'><strong>cap.</strong></span> <span class='ocrx_word' id='word_1_585' title='bbox 2694 3108 2724 3166; x_wconf 86' lang='grc'><strong>1</strong></span> <span class='ocrx_word' id='word_1_586' title='bbox 2758 3106 2833 3167; x_wconf 86' lang='grc'><strong>(16</strong></span> <span class='ocrx_word' id='word_1_587' title='bbox 2859 3106 3102 3186; x_wconf 89' lang='lat' dir='ltr'><strong>Treuga</strong></span> <span class='ocrx_word' id='word_1_588' title='bbox 3129 3112 3194 3168; x_wconf 90' lang='lat' dir='ltr'><strong>et</strong></span> <span class='ocrx_word' id='word_1_589' title='bbox 3218 3125 3375 3186; x_wconf 87' lang='lat' dir='ltr'><strong>pac..</strong></span> <span class='ocrx_word' id='word_1_590' title='bbox 3409 3104 3532 3167; x_wconf 89' lang='lat' dir='ltr'><strong>Alii</strong></span> <span class='ocrx_word' id='word_1_591' title='bbox 3559 3124 3711 3168; x_wconf 78' lang='lat' dir='ltr'><strong>vero</strong></span> 
     </span>
     <span class='ocr_line' id='line_1_86' title="bbox 2141 3198 3713 3280; baseline 0.002 -22"><span class='ocrx_word' id='word_1_592' title='bbox 2141 3198 2385 3258; x_wconf 89' lang='lat' dir='ltr'><strong>nullum</strong></span> <span class='ocrx_word' id='word_1_593' title='bbox 2419 3200 2746 3279; x_wconf 88' lang='lat' dir='ltr'><strong>requirunt</strong></span> <span class='ocrx_word' id='word_1_594' title='bbox 2780 3204 3047 3280; x_wconf 82' lang='lat' dir='ltr'><strong>tempus,</strong></span> <span class='ocrx_word' id='word_1_595' title='bbox 3081 3200 3188 3261; x_wconf 91' lang='lat' dir='ltr'><strong>sed</strong></span> <span class='ocrx_word' id='word_1_596' title='bbox 3217 3198 3418 3260; x_wconf 91' lang='lat' dir='ltr'><strong>solum</strong></span> <span class='ocrx_word' id='word_1_597' title='bbox 3444 3217 3572 3260; x_wconf 91' lang='lat' dir='ltr'><strong>non</strong></span> <span class='ocrx_word' id='word_1_598' title='bbox 3601 3199 3713 3261; x_wconf 91' lang='lat' dir='ltr'><strong>ob-</strong></span> 
     </span>
     <span class='ocr_line' id='line_1_87' title="bbox 2141 3291 3709 3373; baseline 0.002 -22"><span class='ocrx_word' id='word_1_599' title='bbox 2141 3291 2512 3353; x_wconf 78' lang='lat' dir='ltr'><strong>servantiam</strong></span> <span class='ocrx_word' id='word_1_600' title='bbox 2548 3291 2937 3354; x_wconf 90' lang='lat' dir='ltr'><strong>subditorum</strong></span> <span class='ocrx_word' id='word_1_601' title='bbox 2969 3312 3080 3373; x_wconf 92' lang='lat' dir='ltr'><strong>per</strong></span> <span class='ocrx_word' id='word_1_602' title='bbox 3105 3293 3343 3373; x_wconf 86' lang='lat' dir='ltr'><strong>aliquos</strong></span> <span class='ocrx_word' id='word_1_603' title='bbox 3368 3299 3560 3365; x_wconf 88' lang='grc'><strong>66166,</strong></span> <span class='ocrx_word' id='word_1_604' title='bbox 3590 3293 3709 3373; x_wconf 89' lang='lat' dir='ltr'><strong>qui</strong></span> 
     </span>
     <span class='ocr_line' id='line_1_88' title="bbox 2137 3384 3711 3467; baseline 0.003 -24"><span class='ocrx_word' id='word_1_605' title='bbox 2137 3384 2428 3463; x_wconf 90' lang='lat' dir='ltr'><strong>prudenti</strong></span> <span class='ocrx_word' id='word_1_606' title='bbox 2447 3385 2702 3447; x_wconf 88' lang='lat' dir='ltr'><strong>arbitrio</strong></span> <span class='ocrx_word' id='word_1_607' title='bbox 2721 3385 3046 3447; x_wconf 89' lang='lat' dir='ltr'><strong>sufficiant.</strong></span> <span class='ocrx_word' id='word_1_608' title='bbox 3073 3388 3283 3467; x_wconf 86' lang='lat' dir='ltr'><strong>Itaque</strong></span> <span class='ocrx_word' id='word_1_609' title='bbox 3305 3386 3465 3448; x_wconf 89' lang='grc'><strong>611111</strong></span> <span class='ocrx_word' id='word_1_610' title='bbox 3483 3387 3711 3448; x_wconf 87' lang='lat' dir='ltr'><strong>distin·</strong></span> 
     </span>
     <span class='ocr_line' id='line_1_89' title="bbox 2138 3478 3710 3560; baseline 0.003 -23"><span class='ocrx_word' id='word_1_611' title='bbox 2138 3482 2340 3555; x_wconf 89' lang='lat' dir='ltr'><strong>guunt</strong></span> <span class='ocrx_word' id='word_1_612' title='bbox 2364 3478 2529 3540; x_wconf 90' lang='lat' dir='ltr'><strong>inter</strong></span> <span class='ocrx_word' id='word_1_613' title='bbox 2560 3479 2879 3540; x_wconf 88' lang='lat' dir='ltr'><strong>scientiam</strong></span> <span class='ocrx_word' id='word_1_614' title='bbox 2902 3479 3002 3541; x_wconf 84' lang='lat' dir='ltr'><strong>vel</strong></span> <span class='ocrx_word' id='word_1_615' title='bbox 3033 3480 3451 3559; x_wconf 89' lang='lat' dir='ltr'><strong>ignorantiam</strong></span> <span class='ocrx_word' id='word_1_616' title='bbox 3476 3480 3710 3560; x_wconf 90' lang='lat' dir='ltr'><strong>princi-</strong></span> 
     </span>
     <span class='ocr_line' id='line_1_90' title="bbox 2136 3571 3702 3653; baseline 0.002 -21"><span class='ocrx_word' id='word_1_617' title='bbox 2136 3571 2251 3650; x_wconf 89' lang='lat' dir='ltr'><strong>pis.</strong></span> <span class='ocrx_word' id='word_1_618' title='bbox 2267 3574 2358 3632; x_wconf 89' lang='lat' dir='ltr'><strong>Ita</strong></span> <span class='ocrx_word' id='word_1_619' title='bbox 2370 3577 2539 3634; x_wconf 91' lang='lat' dir='ltr'><strong>tenet</strong></span> <span class='ocrx_word' id='word_1_620' title='bbox 2554 3574 2800 3634; x_wconf 90' lang='lat' dir='ltr'><strong>Henric.</strong></span> <span class='ocrx_word' id='word_1_621' title='bbox 2807 3618 2828 3649; x_wconf 94' lang='lat'><strong>,</strong></span> <span class='ocrx_word' id='word_1_622' title='bbox 2851 3578 3112 3634; x_wconf 83' lang='lat' dir='ltr'><strong>tractatu</strong></span> <span class='ocrx_word' id='word_1_623' title='bbox 3124 3574 3199 3636; x_wconf 89' lang='lat' dir='ltr'><strong>de</strong></span> <span class='ocrx_word' id='word_1_624' title='bbox 3214 3574 3472 3653; x_wconf 66' lang='lat' dir='ltr'><strong>Synod„</strong></span> <span class='ocrx_word' id='word_1_625' title='bbox 3496 3580 3616 3635; x_wconf 85' lang='lat' dir='ltr'><strong>art.</strong></span> <span class='ocrx_word' id='word_1_626' title='bbox 3637 3577 3702 3651; x_wconf 72' lang='lat'><strong>2,</strong></span> 
     </span>
     <span class='ocr_line' id='line_1_91' title="bbox 2137 3666 3701 3746; baseline 0.002 -22"><span class='ocrx_word' id='word_1_627' title='bbox 2137 3681 2202 3725; x_wconf 93' lang='lat' dir='ltr'><strong>n.</strong></span> <span class='ocrx_word' id='word_1_628' title='bbox 2231 3666 2332 3741; x_wconf 87' lang='lat'><strong>63,</strong></span> <span class='ocrx_word' id='word_1_629' title='bbox 2365 3684 2507 3727; x_wconf 90' lang='lat' dir='ltr'><strong>cum</strong></span> <span class='ocrx_word' id='word_1_630' title='bbox 2536 3666 2759 3743; x_wconf 89' lang='lat' dir='ltr'><strong>Felin.,</strong></span> <span class='ocrx_word' id='word_1_631' title='bbox 2784 3667 2950 3728; x_wconf 91' lang='lat' dir='ltr'><strong>dicto</strong></span> <span class='ocrx_word' id='word_1_632' title='bbox 2980 3684 3115 3746; x_wconf 87' lang='lat' dir='ltr'><strong>cap.</strong></span> <span class='ocrx_word' id='word_1_633' title='bbox 3143 3670 3203 3743; x_wconf 87' lang='grc'><strong>1,</strong></span> <span class='ocrx_word' id='word_1_634' title='bbox 3225 3686 3289 3729; x_wconf 89' lang='grc'><strong>6.</strong></span> <span class='ocrx_word' id='word_1_635' title='bbox 3325 3668 3426 3743; x_wconf 88' lang='grc'><strong>13,</strong></span> <span class='ocrx_word' id='word_1_636' title='bbox 3452 3672 3516 3728; x_wconf 83' lang='grc'><strong>61</strong></span> <span class='ocrx_word' id='word_1_637' title='bbox 3536 3667 3701 3729; x_wconf 84' lang='lat' dir='ltr'><strong>aliis.</strong></span> 
     </span>
     <span class='ocr_line' id='line_1_92' title="bbox 2134 3756 3703 3840; baseline 0.003 -23"><span class='ocrx_word' id='word_1_638' title='bbox 2134 3756 2521 3834; x_wconf 88' lang='lat' dir='ltr'><strong>Fundantur,</strong></span> <span class='ocrx_word' id='word_1_639' title='bbox 2556 3759 2703 3840; x_wconf 90' lang='lat' dir='ltr'><strong>quia</strong></span> <span class='ocrx_word' id='word_1_640' title='bbox 2729 3759 2960 3820; x_wconf 90' lang='lat' dir='ltr'><strong>subditi</strong></span> <span class='ocrx_word' id='word_1_641' title='bbox 3002 3777 3128 3820; x_wconf 89' lang='lat' dir='ltr'><strong>non</strong></span> <span class='ocrx_word' id='word_1_642' title='bbox 3155 3766 3414 3840; x_wconf 88' lang='lat' dir='ltr'><strong>peccant</strong></span> <span class='ocrx_word' id='word_1_643' title='bbox 3439 3778 3566 3821; x_wconf 88' lang='lat' dir='ltr'><strong>non</strong></span> <span class='ocrx_word' id='word_1_644' title='bbox 3591 3780 3703 3822; x_wconf 84' lang='lat' dir='ltr'><strong>re-</strong></span> 
     </span>
     <span class='ocr_line' id='line_1_93' title="bbox 2134 3849 3704 3932; baseline 0.004 -23"><span class='ocrx_word' id='word_1_645' title='bbox 2134 3849 2417 3929; x_wconf 89' lang='lat' dir='ltr'><strong>cipiendo</strong></span> <span class='ocrx_word' id='word_1_646' title='bbox 2442 3851 2646 3930; x_wconf 86' lang='lat' dir='ltr'><strong>legem</strong></span> <span class='ocrx_word' id='word_1_647' title='bbox 2668 3870 2707 3913; x_wconf 89' lang='lat' dir='ltr'><strong>a</strong></span> <span class='ocrx_word' id='word_1_648' title='bbox 2731 3853 3057 3932; x_wconf 91' lang='lat' dir='ltr'><strong>principio.</strong></span> <span class='ocrx_word' id='word_1_649' title='bbox 3085 3854 3213 3914; x_wconf 89' lang='lat' dir='ltr'><strong>Hoc</strong></span> <span class='ocrx_word' id='word_1_650' title='bbox 3233 3858 3445 3915; x_wconf 90' lang='lat' dir='ltr'><strong>tamen</strong></span> <span class='ocrx_word' id='word_1_651' title='bbox 3471 3853 3704 3915; x_wconf 85' lang='lat' dir='ltr'><strong>funda-</strong></span> 
     </span>
     <span class='ocr_line' id='line_1_94' title="bbox 2132 3943 3702 4025; baseline 0.004 -22"><span class='ocrx_word' id='word_1_652' title='bbox 2132 3949 2416 4004; x_wconf 90' lang='lat' dir='ltr'><strong>mentum</strong></span> <span class='ocrx_word' id='word_1_653' title='bbox 2447 3963 2485 4005; x_wconf 90' lang='lat' dir='ltr'><strong>a</strong></span> <span class='ocrx_word' id='word_1_654' title='bbox 2516 3943 2692 4005; x_wconf 89' lang='lat' dir='ltr'><strong>nobis</strong></span> <span class='ocrx_word' id='word_1_655' title='bbox 2730 3944 3129 4025; x_wconf 88' lang='lat' dir='ltr'><strong>reprobatum</strong></span> <span class='ocrx_word' id='word_1_656' title='bbox 3169 3952 3281 4008; x_wconf 91' lang='lat' dir='ltr'><strong>est.</strong></span> <span class='ocrx_word' id='word_1_657' title='bbox 3326 3946 3503 4008; x_wconf 89' lang='lat' dir='ltr'><strong>Unde</strong></span> <span class='ocrx_word' id='word_1_658' title='bbox 3529 3965 3702 4009; x_wconf 89' lang='lat' dir='ltr'><strong>com-</strong></span> 
     </span>
     <span class='ocr_line' id='line_1_95' title="bbox 2133 4038 3703 4103; baseline 0.004 -6"><span class='ocrx_word' id='word_1_659' title='bbox 2133 4038 2341 4098; x_wconf 90' lang='lat' dir='ltr'><strong>munis</strong></span> <span class='ocrx_word' id='word_1_660' title='bbox 2374 4040 2678 4100; x_wconf 89' lang='lat' dir='ltr'><strong>sententia</strong></span> <span class='ocrx_word' id='word_1_661' title='bbox 2704 4040 2976 4101; x_wconf 87' lang='lat' dir='ltr'><strong>affirmat</strong></span> <span class='ocrx_word' id='word_1_662' title='bbox 3006 4039 3282 4102; x_wconf 87' lang='lat' dir='ltr'><strong>sufficere</strong></span> <span class='ocrx_word' id='word_1_663' title='bbox 3322 4046 3384 4101; x_wconf 92' lang='lat' dir='ltr'><strong>et</strong></span> <span class='ocrx_word' id='word_1_664' title='bbox 3417 4059 3703 4103; x_wconf 84' lang='lat' dir='ltr'><strong>necessa-</strong></span> 
     </span>
     <span class='ocr_line' id='line_1_96' title="bbox 2132 4130 3702 4213; baseline 0.002 -22"><span class='ocrx_word' id='word_1_665' title='bbox 2132 4130 2297 4192; x_wconf 89' lang='lat' dir='ltr'><strong>rium</strong></span> <span class='ocrx_word' id='word_1_666' title='bbox 2316 4148 2443 4192; x_wconf 90' lang='lat' dir='ltr'><strong>esse</strong></span> <span class='ocrx_word' id='word_1_667' title='bbox 2461 4136 2706 4211; x_wconf 89' lang='lat' dir='ltr'><strong>tempus</strong></span> <span class='ocrx_word' id='word_1_668' title='bbox 2725 4132 2936 4194; x_wconf 83' lang='lat' dir='ltr'><strong>decem</strong></span> <span class='ocrx_word' id='word_1_669' title='bbox 2951 4150 3284 4212; x_wconf 86' lang='lat' dir='ltr'><strong>annorum,</strong></span> <span class='ocrx_word' id='word_1_670' title='bbox 3302 4152 3493 4213; x_wconf 90' lang='lat' dir='ltr'><strong>quam</strong></span> <span class='ocrx_word' id='word_1_671' title='bbox 3509 4134 3702 4195; x_wconf 82' lang='lat' dir='ltr'><strong>multi</strong></span> 
     </span>
     <span class='ocr_line' id='line_1_97' title="bbox 2133 4224 3697 4307; baseline 0.003 -22"><span class='ocrx_word' id='word_1_672' title='bbox 2133 4225 2405 4301; x_wconf 87' lang='lat' dir='ltr'><strong>tradunt,</strong></span> <span class='ocrx_word' id='word_1_673' title='bbox 2426 4242 2579 4304; x_wconf 90' lang='lat' dir='ltr'><strong>quos</strong></span> <span class='ocrx_word' id='word_1_674' title='bbox 2609 4224 2857 4286; x_wconf 89' lang='lat' dir='ltr'><strong>Felinus</strong></span> <span class='ocrx_word' id='word_1_675' title='bbox 2883 4224 3090 4302; x_wconf 79' lang='lat' dir='ltr'><strong>refert,</strong></span> <span class='ocrx_word' id='word_1_676' title='bbox 3115 4232 3178 4288; x_wconf 90' lang='lat' dir='ltr'><strong>et</strong></span> <span class='ocrx_word' id='word_1_677' title='bbox 3205 4228 3484 4307; x_wconf 89' lang='lat' dir='ltr'><strong>sequitur</strong></span> <span class='ocrx_word' id='word_1_678' title='bbox 3509 4226 3697 4288; x_wconf 74' lang='lat' dir='ltr'><strong>Card-</strong></span> 
     </span>
     <span class='ocr_line' id='line_1_98' title="bbox 2130 4317 3698 4398; baseline 0.003 -20"><span class='ocrx_word' id='word_1_679' title='bbox 2130 4317 2196 4377; x_wconf 91' lang='lat' dir='ltr'><strong>in</strong></span> <span class='ocrx_word' id='word_1_680' title='bbox 2220 4317 2382 4379; x_wconf 86' lang='lat' dir='ltr'><strong>dicto</strong></span> <span class='ocrx_word' id='word_1_681' title='bbox 2403 4317 2442 4398; x_wconf 65' lang='lat' dir='ltr'><strong>g</strong></span> <span class='ocrx_word' id='word_1_682' title='bbox 2463 4319 2671 4398; x_wconf 56' lang='grc' dir='ltr'><strong>Πρω,</strong></span> <span class='ocrx_word' id='word_1_683' title='bbox 2705 4325 2767 4380; x_wconf 90' lang='grc'><strong>61</strong></span> <span class='ocrx_word' id='word_1_684' title='bbox 2788 4320 2913 4380; x_wconf 86' lang='lat' dir='ltr'><strong>Jas.</strong></span> <span class='ocrx_word' id='word_1_685' title='bbox 2933 4321 3003 4381; x_wconf 92' lang='lat' dir='ltr'><strong>in</strong></span> <span class='ocrx_word' id='word_1_686' title='bbox 3025 4319 3134 4382; x_wconf 82' lang='lat' dir='ltr'><strong>lib.</strong></span> <span class='ocrx_word' id='word_1_687' title='bbox 3151 4322 3301 4386; x_wconf 80' lang='lat' dir='ltr'><strong>Rem</strong></span> <span class='ocrx_word' id='word_1_688' title='bbox 3317 4340 3434 4384; x_wconf 70' lang='lat' dir='ltr'><strong>non</strong></span> <span class='ocrx_word' id='word_1_689' title='bbox 3449 4338 3698 4397; x_wconf 70' lang='lat' dir='ltr'><strong>novam,</strong></span> 
     </span>
     <span class='ocr_line' id='line_1_99' title="bbox 2131 4410 3705 4494; baseline 0.001 -22"><span class='ocrx_word' id='word_1_690' title='bbox 2131 4411 2198 4472; x_wconf 86' lang='lat' dir='ltr'><strong>ff.</strong></span> <span class='ocrx_word' id='word_1_691' title='bbox 2243 4411 2321 4473; x_wconf 90' lang='lat' dir='ltr'><strong>de</strong></span> <span class='ocrx_word' id='word_1_692' title='bbox 2365 4410 2638 4472; x_wconf 85' lang='lat' dir='ltr'><strong>Judiciis.</strong></span> <span class='ocrx_word' id='word_1_693' title='bbox 2689 4412 3187 4475; x_wconf 88' lang='lat' dir='ltr'><strong>Fundamentum</strong></span> <span class='ocrx_word' id='word_1_694' title='bbox 3226 4419 3340 4486; x_wconf 86' lang='lat' dir='ltr'><strong>est,</strong></span> <span class='ocrx_word' id='word_1_695' title='bbox 3385 4413 3536 4494; x_wconf 86' lang='lat' dir='ltr'><strong>quia</strong></span> <span class='ocrx_word' id='word_1_696' title='bbox 3574 4412 3705 4474; x_wconf 87' lang='lat' dir='ltr'><strong>hoe</strong></span> 
     </span>
     <span class='ocr_line' id='line_1_100' title="bbox 2128 4503 3704 4584; baseline 0 -19"><span class='ocrx_word' id='word_1_697' title='bbox 2128 4509 2374 4584; x_wconf 92' lang='lat' dir='ltr'><strong>tempus</strong></span> <span class='ocrx_word' id='word_1_698' title='bbox 2421 4503 2646 4564; x_wconf 89' lang='lat' dir='ltr'><strong>sufficit</strong></span> <span class='ocrx_word' id='word_1_699' title='bbox 2698 4509 2769 4564; x_wconf 91' lang='grc'><strong>61</strong></span> <span class='ocrx_word' id='word_1_700' title='bbox 2813 4505 3057 4567; x_wconf 87' lang='grc'><strong>(1166161</strong></span> <span class='ocrx_word' id='word_1_701' title='bbox 3110 4505 3492 4567; x_wconf 88' lang='lat' dir='ltr'><strong>consuetudo</strong></span> <span class='ocrx_word' id='word_1_702' title='bbox 3507 4550 3529 4580; x_wconf 95' lang='lat'><strong>,</strong></span> <span class='ocrx_word' id='word_1_703' title='bbox 3583 4521 3704 4566; x_wconf 84' lang='lat' dir='ltr'><strong>seu</strong></span> 
     </span>
     <span class='ocr_line' id='line_1_101' title="bbox 2126 4595 3697 4677; baseline 0.001 -20"><span class='ocrx_word' id='word_1_704' title='bbox 2126 4597 2498 4677; x_wconf 71' lang='lat' dir='ltr'><strong>praescriptio</strong></span> <span class='ocrx_word' id='word_1_705' title='bbox 2515 4595 2689 4675; x_wconf 85' lang='lat' dir='ltr'><strong>longi</strong></span> <span class='ocrx_word' id='word_1_706' title='bbox 2713 4598 3028 4677; x_wconf 91' lang='lat' dir='ltr'><strong>temporis,</strong></span> <span class='ocrx_word' id='word_1_707' title='bbox 3037 4599 3220 4677; x_wconf 86' lang='lat' dir='ltr'><strong>juxta</strong></span> <span class='ocrx_word' id='word_1_708' title='bbox 3244 4598 3437 4660; x_wconf 91' lang='lat' dir='ltr'><strong>Gloss.</strong></span> <span class='ocrx_word' id='word_1_709' title='bbox 3459 4599 3529 4658; x_wconf 88' lang='lat' dir='ltr'><strong>in</strong></span> <span class='ocrx_word' id='word_1_710' title='bbox 3547 4615 3697 4677; x_wconf 80' lang='lat' dir='ltr'><strong>cap.</strong></span> 
     </span>
     <span class='ocr_line' id='line_1_102' title="bbox 2124 4690 3703 4770; baseline 0.001 -18"><span class='ocrx_word' id='word_1_711' title='bbox 2124 4691 2327 4754; x_wconf 90' lang='lat' dir='ltr'><strong>ultim.</strong></span> <span class='ocrx_word' id='word_1_712' title='bbox 2354 4690 2431 4753; x_wconf 90' lang='grc'><strong>(16</strong></span> <span class='ocrx_word' id='word_1_713' title='bbox 2454 4691 2850 4770; x_wconf 89' lang='lat' dir='ltr'><strong>Consuetud.,</strong></span> <span class='ocrx_word' id='word_1_714' title='bbox 2881 4695 2948 4754; x_wconf 91' lang='lat' dir='ltr'><strong>in</strong></span> <span class='ocrx_word' id='word_1_715' title='bbox 2981 4696 3042 4755; x_wconf 88' lang='lat'><strong>6.</strong></span> <span class='ocrx_word' id='word_1_716' title='bbox 3072 4695 3155 4757; x_wconf 93' lang='lat' dir='ltr'><strong>Ut</strong></span> <span class='ocrx_word' id='word_1_717' title='bbox 3180 4701 3391 4757; x_wconf 88' lang='lat' dir='ltr'><strong>autem</strong></span> <span class='ocrx_word' id='word_1_718' title='bbox 3416 4694 3521 4756; x_wconf 92' lang='lat' dir='ltr'><strong>lex</strong></span> <span class='ocrx_word' id='word_1_719' title='bbox 3542 4710 3703 4754; x_wconf 85' lang='lat' dir='ltr'><strong>cen·</strong></span> 
     </span>
     <span class='ocr_line' id='line_1_103' title="bbox 2122 4784 3709 4870; baseline 0.004 -24"><span class='ocrx_word' id='word_1_720' title='bbox 2122 4793 2331 4849; x_wconf 87' lang='lat' dir='ltr'><strong>seatur</strong></span> <span class='ocrx_word' id='word_1_721' title='bbox 2351 4784 2626 4849; x_wconf 89' lang='lat' dir='ltr'><strong>absolute</strong></span> <span class='ocrx_word' id='word_1_722' title='bbox 2646 4802 2775 4844; x_wconf 90' lang='lat' dir='ltr'><strong>non</strong></span> <span class='ocrx_word' id='word_1_723' title='bbox 2796 4796 3104 4870; x_wconf 88' lang='lat' dir='ltr'><strong>acceptata</strong></span> <span class='ocrx_word' id='word_1_724' title='bbox 3125 4796 3187 4853; x_wconf 90' lang='lat' dir='ltr'><strong>et</strong></span> <span class='ocrx_word' id='word_1_725' title='bbox 3213 4790 3529 4869; x_wconf 83' lang='lat' dir='ltr'><strong>derogata,</strong></span> <span class='ocrx_word' id='word_1_726' title='bbox 3560 4789 3709 4851; x_wconf 76' lang='lat' dir='ltr'><strong>suf-</strong></span> 
     </span>
     <span class='ocr_line' id='line_1_104' title="bbox 2126 4866 3705 4966; baseline 0 -20"><span class='ocrx_word' id='word_1_727' title='bbox 2126 4866 2255 4946; x_wconf 64' lang='lat' dir='ltr'><strong>ficit</strong></span> <span class='ocrx_word' id='word_1_728' title='bbox 2276 4874 2671 4949; x_wconf 62' lang='lat' dir='ltr'><strong>&#39;consuetudo</strong></span> <span class='ocrx_word' id='word_1_729' title='bbox 2711 4887 2887 4966; x_wconf 84' lang='lat' dir='ltr'><strong>longi</strong></span> <span class='ocrx_word' id='word_1_730' title='bbox 2929 4884 3244 4966; x_wconf 88' lang='lat' dir='ltr'><strong>temporis,</strong></span> <span class='ocrx_word' id='word_1_731' title='bbox 3290 4890 3361 4945; x_wconf 91' lang='lat' dir='ltr'><strong>ut</strong></span> <span class='ocrx_word' id='word_1_732' title='bbox 3406 4883 3705 4965; x_wconf 83' lang='lat' dir='ltr'><strong>loquitur</strong></span> 
     </span>
     <span class='ocr_line' id='line_1_105' title="bbox 2123 4977 3698 5059; baseline 0.002 -21"><span class='ocrx_word' id='word_1_733' title='bbox 2123 4978 2290 5040; x_wconf 90' lang='lat' dir='ltr'><strong>idem</strong></span> <span class='ocrx_word' id='word_1_734' title='bbox 2324 4981 2663 5042; x_wconf 89' lang='lat' dir='ltr'><strong>Panormit.</strong></span> <span class='ocrx_word' id='word_1_735' title='bbox 2713 4982 2780 5042; x_wconf 86' lang='lat' dir='ltr'><strong>in</strong></span> <span class='ocrx_word' id='word_1_736' title='bbox 2822 4997 2958 5059; x_wconf 91' lang='lat' dir='ltr'><strong>cap.</strong></span> <span class='ocrx_word' id='word_1_737' title='bbox 2982 4978 3159 5044; x_wconf 72' lang='lat' dir='ltr'><strong>Cum</strong></span> <span class='ocrx_word' id='word_1_738' title='bbox 3196 4978 3362 5053; x_wconf 83' lang='lat' dir='ltr'><strong>olim,</strong></span> <span class='ocrx_word' id='word_1_739' title='bbox 3410 4977 3490 5039; x_wconf 90' lang='lat' dir='ltr'><strong>de</strong></span> <span class='ocrx_word' id='word_1_740' title='bbox 3523 4977 3698 5041; x_wconf 85' lang='lat' dir='ltr'><strong>Cler.</strong></span> 
     </span>
     <span class='ocr_line' id='line_1_106' title="bbox 2121 5070 3707 5151; baseline 0.001 -19"><span class='ocrx_word' id='word_1_741' title='bbox 2121 5073 2399 5151; x_wconf 66' lang='lat' dir='ltr'><strong>conjug,</strong></span> <span class='ocrx_word' id='word_1_742' title='bbox 2440 5092 2505 5135; x_wconf 90' lang='lat' dir='ltr'><strong>n.</strong></span> <span class='ocrx_word' id='word_1_743' title='bbox 2554 5074 2616 5149; x_wconf 75' lang='lat'><strong>4,</strong></span> <span class='ocrx_word' id='word_1_744' title='bbox 2664 5077 2727 5134; x_wconf 90' lang='lat' dir='ltr'><strong>et</strong></span> <span class='ocrx_word' id='word_1_745' title='bbox 2769 5071 2878 5133; x_wconf 79' lang='lat' dir='ltr'><strong>ani</strong></span> <span class='ocrx_word' id='word_1_746' title='bbox 2923 5071 3357 5133; x_wconf 90' lang='lat' dir='ltr'><strong>communiter.</strong></span> <span class='ocrx_word' id='word_1_747' title='bbox 3406 5070 3707 5151; x_wconf 83' lang='lat' dir='ltr'><strong>Denique</strong></span> 
     </span>
     <span class='ocr_line' id='line_1_107' title="bbox 2120 5166 3706 5246; baseline 0.001 -21"><span class='ocrx_word' id='word_1_748' title='bbox 2120 5166 2266 5245; x_wconf 90' lang='lat' dir='ltr'><strong>quia</strong></span> <span class='ocrx_word' id='word_1_749' title='bbox 2300 5166 2545 5227; x_wconf 78' lang='lat' dir='ltr'><strong>brevius</strong></span> <span class='ocrx_word' id='word_1_750' title='bbox 2585 5172 2825 5246; x_wconf 86' lang='lat' dir='ltr'><strong>tempus</strong></span> <span class='ocrx_word' id='word_1_751' title='bbox 2868 5166 3307 5246; x_wconf 91' lang='lat' dir='ltr'><strong>postulandum</strong></span> <span class='ocrx_word' id='word_1_752' title='bbox 3346 5170 3439 5227; x_wconf 89' lang='lat' dir='ltr'><strong>est</strong></span> <span class='ocrx_word' id='word_1_753' title='bbox 3480 5171 3554 5225; x_wconf 89' lang='lat' dir='ltr'><strong>ut</strong></span> <span class='ocrx_word' id='word_1_754' title='bbox 3590 5166 3706 5227; x_wconf 82' lang='lat' dir='ltr'><strong>lex</strong></span> 
     </span>
     <span class='ocr_line' id='line_1_108' title="bbox 2118 5258 3706 5341; baseline -0.002 -21"><span class='ocrx_word' id='word_1_755' title='bbox 2118 5261 2393 5321; x_wconf 90' lang='lat' dir='ltr'><strong>nondum</strong></span> <span class='ocrx_word' id='word_1_756' title='bbox 2419 5266 2667 5341; x_wconf 91' lang='lat' dir='ltr'><strong>recepta</strong></span> <span class='ocrx_word' id='word_1_757' title='bbox 2694 5279 2821 5321; x_wconf 90' lang='lat' dir='ltr'><strong>non</strong></span> <span class='ocrx_word' id='word_1_758' title='bbox 2844 5260 3094 5339; x_wconf 81' lang='lat' dir='ltr'><strong>obliget,</strong></span> <span class='ocrx_word' id='word_1_759' title='bbox 3122 5277 3309 5339; x_wconf 89' lang='lat' dir='ltr'><strong>quam</strong></span> <span class='ocrx_word' id='word_1_760' title='bbox 3332 5264 3403 5318; x_wconf 90' lang='lat' dir='ltr'><strong>ut</strong></span> <span class='ocrx_word' id='word_1_761' title='bbox 3428 5258 3706 5338; x_wconf 69' lang='lat' dir='ltr'><strong>abroge-</strong></span> 
     </span>
     <span class='ocr_line' id='line_1_109' title="bbox 2118 5353 3708 5434; baseline 0.001 -22"><span class='ocrx_word' id='word_1_762' title='bbox 2118 5357 2221 5412; x_wconf 89' lang='lat' dir='ltr'><strong>tur</strong></span> <span class='ocrx_word' id='word_1_763' title='bbox 2248 5353 2347 5415; x_wconf 83' lang='lat' dir='ltr'><strong>lex</strong></span> <span class='ocrx_word' id='word_1_764' title='bbox 2369 5355 2504 5433; x_wconf 76' lang='lat' dir='ltr'><strong>Jam</strong></span> <span class='ocrx_word' id='word_1_765' title='bbox 2531 5372 2647 5414; x_wconf 91' lang='lat' dir='ltr'><strong>usu</strong></span> <span class='ocrx_word' id='word_1_766' title='bbox 2673 5355 3026 5434; x_wconf 71' lang='lat' dir='ltr'><strong>praescripta</strong></span> <span class='ocrx_word' id='word_1_767' title='bbox 3039 5371 3059 5431; x_wconf 84' lang='lat'><em>3</em></span> <span class='ocrx_word' id='word_1_768' title='bbox 3095 5354 3200 5414; x_wconf 90' lang='lat' dir='ltr'><strong>sed</strong></span> <span class='ocrx_word' id='word_1_769' title='bbox 3232 5353 3312 5413; x_wconf 88' lang='lat' dir='ltr'><strong>ad</strong></span> <span class='ocrx_word' id='word_1_770' title='bbox 3333 5353 3452 5412; x_wconf 92' lang='lat' dir='ltr'><strong>hoc</strong></span> <span class='ocrx_word' id='word_1_771' title='bbox 3483 5360 3708 5431; x_wconf 83' lang='lat' dir='ltr'><strong>poste·</strong></span> 
     </span>
     <span class='ocr_line' id='line_1_110' title="bbox 2118 5446 3704 5526; baseline 0.002 -22"><span class='ocrx_word' id='word_1_772' title='bbox 2118 5446 2245 5506; x_wconf 91' lang='lat' dir='ltr'><strong>rius</strong></span> <span class='ocrx_word' id='word_1_773' title='bbox 2275 5448 2353 5506; x_wconf 90' lang='lat' dir='ltr'><strong>ad</strong></span> <span class='ocrx_word' id='word_1_774' title='bbox 2377 5466 2689 5508; x_wconf 88' lang='lat' dir='ltr'><strong>summum</strong></span> <span class='ocrx_word' id='word_1_775' title='bbox 2715 5448 3053 5526; x_wconf 84' lang='lat' dir='ltr'><strong>requiritur</strong></span> <span class='ocrx_word' id='word_1_776' title='bbox 3084 5453 3327 5525; x_wconf 88' lang='lat' dir='ltr'><strong>tempus</strong></span> <span class='ocrx_word' id='word_1_777' title='bbox 3363 5447 3443 5505; x_wconf 70' lang='lat'><strong>40</strong></span> <span class='ocrx_word' id='word_1_778' title='bbox 3476 5464 3704 5507; x_wconf 87' lang='lat' dir='ltr'><strong>anno-</strong></span> 
     </span>
     <span class='ocr_line' id='line_1_111' title="bbox 2114 5538 3711 5624; baseline 0.001 -22"><span class='ocrx_word' id='word_1_779' title='bbox 2114 5557 2282 5618; x_wconf 87' lang='lat' dir='ltr'><strong>rum,</strong></span> <span class='ocrx_word' id='word_1_780' title='bbox 2316 5545 2389 5604; x_wconf 90' lang='lat' dir='ltr'><strong>ut</strong></span> <span class='ocrx_word' id='word_1_781' title='bbox 2418 5551 2632 5624; x_wconf 88' lang='lat' dir='ltr'><strong>postea</strong></span> <span class='ocrx_word' id='word_1_782' title='bbox 2655 5541 3039 5605; x_wconf 84' lang='lat' dir='ltr'><strong>videbimus:</strong></span> <span class='ocrx_word' id='word_1_783' title='bbox 3070 5557 3221 5621; x_wconf 88' lang='lat' dir='ltr'><strong>ergo</strong></span> <span class='ocrx_word' id='word_1_784' title='bbox 3247 5540 3326 5601; x_wconf 88' lang='lat' dir='ltr'><strong>ad</strong></span> <span class='ocrx_word' id='word_1_785' title='bbox 3365 5538 3569 5603; x_wconf 86' lang='lat' dir='ltr'><strong>alium</strong></span> <span class='ocrx_word' id='word_1_786' title='bbox 3599 5538 3711 5603; x_wconf 70' lang='lat' dir='ltr'><strong>ef-</strong></span> 
     </span>
    </p>
   </div>
  </div>
 </body>
</html>
