3976 6219
724 376 858 426 GAP.
897 376 979 427 xl.
1019 377 1231 429 U‘rmffl
1269 377 1387 427 LEX
1421 376 1767 428 NATURALIS
1800 376 2060 429 OBLlGET
2094 380 2176 428 Al)
2210 378 2424 430 Momm
2459 379 2783 441 OPERANm,
2825 379 2959 430 mc,

248 477 378 538 sine
404 476 531 537 ulla
565 478 1048 554 transgressione
1077 478 1338 555 alicujus
1372 477 1659 557 praecepti
1692 495 1804 538 na-

245 569 482 629 turalis.
515 570 719 630 Potest
748 571 916 629 enim
944 571 1254 631 interdum
1284 588 1601 631 occurrere
1629 588 1804 630 occa-

247 663 337 723 sio
367 662 711 722 honorandi
737 669 1020 740 parentes
1041 711 1055 732 ,
1105 682 1240 741 quae
1263 681 1390 750 non
1417 663 1682 741 postulet
1710 664 1801 722 di-

245 755 574 816 lectionem
615 744 763 828 Dei',
811 762 871 814 et
901 761 1048 815 tunc
1076 774 1321 834 possum
1364 756 1621 835 implere
1649 775 1803 835 prae·

245 852 491 925 ceptum
550 847 793 925 pietatis
854 866 1001 925 erga
1063 855 1347 927 parentes
1379 893 1399 924 ,
1464 849 1611 908 licet
1675 867 1802 909 non

246 938 607 1017 impleretur
633 937 760 997 ullo
788 940 971 999 modo
1009 958 1086 1000 ex
1115 939 1438 1000 dilectione
1471 940 1577 1000 Dei
1609 959 1801 1019 quan·

245 1035 380 1090 tum
401 1036 586 1091 estex
604 1036 776 1109 parte
799 1033 1132 1110 operantiS.
1159 1032 1526 1093 Addendum
1544 1050 1689 1092 vero
1709 1038 1799 1092 est

246 1127 487 1201 quart0,
518 1139 699 1182 omne
723 1141 877 1202 opus
899 1143 1022 1202 quo
1050 1124 1344 1204 impletur
1371 1123 1622 1202 aliquod
1646 1142 1800 1202 prae·

247 1218 492 1291 ceptum
537 1215 817 1275 naturale
847 1222 1072 1276 natura
1098 1235 1206 1276 sua
1236 1217 1489 1278 tendere
1517 1219 1584 1276 in
1611 1219 1805 1277 Deum

245 1311 315 1366 ut
339 1305 406 1365 in
433 1305 725 1367 ultimum
747 1306 960 1383 finem,
993 1315 1053 1368 et
1076 1315 1378 1387 quantum
1408 1315 1500 1368 est
1523 1327 1597 1369 ex
1620 1327 1684 1370 se
1709 1328 1806 1370 ca·

248 1398 391 1459 dere
421 1400 487 1457 in
512 1399 775 1476 gloriam
798 1401 952 1478 ejus,
985 1401 1141 1473 Quia
1168 1420 1206 1461 a
1233 1403 1355 1462 Deo
1378 1403 1652 1480 procedit
1673 1407 1807 1462 tan-

249 1509 438 1568 quam
475 1510 512 1551 a
550 1492 751 1570 primo
793 1499 855 1553 et
889 1493 1212 1572 principali
1254 1501 1522 1569 auctore,
1568 1500 1629 1556 et
1660 1496 1806 1574 quia

251 1601 363 1662 per
383 1584 537 1643 illud
558 1601 624 1643 re
644 1584 774 1663 ipsa
793 1585 1086 1664 impletur
1105 1586 1390 1647 voluntas
1412 1587 1541 1661 Dei,
1563 1587 1805 1647 etiamsi

256 1693 518 1754 operans
544 1676 662 1737 1100
693 1677 1032 1738 formaliter
1059 1697 1184 1738 non
1212 1679 1492 1739 intendat
1523 1694 1539 1737 ε
1570 1685 1632 1739 et
1660 1680 1807 1757 quia

255 1769 377 1830 tale
414 1787 567 1848 opus
610 1775 699 1830 est
749 1770 1074 1830 honestum
1097 1816 1117 1845 ,
1169 1777 1229 1831 et
1274 1771 1806 1850 proportionatum

254 1862 474 1920 ultimo
502 1861 614 1921 fini
636 1863 903 1922 naturali
931 1863 1221 1938 hominis,
1253 1864 1359 1941 qui
1386 1862 1810 1942 principaliter

253 1961 347 2015 est
371 1957 550 2017 DeuS.

333 2049 391 2107 3.
436 2049 845 2111 Resolutio.-
870 2049 1163 2123 Quomodo
1191 2050 1638 2128 intelligendum
1660 2049 1818 2129 quod

253 2139 346 2200 lex
367 2140 672 2201 natwralis
695 2142 913 2219 obliyet
932 2143 1016 2203 ad
1034 2142 1399 2204 dilectionem
1427 2144 1566 2205 Dei.
1608 2175 1689 2187 —
1723 2143 1815 2201 Ex

252 2230 350 2289 his
397 2248 543 2308 ergo
593 2232 741 2292 satis
784 2237 1022 2293 constat
1070 2234 1426 2310 quaestionis
1469 2235 1765 2295 resolutio
1787 2279 1809 2308 ,

253 2329 556 2400 quatenus
586 2323 916 2402 procedere
939 2329 1141 2403 potest
1176 2325 1252 2385 de
1279 2343 1437 2403 pura
1461 2326 1597 2404 lege
1628 2335 1813 2386 natu-

253 2416 368 2476 rali
397 2422 457 2475 et
483 2434 637 2494 pura
659 2416 986 2478 dilectione
1009 2417 1141 2492 Dei,
1167 2423 1237 2477 ut
1254 2417 1522 2478 auctoris
1543 2423 1807 2487 naturae,

252 2509 478 2568 rationi
506 2509 775 2569 naturali
802 2515 1237 2570 consentanea.
1282 2510 1437 2569 Nam
1474 2510 1542 2569 in
1569 2509 1685 2569 hoc
1713 2527 1810 2569 or-

253 2601 396 2660 dine
425 2601 642 2661 modus
672 2602 968 2681 operandi
1000 2620 1073 2662 ex
1117 2602 1441 2662 dilectione
1484 2602 1630 2676 Dei,
1680 2619 1808 2662 non

254 2698 348 2754 est
374 2694 490 2754 nisi
528 2694 626 2754 vel
662 2695 957 2774 operandi
996 2695 1387 2755 dilectionem
1428 2695 1624 2774 ipsam
1642 2741 1662 2771 ,
1709 2695 1808 2754 vel

256 2786 550 2864 operandi
575 2786 809 2865 aliquid
849 2787 1019 2847 aliud
1055 2806 1133 2848 ex
1166 2788 1425 2866 imp·.rio
1453 2787 1592 2847 talis
1624 2787 1807 2848 dilec-

256 2878 465 2938 tionis.
494 2879 768 2939 Primum
786 2880 987 2940 solum
1011 2881 1128 2940 erit
1151 2880 1589 2954 necessarium,
1612 2899 1808 2958 quan-

258 2970 339 3030 do
365 2971 519 3030 illud
538 2979 914 3051 praeceptum
937 2973 1326 3051 obligaverit,
1368 2980 1430 3035 ’ct
1457 2973 1545 3033 ita
1570 2974 1810 3034 ratione

257 3063 534 3140 ejusdem
571 3066 859 3144 praecepti
897 3066 1018 3127 erit
1043 3065 1425 3127 necessarius
1456 3064 1563 3126 ille
1592 3065 1812 3126 modus

263 3156 609 3217 dilectionis
626 3202 648 3233 ,
698 3164 768 3218 ut
793 3158 895 3219 lex
933 3164 1062 3218 tota
1088 3164 1325 3219 naturae
1352 3158 1664 3218 collective
1693 3159 1815 3218 im-

264 3249 527 3327 pleatur,
566 3268 693 3310 non
713 3257 920 3311 autem
943 3257 1015 3310 ut
1035 3251 1279 3329 singula
1297 3256 1600 3329 praecepta
1614 3267 1815 3309 mora-

263 3340 349 3401 lia
371 3342 765 3420 impleantur,
790 3344 935 3422 quia
953 3361 1081 3403 non
1100 3343 1309 3402 omnia
1331 3342 1606 3420 obligant
1625 3342 1703 3401 ad
1725 3341 1816 3401 di-

262 3433 591 3494 lectionem
610 3435 738 3495 Dei.
764 3435 1116 3496 Secundum
1135 3435 1188 3494 si
1206 3434 1588 3511 intelligatur
1606 3433 1682 3494 de
1701 3434 1816 3492 im·

263 3528 434 3605 perio
458 3528 725 3604 formali,
751 3528 1148 3589 manifestum
1181 3533 1272 3588 est
1299 3544 1425 3587 non
1453 3544 1581 3587 esse
1610 3545 1816 3587 neces-

265 3620 521 3695 sarium,
537 3620 685 3698 quia
696 3638 809 3681 nec
827 3621 902 3681 de
920 3621 1038 3682 hoc
1051 3620 1233 3680 datur
1245 3619 1556 3698 singulare
1568 3620 1837 3698 aliquod·

265 3718 666 3790 praeceptum,
713 3731 825 3774 nec
861 3713 983 3773 alia
1019 3718 1320 3792 praecepta
1363 3712 1608 3791 singula
1653 3711 1815 3773 hanc

266 3803 707 3881 obligationem
726 3805 1074 3884 imponunt,
1096 3811 1165 3866 ut
1187 3824 1298 3885 per
1316 3823 1379 3865 se
1399 3810 1615 3865 notum
1622 3827 1639 3879 3
1661 3805 1814 3865 alias

267 3897 346 3956 ad
368 3896 526 3957 bene
549 3898 931 3975 operandum
956 3904 1114 3959 esset
1140 3916 1381 3977 semper
1406 3898 1817 3958 necessarium

269 3989 643 4066 conjungere
686 3989 990 4051 actualem
1034 4007 1313 4051 amorem
1352 3989 1482 4061 Dei,
1527 3988 1691 4067 quod
1729 3990 1838 4048 ‹li-w

268 4099 405 4143 cere
431 4081 761 4142 ridiculum
785 4089 895 4143 est.
931 4082 996 4142 Si
1023 4100 1170 4143 vero
1197 4080 1580 4158 intelligatur
1601 4081 1678 4140 de
1706 4081 1822 4139 im-

270 4174 440 4251 perio
469 4173 739 4249 virtuali,
782 4174 849 4233 id
877 4181 989 4248 est,
1021 4173 1098 4233 de
1133 4173 1430 4232 relatione
1467 4172 1726 4231 fundata
1754 4172 1822 4230 iu

271 4265 477 4344 aliquo
497 4271 637 4325 actu
661 4267 1044 4346 praecedente
1067 4265 1255 4343 ipsius
1273 4263 1606 4343 operantiS,
1635 4264 1823 4323 etiam

271 4358 387 4418 hoc
434 4360 847 4419 necessarium
893 4377 1021 4419 non
1065 4364 1156 4418 est
1213 4357 1292 4417 ad
1351 4357 1652 4418 servanda
1699 4356 1822 4416 alia

271 4459 572 4532 praecepta
600 4474 620 4527 ;
659 4459 796 4513 tum
837 4453 982 4531 quia
1013 4451 1148 4512 fieri
1180 4456 1380 4530 potest
1414 4458 1485 4511 ut
1512 4456 1686 4511 actus
1717 4450 1822 4510 ille

272 4545 617 4606 dilectionis
644 4564 771 4605 non
794 4545 1190 4624 praecesserit,
1229 4550 1292 4604 et
1313 4549 1560 4604 occurat
1587 4544 1824 4604 occasio

274 4638 569 4717 operandi
617 4637 788 4698 aliud
836 4637 1069 4697 bonum
1116 4642 1594 4697 consentaneum
1646 4636 1827 4697 alteri

275 4736 578 4809 praecepto
603 4729 870 4790 naturali
895 4745 914 4804 3
956 4735 1093 4789 tum
1112 4729 1299 4788 etiam
1324 4729 1471 4807 quia
1498 4728 1644 4788 licet
1673 4747 1827 4807 prae-

275 4824 522 4883 cesserit
544 4823 683 4883 talis
705 4821 949 4883 dilectio
974 4866 995 4896 ,
1045 4826 1244 4900 potest
1275 4821 1378 4881 hic
1405 4826 1467 4881 et
1495 4839 1663 4881 nunc
1697 4839 1826 4881 non

277 4915 559 4985 influere,
590 4915 735 4994 quia
767 4914 941 4975 nulla
968 4919 1060 4973 est
1084 4914 1215 4992 ejus
1242 4913 1540 4974 memoria
1568 4932 1681 4974 nec
1705 4915 1826 4974 vir-

275 5014 377 5067 tus
398 5007 476 5068 ab
503 5008 610 5067 illa
636 5008 871 5067 relicta.
903 5006 1074 5066 Addo
1096 5006 1282 5066 etiam
1306 5023 1418 5066 nec
1446 5005 1826 5066 habitualem

275 5100 565 5159 affectum
593 5099 733 5159 talis
755 5093 1100 5158 dilectionis
1123 5097 1353 5176 requiri
1382 5115 1397 5157 ε
1430 5116 1578 5158 nam
1606 5099 1714 5177 qui
1739 5102 1831 5157 est

276 5192 344 5250 in
367 5197 611 5270 peccato
637 5190 885 5252 mortali
915 5208 1043 5250 11011
1083 5194 1365 5249 censetur
1396 5190 1622 5250 habere
1651 5190 1832 5250 illum

274 5285 658 5344 habitualem
681 5284 1057 5358 affectum,et
1078 5281 1480 5341 nihilominus
1502 5288 1699 5360 potest
1724 5282 1838 5341 ali-

280 5378 448 5457 quod
497 5384 868 5456 praeceptum
919 5374 1201 5435 naturale
1260 5373 1535 5452 implere.
1601 5375 1836 5436 Sufficit

280 5489 432 5550 ergo
460 5470 568 5530 illa
594 5469 888 5529 naturalis
914 5467 1156 5544 relatio,
1187 5482 1294 5525 seu
1316 5464 1654 5545 tendentia,
1697 5486 1836 5549 quae

3324 377 3439 434 127

1879 479 1945 538 in
1982 478 2114 557 ipso
2148 497 2332 557 opere
2374 478 2631 540 honesto
2668 485 2892 539 natura
2928 497 3042 539 sua
3079 479 3435 554 includitur,

1878 577 1949 631 ut
1971 571 2358 649 explicatum
2382 577 2498 631 est.

1962 666 2022 724 4.
2073 664 2358 742 Greqorii
2392 663 2591 741 opinio
2624 663 2945 726 asserentis
2978 665 3141 724 nihil
3180 671 3442 726 creatum

1885 775 2006 818 esse
2017 758 2247 819 honeste
2259 757 2373 817 dili
2373 758 2556 834 yibile
2561 761 2804 834 proptor
2821 775 2902 830 se,
2916 759 3016 818 sed
3025 757 3214 818 solum
3225 760 3411 820 Deum
3422 805 3437 820 .

1885 881 1968 894 —
1988 849 2102 907 Hic
2131 866 2275 908 vero
2299 847 2656 908 occurrebat
2688 848 3020 926 disputatio
3049 866 3189 908 cum
3214 849 3443 928 Grego-

1883 942 2000 1015 ri0,
2024 940 2216 1018 quiin
2240 942 2301 1015 2,
2325 940 2466 999 dist.
2500 941 2599 1013 39,
2623 957 2683 1018 q.
2717 942 2775 1014 1,
2804 940 3063 1000 articulo
3089 944 3146 1015 1,
3178 959 3349 1002 conc.
3376 945 3438 1018 4,

1884 1034 2063 1108 dixit,
2094 1033 2252 1093 nihil
2278 1040 2552 1094 creatum
2571 1051 2699 1093 esse
2715 1031 2970 1094 honeste
2987 1034 3284 1112 diligibile
3304 1054 3444 1113 pro-

1885 1133 2023 1206 pter
2053 1145 2138 1200 se,
2170 1125 2273 1186 sed
2301 1125 2497 1185 solum
2539 1125 2753 1184 Deum.
2791 1125 2965 1186 Unde
3002 1126 3069 1184 in
3093 1126 3350 1186 articulo
3377 1131 3440 1201 2,

1888 1219 2075 1280 corol.
2108 1221 2134 1277 1
2172 1223 2232 1278 et
2254 1219 2316 1292 2,
2343 1217 2528 1277 infert
2545 1236 2671 1278 non
2692 1236 2864 1296 posse
2886 1218 3169 1280 homines
3190 1220 3446 1282 honeste

1891 1312 2156 1391 operari,
2175 1311 2293 1371 nisi
2315 1310 2625 1389 operando
2644 1315 2893 1390 propter
2912 1311 3106 1370 Deum
3123 1311 3441 1386 dilectum,

1886 1406 1951 1463 in
1981 1422 2168 1482 quem
2210 1422 2391 1463 suum
2441 1409 2649 1463 actum
2678 1403 2973 1478 referant,
3016 1403 3117 1463 vel
3161 1410 3302 1463 actu
3345 1404 3445 1464 vel

1884 1498 2136 1572 virtute,
2170 1497 2233 1556 id
2265 1503 2378 1570 est,
2406 1514 2482 1557 ex
2513 1497 2576 1556 vi
2616 1496 2877 1573 alicujus
2925 1496 3265 1556 dilectionis
3293 1515 3446 1575 prae-

1885 1589 2175 1650 cedentia.
2213 1589 2384 1661 Quod
2417 1588 2634 1668 probat
2670 1607 2746 1649 ex
2795 1589 2981 1648 variis
3007 1589 3157 1648 locis
3205 1590 3446 1667 Augus-

1886 1682 2027 1756 tini,
2054 1681 2396 1761 praesertim
2422 1681 2532 1741 lib.
2584 1684 2614 1741 1
2666 1681 2742 1741 (10
2765 1682 2963 1741 Doctr.
2999 1681 3222 1742 Christ.
3231 1727 3251 1756 ,
3280 1700 3332 1742 0.
3367 1684 3444 1740 27

1886 1779 1948 1834 01
1970 1777 2073 1850 37,
2104 1774 2149 1833 l.
2181 1776 2220 1833 9
2243 1774 2318 1833 de
2341 1774 2543 1848 Trin.,
2570 1791 2621 1832 c.
2654 1775 2715 1847 8,
2735 1778 2796 1832 et
2820 1773 2863 1832 1.
2884 1774 2963 1833 83
2981 1772 3228 1849 Quam„
3251 1792 3309 1852 q.
3342 1775 3443 1848 30,

1888 1865 1999 1926 ubi
2029 1865 2181 1924 dicit
2211 1883 2568 1943 perversum
2596 1883 2724 1925 esse
2750 1865 2876 1924 frui
2903 1864 3110 1943 aliqua
3139 1883 3207 1925 re
3241 1870 3448 1925 creata

1890 1961 2140 2036 propter
2163 1957 2380 2017 Deum.
2413 1957 2587 2017 Unde
2624 1955 2733 2016 lib.
2763 1960 2791 2016 1
2831 1957 2907 2017 (10
2942 1957 3159 2018 Morib.
3188 1957 3443 2032 Ecclea,

1892 2066 2026 2126 cap.
2083 2050 2180 2120 14,
2224 2048 2377 2107 dicit
2407 2049 2617 2108 omnia
2652 2049 2816 2108 bona
2855 2066 2983 2109 esse
3025 2050 3352 2110 referenda
3377 2051 3447 2110 in

1892 2157 2208 2200 summum
2233 2140 2490 2216 bonum,
2536 2159 2612 2200 ex
2642 2159 2764 2219 quo
2802 2140 3010 2214 insert,
3041 2159 3177 2219 cap.
3214 2144 3312 2215 15,
3353 2143 3448 2201 ni-

1892 2232 1983 2292 hil
2013 2250 2142 2292 esse
2165 2233 2479 2305 virtutem,
2518 2233 2638 2292 nisi
2661 2249 2975 2291 summum
3016 2250 3292 2293 amorem
3315 2233 3445 2309 Dei,

1892 2330 1954 2385 et
1980 2343 2091 2403 per
2142 2326 2309 2386 hunc
2351 2343 2565 2386 omnes
2612 2325 2870 2385 virtutes
2921 2324 3159 2398 definit,
3200 2330 3264 2385 01
3311 2326 3449 2386 ideo

1888 2417 1997 2478 lib.
2040 2420 2116 2479 19
2144 2417 2220 2477 de
2256 2418 2462 2498 Civit„
2494 2436 2629 2496 cap.
2661 2419 2761 2492 25,
2790 2417 2939 2476 dicit
2961 2435 3089 2477 esse
3118 2418 3449 2497 superbum

1889 2509 2146 2587 diligere
2172 2515 2423 2588 propter
2446 2510 2699 2588 seipsaS,
2732 2510 2920 2568 etiam
2948 2509 3109 2586 ipsas
3134 2511 3393 2571 virtutes
3427 2527 3443 2570 :

1890 2603 2050 2664 ratio
2075 2621 2221 2664 vero
2253 2610 2366 2678 est,
2392 2603 2541 2682 quia
2566 2602 2730 2662 solus
2752 2602 2911 2662 Deus
2933 2608 3025 2662 est
3071 2620 3313 2663 summe
3344 2603 3452 2664 bo-

1891 2702 2102 2771 nu3,et
2126 2697 2266 2757 ideo
2293 2695 2455 2756 solus
2478 2701 2573 2756 est
2598 2700 2847 2773 propter
2865 2711 2928 2754 se
2950 2694 3268 2755 volendus.
3295 2697 3450 2757 Item

1893 2790 2041 2869 quia
2082 2790 2234 2850 alias
2284 2789 2600 2868 quodlibet
2638 2787 2875 2848 bonum
2929 2793 3203 2849 creatum
3249 2796 3454 2870 posset

1895 2887 2143 2961 propter
2174 2901 2236 2942 se
2259 2881 2453 2960 diligi.

1973 2976 2034 3035 5.
2079 2975 2455 3036 Emluditur
2482 2974 2681 3050 opinio
2708 2972 3013 3051 Greqorii.
3030 3005 3111 3019 —
3127 2973 3455 3035 Verumta-

1897 3085 2042 3129 men
2066 3085 2192 3127 non
2239 3070 2330 3126 cst
2374 3066 2690 3145 praesentis
2729 3064 2848 3125 loci
2895 3065 3025 3127 haec
3066 3065 3400 3145 disputatio
3432 3083 3449 3127 ε

1899 3178 2046 3221 nam
2075 3160 2343 3239 pertinet
2364 3159 2443 3218 ad
2464 3161 2520 3218 1.
2553 3160 2615 3232 2,
2645 3164 2860 3236 quaest.
2892 3159 2989 3232 18,
3015 3158 3126 3217 11111
3153 3160 3227 3218 (10
3251 3160 3457 3237 requi-

1900 3253 2031 3313 sitis
2075 3251 2155 3312 ad
2199 3250 2583 3311 honestatem
2623 3249 2922 3310 moralem
2973 3256 3144 3310 actus
3197 3250 3457 3309 humani

1899 3350 2199 3406 tractatur
2224 3365 2239 3404 2
2265 3349 2327 3403 et
2344 3342 2411 3404 in
2425 3342 2685 3404 materia
2712 3343 2788 3404 de
2813 3341 2935 3403 fide
2956 3341 3255 3421 disputari
3268 3341 3456 3402 etiam

1899 3437 2052 3497 solet
2079 3444 2328 3516 propter
2355 3435 2634 3496 infideles
2648 3454 2774 3496 non
2804 3440 3201 3514 agnoscentes
3220 3435 3454 3510 Deum3

1899 3538 1961 3591 et
1991 3529 2127 3590 ideo
2161 3529 2430 3589 breviter
2456 3528 2590 3588 dico
2617 3528 2972 3607 opinionem
2992 3526 3165 3586 illam
3179 3526 3460 3604 Gregorii

1899 3621 2282 3701 probabilem
2327 3638 2455 3681 non
2495 3638 2647 3696 esse,
2689 3619 2983 3699 nulloque
3012 3618 3315 3699 probabili
3342 3618 3459 3677 niti

1898 3715 2325 3776 fundamenta
2363 3714 2518 3773 Nam
2563 3712 2796 3773 bonum
2851 3711 3179 3773 honestum
3211 3716 3462 3790 propter

1900 3825 1963 3868 se
1985 3806 2252 3867 amabile
2271 3811 2386 3880 est,
2416 3810 2479 3865 et
2505 3804 2733 3865 sufficit
2753 3805 2833 3865 ad
2852 3805 3237 3866 honestatem
3260 3809 3455 3878 actuS,

1900 3899 2142 3960 etiamsi
2186 3898 2264 3958 de
2301 3899 2425 3957 Deo
2453 3915 2582 3957 non
2618 3898 2944 3975 cogitetur,
2991 3915 3106 3957 nec
3146 3901 3329 3956 antea
3372 3897 3462 3956 ita

1902 3992 2242 4069 cogitatum
2270 3989 2458 4050 fuerit
2483 3994 2555 4048 ut
2580 3988 2888 4067 praeterita
2901 3989 3010 4048 Dei
3031 3988 3276 4048 dilectio
3293 4004 3462 4047 nunc

1901 4083 2127 4142 influat
2156 4082 2361 4159 aliquo
2391 4074 2668 4138 modo'in
2691 4084 2919 4138 actum.
2971 4080 3125 4138 Item
3164 4078 3334 4138 aliud
3370 4084 3462 4139 est

1904 4173 2162 4250 diligere
2184 4171 2418 4249 aliquid
2442 4175 2513 4229 ut
2538 4186 2852 4229 summum
2874 4168 3144 4244 bonum3
3165 4169 3333 4228 aliud
3358 4187 3463 4228 ve-

1905 4283 1975 4324 ro
2004 4263 2262 4341 diligere
2292 4261 2531 4340 aliquid
2562 4265 2633 4320 ut
2655 4260 2890 4320 bonum
2917 4276 3029 4339 per
3068 4277 3132 4319 se
3169 4259 3456 4321 amabile.

1908 4358 2187 4418 Primum
2213 4362 2305 4418 est
2352 4354 2670 4434 proprium
2698 4353 2806 4413 Dei
2839 4373 2854 4412 ε
2888 4351 3231 4412 secundum
3254 4361 3464 4413 autem

1908 4449 2434 4511 communicatum
2463 4452 2556 4508 est
2581 4447 2659 4508 ab
2685 4446 2818 4526 ipso
2837 4446 2959 4505 Deo
2981 4444 3152 4505 omni
3172 4443 3335 4504 bono
3357 4444 3467 4504 ho-

1906 4555 2103 4615 nesto,
2156 4547 2218 4603 et
2259 4541 2395 4602 ideo
2438 4541 2526 4602 sic
2558 4538 2826 4600 amando
2854 4538 3090 4599 bonum
3137 4538 3465 4597 honestum

1906 4653 2034 4695 non
2078 4634 2150 4694 fit
2189 4634 2420 4714 aliquid
2449 4638 2662 4693 contra
2698 4632 2913 4691 Deum.
2964 4631 3169 4708 Neque
3224 4629 3369 4689 inde
3395 4628 3468 4689 fit

1910 4728 2122 4789 omnia
2148 4727 2311 4787 bona
2338 4732 2543 4787 creata
2587 4743 2715 4786 esse
2764 4729 3013 4803 propter
3056 4741 3120 4785 se
3148 4721 3462 4796 amabilia,
3523 4731 3526 4734 ’

1912 4820 2060 4898 quia
2091 4818 2263 4879 nulla
2291 4824 2437 4879 sunt
2460 4818 2753 4878 inferiora
2773 4816 2937 4876 bona
2955 4815 3134 4876 utilia
3152 4815 3252 4877 vel
3272 4814 3467 4875 delec-

1913 4911 2147 4986 tabilia,
2179 4930 2318 4989 quae
2351 4911 2471 4971 nisi
2498 4916 2744 4990 propter
2766 4908 3150 4968 honestatem
3177 4912 3469 4986 appeten-

1914 5004 1995 5065 da
2012 5022 2140 5064 non
2166 5008 2330 5064 sunt.
2360 5003 2657 5080 Denique,
2686 5001 2832 5061 licet
2866 4999 3100 5059 bonum
3138 4997 3469 5058 honestum

1914 5102 2187 5157 creatum
2214 5101 2463 5174 propter
2490 5112 2555 5153 se
2586 5098 2852 5165 ametur,
2870 5109 2995 5150 non
3019 5096 3266 5150 amatur
3291 5096 3362 5150 111
3375 5090 3468 5150 ul-

1912 5189 2103 5248 timus
2128 5187 2291 5260 finis„
2327 5186 2432 5245 sed
2443 5186 2592 5244 =talis
2617 5201 2792 5244 amor
2813 5188 3037 5242 natura
3049 5200 3159 5241 sua
3186 5183 3385 5242 tendit
3405 5184 3469 5241 in

1916 5282 2132 5353 Deum,
2174 5284 2236 5338 et
2264 5277 2381 5336 hoc
2413 5283 2502 5337 est
2547 5277 2693 5336 satis
2730 5281 2800 5334 ut
2843 5293 2967 5334 non
3016 5275 3254 5336 dicatur
3280 5275 3469 5334 homo

1915 5374 2043 5434 frui
2069 5372 2180 5432 tali
2206 5370 2393 5456 bon0,
2424 5370 2530 5430 sed
2553 5371 2643 5430 uti
2673 5387 2690 5432 ε
2733 5375 2884 5431 tunc
2909 5374 3116 5429 autem
3167 5370 3472 5431 diceretur

1915 5467 2024 5528 illo
2045 5465 2191 5543 frui,
2218 5464 2468 5546 quando
2487 5463 2555 5529 in
2582 5464 2689 5529 illo
2738 5483 2919 5526 suum
2959 5462 3149 5526 finem
3180 5461 3472 5524 ultimum
