3976 6219
501 447 829 511 tioni3.1ta
851 408 1022 506 Bald.
1046 444 1113 505 in
1141 444 1371 507 dictal.
1397 449 1542 512 Non
1563 449 1830 524 dubiam,
1858 466 1923 508 ιι.
1957 450 2060 523 18,

502 560 579 602 ex
603 540 792 602 Gloss.
817 538 884 597 in
900 536 1196 598 Clement.
1218 542 1242 598 1
1268 538 1343 599 de
1362 540 1509 600 Jure
1524 546 1858 619 patronat„
1885 540 2057 600 verb.

502 633 866 695 Inhibentes.
908 629 1082 690 Prior
1109 648 1249 709 pars
1283 632 1602 711 probatur,
1638 634 1785 712 quia
1813 632 2065 693 effectus

501 742 627 786 non
648 722 1167 794 exceditcausam,
1189 729 1251 784 et
1265 724 1401 785 ideo
1421 725 1575 787 solet
1583 731 1755 786 actus
1770 725 2065 802 restringi

495 816 675 899 juxta
708 815 1085 893 exigentiam
1106 833 1324 893 causae,
1350 817 1395 879 l.
1422 818 1505 881 Si
1532 820 1882 897 stipulator,
1900 817 1966 879 ff.
1987 818 2065 879 de

499 908 684 970 verb.
708 908 964 987 obligat.
991 907 1089 969 Sic
1118 908 1219 968 lex
1241 909 1577 988 prohibens
1594 911 2065 972 matrimonium

500 999 638 1063 fieri
666 1001 849 1061 certis
875 999 1115 1077 diebus,
1138 1019 1265 1062 non
1281 1002 1504 1079 irritat,
1526 1010 1598 1063 ut
1621 1009 1860 1064 constat
1887 1022 1963 1064 ex
1984 1002 2065 1062 ti-

498 1092 631 1155 tulo
658 1092 735 1154 de
762 1093 1061 1168 Mati-im„
1087 1099 1305 1155 contra
1331 1095 1729 1156 interdictum
1748 1095 2057 1170 Ecclesiae,

499 1187 647 1267 quia
657 1187 1063 1266 temporalem
1085 1187 1273 1250 habet
1294 1208 1561 1251 causam.
1584 1190 1889 1251 Posterior
1914 1205 2061 1249 vero

500 1298 644 1360 pars
678 1279 1052 1359 relinquitur
1079 1287 1150 1341 ιιι
1180 1281 1437 1360 probata
1482 1280 1772 1343 omnibus
1805 1280 2061 1342 rationi-

500 1370 617 1433 bus
643 1372 711 1433 in
733 1372 1042 1453 principio
1069 1373 1349 1435 adductis
1363 1396 1382 1450 3
1427 1392 1575 1435 nam
1606 1380 1757 1436 tunc
1784 1373 2059 1435 maxime

501 1470 701 1545 potest
726 1484 828 1528 -ex
854 1465 1188 1546 prohibens
1219 1467 1486 1544 irritare,
1516 1484 1660 1528 cum
1677 1466 1902 1528 habeat
1915 1484 2062 1529 cau-

500 1574 633 1619 sam
679 1558 1232 1639 proportionatam.

579 1653 640 1713 8.
664 1653 973 1716 Proediota
995 1651 1309 1716 distinctio
1335 1652 1741 1730 insufficiens.
1758 1653 1928 1712 —In
1945 1650 2063 1713 hac

495 1745 803 1809 sententia
827 1763 1148 1825 possumus
1174 1744 1346 1824 prius
1378 1743 1731 1806 membrum
1754 1762 1865 1825 pro
1900 1760 2067 1803 nunc

499 1844 814 1918 acceptare
853 1844 926 1898 ut
951 1837 1287 1899 favorabile
1316 1844 1379 1898 et
1404 1856 1649 1913 verum,
1688 1838 1935 1916 quando
1962 1836 2066 1898 lex

499 1932 697 1992 utitur
740 1937 987 1992 tantum
1024 1930 1215 1992 verbo
1243 1929 1631 2009 prohibente,
1681 1947 1808 1990 non
1852 1935 2067 1991 tamen

498 2023 654 2089 illud
677 2024 1063 2085 admittimus
1086 2028 1157 2083 ut
1178 2022 1486 2084 sufficiens
1503 2022 1583 2083 ad
1600 2040 1734 2084 rem
1754 2021 2068 2102 explican-

501 2115 670 2191 dam,
688 2135 802 2177 nec
824 2122 895 2176 ιιι
911 2121 1079 2178 recte
1104 2114 1437 2177 deductum
1457 2134 1535 2177 ex
1562 2115 1669 2176 illo
1697 2114 2069 2176 fundamen-

502 2214 589 2270 to.
640 2209 818 2269 Ratio
846 2209 1067 2288 prioris
1101 2208 1294 2288 partis
1332 2214 1446 2284 est,
1479 2208 1627 2287 quia
1653 2208 1706 2267 si
1732 2206 2069 2287 prohibitio

499 2300 780 2362 absoluta
794 2301 1016 2361 sufficit
1029 2300 1109 2361 ad
1132 2300 1526 2375 irritandum,
1548 2299 1714 2379 quod
1733 2298 2070 2378 prohibitio

498 2394 601 2455 vel
633 2412 815 2455 causa
864 2394 997 2473 ejus
1037 2393 1118 2453 sit
1156 2392 1511 2473 temporalis
1550 2410 1677 2453 non
1731 2391 1957 2452 sufficit
2000 2395 2073 2450 ιιι

499 2485 603 2549 lex
628 2504 756 2546 non
786 2492 1105 2548 censeatur
1130 2487 1398 2548 irritare.
1421 2485 1723 2546 Probatur
1740 2483 1861 2544 hoc
1882 2481 2073 2544 simul

501 2596 644 2639 cum
671 2578 866 2639 altera
896 2584 1091 2657 parte,
1125 2578 1274 2658 quia
1308 2596 1436 2640 non
1475 2582 1782 2657 repugnat
1822 2592 2072 2637 causam

505 2688 637 2731 esse
678 2670 1081 2751 temporalem
1121 2676 1185 2732 et
1223 2670 1427 2750 legem
1455 2670 1887 2751 prohibentem
1917 2669 2068 2729 irri-

505 2766 661 2837 tare,
678 2761 728 2822 si
748 2761 810 2821 id
831 2762 1156 2841 exprimat.
1185 2763 1507 2837 Probatur,
1521 2761 1669 2841 quia
1690 2762 1897 2822 minor
1919 2765 2068 2821 aetas

505 2852 862 2932 temporalis
889 2859 981 2914 εει
1007 2869 1024 2930 ;
1062 2853 1238 2914 brevi
1263 2856 1432 2915 enim
1474 2853 1752 2914 discursu
1778 2852 2071 2931 temporis

507 2944 747 3020 finitur,
791 2950 853 3005 et
877 2951 1089 3006 tamen
1127 2949 1273 3006 sunt
1299 2945 1512 3006 multae
1552 2944 1719 3023 leges
1754 2944 2071 3005 irritantes

506 3043 677 3099 actus
712 3056 789 3099 ex
820 3036 927 3098 illo
961 3038 1179 3119 capite.
1222 3036 1439 3098 Annus
1465 3037 1654 3098 etiam
1693 3035 2073 3118 probationis

507 3131 862 3211 temporalis
884 3149 1068 3192 causa
1109 3136 1222 3207 est,
1249 3136 1311 3192 ει
1352 3137 1561 3191 tamen
1604 3129 1878 3191 defectus
1903 3129 2072 3191 illius

507 3223 710 3284 irritat
736 3222 1199 3302 professionem.
1232 3224 1385 3285 Item
1428 3222 1805 3284 adulterium
1833 3220 1933 3283 vel
1961 3221 2075 3283 ho-

506 3317 825 3378 micidium
839 3335 985 3378 cum
1007 3317 1492 3393 machinatione,
1514 3315 1870 3378 transitoria
1884 3333 2072 3377 causa

506 3409 647 3487 fuit,
680 3415 742 3472 et
785 3416 996 3471 tamen
1030 3409 1270 3470 ratione
1298 3408 1465 3471 illius
1503 3409 1646 3469 data
1688 3414 1778 3471 est
1804 3408 1905 3470 lex
1930 3407 2071 3468 irri-

505 3507 666 3563 tans.
693 3502 887 3580 Dices,
926 3502 1072 3563 licet
1099 3507 1269 3564 actus
1293 3501 1480 3563 fuerit
1514 3501 1841 3576 transiens,
1871 3501 2071 3580 impe-

505 3593 856 3655 dimentum
884 3593 1048 3673 quod
1070 3592 1318 3673 reliquit
1345 3598 1438 3655 est
1453 3610 1822 3672 permanens
1848 3599 1910 3655 et
1929 3610 2070 3672 per-

506 3697 787 3768 petuum.
835 3684 955 3746 Sed
982 3685 1113 3745 haec
1157 3689 1250 3746 est
1290 3685 1505 3763 petitio
1552 3684 1876 3763 principii:
1918 3700 2069 3743 nam

505 3776 660 3841 illud
688 3776 1203 3856 impedimentum
1222 3793 1349 3837 non
1374 3783 1464 3837 est
1488 3794 1670 3837 causa
1683 3774 1861 3855 legis,
1884 3791 2071 3837 causa

506 3871 676 3932 enim
699 3870 819 3930 fuit
838 3875 1161 3950 peccatum
1188 3871 1606 3946 commissum,
1646 3870 1753 3932 sed
1781 3875 1874 3932 εει
1911 3869 2068 3930 illud

505 3961 1020 4042 impedimentum
1048 3962 1297 4024 effectus
1317 3961 1496 4041 legis,
1519 3962 1667 4042 quia
1699 3980 1829 4023 ιιοιι
1854 3979 1932 4022 ex
1958 3979 2071 4023 na·

504 4061 647 4117 tura
674 4058 786 4132 rei,
827 4056 934 4119 scd
963 4056 1194 4118 virtute
1231 4054 1387 4136 legis
1434 4055 1554 4117 fuit
1599 4055 2067 4132 introductum;

505 4167 655 4228 ergo
687 4168 765 4211 ex
793 4168 977 4212 causa
1001 4149 1332 4230 temporali
1357 4154 1556 4229 potest
1571 4147 1674 4210 lex
1701 4148 1946 4210 irritare
1970 4167 2071 4211 ac-

506 4247 642 4302 tum
669 4247 733 4302 ει
767 4242 1023 4304 reddere
1051 4259 1380 4322 personam
1402 4247 1699 4322 perpetuo
1725 4240 2070 4304 inhabilem

504 4332 586 4395 ad
612 4333 813 4396 illum.
843 4336 920 4396 Et
948 4335 1106 4396 ratio
1133 4340 1248 4411 est,
1280 4332 1429 4414 quia
1450 4339 1641 4408 actus,
1666 4332 1813 4395 licet
1833 4338 2070 4415 tempo-

505 4426 652 4488 ralis
684 4427 786 4502 sit,
817 4431 908 4487 est
945 4427 1174 4505 dignus
1198 4426 1311 4487 tali
1350 4426 1697 4487 irritatione
1728 4444 1839 4506 per
1867 4428 2071 4506 legem

506 4519 878 4595 introducta,
903 4518 1005 4580 vel
1031 4525 1194 4580 certe
1217 4520 1269 4579 si
1298 4518 1559 4579 imitatio
1592 4537 1718 4579 non
1746 4519 1826 4581 sit
1857 4537 2072 4601 poena-

504 4611 600 4688 lis,
631 4631 770 4691 quae
797 4611 878 4674 ob
907 4613 1287 4692 praeteritum
1314 4617 1525 4671 actum
1551 4611 1934 4692 imponatur,
1961 4612 2073 4674 ha-

505 4705 651 4768 bere
677 4711 878 4786 potest
903 4705 1336 4767 rationabilem
1363 4723 1612 4767 causam
1637 4705 2069 4787 temporalem,

505 4805 577 4858 ut
617 4804 709 4859 est
737 4804 905 4875 aetas,
937 4817 1075 4878 qum
1106 4815 1183 4858 ex
1214 4803 1382 4859 certo
1426 4804 1698 4878 tempore
1726 4799 1972 4878 pendet,
2008 4803 2073 4861 et

505 4889 733 4952 sufficit
758 4896 830 4951 ut
855 4907 967 4968 pro
989 4895 1140 4950 tunc
1170 4890 1456 4970 expediat
1481 4909 1610 4952 non
1636 4891 1836 4952 solum
1862 4891 2074 4970 prohi-

505 4981 652 5042 bere
680 4981 786 5042 sed
816 4981 1004 5042 etiam
1023 4981 1266 5043 irritare
1293 4988 1498 5043 actum
1520 4983 1632 5044 tali
1650 4989 1926 5063 tempore
1948 4984 2073 5045 fac-

505 5079 674 5134 tum:
710 5079 782 5136 ιιι
816 5079 988 5155 patet
1014 5075 1203 5135 etiam
1230 5075 1298 5135 in
1331 5075 1635 5137 sententia
1664 5075 1766 5137 die
1787 5074 1944 5137 festo
1969 5075 2074 5138 vel

505 5167 702 5230 noctis
720 5173 995 5248 tempore
1010 5166 1269 5247 prolata.
1294 5169 1457 5247 Ergo
1472 5167 1540 5228 in
1553 5166 1688 5246 lege
1705 5167 2071 5247 prohibente

506 5277 634 5319 non
673 5259 855 5321 debet
885 5259 1123 5321 attendi
1160 5277 1243 5320 an
1272 5260 1474 5321 irritet
1511 5277 1732 5335 necne,
1776 5278 1854 5321 ex
1892 5266 2071 5341 parte

506 5371 702 5414 causae
735 5352 1114 5434 temporalis,
1158 5354 1281 5413 nisi
1324 5354 1445 5415 alia
1470 5353 1660 5414 verba
1706 5361 2066 5434 pensentur.

585 5447 649 5507 9.
691 5444 876 5507 Aliud
907 5447 1059 5508 item
1080 5446 1430 5508 membrum
1462 5447 1538 5509 de
1557 5465 1680 5528 quo
1707 5453 1799 5510 est
1823 5449 2074 5529 propria

1405 350 1524 404 Lm.
1557 351 1618 403 V.
1652 351 1733 404 DE
1764 349 2120 403 VAmss‘rA'rE
2151 350 2360 404 malm
2392 349 2799 405 numanum,

2143 448 2556 510 controversia
2609 466 2738 508 non
2786 448 2987 525 potest
3032 442 3389 505 indistincte
3434 443 3705 507 defendi.

2143 544 2297 603 Nam
2320 548 2536 603 votum
2560 540 2822 620 simplex
2839 538 3134 599 castitatis
3160 538 3258 598 vel
3284 537 3606 617 religionis
3633 539 3711 599 de

2144 654 2207 696 se
2257 640 2554 715 perpetua
2603 650 2785 693 causa
2827 638 2919 692 est
2964 630 3333 710 prohibendi
3387 632 3710 691 matrimo-

2144 728 2345 803 nium,
2373 734 2436 787 et
2456 733 2666 787 tamen
2686 743 2815 785 non
2842 724 3066 785 irritat.
3091 725 3242 784 Item
3263 724 3547 801 cognatio
3571 741 3710 801 quae

2145 839 2222 882 ex
2276 820 2644 881 catechismo
2695 817 3084 879 contrahitur
3123 822 3418 895 perpetua
3461 822 3555 876 est
3577 860 3600 892 ,
3646 821 3709 877 et

2146 914 2552 975 nihilomiuus
2587 911 2689 973 lex
2730 909 3065 989 prohibens
3111 908 3584 970 matrimonium
3613 927 3712 968 ra-

2144 1007 2312 1067 tione
2347 1006 2514 1066 illius
2537 1022 2665 1065 non
2700 1003 2905 1064 irritat
2936 1007 3169 1076 actum,
3200 1019 3336 1079 cap.
3364 1001 3489 1062 Per
3526 999 3708 1089 Cate-

2141 1099 2459 1174 0hismum,
2508 1097 2582 1157 de
2631 1096 2885 1175 Cogunt.
2931 1093 3261 1173 spirituali,
3314 1093 3381 1152 in
3432 1094 3494 1153 6.
3530 1093 3708 1153 Ratio

2141 1196 2352 1252 autem
2374 1194 2487 1265 est,
2528 1188 2675 1268 quia
2720 1187 2850 1248 sola
2883 1204 3088 1261 causa,
3116 1185 3361 1246 etiamsi
3387 1186 3466 1246 sit
3496 1203 3711 1264 perpe-

2140 1289 2272 1360 tua,
2303 1301 2433 1343 non
2460 1281 2664 1342 irritat
2690 1285 2901 1341 actum
2928 1279 3063 1339 sine
3106 1276 3429 1339 voluntate
3465 1275 3710 1355 legisla-

2140 1376 2313 1452 toris,
2339 1392 2477 1454 quae
2511 1374 2799 1435 voluntas
2826 1371 3008 1433 debet
3035 1388 3146 1450 per
3166 1370 3374 1450 legem
3401 1369 3709 1430 sufficien-

2138 1474 2235 1529 ter
2252 1466 2515 1547 exprimi
2525 1481 2547 1543 ;
2566 1484 2691 1527 non
2706 1464 3076 1545 exprimitur
3095 1469 3307 1524 autem
3335 1461 3711 1524 sufficienter

2139 1579 2253 1642 per
2279 1561 2472 1622 solam
2500 1560 3005 1641 prohibitionem,
3036 1564 3107 1618 ut
3140 1555 3403 1637 probant
3429 1555 3713 1635 exempla

2144 1653 2433 1730 adducta,
2463 1659 2526 1714 et
2550 1652 2926 1733 principium
2946 1649 3138 1712 illud:
3172 1647 3377 1714 Multa
3404 1649 3549 1727 fieri
3571 1667 3714 1729 pro-

2145 1745 2447 1821 hibentior,
2477 1763 2608 1826 qnoe
2632 1752 2828 1809 tamen
2856 1746 3028 1822 sacta
3060 1749 3273 1806 tenent.

2228 1839 2329 1899 10.
2380 1838 2593 1902 Tertia
2648 1838 2958 1908 limitatio,
3014 1836 3248 1917 quaudo
3304 1834 3399 1897 lea
3436 1834 3715 1914 prohibet

2147 1937 2345 1996 actam
2373 1933 2607 1995 ratione
2627 1949 2754 1994 suoe
2770 1930 3144 2006 substantia»,
3174 1946 3292 1990 non
3316 1946 3452 1990 vero
3480 1927 3713 2007 quando

2146 2026 2383 2087 ratione
2422 2023 3040 2087 circumstantiarum.
3083 2053 3166 2067 —
3206 2020 3452 2081 Tertius
3494 2019 3714 2080 modus

2148 2116 2497 2196 explicandi
2551 2134 2662 2177 seu
2708 2114 3022 2175 limitandi
3065 2113 3423 2193 praedictam
3468 2117 3715 2174 senten-

2147 2210 2323 2284 tiam,
2375 2213 2467 2271 est
2510 2212 2583 2268 ut
2628 2207 2837 2269 locum
2876 2205 3104 2267 habeat
3145 2204 3396 2285 quando
3433 2204 3529 2265 lex
3569 2222 3716 2283 pro-

2150 2302 2324 2363 hibet
2348 2307 2556 2364 actum
2583 2301 2823 2362 ratione
2850 2317 2977 2360 suae
2999 2298 3380 2375 substantiae,
3418 2315 3546 2358 non
3566 2313 3716 2359 vero

2150 2395 2402 2475 quando
2451 2394 2736 2474 prohibet
2786 2393 3026 2455 ratione
3070 2391 3713 2466 circumstantiarum,

2150 2495 2223 2551 ut
2253 2488 2413 2570 quod
2447 2486 2560 2550 fiat
2582 2487 2702 2550 hoc
2724 2493 3022 2567 tempore,
3048 2484 3340 2547 hocloco.
3376 2486 3467 2545 Ita
3488 2484 3717 2545 Baldus

2151 2601 2292 2645 cum
2320 2582 2493 2644 Paul.
2548 2583 2850 2644 Castrens.
2894 2581 2964 2640 in
3009 2579 3175 2640 dicta
3211 2577 3347 2658 lege
3399 2579 3552 2644 Non
3604 2579 3717 2639 du-

2148 2677 2336 2751 bium,
2366 2693 2442 2736 ex
2470 2674 2682 2738 Glossa
2718 2675 2786 2735 in
2834 2672 3200 2735 Anthentica
3226 2671 3531 2745 Decor-nit,
3570 2687 3714 2748 cap.

2146 2767 2222 2829 de
2266 2768 2512 2848 Recept.
2568 2766 2730 2842 arb„
2768 2766 2942 2828 verb.
2991 2763 3398 2832 Sam-amenti,
3445 2762 3715 2840 Angelo,

2148 2866 2212 2922 et
2238 2860 2550 2938 Sylvestro
2571 2876 2780 2939 supra,
2806 2863 2869 2919 ει
2908 2856 3040 2919 fere
3066 2854 3307 2933 reliqui.
3334 2855 3407 2914 In
3442 2872 3566 2933 qua
3592 2855 3718 2914 dis-

2148 2952 2447 3013 tinctione
2469 2951 2853 3013 admittimus
2868 2947 3271 3029 posteriorem
3291 2952 3546 3025 partem,
3572 2964 3716 3025 quae

2150 3043 2506 3106 favorabilis
2527 3049 2638 3106 est.
2689 3043 2825 3105 Non
2852 3047 2945 3104 εει
2983 3047 3195 3102 autem
3241 3038 3716 3119 intelligendum

2152 3155 2280 3200 non
2301 3155 2478 3217 posse
2499 3136 2731 3198 irritari
2752 3141 2982 3210 actum,
3001 3132 3244 3195 etiamsi
3264 3137 3511 3193 tantum
3526 3132 3717 3192 ratio-

2151 3249 2233 3292 ne
2264 3229 2865 3292 circumstantiarum
2891 3227 2993 3291 vel
3018 3226 3221 3307 quoad
3269 3225 3427 3286 solas
3455 3226 3717 3285 circum-

2150 3322 2406 3384 stantias
2455 3322 2879 3403 prohibeatur,
2924 3317 3264 3382 dummodo
3310 3316 3717 3397 prohibitioni

2151 3414 2414 3476 addatur
2443 3415 2730 3476 irritatio.
2761 3414 2862 3475 Sic
2898 3413 3070 3475 enim
3107 3410 3285 3471 irrita
3307 3415 3399 3470 est
3424 3408 3716 3488 professio

2149 3507 2311 3568 facta
2335 3505 2504 3572 intra
2527 3524 2766 3568 annum
2792 3501 3197 3586 probationis,
3228 3500 3378 3563 licet
3415 3519 3544 3562 non
3565 3518 3716 3580 pro-

2149 3597 2439 3660 hibeatur
2464 3596 2760 3678 professio
2806 3597 3106 3672 absolute,
3156 3611 3273 3655 nec
3309 3594 3551 3655 ratione
3593 3591 3713 3668 sui,

2148 3690 2254 3751 sed
2277 3691 2347 3751 in
2372 3690 2484 3751 tali
2510 3695 2813 3771 tempore,
2839 3695 2901 3750 et
2928 3689 3170 3750 ratione
3191 3683 3713 3758 circumstantum

2148 3782 2234 3844 sic
2262 3783 2453 3844 etiam
2501 3787 2639 3843 acta
2659 3781 2984 3860 judicialia
3009 3780 3323 3860 prohibita
3348 3779 3418 3839 in
3439 3777 3541 3837 die
3561 3775 3718 3836 festo

2148 3874 2325 3936 irrita
2343 3879 2514 3950 sunt,
2536 3880 2609 3936 ut
2632 3872 2904 3933 vidimus
2927 3878 3103 3934 tract.
3129 3874 3169 3933 2
3202 3872 3281 3934 de
3300 3869 3528 3948 Relig„
3558 3867 3604 3928 l.
3636 3868 3678 3926 2
3691 3909 3716 3941 ,

2149 3983 2206 4028 c.
2231 3968 2331 4044 30,
2358 3966 2502 4027 licet
2531 3966 2729 4027 solum
2758 3965 3001 4026 ratione
3048 3962 3521 4026 circumstantiae
3553 3965 3699 4020 tem·

2148 4059 2315 4138 poris
2342 4058 2788 4138 prohibeantur
2800 4072 2823 4136 3
2850 4062 2914 4118 et
2938 4056 3108 4118 idem
3151 4061 3244 4118 est
3284 4055 3362 4117 de
3406 4050 3719 4113 similibus

2150 4151 2477 4231 prohibitis
2505 4150 2643 4213 fieri
2663 4152 2733 4212 in
2748 4149 2885 4211 loco
2910 4167 3107 4226 sacro,
3130 4154 3203 4211 ut
3227 4149 3297 4209 in
3313 4147 3529 4208 eodem
3553 4149 3722 4205 trac-

2150 4248 2287 4303 tatu
2315 4243 2608 4314 diximus,
2635 4243 2683 4304 1.
2717 4245 2778 4319 3,
2822 4261 2956 4322 cap.
2989 4245 3049 4317 4,
3083 4259 3152 4303 ιι.
3190 4242 3304 4317 133
3332 4239 3512 4300 irrita
3547 4236 3720 4298 enim

2148 4341 2318 4412 sunt,
2346 4335 2491 4399 licet
2527 4336 2729 4397 solum
2757 4339 3011 4416 propter
3033 4334 3154 4397 loci
3188 4330 3722 4395 circumstantiam

2148 4428 2291 4489 talis
2312 4428 2648 4508 prohibitio
2674 4427 2805 4489 fiat.
2832 4428 2944 4488 11oe
2983 4432 3197 4487 tamen
3228 4423 3607 4486 irritationes
3652 4419 3722 4479 in

2151 4521 2393 4602 legibus
2424 4522 2888 4601 exprimuntur,
2916 4520 3082 4600 quod
3104 4520 3158 4579 si
3183 4535 3310 4579 non
3358 4515 3559 4590 fieret,
3589 4530 3723 4574 non

2151 4619 2548 4677 censerentur
2566 4615 2759 4676 irritae
2799 4613 3041 4675 ratione
3061 4608 3516 4691 prohibitionis,
3553 4610 3624 4666 ut
3652 4604 3723 4664 ιιι

2152 4706 2386 4768 eisdem
2412 4706 2563 4768 locis
2589 4706 2861 4768 diximus
2883 4705 2961 4766 de
2996 4701 3411 4766 contractibus
3438 4698 3617 4760 factis
3652 4697 3722 4757 in

2151 4798 2287 4861 loco
2312 4805 2423 4860 aut
2453 4799 2555 4860 die
2585 4817 2757 4861 sacro
2800 4803 3017 4859 contra
3042 4795 3325 4857 Ecclesiae
3354 4789 3743 4872 prohibitio-‘

2151 4910 2321 4955 nem.
2354 4892 2465 4954 Illa
2490 4909 2638 4970 ergo
2665 4909 2809 4972 pars
2836 4908 2986 4952 vera
3012 4895 3124 4966 est,
3168 4905 3296 4948 non
3333 4891 3544 4946 tamen
3579 4898 3726 4960 pro-

2152 4990 2289 5065 pter
2310 5002 2445 5046 rem
2463 4983 2863 5064 prohibitam,
2893 4982 3002 5045 sed
3025 4985 3276 5062 propter
3302 4976 3566 5056 simplex
3585 4991 3731 5036 ver-

2152 5077 2304 5137 bum
2329 5075 2724 5158 prohibendi,
2769 5082 2834 5138 et
2866 5077 2959 5137 ita
3012 5090 3236 5154 parum
3286 5069 3528 5132 confert
3579 5082 3731 5147 pars

2152 5168 2260 5230 illa
2281 5171 2361 5230 ad
2392 5169 2842 5249 expediendam
2869 5166 3321 5229 difficultatem.
3360 5164 3491 5223 Imo
3512 5178 3589 5222 ex
3612 5158 3731 5220 illa

2152 5261 2525 5323 nonnullum
2556 5261 2825 5322 sumitur
2858 5259 3189 5338 judicium,
3223 5256 3485 5317 verbum
3513 5251 3735 5334 prohi-

2150 5354 2342 5415 bendi
2368 5356 2444 5415 de
2473 5373 2538 5416 se
2563 5372 2691 5415 non
2715 5371 2843 5414 esse
2868 5350 3177 5414 sufficiens
3203 5348 3283 5409 ad
3318 5345 3729 5419 irritandum,

2152 5448 2434 5532 quamvis
2456 5446 2615 5514 illud
2647 5446 2844 5520 solum
2869 5463 2996 5506 non
3024 5447 3292 5531 cogeret.
