3976 6219
755 384 891 438 GAP.
908 384 1128 439 xxvm.
1153 385 1365 441 mm!
1384 386 1508 443 mx
1523 387 1785 443 numm
1803 388 1885 443 m·
1899 389 2119 446 clvlus
2137 393 2399 450 onmem
2415 394 2532 448 SUB
2544 394 2836 461 nolimu,
2859 397 2995 451 mc,

271 484 757 563 consuetudinis,
804 486 1039 566 alioqui
1078 486 1147 548 in
1188 489 1361 550 omni
1388 491 1831 552 consuetudine

271 581 441 643 idem
465 586 642 656 esset,
669 579 837 660 quod
864 578 1047 659 plane
1072 580 1297 642 falsum
1325 589 1440 660 est,
1468 591 1538 645 ut
1563 585 1826 645 ostendi.

357 677 385 735 1
397 677 425 734 1
440 718 455 734 .
499 675 570 734 In
588 673 791 753 primo
806 690 954 751 ergo
973 691 1114 734 casu
1132 673 1209 734 de
1227 674 1408 737 furtis
1435 675 1672 737 levibus
1690 677 1831 737 ideo

272 773 387 844 est,
405 768 554 848 quia
572 766 834 829 materia
868 768 1350 847 praecedentium
1389 771 1700 832 furtorum
1735 789 1833 832 re-

272 862 508 923 tinetur
529 878 774 940 semper
801 865 1017 920 contra
1033 859 1315 922 eamdem
1334 861 1561 942 legem,
1594 870 1657 926 et
1676 882 1832 926 sem·

275 972 386 1034 per
405 958 667 1031 augetur
693 971 805 1033 per
825 953 1145 1033 sequentia
1165 953 1356 1031 furta,
1388 961 1450 1016 et
1471 956 1560 1017 ita
1580 955 1836 1017 tandem

275 1047 636 1126 pervenitur
665 1047 743 1107 ad
788 1046 1040 1127 aliquod
1081 1048 1148 1108 in
1200 1065 1350 1127 quo,
1391 1048 1538 1111 lieet
1577 1049 1839 1111 materia

273 1158 541 1220 praesens
557 1140 688 1201 sola
705 1140 785 1201 sit
803 1139 978 1216 levis,
1000 1141 1331 1220 conjuncta
1350 1142 1834 1222 praecedentibus

276 1233 595 1294 constituit
629 1251 821 1294 unam
851 1232 1177 1295 materiam
1214 1250 1494 1312 gravem,
1520 1241 1583 1297 et
1620 1235 1712 1296 ita
1741 1240 1836 1297 est

274 1325 429 1388 illud
457 1331 782 1405 peccatum
804 1325 1088 1402 mortale,
1110 1333 1414 1406 quantum
1441 1334 1532 1389 est
1564 1346 1642 1389 ex
1659 1333 1834 1408 parte

277 1420 551 1481 materiae
577 1442 591 1480 ε
615 1420 782 1482 unde
810 1420 1001 1482 etiam
1035 1426 1277 1500 oportet
1296 1427 1369 1482 ut
1399 1439 1477 1482 ex
1493 1429 1671 1502 parte
1692 1440 1837 1502 pec-

276 1514 470 1574 cantis
506 1512 790 1575 voluntas
831 1512 1068 1574 feratur
1104 1513 1313 1594 aliq‘uo
1339 1515 1525 1576 modo
1561 1515 1630 1577 in
1657 1515 1832 1578 illam

278 1606 603 1667 materiam
625 1611 699 1666 ut
722 1624 1001 1685 gravem,
1025 1611 1089 1668 et
1104 1615 1540 1687 congregatam
1564 1627 1642 1670 ex
1668 1609 1832 1669 mul-

278 1698 359 1760 tis
382 1697 642 1774 levibus,
673 1703 736 1759 et
757 1703 905 1759 tunc
925 1698 1201 1779 peccabit
1222 1700 1565 1762 mortaliter
1589 1702 1828 1763 ratione

278 1791 553 1853 materiae
590 1793 810 1870 gravis.
835 1791 1093 1865 Quando
1119 1798 1330 1854 autem
1371 1794 1643 1855 materiae
1665 1795 1830 1856 leves

276 1902 404 1944 non
441 1884 528 1945 ita
572 1884 961 1965 copulantur,
1003 1885 1440 1965 multiplicatio
1490 1887 1831 1948 venialium

274 1993 401 2035 non
424 1975 612 2036 efficit
639 1995 836 2038 unum
856 1983 1173 2057 peccatum
1191 1978 1476 2054 mortale,
1498 1984 1570 2039 ut
1586 1979 1708 2040 late
1727 1981 1831 2042 de-

275 2067 646 2129 claravimus
672 2069 743 2131 in
778 2071 920 2132 libr.
971 2074 1010 2132 5
1037 2072 1113 2133 de
1144 2073 1325 2148 Voto,
1364 2073 1562 2153 capite
1585 2074 1830 2153 quinto,

274 2160 382 2220 ubi
407 2161 483 2221 de
512 2164 958 2226 consuetudine
991 2165 1421 2227 committendi
1443 2166 1608 2228 leves
1633 2172 1835 2229 trans-

273 2254 614 2331 gressiones
644 2256 771 2316 voti
789 2255 980 2317 locuti
997 2274 1235 2332 sumuS,
1253 2258 1643 2338 diximusque
1663 2278 1832 2321 eam-

273 2345 415 2406 dem
438 2365 566 2408 esse
586 2348 891 2409 rationem
916 2348 991 2409 de
1023 2347 1182 2428 lege.
1208 2350 1419 2428 Neque
1443 2351 1633 2412 refert
1662 2352 1828 2429 quod

273 2445 426 2500 tunc
448 2440 731 2502 videatur
756 2440 900 2502 finis
914 2441 1070 2521 legis
1083 2461 1156 2503 ac
1167 2443 1296 2503 voti
1314 2443 1599 2503 frustrari
1626 2446 1830 2522 magis

273 2551 346 2594 ac
361 2533 579 2613 magiS,
590 2551 663 2594 ac
680 2532 939 2595 subinde
952 2535 1225 2612 graviter
1239 2533 1381 2594 laedi
1398 2551 1510 2613 per
1528 2534 1736 2614 plures
1755 2535 1831 2594 il-

270 2624 362 2685 los
381 2632 554 2687 actus
569 2642 584 2686 ε
599 2644 673 2687 ex
702 2626 809 2688 illo
827 2627 996 2687 enim
1014 2631 1350 2705 augmento
1368 2644 1498 2687 non
1516 2628 1832 2705 consurgit

270 2737 469 2779 unum
491 2725 809 2800 peccatum
833 2720 1115 2796 mortale,
1136 2720 1243 2782 sed
1266 2719 1599 2780 multitudo
1615 2723 1829 2781 venia-

267 2809 448 2887 lium,
487 2818 559 2873 ut
585 2812 799 2873 multis
826 2812 1122 2892 exemplis
1149 2817 1212 2873 et
1242 2812 1584 2874 rationibus
1608 2813 1697 2873 ibi
1723 2830 1828 2873 os·-

268 2910 515 2965 tensum
555 2910 666 2965 est.
711 2906 797 2965 De
819 2904 941 2964 alio
963 2923 1111 2965 vero
1147 2905 1427 2984 exemplo
1455 2905 1531 2966 de
1555 2923 1830 2966 commu·

265 2996 583 3058 nicatione
606 2996 774 3057 civili
797 3015 938 3058 cum
959 2997 1510 3071 excommunicam,
1540 2997 1671 3058 dixi
1694 2997 1765 3058 in
1788 2999 1826 3059 5

266 3093 316 3148 t.
343 3089 420 3150 de
444 3089 727 3166 Censur„
753 3089 912 3170 disp.
946 3092 1046 3167 15,
1070 3095 1218 3152 sect.
1259 3091 1321 3166 2,
1360 3108 1425 3153 n.
1456 3093 1555 3166 11,
1587 3090 1675 3151 ibi
1697 3107 1828 3152 esse

266 3182 595 3261 specialem
635 3184 966 3259 rationem,
1018 3184 1166 3261 quia
1201 3183 1681 3244 communicatio
1712 3183 1831 3244 hu-

264 3290 477 3349 mana,
502 3274 648 3336 licet
675 3293 954 3336 successu
978 3275 1270 3355 temporis
1292 3281 1354 3336 et
1375 3293 1486 3353 per
1501 3276 1707 3336 varios
1725 3293 1829 3337 ac-

265 3371 368 3426 tus
396 3365 529 3442 fiat,
559 3371 772 3428 tamen
799 3386 910 3447 per
955 3368 1658 3429 excommunicationem
1685 3386 1827 3448 pro-

264 3456 516 3520 hibetur
539 3476 652 3538 per
670 3459 927 3520 modum
957 3460 1142 3521 unius
1176 3466 1371 3535 actus,
1413 3476 1524 3520 seu
1550 3461 1826 3521 materiae

265 3552 472 3631 gravis
483 3569 504 3630 ;
536 3559 601 3615 et
621 3552 786 3629 ideo,
816 3553 873 3613 si
898 3552 1037 3632 quis
1060 3553 1149 3614 ita
1171 3552 1519 3632 frequentet
1541 3557 1713 3612 actus
1738 3552 1824 3613 le-

264 3662 396 3721 ves,
422 3651 493 3706 ut
512 3646 749 3721 animo,
799 3650 863 3707 et
905 3645 1223 3707 voluntate
1253 3662 1541 3724 expressa
1562 3644 1660 3705 vel
1700 3645 1823 3705 vir-

262 3738 418 3799 tuali
452 3739 523 3800 in
565 3743 1061 3819 perseverantem
1092 3737 1714 3798 communicationem
1735 3737 1824 3798 fe-

264 3837 460 3907 ratur,
485 3830 677 3892 violat
710 3830 914 3910 legem
953 3830 1020 3892 in
1060 3830 1322 3892 materia
1360 3830 1560 3907 gravi,
1621 3835 1685 3891 et
1728 3829 1821 3890 illi

261 3931 431 3986 actus
475 3925 641 3987 leves
674 3943 802 3986 non
833 3930 1186 4004 spectantur
1228 3929 1379 3984 tunc
1418 3929 1489 3983 ut
1524 3922 1817 4000 distincti,

260 4017 369 4077 sed
413 4028 483 4078 ut
532 4022 736 4098 partes
768 4019 952 4078 unius
996 4018 1272 4078 materiae
1301 4016 1508 4095 gravis
1549 4032 1660 4094 per
1685 4015 1821 4077 illos

258 4109 536 4186 intentae,
565 4116 630 4172 et
656 4116 728 4171 ut
752 4112 839 4172 sic
864 4115 1188 4172 censentur
1207 4109 1479 4188 graviter
1498 4107 1816 4187 prohibiti,

259 4208 325 4264 et
346 4221 459 4283 per
481 4203 687 4282 legem
733 4221 810 4265 ex
848 4222 962 4264 suo
1009 4220 1236 4282 genere
1281 4201 1660 4280 obligantem
1704 4201 1819 4262 sub

259 4297 532 4358 mortali.
576 4299 654 4359 Et
690 4296 780 4357 ita
813 4313 1138 4376 nunquam
1170 4294 1408 4356 ratione
1441 4293 1630 4354 solius
1669 4311 1814 4354 con-

259 4391 603 4451 suetudinis
621 4389 861 4451 veniale
894 4397 1215 4470 peccatum
1238 4387 1501 4450 efficitur
1528 4387 1809 4448 mortale.

341 4486 438 4545 12.
470 4485 774 4548 Resolutio
801 4485 1175 4547 auetorie.—-
1184 4482 1524 4544 Dicendum
1550 4499 1698 4562 ergo
1722 4487 1817 4543 est

256 4582 408 4638 tunc
426 4577 734 4638 committi
757 4583 974 4638 contra
990 4577 1191 4657 legem
1209 4576 1552 4636 humanam
1571 4594 1649 4637 ex
1671 4593 1816 4637 con-

255 4675 519 4750 temptu,
550 4669 799 4750 quando
833 4669 966 4749 ipsa
990 4671 1393 4748 transgressio
1433 4668 1700 4730 exterior
1730 4669 1817 4732 le·

255 4762 352 4841 gis
379 4764 575 4824 oritur
614 4780 693 4823 ex
739 4763 999 4842 imperio
1046 4767 1436 4841 contemptus
1478 4761 1789 4823 interioris
1791 4806 1813 4838 ,

253 4855 345 4915 ita
371 4860 443 4915 ut
472 4855 580 4916 illa
605 4856 867 4917 exterior
893 4857 1295 4935 transgressio
1322 4873 1401 4916 ex
1426 4855 1490 4915 vi
1525 4854 1666 4915 talis
1700 4856 1814 4916 im-

251 4948 412 5028 perii
434 4948 544 5009 fiat
562 4948 816 5028 quidam
837 4955 1220 5029 contemptus
1233 4947 1519 5009 exterior.
1543 4948 1634 5007 Ita
1648 4948 1747 5027 Caj
1755 4967 1817 5010 e-

249 5047 436 5102 tanus
461 5042 531 5103 in
553 5060 716 5104 sum.
748 5042 920 5104 verb.
958 5042 1359 5122 Contemptus,
1399 5048 1463 5103 et
1489 5043 1550 5102 2.
1591 5043 1653 5116 2,
1682 5040 1816 5103 1080

249 5131 534 5215 proxime'
555 5136 762 5211 citato,
790 5134 898 5197 ubi
924 5136 996 5196 D.
1026 5135 1245 5196 Thom.
1273 5134 1442 5195 idem
1469 5133 1726 5209 indicat,
1753 5141 1816 5194 et

249 5228 458 5307 attigit
483 5229 781 5290 Bernard.
804 5230 874 5290 in
901 5228 1062 5289 dicto
1077 5230 1177 5303 14,
1196 5228 1408 5288 dicens
1438 5241 1455 5286 ε
1492 5226 1664 5289 Tune
1698 5245 1816 5290 mm

239 5323 471 5401 peceati
494 5324 734 5401 speeies,
756 5322 861 5384 sed
882 5322 1186 5400 peccantis
1205 5320 1455 5383 intentio
1476 5324 1771 5398 pensatur
1789 5345 1813 5380 .-

246 5414 408 5475 ratio
451 5432 599 5475 vero
639 5414 946 5493 generalis
993 5419 1111 5488 est,
1153 5413 1301 5493 quia
1338 5416 1506 5473 actus
1546 5413 1816 5474 exterior

248 5505 473 5587 accipit
510 5506 816 5571 malitiam
859 5505 1207 5581 formalem,
1239 5510 1301 5568 et
1327 5503 1670 5586 praesertim
1699 5522 1812 5566 ex—

3356 396 3478 459 285

1913 494 2262 572 trinsecam,
2290 501 2354 558 et
2387 495 2826 559 accidentalem
2862 498 2942 559 ab
2972 503 3116 559 actu
3142 498 3424 562 interiori
3455 520 3473 564 ε

1912 588 2019 648 sed
2058 589 2461 667 transgressio
2488 588 2643 668 legis
2670 590 2737 650 in
2764 608 2833 651 re
2857 591 3141 667 minima,
3180 610 3382 673 neque
3408 595 3478 656 in

1913 687 2054 741 actu
2081 682 2395 757 exteriori,
2422 701 2625 762 neque
2652 683 2720 743 in
2750 682 3092 760 voluntate,
3122 704 3261 764 quse
3298 686 3479 749 illum

1913 772 2161 851 respicit
2201 779 2272 834 ut
2315 773 2652 854 objectum,
2704 775 2894 837 habet
2933 777 3010 838 de
3055 795 3120 838 se
3174 779 3479 842 malitiam

1914 865 2278 927 mortalem:
2312 885 2461 946 ergo
2483 867 2537 928 si
2565 886 2643 930 ex
2661 874 3017 949 contemptu
3035 869 3207 931 illam
3233 873 3475 952 recipit,

1916 958 2056 1020 ideo
2084 964 2197 1035 est,
2238 959 2387 1039 quia
2430 959 2776 1040 imperatur
2816 960 2897 1022 ab
2937 961 3144 1041 aliquo
3196 964 3480 1026 interiori

1917 1056 2057 1112 actu
2098 1051 2366 1114 habente
2409 1052 2715 1113 malitiam
2758 1054 3109 1131 mortalem,
3157 1056 3267 1135 qui
3310 1062 3480 1118 actus

1913 1151 2299 1226 contemptus
2319 1144 2688 1226 appellatur,
2706 1151 2769 1207 et
2785 1145 2926 1208 ideo
2946 1149 3352 1228 transgressio
3370 1149 3479 1211 illa

1913 1236 2141 1299 dicitur
2160 1255 2290 1299 esse
2318 1256 2395 1298 ex
2418 1243 2798 1317 contemptu.

1997 1332 2095 1391 13.
2122 1330 2380 1405 Quinam
2400 1331 2487 1392 sit
2513 1336 2684 1393 aetus
2706 1331 2963 1393 interior
2984 1335 3092 1413 qui
3107 1335 3336 1398 dieitur
3348 1354 3480 1400 eon·

1915 1429 2191 1502 temptas.
2210 1455 2289 1467 —-
2310 1421 2430 1483 Sed
2449 1427 2599 1482 tunc
2625 1428 2816 1483 restat
2840 1424 3283 1503 inquirendum
3311 1428 3478 1508 quod

1912 1515 2183 1576 secundo
2224 1514 2359 1575 1080
2386 1515 2770 1594 propositum
2796 1522 2911 1592 est,
2944 1518 3233 1596 quisnam
3262 1521 3343 1581 sit
3376 1521 3478 1583 hic

1910 1614 2085 1670 actus
2136 1608 2392 1670 interior
2437 1609 2547 1688 qui
2587 1615 2977 1689 contemptus
3003 1613 3371 1692 appellatur,
3416 1620 3480 1675 et

1911 1721 2021 1764 cur
2064 1707 2194 1762 tam
2233 1719 2420 1780 grave
2468 1701 2706 1762 malum
2754 1708 3099 1783 reputetur,
3143 1711 3216 1767 ut
3260 1707 3478 1768 reddat

1910 1794 2172 1855 mortale
2217 1799 2540 1874 peccatum
2586 1794 2753 1873 quod
2781 1795 2917 1857 leve
2960 1802 3115 1874 erat,
3149 1798 3249 1860 vel
3289 1800 3478 1860 etiam

1911 1888 2078 1968 quod
2102 1887 2179 1949 de
2206 1906 2271 1949 se
2294 1887 2536 1948 nullum
2556 1894 2711 1950 erat.
2743 1888 2917 1951 Circa
2940 1891 3059 1952 hoc
3077 1893 3147 1952 D.
3173 1892 3472 1954 Bernard.

1911 1998 2123 2059 supra,
2152 1999 2284 2060 cap.
2319 1981 2418 2055 12,
2439 1980 2675 2042 indicat
2699 1981 2869 2042 hunc
2894 1989 3317 2064 contemptum
3343 2004 3476 2048 esse

1912 2079 2123 2134 actum
2167 2073 2490 2153 superbiae,
2547 2074 2758 2136 dicens
2785 2092 2802 2136 ι
2846 2074 3228 2156 Contemptus
3277 2084 3476 2142 tumor

1911 2167 2207 2244 superbia·
2238 2171 2344 2229 est.
2376 2166 2551 2228 Sumi
2578 2168 2771 2229 etiam
2805 2173 3005 2247 potest
3035 2187 3114 2231 ex
3139 2170 3284 2231 divo
3315 2172 3476 2232 Tho-

1912 2275 2018 2319 ma
2052 2257 2239 2319 citato
2270 2258 2407 2319 loco
2435 2260 2497 2319 2.
2532 2260 2594 2334 2,
2625 2264 2844 2337 quaest.
2895 2261 3036 2335 186,
3065 2266 3184 2322 art.
3214 2264 3277 2338 9,
3303 2263 3382 2324 ad
3411 2266 3473 2339 3,

1911 2351 2065 2411 dum
2090 2351 2180 2412 ait
2215 2356 2574 2414 contemnere
2607 2369 2728 2413 esse
2762 2351 2916 2413 nolte
2958 2353 3181 2432 subjici
3209 2355 3329 2435 ἶσαι·
3350 2381 3375 2416 .·
3415 2363 3479 2417 8ι

1906 2461 2160 2522 peccare
2198 2461 2275 2504 ex
2302 2447 2660 2522 contemptu
2705 2462 2835 2505 esse
2862 2461 3117 2523 peccare
3153 2464 3231 2507 ex
3257 2448 3478 2509 volun-

1907 2541 2038 2596 tate
2076 2554 2205 2596 non
2238 2554 2304 2596 se
2345 2535 2712 2614 subjiciendi
2771 2535 2973 2597 alteri.
3032 2539 3219 2600 Docet
3265 2549 3476 2604 autem

1910 2627 2077 2689 idem
2105 2630 2173 2688 D.
2210 2628 2431 2689 Thom.
2469 2630 2530 2689 2.
2558 2629 2620 2704 2,
2658 2648 2720 2709 q.
2754 2631 2895 2704 161,
2921 2636 3035 2692 art.
3057 2633 3118 2708 2,
3144 2633 3224 2693 ad
3253 2636 3309 2708 3,
3344 2635 3478 2696 offi-

1907 2721 2076 2781 cium
2102 2720 2474 2782 humilitatis
2509 2723 2894 2802 praecipuum
2927 2741 3058 2784 esse
3082 2725 3300 2805 subjici
3326 2729 3474 2804 Deo,

1908 2814 2077 2894 quod
2099 2815 2325 2893 repetit
2351 2821 2471 2876 art.
2504 2817 2565 2890 3,
2598 2822 2660 2877 et
2683 2835 2746 2895 q.
2780 2818 2921 2892 162,
2958 2824 3078 2879 art.
3114 2821 3175 2896 5,
3216 2827 3278 2881 et
3299 2822 3366 2883 in
3408 2824 3473 2898 6,

1909 2907 2057 2968 inde
2103 2908 2338 2986 colligit
2395 2907 2697 2988 superbioe
2744 2910 3115 2988 gravitatem
3156 2933 3170 2971 ε
3222 2930 3373 2992 ergo
3421 2914 3476 2975 si

1909 3005 2299 3079 contemptus
2315 3005 2404 3060 est
2420 3000 2706 3062 voluntas
2724 3019 2852 3061 non
2877 3020 2941 3062 se
2962 3001 3330 3082 subiiciendi
3350 3006 3477 3066 for-

1907 3092 2179 3167 maliter,
2205 3091 2271 3153 id
2296 3097 2409 3168 est,
2435 3091 2636 3153 solum
2664 3098 2915 3173 propter
2940 3094 3302 3174 fugiendam
3333 3099 3476 3159 sub-

1903 3185 2260 3264 jectionem,
2294 3189 2387 3245 est
2416 3184 2601 3263 plane
2632 3191 2804 3246 actus
2842 3186 3168 3265 superbiae.
3209 3190 3286 3249 Et
3313 3191 3474 3253 hanc

1910 3277 2486 3357 interpretationem
2512 3283 2857 3356 sequuntur
2875 3277 3007 3339 fere
3025 3280 3369 3342 Canonistae
3404 3282 3473 3343 in

1907 3369 2211 3450 principio
2237 3369 2430 3444 citati,
2471 3374 2535 3430 et
2576 3368 2833 3430 Adrian.
2864 3368 2962 3431 'ac
3008 3372 3261 3434 Gerson.
3308 3374 3475 3436 dicta

1903 3462 2045 3526 lect.
2067 3464 2128 3523 5.
2149 3463 2225 3523 de
2251 3462 2394 3523 Vita
2410 3462 3070 3544 spirAAngelssylvest.
3090 3472 3154 3526 et
3170 3465 3277 3527 alii
3291 3468 3474 3529 Sum-

1903 3556 2105 3616 mistae
2131 3554 2307 3616 verb.
2356 3553 2757 3634 Contemptus.
2788 3558 2871 3616 At
2900 3574 3049 3617 vero
3089 3557 3279 3637 Cajet.
3312 3562 3372 3621 2.
3405 3563 3468 3636 2,

1904 3667 1968 3728 q.
2000 3650 2141 3724 104,
2163 3658 2281 3709 art.
2314 3648 2377 3723 2,
2409 3658 2471 3708 et
2497 3665 2559 3726 q.
2595 3648 2736 3723 105,
2766 3654 2885 3710 art.
2909 3652 2971 3725 5,
3001 3650 3083 3711 ad
3110 3652 3172 3726 2,
3203 3651 3366 3713 118118
3393 3654 3467 3715 D.

1901 3742 2154 3804 Thomoe
2173 3741 2547 3803 sententiam
2559 3740 2809 3802 videtur
2833 3742 3226 3823 interpretari
3245 3743 3322 3805 de
3347 3745 3473 3806 for-

1901 3836 2051 3897 mali
2077 3834 2519 3909 inobedientia,
2551 3851 2691 3912 quse
2727 3835 3007 3896 consistit
3043 3836 3112 3897 in
3152 3837 3471 3899 voluntate

1901 3947 2030 3990 non
2049 3926 2339 3990 servandi
2359 3926 2587 4005 legem,
2605 3932 2858 4006 propter
2875 3946 3005 3990 non
3030 3927 3440 3993 obediendum
3443 3948 3466 4010 3

1903 4027 1965 4082 et
1984 4019 2538 4082 hancvoluntatem
2550 4018 2858 4097 significat
2874 4037 3001 4082 esse
3019 4028 3465 4102 contemptum.

1900 4113 2074 4187 Quod
2121 4117 2184 4173 et
2223 4110 2418 4188 aliqui
2468 4110 2753 4170 moderni
2792 4117 3162 4190 sequuntur,
3209 4121 3274 4175 et
3302 4115 3471 4177 favet

1897 4206 1972 4266 D.
2012 4203 2237 4265 Thom.
2276 4202 2440 4263 dicta
2481 4208 2696 4281 quaest.
2750 4204 2891 4278 105,
2938 4210 3056 4264 art.
3090 4208 3149 4281 1,
3179 4207 3260 4267 ad
3285 4211 3343 4269 1.
3376 4209 3470 4269 Ex

1899 4300 2018 4360 hoc
2039 4314 2185 4358 vero
2202 4296 2374 4375 sequi
2395 4294 2642 4355 videtur
2683 4301 3111 4375 contemptum
3140 4316 3269 4359 non
3295 4317 3467 4379 posse

1894 4391 2128 4455 versari
2156 4389 2322 4451 circa
2348 4386 2628 4464 consilia,
2661 4387 2826 4468 quod
2853 4395 2947 4450 est
2977 4396 3190 4452 contra
3225 4409 3462 4470 omnes,

1895 4489 1958 4547 et
1982 4483 2167 4564 plane
2192 4482 2438 4545 falsum.
2468 4481 2770 4542 Probatur
2787 4489 3000 4544 autem
3016 4485 3285 4564 sequela,
3319 4489 3468 4566 quia

1895 4580 2246 4642 obedientia
2275 4583 2524 4639 tantum
2572 4583 2667 4638 est
2705 4578 2873 4641 circa
2904 4587 3212 4661 praecepta
3249 4602 3264 4642 z
3316 4599 3465 4661 ergo

1895 4675 2087 4736 etiam
2109 4670 2553 4733 inobedientia.

1977 4769 2078 4827 14.
2129 4767 2333 4825 Potest
2377 4780 2526 4842 ergo
2567 4780 2697 4825 esse
2741 4765 2900 4826 alins
2945 4766 3190 4828 dicendi
3217 4767 3458 4846 modus,

1895 4864 2320 4938 contemptum
2361 4873 2491 4917 esse
2526 4856 2897 4938 injustitiam
2924 4861 3281 4940 quamdam,
3314 4863 3463 4941 quia

1897 4957 2284 5031 contemptus
2315 4954 2406 5011 est
2453 4952 2778 5014 oeetimatio
2804 4955 3005 5016 miuus
3025 4956 3226 5033 justo,
3255 4961 3326 5015 ut
3354 4955 3460 5015 de·

1895 5045 2038 5106 finit
2064 5044 2240 5106 Altis.
2263 5043 2374 5104 lib.
2398 5044 2461 5118 2,
2493 5043 2695 5118 Sum„
2711 5050 2888 5105 tract.
2915 5046 3018 5122 20,
3043 5064 3178 5125 cap.
3210 5049 3274 5122 2,
3304 5064 3368 5125 0.
3396 5051 3457 5108 1.

1894 5138 2252 5198 Diminuere
2273 5140 2484 5196 autem
2511 5136 2985 5197 aestimationem
3012 5137 3288 5214 alterius,
3316 5157 3460 5200 con-

1893 5236 1996 5292 tra
2021 5230 2332 5309 justitiam
2361 5232 2486 5287 est:
2523 5228 2688 5289 unde
2720 5229 2797 5290 de
2815 5235 3169 5310 contemptu
3188 5232 3460 5310 proximi

1895 5322 1983 5383 ita
2010 5321 2195 5383 sentit
2222 5320 2411 5399 Cajet.
2437 5319 2504 5378 in
2529 5320 2705 5381 Sum.
2737 5320 2908 5381 verb.
2940 5322 3458 5404 Contemptus.Vi-

1895 5414 2076 5476 detur
2101 5419 2311 5475 autem
2360 5429 2488 5474 esse
2532 5414 2750 5475 eadem
2786 5416 2947 5475 ratio
2987 5416 3063 5477 de
3102 5424 3459 5498 contemptu

1894 5508 2073 5588 legis,
2096 5506 2198 5570 vel
2222 5506 2631 5588 legislatoris3
2659 5514 2724 5572 et
2752 5508 2843 5572 ita
2865 5509 3125 5583 Navarr.
3152 5528 3360 5592 supra,
3395 5516 3458 5572 et
