3976 6219
475 534 620 579 reus
649 512 928 594 privatur
971 526 1040 570 10
1065 506 1212 570 vel
1187 524 1351 587 Jure,
1390 506 1554 586 quod
1593 504 1869 568 adsolute
1895 520 2037 585 pos·

477 607 734 675 sidebat‚
766 602 847 665 ad
872 600 1228 681 reipublicae
1266 599 1745 661 satisfactionem
1799 603 1864 660 et
1903 615 2036 659 001-

473 701 834 775 rectionem,
861 701 924 758 et
948 695 1088 757 ideo
1109 713 1237 756 non
1264 701 1357 755 est
1378 694 1454 755 de
1480 692 1590 755 illa
1605 691 1823 755 similis
1847 690 2032 753 ratio.

473 796 615 859 Alia
645 789 938 853 limitatio
970 793 1176 869 posset
1217 786 1500 849 adhiberi
1527 804 1607 849 ex
1639 790 1816 866 parte
1843 789 2039 846 mate-

475 888 606 964 riae,
636 900 825 966 quam
863 882 932 941 in
959 880 1175 959 regula
1217 879 1523 960 sequenti,
1547 878 1651 940 cui
1689 875 2037 939 communis

476 998 604 1045 esse
631 978 900 1053 videtur,
925 972 1386 1054 explicabimus.

558 1076 629 1135 11
643 1117 658 1132 .
706 1068 950 1145 Quando
998 1066 1093 1129 lem
1123 1068 1330 1143 fertur
1377 1064 1738 1145 simpliciter
1770 1081 1882 1143 per
1903 1080 2037 1126 ver-

482 1168 616 1231 bum
668 1160 878 1240 ssim-i
900 1205 923 1236 ,
987 1176 1106 1221 non
1161 1158 1389 1238 obligat
1441 1162 1580 1220 ante
1639 1157 1995 1221 emma-tiam
2010 1178 2040 1227 ,-

479 1256 805 1325 communis
853 1257 1061 1318 contra
1095 1251 1356 1315 Barbat.
1387 1296 1408 1328 ,
1459 1250 1700 1313 verbum
1743 1249 2039 1329 siquidem

477 1351 709 1433 sitienti,
743 1348 967 1410 virtuto
991 1343 1250 1408 includit
1279 1344 1673 1423 nequ-ionem.
1703 1376 1786 1389 —
1809 1342 2037 1403 Secun-

479 1448 561 1508 da
607 1440 824 1522 regula
865 1444 982 1514 031,
1031 1436 1279 1517 quando
1326 1435 1430 1497 lex
1453 1436 1652 1497 fertur
1676 1434 2039 1515 simpliciter

479 1556 592 1621 per
609 1534 868 1597 verbum
894 1530 1091 1593 futuri
1111 1529 1407 1610 temporis
1429 1533 1702 1606 tantum,
1729 1545 1860 1589 non
1885 1526 2039 1588 obli·-

482 1636 589 1713 gat
620 1630 688 1690 in
729 1623 1108 1688 conscientia
1147 1628 1290 1684 ante
1319 1621 1712 1683 sententiam.
1741 1622 1847 1683 Est
1873 1636 2042 1681 com-

483 1724 714 1797 munis,
739 1725 812 1781 ut
838 1718 914 1779 de
941 1716 1212 1779 censuris
1235 1715 1400 1777 dicto
1422 1715 1558 1776 1000
1584 1713 1738 1792 dixi,
1771 1717 1835 1775 et
1854 1729 2041 1791 gene-

482 1815 695 1879 raliter
732 1812 1008 1873 doctores
1058 1808 1331 1887 allegati,
1361 1807 1700 1888 praesertim
1725 1804 2036 1886 Tiraquel.

485 1926 672 1990 supra
706 1926 775 1967 0.
807 1906 910 1982 39,
944 1904 1026 1965 40
1049 1906 1115 1963 01
1155 1904 1260 1977 41,
1291 1901 1402 1963 0111
1425 1902 1787 1964 1000100103
1813 1900 2043 1979 0110301

483 2004 757 2065 (10010103
807 2002 870 2061 01
912 1996 1170 2072 Glossas,
1213 1994 1506 2074 adjiciens
1543 1994 1744 2055 solum
1787 1993 2037 2055 Barbat.

485 2091 923 2159 contradixisse
957 2087 1196 2150 levibus
1223 2093 1464 2149 motum
1488 2086 1851 2163 rationibus,
1885 2102 2043 2193 quas

485 2190 626 2253 ideo
651 2183 902 2248 omittit.
933 2182 1112 2243 Ratio
1137 2198 1286 2261 ergo
1312 2181 1542 2262 regulae
1561 2180 1726 2243 clara
1753 2185 1867 2251 est,
1895 2180 2045 2260 quia

483 2282 746 2346 verbum
776 2275 973 2338 futuri
1000 2274 1296 2356 temporis
1339 2294 1470 2337 non
1513 2274 1712 2337 solum
1751 2292 1880 2335 000
1919 2272 2045 2335 fert

487 2372 857 2439 sententiam
895 2370 963 2430 in
1004 2368 1310 2449 praesenti,
1342 2369 1449 2431 sed
1475 2369 1664 2431 etiam
1693 2367 1924 2428 virtute
1944 2366 2043 2427 in-

485 2467 681 2531 cludit
703 2462 1102 2543 negationem
1129 2463 1282 2540 ejus,
1305 2463 1452 2543 quia
1477 2462 1645 2543 quod
1665 2461 1733 2521 in
1757 2460 2043 2521 futurum

443 2618 448 2621 .
483 2559 834 2624 faciendum
865 2561 958 2617 est
982 2571 1113 2616 non
1135 2554 1208 2615 fit
1223 2571 1243 2633 3
1283 2560 1356 2615 ut
1382 2555 1436 2615 si
1461 2555 1648 2631 dicat,
1675 2557 2044 2616 Excommu-

485 2654 730 2716 nicetur
741 2694 763 2727 ,
821 2648 1119 2725 irritetur,
1167 2647 1450 2710 nondum
1501 2648 2040 2724 excommunicat,

483 2745 761 2807 nondum
789 2740 1012 2801 irritat.
1052 2739 1226 2801 Dices
1249 2740 1368 2800 hoc
1405 2757 1532 2801 0330
1559 2757 1778 2802 verum
1812 2740 1881 2800 in
1907 2756 2047 2801 ver-

484 2838 581 2899 bis
607 2831 1100 2913 significantibus
1137 2831 1432 2908 actiones,
1478 2849 1616 2911 0010
1641 2849 1768 2892 non
1795 2831 1876 2893 ab
1911 2832 2045 2910 ipso

481 2949 614 3007 reo,
666 2928 773 2990 sed
809 2944 848 2987 a
893 2924 1210 3005 superiore
1245 2924 1528 2986 facienda
1569 2930 1737 3001 sunt,
1785 2929 1857 2985 ut
1900 2927 2048 2985 sunt

483 3019 1043 3094 excommunicare,
1087 3018 1375 3079 irritare:
1405 3035 1578 3080 secus
1613 3036 1762 3081 vero
1799 3016 1955 3093 fore,
1992 3018 2047 3080 si

482 3117 742 3181 verbum
767 3113 922 3193 legis
961 3111 1272 3190 significet
1315 3112 1624 3174 actionem
1665 3111 1745 3173 ab
1780 3112 1914 3192 ipso
1937 3129 2044 3173 reo

484 3207 912 3283 exercendam,
928 3210 1002 3266 ut
1027 3205 1080 3266 si
1107 3204 1292 3282 dicat,
1319 3204 1548 3282 Solvet,
1567 3206 1897 3285 jejunabit,
1921 3211 2040 3267 etc.

485 3303 638 3364 Nam
659 3308 810 3362 tunc
833 3298 1081 3362 videtur
1113 3298 1432 3378 imponere
1463 3298 1540 3360 de
1573 3297 1862 3378 praesenti
1887 3296 2043 3358 obli—

485 3396 801 3474 gationem
828 3392 903 3453 ad
943 3396 1152 3452 actum
1186 3397 1398 3471 postea
1435 3392 1740 3452 futurum.
1772 3393 2043 3471 Respon-

481 3488 598 3550 deo
624 3493 774 3547 tunc
806 3483 1035 3545 habere
1067 3483 1274 3544 locum
1313 3483 1438 3544 alia
1473 3483 1781 3562 principia
1822 3483 2041 3562 posita,

485 3580 650 3661 quod
677 3577 896 3640 saltem
937 3575 1130 3636 verba
1167 3575 1276 3636 illa
1326 3580 1474 3636 sunt
1501 3575 1915 3637 indifferentia
1961 3577 2044 3637 ad

481 3668 914 3734 instruendum
938 3666 1232 3748 judicem,
1262 3666 1362 3730 vel
1399 3665 1800 3746 obligandum
1834 3685 2039 3746 reum,

481 3783 554 3827 ac
585 3760 848 3825 subinde
875 3761 942 3820 in
977 3759 1287 3820 mitiorem
1323 3763 1566 3840 partem
1615 3767 2037 3825 assumuntur.

481 3857 560 3916 Et
587 3855 730 3915 ideo
758 3852 1012 3932 quidam
1027 3851 1322 3914 dixerunt
1345 3852 1511 3932 quod
1533 3853 1585 3913 si
1611 3872 1689 3916 ex
1713 3859 1927 3916 tenore
1951 3853 2043 3918 le-

483 3947 580 4027 gis
629 3948 864 4008 constet
891 3945 1150 4006 verbum
1185 3943 1264 4007 de
1295 3945 1505 4007 futuro
1549 3945 1734 4026 dirigi
1789 3948 1866 4009 ad
1897 3966 2041 4028 par-

479 4045 633 4117 tem,
664 4043 728 4101 et
765 4055 894 4099 non
918 4036 1000 4099 ad
1019 4036 1315 4116 judicem,
1346 4039 1622 4100 continet
1665 4041 2039 4102 sententiam

479 4133 696 4209 latam,
721 4137 792 4192 ut
815 4131 1006 4193 refert
1031 4131 1339 4210 Tiraquel.
1370 4149 1577 4212 supra,
1601 4151 1670 4194 n.
1689 4135 1790 4196 61.
1814 4133 2039 4197 Proba-

479 4226 569 4287 tio
598 4229 808 4286 autem
845 4241 1036 4304 00010
1071 4223 1344 4302 adducit,
1381 4225 1656 4304 procedit
1685 4226 1755 4286 in
1795 4226 2031 4305 gratiis,

479 4336 609 4379 non
633 4317 702 4378 in
719 4316 942 4397 poenis,
972 4321 1036 4378 et
1051 4315 1192 4378 ideo
1217 4335 1347 4379 non
1373 4317 1634 4379 admitto
1655 4317 1724 4378 in
1747 4321 2038 4398 praesenti

475 4411 650 4472 illam
677 4409 1044 4472 doctrinam.
1074 4410 1255 4486 Nam,
1293 4410 1443 4472 licet
1478 4409 1583 4472 lex
1623 4411 1914 4491 loquatur
1955 4412 2037 4474 ad

477 4521 680 4579 reum,
709 4503 762 4564 si
787 4507 1034 4564 tantum
1060 4520 1172 4583 per
1215 4502 1474 4564 verbum
1517 4503 1594 4564 de
1642 4503 1854 4565 futuro
1879 4504 2038 4566 desi-

475 4603 628 4678 gnat
653 4613 926 4678 poenam,
961 4595 1332 4676 intelligitur
1355 4598 1686 4678 praecipere
1716 4603 1788 4660 ut
1821 4609 2037 4678 pareat

473 4691 586 4754 tali
601 4710 821 4772 poenae,
843 4689 1092 4772 quando
1113 4691 1206 4751 illi
1222 4690 1412 4752 fuerit
1425 4691 1692 4770 juridice
1711 4692 2033 4772 imposita:

471 4803 620 4846 nam
661 4785 764 4846 hic
799 4803 1014 4847 sensus
1039 4789 1130 4845 est
1157 4783 1390 4862 mitior,
1421 4789 1485 4846 et
1510 4784 1640 4864 juri
1663 4803 1738 4848 ac
1779 4803 2038 4849 consue-

465 4879 672 4940 tudini
701 4877 1052 4939 conformis.

548 4975 647 5035 12.
695 4972 992 5052 Regulam
1040 4971 1262 5034 dictam
1281 4972 1594 5051 procedere
1635 4973 1816 5036 etiam
1857 4975 2031 5036 verbo

467 5067 789 5146 yeminato,
819 5062 1221 5128 0110000101
1257 5068 1313 5127 et
1351 5064 1656 5128 irritetur.
1661 5065 1902 5127 -Huic
1931 5084 2032 5127 10-

463 5157 625 5236 gulae
646 5158 851 5238 plures
883 5156 1284 5218 limitationes
1306 5156 1559 5218 adhibet
1589 5153 1896 5239 Tiraquel.
1927 5177 2031 5220 30-

462 5268 608 5330 pra,
591 5272 606 5286 ·
637 5251 773 5311 duoe
801 5256 1014 5312 tamen
1041 5256 1151 5312 aut
1173 5257 1298 5312 tres
1339 5256 1588 5312 tantum
1616 5257 1760 5313 sunt
1793 5251 2029 5314 exami-

1375 406 1707 463 10111.οΕ
1737 402 2095 459 umnam
2123 401 2335 457 malm
2364 401 2775 457 numnam.

2114 502 2223 563 ubi
2245 520 2359 583 pro
2376 519 2451 565 ea
2466 501 2655 564 refert
2678 498 2880 576 Bald„
2904 498 3197 575 Roman.
3220 496 3461 574 Jason„
3486 496 3675 574 Deci,

2113 594 2336 671 Felin.,
2368 601 2431 657 et
2468 596 2831 657 innumeros
2876 592 3052 669 alios,
3084 592 3193 671 001
3222 592 3425 653 solum
3462 590 3535 651 in
3560 590 3683 651 hoc

2112 688 2480 765 tundantur,
2506 688 2657 797 0010
2677 688 2937 751 verbum
2960 684 3345 765 geminatum
3364 684 3551 747 debet
3572 684 3683 745 011-

2118 783 2267 864 001(1
2280 784 2549 864 operari,
2572 783 2617 844 l.
2636 781 2886 856 Balista,
2906 780 2975 843 ff.
2996 780 3078 841 ad
3094 777 3337 841 Trebel.
3343 824 3364 855 ,
3386 778 3689 857 adjuncta

2114 876 2327 937 Glossa
2350 875 2464 951 ibi,
2503 874 2695 937 verbo
2724 875 2948 938 Etiam
2972 874 3240 951 fructae.
3270 870 3691 933 Nihilominus

2108 970 2248 1033 11ωο
2278 968 2587 1031 3011100110
2628 968 2785 1029 101111
2813 985 2941 1029 non
2974 964 3297 1047 probatur,
3330 964 3479 1045 01110
3508 963 3691 1025 nullo

2116 1064 2298 1126 firmo
2316 1062 2723 1125 fundamento
2755 1061 2975 1121 nititur
3002 1079 3021 1123 :
3052 1064 3118 1121 01
3137 1058 3279 1120 idco
3302 1057 3383 1118 ab
3404 1056 3514 1119 illa
3550 1075 3691 1117 me-

2114 1157 2237 1219 rito
2254 1156 2513 1219 discedit
2530 1156 2761 1231 Castro,
2778 1172 2965 1234 quem
2982 1152 3091 1214 alii
3102 1150 3377 1230 theologi
3400 1150 3690 1212 moderni

2117 1256 2481 1331 sequuntur.
2530 1250 2609 1310 Et
2658 1266 2737 1309 ex
2775 1246 3017 1327 jur-istis
3064 1245 3241 1307 illam
3270 1249 3694 1306 retractarunt

2116 1343 2280 1405 Deci.
2312 1342 2380 1403 in
2408 1342 2547 1421 lege
2578 1340 2733 1406 Cum
2758 1345 2991 1421 poma,
3016 1357 3069 1402 0.
3116 1338 3193 1401 (10
3220 1337 3442 1414 Ρο0113,
3472 1342 3538 1399 01
3576 1338 3693 1398 Fe-

2116 1436 2231 1498 lin.
2256 1436 2325 1497 in
2352 1454 2486 1515 cap.
2517 1433 2739 1496 ultimo
2759 1433 2837 1495 de
2878 1432 3049 1495 Offic.
3100 1430 3397 1511 delegat„
3423 1450 3489 1492 n.
3526 1434 3589 1506 1,
3618 1431 3693 1491 in

2118 1529 2265 1592 fine.
2298 1530 2445 1591 Dico
2470 1546 2641 1607 ergo,
2670 1527 2815 1589 licet
2844 1525 2944 1587 lex
2970 1524 3201 1587 11011001
3224 1524 3349 1585 (100
3388 1523 3583 1585 verba
3610 1524 3695 1585 de

2118 1624 2351 1699 futuro,
2380 1621 2665 1685 eamdem
2690 1637 2965 1701 pomam,
2990 1636 3101 1680 300
3134 1616 3425 1679 effectum
3446 1616 3695 1696 siguifi-

2120 1716 2346 1793 cantia,
2375 1732 2505 1777 non
2530 1714 2805 1793 obligare
2832 1714 2903 1773 in
2928 1710 3325 1787 conscientia,
3348 1728 3465 1773 1100
3490 1710 3698 1771 conti-

2118 1826 2268 1871 nere
2294 1808 2497 1888 legem
2520 1806 2738 1882 latam,
2762 1804 2872 1867 sed
2893 1804 3235 1867 ferendam.
3262 1804 3445 1865 Ratio
3470 1802 3699 1883 impri-

2118 1904 2239 1965 mis
2270 1907 2383 1979 est,
2426 1901 2575 1982 quia
2622 1901 2817 1963 etiam
2864 1899 2933 1961 in
2984 1899 3094 1961 illo
3130 1898 3323 1961 verbo
3368 1898 3695 1978 geminato

2118 2014 2248 2058 non
2274 1996 2625 2057 continetur
2650 1998 3023 2074 praeceptum
3050 1991 3169 2073 ipsi
3192 2010 3303 2055 reo
3324 1990 3697 2071 impositum

2120 2087 2486 2169 exequendi,
2534 2106 2644 2150 seu
2684 2086 3051 2149 observandi
3078 2104 3379 2166 poenam.
3414 2102 3571 2163 ergo
3608 2082 3697 2145 ad

2120 2182 2238 2244 hoc
2262 2199 2391 2243 non
2426 2181 2761 2261 obligatur,
2786 2180 2983 2243 donec
3010 2200 3049 2241 a
3064 2180 3275 2259 judice
3300 2198 3412 2259 per
3438 2183 3699 2240 senten-

2120 2276 2275 2337 tiam
2318 2274 2737 2355 praecipiatur,
2776 2279 2849 2334 ut
2892 2274 2943 2335 si
2984 2273 3087 2335 lex
3112 2272 3701 2348 dicat,1rritabitur

2122 2374 2187 2431 et
2210 2367 2629 2443 evacuabitur,
2655 2384 2766 2447 per
2790 2372 3127 2447 utrumque
3152 2366 3414 2430 verbum
3434 2363 3701 2427 instrui-

2120 2470 2225 2525 tur
2243 2462 2461 2543 judex,
2498 2479 2621 2522 non
2652 2461 2895 2540 cogitur
2919 2479 3081 2523 1003.

2204 2558 2303 2618 13.
2348 2557 2473 2617 Νο0
2510 2554 2987 2616 fundamentum
3012 2552 3339 2615 contrariae
3364 2553 3699 2615 sententias

2122 2656 2215 2711 est
2252 2649 2515 2728 alicujus
2555 2649 2879 2723 momenti,
2928 2648 3101 2729 quia,
3150 2648 3298 2709 licet
3342 2646 3699 2726 geminatio

2122 2742 2296 2803 verbi
2339 2741 2577 2821 aliquid
2626 2747 2939 2821 operetur,
2992 2758 3119 2801 non
3152 2746 3366 2802 tamen
3392 2745 3699 2819 operatur

2123 2853 2356 2897 novum
2383 2834 2673 2897 effectum
2713 2854 2841 2896 non
2882 2833 3303 2914 significatum
3349 2851 3463 2914 per
3512 2832 3697 2893 mille

2122 2929 2316 2991 verba
2340 2908 2588 2990 simili‘a.
2636 2928 2955 3005 Quocirca,
3006 2927 3057 2989 si
3089 2926 3280 2990 verba
3334 2925 3699 3004 significent

2125 3022 2440 3083 distinctas
2467 3038 2703 3101 poenas,
2760 3020 2855 3083 vel
2904 3036 3103 3081 unum
3146 3025 3373 3098 augeat
3417 3017 3637 3079 aliud·
3622 3036 3697 3079 10

2122 3115 2256 3195 ipsa
2284 3133 2466 3196 poena
2498 3120 2563 3176 01
2597 3120 2929 3193 0110111000
2980 3114 3061 3174 311
3104 3113 3183 3173 de
3222 3112 3459 3188 futuro,
3493 3111 3699 3191 gemi-

2122 3208 2293 3270 natio
2348 3206 2720 3287 significabit
2770 3211 3178 3286 augmentum
3231 3224 3433 3285 00000),
3488 3206 3699 3285 impo—

2122 3300 2365 3374 nendae,
2386 3318 2516 3360 non
2532 3317 2679 3361 vero
2702 3317 2951 3380 poenam
2972 3299 3105 3379 ipso
3122 3299 3283 3360 facto
3308 3299 3691 3378 impositam.

2122 3393 2379 3466 Quando
2400 3398 2611 3454 autem
2640 3392 2831 3454 verba
2856 3397 3003 3452 sunt
3030 3409 3379 3471 synonyma
3404 3391 3473 3451 in
3494 3391 3695 3469 signi-

2121 3485 2327 3566 ficato,
2356 3493 2417 3548 et
2439 3491 2777 3566 utrumque
2804 3491 2898 3548 est
2918 3485 2997 3547 de
3016 3485 3251 3561 futuro,
3276 3503 3405 3546 non
3432 3489 3698 3564 possunt

2122 3579 2472 3658 significare
2492 3579 2727 3659 aliquid
2750 3579 2826 3640 de
2862 3578 3153 3660 praesenti
3192 3583 3445 3658 propter
3490 3577 3697 3638 solam

2124 3671 2633 3748 geminationem,
2664 3672 2815 3752 quia
2840 3671 2958 3733 hoc
2982 3677 3075 3733 031
3102 3669 3267 3732 01110
3286 3668 3694 3750 significatio-

2120 3781 2269 3826 nem
2313 3765 2645 3827 verborum
2660 3811 2681 3842 ,
2734 3770 2797 3828 et
2842 3765 2934 3827 ita
2982 3772 3075 3827 est
3130 3763 3451 3845 ampliatio
3505 3763 3693 3826 valde

2119 3857 2495 3932 voluntaria,
2522 3875 2661 3939 quae
2682 3858 2751 3919 in
2774 3859 2949 3920 omni
2976 3859 3239 3920 materia
3264 3856 3538 3920 cavenda
3566 3863 3687 3932 est,

2118 3950 2391 4015 maxime
2432 3969 2581 4015 vero
2616 3951 2687 4012 in
2716 3952 2969 4032 poenali.
3010 3951 3119 4013 Illa
3158 3967 3305 4030 ergo
3346 3950 3691 4030 geminatio

2122 4051 2271 4108 tunc
2298 4047 2502 4108 solum
2528 4045 2819 4121 ostendit,
2852 4043 2953 4106 vel
2974 4045 3277 4124 majorem
3296 4043 3689 4105 deliberatio-

2118 4155 2267 4200 nem
2316 4138 2707 4218 legislatoriS,
2756 4137 2857 4199 vel
2892 4139 3195 4216 majorem
3222 4136 3529 4212 affectum,
3584 4134 3689 4197 vel

2116 4231 2419 4311 majorem
2441 4231 2717 4292 criminis
2740 4229 3162 4307 acerbitatem,
3179 4228 3279 4290 vel
3292 4229 3525 4291 indicat
3548 4245 3684 4288 ma-

2113 4324 2314 4402 jorem
2336 4323 2699 4386 firmitatem
2728 4323 2829 4386 vel
2862 4321 3433 4384 immutabilitatem
3458 4322 3529 4382 in
3552 4339 3683 4402 poe·

2115 4433 2222 4492 na,
2252 4421 2326 4476 ut
2350 4416 2547 4495 judex
2568 4435 2697 4478 000
2740 4414 2968 4480 audeat
2994 4415 3171 4478 illam
3206 4411 3514 4491 minuere,
3553 4433 3685 4476 non

2116 4526 2265 4570 vero
2316 4507 2553 4570 indicat
2594 4527 2829 4572 novum
2884 4509 3196 4585 effectum,
3248 4525 3439 4590 00010
3491 4507 3685 4571 verba

2116 4619 2245 4662 000
2284 4601 2657 4681 31301110001.
2696 4603 2869 4664 Sicut
2898 4602 2967 4663 in
3003 4601 3219 4664 multis
3253 4600 3499 4681 juribus
3534 4617 3687 4662 con-

2116 4699 2260 4772 stat,
2314 4700 2379 4756 01
2424 4696 2495 4756 in
2548 4695 2789 4775 legibus
2836 4695 3027 4757 etiam
3060 4693 3405 4758 ferentibus
3430 4711 3687 4774 poenam

2118 4789 2253 4868 ipso
2278 4787 2467 4865 facto,
2518 4795 2591 4851 ut
2638 4795 2851 4870 postea
2880 4787 3255 4866 videbimus,
3299 4793 3361 4849 01
3406 4785 3686 4848 admittit

2118 4882 2249 4961 ipse
2280 4880 2487 4962 Tiraq.
2528 4881 2712 4944 ibin.
2745 4883 2849 4958 25,
2878 4882 2981 4958 48,
3012 4885 3077 4943 01
3106 4899 3268 4963 301Ρο
3294 4879 3449 4941 01103
3470 4895 3487 4940 :
3512 4879 3683 4940 uude

2114 4993 2243 5035 non
2288 4974 2471 5037 video
2516 4993 2627 5037 cur
2671 4974 2765 5036 illi
2814 4975 3138 5037 sententiae
3167 4979 3299 5035 tam
3325 4977 3683 5035 constanter

2114 5067 2464 5144 adhaeserit,
2494 5085 2643 5130 nam
2672 5067 3008 5130 multitudo
3032 5067 3355 5130 doctorum
3390 5084 3521 5128 non
3550 5065 3681 5126 suf-

2110 5161 2243 5223 ficit
2263 5160 2374 5222 ubi
2398 5178 2513 5223 nec
2534 5167 2740 5223 textus
2765 5179 2881 5224 nec
2904 5160 3067 5223 ratio
3088 5161 3483 5240 suth-agatur.

2193 5256 2291 5316 14.
2337 5253 2492 5318 Alia
2510 5256 2739 5336 reyuloe
2759 5255 3051 5318 limitatio
3086 5254 3304 5336 ,Tio-aq.
3334 5255 3578 5334 rejecta,
3618 5252 3680 5316 si

457 5343 707 5406 nandae.
755 5345 894 5406 Una
923 5351 1036 5421 est,
1073 5345 1237 5425 quod
1263 5362 1392 5407 non
1420 5346 1733 5426 procedat,
1779 5347 2030 5426 quando
2105 5363 2285 5428 poena
2320 5365 2436 5428 per
2468 5349 2709 5411 verbum
2742 5349 2951 5426 fucum·
2984 5349 3336 5428 imponatur
3378 5364 3491 5426 per
3524 5346 3679 5408 duas

458 5436 720 5499 verbum
771 5435 848 5498 de
891 5437 1100 5498 futuro
1149 5439 1508 5516 geminatur
1548 5440 1617 5500 in
1646 5438 1808 5520 lege,
1855 5439 2029 5596 014631

459 5529 622 5591 dicat
642 5529 767 5606 lex,
801 5533 1057 5595 cessetur
1083 5535 1138 5594 ot
1156 5531 1459 5596 irritetur.
1497 5533 1591 5593 Ita
1615 5531 1816 5596 habet
1826 5551 1894 5594 n.

2112 5441 2395 5521 10901.-
2420 5441 2622 5521 Atque
2658 5441 2806 5504 hinc
2840 5442 3030 5503 etiam
3064 5458 3193 5502 non
3222 5440 3419 5522 probo
3446 5439 3677 5500 limita-

1917 5534 2024 5611 46,
2108 5533 2345 5598 tionem
2394 5533 2583 5598 aliam
2626 5551 2818 5617 quam
2859 5535 3066 5617 Tiraq.
3114 5533 3402 5616 adjungit
3438 5550 3507 5596 n.
3554 5532 3673 5608 44,
