3976 6219
477 365 561 424 24

478 466 551 525 D.
599 464 864 526 Thomas
910 467 1278 527 sententiam
1326 467 1562 540 Isidori,
1603 466 1744 525 dict.
1806 485 1869 542 q.
1927 466 2030 538 90,

480 563 597 618 art.
616 560 676 617 Ξ.
701 560 852 618 Nam
868 559 934 617 in
954 578 1204 638 corpore
1228 566 1356 619 tota
1372 560 1531 619 ratio
1551 559 1684 635 ejus
1713 576 1785 617 eo
1809 558 2032 631 tendit,

477 654 550 707 ut
577 649 843 709 declaret
864 651 1266 711 intentionem
1297 648 1661 727 legislatoris
1689 650 1755 707 in
1780 648 2037 708 ferenda

481 740 619 817 1636
660 742 880 802 debere
920 743 1062 802 ferri
1102 744 1182 802 ad
1219 744 1454 802 bonum
1494 759 1846 814 commune,
1888 742 2037 817 quia

481 835 826 893 communis
866 835 1124 894 felicitas
1160 835 1340 894 debet
1395 853 1525 894 esse
1580 850 1869 892 mensura
1894 877 1913 905 ,
1975 837 2038 891 et

480 925 654 1001 quasi
667 926 932 1004 primum
951 928 1460 1005 principium,per
1471 926 1633 1003 quod
1650 930 2039 983 mensuretur

474 1018 739 1095 justitia,
777 1019 1009 1079 utilitas
1055 1026 1116 1079 et
1160 1020 1588 1079 convenientia
1633 1018 1816 1095 legis:
1872 1017 2038 1077 unde

482 1110 812 1186 concludit,
830 1114 1222 1189 quodcumque
1240 1110 1412 1173 aliud
1427 1116 1787 1188 praeceptum
1807 1112 1874 1171 de
1890 1128 2038 1187 par-

484 1203 735 1264 ticulari
782 1221 948 1280 opere
991 1222 1107 1265 non
1155 1204 1325 1264 habet
1366 1205 1655 1263 rationem
1700 1202 1871 1278 211ρί5,
1916 1201 2041 1262 nisi

484 1297 795 1356 secundum
831 1297 1093 1356 ordinem
1124 1297 1205 1357 ad
1234 1297 1443 1355 bonum
1477 1312 1796 1367 commune,
1828 1299 1880 1353 ec
1912 1295 2039 1354 ideo

484 1389 679 1448 omnis
718 1389 810 1447 lex
854 1389 936 1448 ad
978 1389 1189 1448 bonum
1236 1406 1531 1448 commu-ne
1581 1388 1922 1446 ordinatur.
1970 1386 2040 1444 In

483 1478 705 1554 quibus
728 1480 929 1538 verbis
961 1479 1163 1557 potius
1196 1479 1427 1538 indicat
1468 1496 1641 1557 posse
1669 1477 1871 1554 legem
1900 1497 2043 1536 con-

480 1569 678 1629 tinere
730 1571 1097 1647 particulare
1142 1577 1539 1648 praeceptum,
1582 1569 1918 1628 dummodo
1964 1569 2043 1628 ad

483 1661 772 1721 ultimum
804 1662 992 1722 finem
1024 1664 1346 1722 referatur.
1398 1664 1472 1722 Et
1512 1662 1600 1720 ita
1641 1662 1828 1719 etiam
1860 1660 2043 1720 intel-

480 1753 765 1813 lexerunt
793 1760 1030 1814 textum
1066 1755 1244 1813 illum
1289 1754 1399 1825 ibi,
1440 1753 1886 1813 Archidiacono
1928 1755 2044 1812 Do-

483 1846 714 1906 minico
748 1853 809 1906 et
835 1847 1115 1906 Turrecr.
1146 1852 1208 1906 et
1235 1847 1465 1925 plureS,
1500 1863 1651 1922 quos
1683 1844 1945 1905 referam
1975 1846 2044 1904 in

486 1937 686 2015 capite
713 1938 1014 2014 sequenti.

569 2031 626 2089 Β.
671 2029 972 2102 SecundO,
1006 2029 1157 2088 solet
1182 2029 1428 2107 probari
1464 2029 1595 2088 11166
1637 2027 1940 2087 5661611116
1967 2046 2046 2087 ex

486 2121 594 2180 lib.
632 2124 690 2190 1,
719 2120 784 2179 ff.
813 2121 887 2178 de
909 2120 1191 2196 Legibus,
1220 2120 1326 2179 uhi
1350 2121 1575 2179 dicitur
1597 2119 1796 2196 legem
1823 2118 2045 2177 debere

486 2232 614 2272 esse
644 2218 1000 2289 praeceptum
1042 2231 1354 2273 commune.
1390 2214 1831 2272 Verumtamen
1858 2212 2045 2270 etiam

486 2304 744 2364 verbum
775 2323 1068 2365 commune
1099 2304 1462 2381 ambiguum
1495 2310 1612 2364 est:
1653 2322 1822 2376 nam,
1855 2309 1926 2361 ut
1964 2302 2048 2361 ibi

490 2403 664 2457 notat
696 2399 882 2457 ι16506
931 2398 997 2455 16
1039 2398 1368 2475 principie,
1400 2417 1544 2456 cum
1590 2397 1896 2473 FulgosiO,
1942 2397 2049 2453 tri-

487 2489 630 2568 plici
673 2490 911 2548 ratione
953 2494 1151 2566 potest
1177 2489 1297 2547 dici
1335 2490 1433 2548 lex
1483 2496 1857 2567 praeceptum
1885 2505 2052 2545 com·

489 2599 700 2640 mune.
752 2580 981 2653 Primo,
1030 2579 1177 2656 quia
1217 2581 1533 2638 communi
1575 2597 1900 2651 consensu,
1944 2597 2053 2636 seu

490 2670 851 2729 auctoritate
878 2670 1003 2728 lata
1033 2674 1145 2728 est.
1191 2670 1488 2744 Secundo,
1540 2670 1686 2747 quia
1711 2668 1892 2728 1161161
1925 2686 2053 2727 6556

494 2760 843 2820 communis
882 2760 1191 2818 0161111165.
1245 2761 1474 2835 Tertio,
1533 2761 1680 2838 quia
1727 2778 1838 2837 pro
1892 2758 2054 2818 bono

496 2852 843 2911 communi:
897 2851 965 2909 in
1005 2850 1111 2909 1116
1143 2857 1350 2911 autem
1377 2852 1512 2929 lege
1544 2870 1671 2912 non
1708 2852 2057 2911 declaratur

497 2944 834 3003 secundum
854 2945 1315 3004 communitatis
1339 2945 1591 3004 modum
1615 2963 1743 3005 esse
1765 2943 2055 3023 simplici-

495 3041 590 3095 ter
612 3036 1025 3095 necessarium
1073 3037 1147 3095 ad
1191 3037 1496 3096 rationem
1525 3037 1699 3114 16315,
1745 3054 1850 3094 566
1891 3053 2053 3095 com-

497 3127 702 3188 munis
734 3129 1061 3206 proecepti:
1098 3129 1262 3188 unde
1288 3129 1496 3189 Glossa
1523 3129 1611 3189 ibi
1641 3129 1756 3189 sub
1787 3129 2056 3204 disjunc-

495 3222 663 3280 tione
695 3220 862 3294 dicit,
897 3239 1016 3282 esse
1049 3239 1371 3294 commune,
1401 3222 1469 3282 id
1504 3226 1589 3281 esc
1623 3239 1736 3298 pro
1761 3222 2055 3282 communi

497 3313 763 3372 utilitate
790 3318 1083 3373 statutum
1103 3338 1124 3370 .·
1154 3313 1244 3373 vel
1266 3314 1650 3373 communiter
1681 3314 1792 3372 toti
1815 3313 2054 3372 univer-

498 3405 678 3464 sitate
700 3406 949 3477 factum.
982 3404 1142 3480 Ergo
1174 3404 1250 3462 ad
1285 3404 1589 3463 rationem
1616 3403 1771 3479 legis
1797 3404 2057 3463 sufficiet

498 3497 703 3574 prima
743 3497 1035 3570 6011111110,
1079 3497 1219 3555 11661
1264 3497 1595 3556 5666611616
1641 3515 1768 3555 606
1807 3496 2052 3557 11611661.

500 3588 706 3646 Tertio
731 3587 1024 3665 probatur
1057 3606 1133 3646 ex
1172 3607 1225 3647 6.
1265 3591 1294 3646 1
1329 3589 1560 3661 Extra,
1591 3588 1666 3647 de
1700 3587 2055 3661 Constitut.,

505 3679 891 3738 ubidicitur:
948 3679 1253 3740 Canonum
1286 3685 1519 3741 statuta
1548 3680 1962 3740 custodiantur
1988 3680 2060 3740 ab

507 3772 774 3832 omnibus
785 3797 806 3842 ;
826 3772 1113 3849 supponit
1137 3790 1282 3848 ergo
1306 3772 1529 3831 debere
1550 3771 1835 3830 omnibus
1857 3772 2060 3848 impo-

506 3863 593 3922 ni.
642 3864 1081 3922 Verumtamen
1123 3864 1290 3922 hunc
1330 3870 1569 3923 textum
1598 3864 1777 3923 valde
1811 3869 2065 3923 enervat

506 3953 715 4013 Glossa
758 3953 843 4013 ibi
872 3975 885 4012 :
935 3973 1082 4013 nam
1114 3956 1190 4014 ad
1220 3955 1477 4015 verbum
1512 3955 1838 4028 Canonum,
1868 3955 2060 4029 addit,

506 4046 875 4123 ymeralium
893 4069 921 4115 ,·
962 4064 1102 4106 nam
1145 4048 1388 4124 quidam
1429 4063 1675 4108 canones
1702 4051 1842 4106 sunt
1863 4064 2065 4123 perso-

507 4139 695 4212 nales,
745 4140 990 4217 quidam
1028 4140 1260 4200 locale&
1308 4140 1483 4200 Unde
1530 4157 1656 4198 non
1684 4139 1928 4198 videtur
1954 4139 2065 4197 du-

507 4230 679 4290 bium
705 4232 855 4309 quin
874 4232 1061 4292 verba
1079 4232 1184 4292 illa
1216 4233 1615 4310 intelligenda
1641 4233 1764 4291 sint
1781 4251 1924 4292 cum
1948 4234 2061 4292 dis·

508 4323 841 4382 tributioue
878 4324 1298 4398 accommoda,
1341 4325 1593 4397 scilicet,
1638 4342 1900 4383 canones
1938 4343 2063 4383 ser-

509 4413 743 4472 vandos
758 4432 885 4474 esse
905 4415 983 4474 ab
1003 4415 1286 4474 omnibus
1304 4434 1445 4474 cum
1465 4415 1687 4492 quibus
1701 4415 2062 4492 loquuntur,

509 4505 611 4564 vel
637 4506 859 4583 quibus
887 4507 1308 4583 imponuntur.
1336 4508 1430 4564 An
1455 4524 1599 4566 vero
1630 4507 1733 4565 isti
1762 4508 1886 4565 sint
1910 4524 2066 4565 sem-

509 4615 621 4675 per
649 4597 853 4676 plures
883 4604 1162 4676 respectu
1189 4597 1577 4674 singulorum
1605 4616 1938 4672 canonum,
1969 4598 2068 4657 vel

511 4692 697 4768 possit
716 4691 848 4750 dari
869 4709 1065 4750 canon
1085 4691 1162 4750 ad
1180 4708 1378 4749 unum
1401 4695 1643 4750 tantum
1668 4690 2066 4769 obligandum

509 4782 766 4856 factum,
792 4782 879 4841 ihi
907 4801 1031 4841 non
1061 4783 1344 4842 traditur.

589 4876 649 4933 6.
700 4875 974 4936 Secunda
1003 4876 1292 4935 sententia
1323 4890 1547 4952 neqans
1586 4891 1705 4935 esse
1738 4875 1804 4934 de
1831 4875 2067 4936 ratione

511 4967 684 5043 legis,
705 4972 771 5026 ut
791 4985 903 5043 pro
924 4966 1341 5028 communitate
1363 4966 1574 5043 aliqua
1602 4968 2066 5040 [καὶαπ-Ρο-

510 5063 627 5117 test
664 5075 809 5135 ergo
845 5076 971 5117 esse
1011 5057 1278 5117 secunda
1311 5057 1614 5116 sententia
1645 5055 1853 5116 dicens
1876 5104 1891 5129 ,
1938 5076 2065 5118 non

511 5167 640 5210 esse
659 5151 734 5209 de
757 5153 996 5212 ratione
1019 5151 1192 5229 16315,
1219 5157 1290 5211 61
1309 5151 1761 5223 communitati,
1788 5150 1883 5210 vel
1907 5152 2065 5211 mul-

512 5243 767 5301 titudini
788 5243 1110 5302 hominum
1133 5244 1508 5321 imponatur,
1534 5243 1675 5302 licet
1700 5242 2067 5322 plerumque

513 5336 599 5395 ita
628 5335 764 5394 ficri
801 5337 1119 5412 contingat
1151 5352 1168 5410 ;
1212 5337 1357 5413 quia
1385 5336 1610 5411 regulae
1640 5337 1937 5413 operandi
1971 5355 2067 5395 or-

513 5427 766 5488 dinariae
820 5436 966 5487 5661
1011 5445 1379 5488 communes.
1410 5427 1622 5500 multis
1668 5432 1684 5488 τ’
1737 5427 2069 5507 aliquando

1471 370 1589 423 Lm.
1624 371 1664 424 1.
1699 369 1779 420 m!
1810 367 2064 419 NATURA
2096 367 2272 420 LEGIS
2303 367 2366 418 m
2399 364 2695 417 connum,

2112 483 2260 524 vero
2289 466 2543 541 possunt
2570 478 2680 537 pro
2704 477 2830 517 uno
2856 457 2955 518 vel
2974 457 3095 518 alio
3121 457 3433 517 constitui.
3470 457 3673 517 Potest
3718 483 3723 488 ·

2115 575 2225 635 pro
2247 556 2360 614 hac
2381 552 2684 613 sententia
2705 551 2919 610 referri
2943 552 3014 609 D.
3036 549 3324 622 ThomaS,
3347 549 3414 607 in
3433 548 3495 607 d.
3524 566 3582 607 a.
3607 550 3669 620 2,

2116 655 2420 727 quatenus
2442 646 2610 717 dicit,
2629 642 2994 722 particulare
3012 647 3386 719 praeceptum
3406 639 3669 699 relatum

2117 741 2196 800 ad
2220 755 2545 799 commune
2572 736 2805 794 bonum
2828 734 3116 792 inducere
3138 733 3442 792 rationem
3467 731 3622 808 16315
3648 751 3663 788 :

2116 838 2178 892 et
2229 832 2293 891 in
2336 830 2639 890 solutione
2680 827 2759 886 ad
2799 826 3070 904 primum
3107 825 3274 884 idem
3316 824 3562 901 repetit,
3613 828 3696 883 61·

2117 924 2194 984 611
2233 925 2269 983 3
2315 919 2670 1000 generalem
2704 918 2985 995 regulam
3030 917 3206 994 ponit
3226 960 3245 989 ,
3294 920 3675 993 praeceptum

2119 1016 2282 1095 quod
2304 1015 2624 1074 ordinatur
2643 1011 2719 1070 ad
2745 1028 3071 1070 commune
3089 1007 3346 1077 bonum,
3368 1007 3675 1066 rationem

2120 1108 2273 1184 16315
2306 1106 2555 1165 11611616.
2607 1102 2959 1182 Expressius
2996 1103 3112 1160 1106
3154 1101 3330 1160 docet
3361 1099 3572 1159 Glossa
3608 1099 3676 1157 in

2094 1194 2165 1258 ‘l.
2200 1203 2260 1274 1,
2309 1198 2362 1258 ff
2384 1198 2459 1257 de
2486 1197 2724 1273 Legib.,
2769 1195 2977 1255 dicens
3002 1195 3066 1253 in
3095 1193 3355 1269 11161636
3379 1210 3505 1250 non
3528 1209 3674 1250 con-

2123 1294 2311 1353 tineri
2341 1291 2768 1351 definitionem
2798 1290 2954 1365 legis
2973 1334 2991 1363 ,
3024 1289 3170 1365 quia
3198 1287 3403 1363 aliqua
3435 1291 3525 1345 est
3552 1285 3674 1359 lex,

2122 1404 2258 1463 quae
2297 1402 2424 1443 non
2460 1389 2549 1443 est
2583 1382 2951 1442 communis.
3007 1380 3173 1440 Idem
3213 1378 3399 1438 sentit
3442 1378 3679 1451 Glossa,

2122 1479 2190 1537 in
2220 1477 2282 1536 d.
2316 1476 2500 1553 capit.
2537 1480 2594 1549 1,
2643 1474 2720 1534 de
2748 1474 3040 1545 Constit.,
3081 1471 3189 1530 6111
3225 1470 3548 1547 distinguit
3578 1487 3680 1529 ca-

2125 1588 2317 1629 nones
2364 1567 2680 1646 generales
2710 1585 2747 1625 a
2794 1564 3238 1644 personalibus.
3281 1564 3504 1640 Estque
3551 1561 3680 1622 haec

2127 1662 2440 1723 distinctio
2479 1660 2654 1720 valde
2682 1659 2971 1735 frequens
2997 1656 3162 1733 apud
3196 1654 3566 1727 6660615165,
3606 1660 3678 1712 61

2125 1760 2295 1834 patet
2327 1772 2402 1813 ex
2430 1753 2879 1813 Archidiacono
2909 1747 3230 1808 Dominico
3275 1753 3337 1807 et
3370 1748 3677 1820 Turrecr.,

2124 1848 2233 1906 ubi
2289 1864 2497 1925 supra.
2569 1844 2864 1904 Eamdem
2928 1842 3385 1901 distinctionem
3446 1839 3683 1898 indicat

2125 1939 2332 1999 Glossa
2353 1984 2372 2012 ,
2404 1940 2468 1996 in
2493 1938 2538 1996 l.
2570 1939 2622 1999 J
2622 1954 2762 1997 wra.
2796 1935 2848 1995 ff
2862 1935 2936 1993 de
2961 1932 3200 2011 Legib.,
3231 1931 3340 1990 uhi
3359 1929 3684 2007 distinguit

2118 2033 2222 2110 jus
2241 2034 2307 2091 111
2326 2031 2610 2109 36661616
2631 2039 2691 2089 61
2710 2028 2987 2107 speciale,
3018 2032 3079 2087 et
3096 2029 3265 2104 prius
3284 2024 3432 2093 dicit
3447 2025 3684 2102 imponi

2126 2124 2546 2184 multitudini:
2572 2123 2872 2200 posterius
2894 2126 3103 2179 autem
3129 2136 3298 2196 posse
3325 2136 3453 2177 esse
3476 2118 3684 2195 priva-

2126 2223 2284 2276 tum.
2331 2216 2500 2275 Idem
2546 2214 2733 2273 hahet
2771 2212 3001 2285 Glossa,
3050 2212 3116 2269 in
3158 2210 3200 2268 1.
3251 2211 3458 2287 Neque
3495 2211 3686 2268 Doro-

2131 2308 2351 2380 theum,
2375 2313 2436 2366 et
2451 2307 2514 2364 in
2538 2305 2581 2364 l.
2603 2304 2883 2376 Doctitii,
2903 2322 2955 2362 c.
2978 2304 3052 2361 de
3072 2302 3417 2374 Decurion.,
3439 2300 3548 2359 lib.
3588 2303 3710 2377 10„

2132 2399 2457 2475 Potestque
2495 2398 2736 2456 suaderi
2778 2396 2978 2473 primo
3006 2396 3073 2453 in
3109 2393 3229 2452 illis
3262 2393 3500 2451 duabus
3535 2392 3688 2469 legi-

2132 2490 2245 2549 bus
2271 2507 2286 2549 :
2317 2492 2461 2569 quia
2485 2489 2606 2549 illae
2635 2495 2779 2548 sunt
2802 2507 2962 2548 verae
2982 2487 3146 2563 leges
3171 2503 3186 2544 ε
3219 2492 3280 2544 61
3303 2491 3515 2544 tamen
3537 2486 3690 2543 dan-

2134 2587 2238 2639 tur
2264 2582 2340 2641 de
2370 2582 2738 2659 quibusdam
2767 2580 3042 2657 personis
3077 2579 3143 2637 in
3177 2576 3551 2654 particulari.
3582 2576 3689 2634 Se-

2136 2675 2360 2744 cund0,
2394 2675 2635 2732 videtur
2661 2674 2779 2731 hoc
2808 2689 3087 2749 expresse
3114 2670 3330 2730 haberi
3357 2669 3422 2726 in
3446 2669 3488 2728 1.
3522 2671 3581 2742 1,
3615 2667 3684 2728 ff.

2126 2760 2209 2824 ¹de
2234 2766 2485 2825 Constit.
2519 2765 2741 2843 princ.,
2772 2763 2862 2822 ihi
2885 2781 2901 2823 z
2933 2765 3041 2824 Ex
3064 2764 3185 2835 his,
3211 2760 3440 2819 scilicet
3452 2805 3472 2834 ,
3502 2778 3580 2818 ex
3602 2759 3694 2819 le-

2134 2856 2337 2934 gibus,
2390 2858 2655 2934 quoedam
2688 2860 2828 2916 sunt
2855 2854 3219 2931 personales.
3269 2854 3346 2911 Et
3389 2851 3554 2910 idem
3581 2850 3694 2909 ha-

2137 2948 2318 3008 betur
2338 2948 2404 3006 in
2433 2948 2469 3026 g
2503 2947 2630 3009 Sed
2657 2952 2710 3008 et
2748 2948 2921 3026 quod,
2964 2945 3132 3005 verb.
3159 2946 3359 3022 plane,
3391 2942 3585 3001 Instit.
3613 2942 3692 3002 116

2136 3041 2270 3099 Jur.
2327 3045 2455 3099 nat.
2501 3044 2669 3117 gent.
2728 3045 2790 3099 et
2838 3038 3002 3097 civil.
3051 3035 3252 3097 Tertio
3302 3035 3471 3108 facit,
3524 3035 3692 3112 quod

2139 3135 2326 3193 etiam
2361 3150 2627 3192 canones
2661 3132 3051 3208 distinguunt
3086 3129 3285 3206 legem
3319 3129 3623 3206 privatam
3653 3144 3694 3186 a

2141 3225 2383 3304 publica
2398 3270 2417 3300 ,
2467 3231 2529 3283 et
2571 3225 2841 3302 priorem
2892 3222 3109 3281 volunt
3153 3220 3388 3298 imponi
3435 3219 3692 3297 privatae

2134 3335 2408 3396 personae
2435 3333 2450 3376 t
2482 3318 2883 3394 posteriorem
2911 3312 3364 3373 communitati.
3413 3311 3693 3371 Sumitur

2137 3427 2211 3469 ex
2235 3427 2367 3486 cap.
2402 3408 2588 3482 licet,
2620 3408 2696 3467 de
2720 3406 3035 3483 Regular.,
3066 3405 3252 3465 latius
3274 3405 3342 3462 in
3370 3421 3504 3480 cap.
3538 3405 3694 3464 Duce

2137 3506 2298 3574 sunt,
2330 3502 2426 3571 19,
2459 3518 2517 3576 q.
2547 3502 2606 3559 2.

2218 3593 2275 3651 7.
2327 3591 2738 3667 Confirmatur
2764 3589 3101 3662 rationibus
3120 3590 3243 3650 Izoeo
3272 3588 3582 3650 sententia.
3614 3619 3698 3632 —

2140 3685 2413 3742 Tandem
2433 3689 2630 3761 potest
2654 3683 2784 3742 haec
2796 3682 3096 3741 sententia
3119 3680 3459 3740 rationibus
3482 3680 3698 3739 suade·

2141 3775 2216 3834 ri.
2243 3775 2472 3849 Prim0,
2513 3776 2659 3852 quia
2687 3761 3058 3852 praece'ptum
3084 3774 3321 3850 justum
3352 3778 3548 3850 potest
3580 3773 3698 3831 im-

2146 3867 2292 3944 poni
2315 3866 2425 3924 uui
2444 3872 2687 3925 tantum
2716 3866 2982 3939 subdito,
3007 3871 3068 3923 et
3095 3871 3343 3942 propter
3372 3881 3700 3923 commuue

2144 3958 2399 4031 bonum,
2432 3964 2493 4017 et
2519 3976 2595 4017 ex
2625 3962 2921 4035 potestate
2951 3956 3203 4033 regendi
3223 3955 3695 4034 rempublicam,

2145 4056 2206 4109 et
2230 4050 2474 4127 singula
2494 4048 2771 4109 membra
2796 4050 2929 4125 ejus
2957 4070 2969 4107 ε
3000 4066 3150 4124 6130
3176 4048 3300 4107 1616
3324 4054 3701 4126 praeceptum

2146 4142 2264 4203 erit
2305 4142 2580 4220 ejusdem
2629 4141 2884 4200 rationis
2931 4140 3269 4199 essentialis
3319 4158 3461 4199 cum
3506 4140 3699 4201 simili

2144 4240 2444 4313 praecepto
2472 4234 2759 4311 imposito
2788 4231 3019 4306 11161115,
3050 4232 3149 4293 vel
3176 4232 3464 4291 omnibus
3490 4232 3566 4291 de
3591 4232 3699 4291 tali

2144 4326 2589 4385 communitate
2617 4341 2634 4385 :
2670 4342 2818 4400 ergo
2860 4325 2977 4383 erit
3001 4343 3148 4383 vera
3173 4323 3292 4383 lex.
3325 4325 3530 4383 Prima
3557 4342 3701 4383 con-

2145 4418 2460 4494 sequentia
2480 4416 2792 4494 probatur,
2815 4415 2960 4493 quia
2983 4415 3060 4475 ad
3084 4416 3386 4474 rationem
3409 4416 3701 4493 praecepti

2145 4509 2387 4568 videtur
2428 4507 2838 4583 accidentale,
2890 4508 3054 4585 quod
3103 4508 3213 4567 uni
3258 4513 3504 4566 tantum
3531 4552 3550 4581 ,
3598 4508 3699 4568 vel

2148 4600 2357 4659 multis
2386 4600 2763 4677 imponatur,
2800 4601 2954 4659 sicut
2974 4598 3347 4659 accidentale
3371 4604 3465 4657 est
3487 4599 3699 4672 calori,

2148 4691 2313 4768 quod
2337 4692 2417 4751 sit
2441 4692 2509 4750 in
2532 4711 2680 4765 uno,
2711 4692 2809 4752 vel
2843 4692 3052 4751 multis
3079 4691 3401 4768 subjectis,
3434 4691 3532 4750 vel
3564 4709 3703 4751 ora-

2146 4783 2325 4857 tioni,
2365 4784 2528 4861 quod
2558 4783 2637 4843 ad
2660 4801 2886 4858 unum,
2918 4785 3017 4845 vel
3043 4783 3122 4843 ad
3146 4783 3351 4861 plures
3377 4782 3698 4843 fundatur.

2147 4876 2426 4936 Secunda
2446 4894 2592 4936 vero
2621 4878 3056 4954 consequentia
3084 4876 3382 4954 probatur
3400 4920 3421 4950 ,
3452 4876 3600 4954 quia
3627 4876 3703 4935 il-

2105 5049 2108 5052 ·
2145 4967 2252 5026 lud
2291 4975 2659 5047 praeceptum
2697 4968 2909 5028 multis
2950 4969 3309 5047 impositum
3354 4974 3514 5027 esset
3546 4967 3648 5049 lex
3683 4986 3702 5029 ε

2145 5078 2292 5136 6130
2321 5066 2382 5119 61
2409 5062 2518 5118 661
2531 5106 2550 5135 ,
2589 5061 3084 5138 quandoquidem
3110 5067 3423 5120 ostensum
3449 5065 3540 5119 est
3568 5078 3700 5121 esse

2147 5152 2423 5229 ejusdem
2468 5154 2743 5213 16110615.
2792 5154 2866 5211 Ε1
2898 5153 3062 5230 quod
3096 5154 3454 5231 imponatur
3487 5153 3600 5211 uni
3644 5158 3707 5213 et

2147 5263 2270 5302 nou
2302 5245 2533 5319 1661115,
2565 5251 2763 5323 potest
2790 5246 3064 5305 accidere
3106 5264 3180 5305 ex
3211 5263 3283 5304 eo
3313 5245 3508 5303 solum
3539 5245 3707 5322 quod

2148 5338 2472 5396 necessitas
2499 5338 2638 5396 talis
2661 5340 2946 5415 praecepti
2976 5337 3042 5395 111
3067 5355 3193 5396 660
3216 5337 3343 5396 solo
3363 5337 3702 5396 invenitur.

2149 5428 2449 5506 Sec-undO,
2479 5430 2625 5509 quia
2646 5429 2747 5490 lex
2774 5435 2866 5490 est
2890 5429 3107 5507 regula
3134 5428 3463 5489 moralium
3490 5445 3721 5507 opera-.
