<?xml version="1.0" encoding="UTF-8"?>
<!DOCTYPE html PUBLIC "-//W3C//DTD XHTML 1.0 Transitional//EN"
    "http://www.w3.org/TR/xhtml1/DTD/xhtml1-transitional.dtd">
<html xmlns="http://www.w3.org/1999/xhtml" xml:lang="en" lang="en">
 <head>
  <title>
</title>
<meta http-equiv="Content-Type" content="text/html;charset=utf-8" />
  <meta name='ocr-system' content='tesseract 3.04.00' />
  <meta name='ocr-capabilities' content='ocr_page ocr_carea ocr_par ocr_line ocrx_word'/>
</head>
<body>
  <div class='ocr_page' id='page_1' title='image "./rpfranciscisuar02duvagoog_0105.png"; bbox 0 0 3976 6219; ppageno 0'>
   <div class='ocr_carea' id='block_1_1' title="bbox 823 400 2975 466">
    <p class='ocr_par' dir='ltr' id='par_1_1' title="bbox 823 400 2975 466">
     <span class='ocr_line' id='line_1_1' title="bbox 823 400 2975 466; baseline 0.003 -14"><span class='ocrx_word' id='word_1_1' title='bbox 823 401 958 453; x_wconf 75' lang='lat' dir='ltr'>GAP.</span> <span class='ocrx_word' id='word_1_2' title='bbox 994 405 1032 455; x_wconf 87' lang='lat'>1.</span> <span class='ocrx_word' id='word_1_3' title='bbox 1068 403 1153 454; x_wconf 75' lang='lat' dir='ltr'>AN</span> <span class='ocrx_word' id='word_1_4' title='bbox 1185 403 1283 455; x_wconf 82' lang='lat' dir='ltr'>SIT</span> <span class='ocrx_word' id='word_1_5' title='bbox 1315 403 1545 466; x_wconf 76' lang='lat' dir='ltr'>ALmUA</span> <span class='ocrx_word' id='word_1_6' title='bbox 1578 404 1701 455; x_wconf 81' lang='lat' dir='ltr'>LEX</span> <span class='ocrx_word' id='word_1_7' title='bbox 1732 403 2016 466; x_wconf 72' lang='lat' dir='ltr'>AETERNA,</span> <span class='ocrx_word' id='word_1_8' title='bbox 2050 403 2131 455; x_wconf 83' lang='lat' dir='ltr'>ET</span> <span class='ocrx_word' id='word_1_9' title='bbox 2163 404 2306 466; x_wconf 73' lang='lat' dir='ltr'>QUAE·</span> <span class='ocrx_word' id='word_1_10' title='bbox 2337 403 2709 455; x_wconf 73' lang='lat' dir='ltr'>NECESSITAS</span> <span class='ocrx_word' id='word_1_11' title='bbox 2741 400 2939 458; x_wconf 74' lang='lat' dir='ltr'>lmus</span> <span class='ocrx_word' id='word_1_12' title='bbox 2960 443 2975 458; x_wconf 91' lang='lat'>.</span> 
     </span>
    </p>
   </div>
   <div class='ocr_carea' id='block_1_2' title="bbox 284 500 1855 5574">
    <p class='ocr_par' dir='ltr' id='par_1_2' title="bbox 288 500 1853 949">
     <span class='ocr_line' id='line_1_2' title="bbox 291 500 1849 585; baseline 0.003 -23"><span class='ocrx_word' id='word_1_13' title='bbox 291 500 573 562; x_wconf 90' lang='lat' dir='ltr'>materia.</span> <span class='ocrx_word' id='word_1_14' title='bbox 600 500 829 564; x_wconf 81' lang='lat' dir='ltr'>Deinde</span> <span class='ocrx_word' id='word_1_15' title='bbox 858 510 1059 581; x_wconf 89' lang='lat' dir='ltr'>potest</span> <span class='ocrx_word' id='word_1_16' title='bbox 1087 505 1320 583; x_wconf 90' lang='lat' dir='ltr'>optima</span> <span class='ocrx_word' id='word_1_17' title='bbox 1363 506 1521 566; x_wconf 89' lang='lat' dir='ltr'>ratio</span> <span class='ocrx_word' id='word_1_18' title='bbox 1548 506 1715 566; x_wconf 88' lang='lat' dir='ltr'>illius</span> <span class='ocrx_word' id='word_1_19' title='bbox 1737 524 1849 585; x_wconf 91' lang='lat' dir='ltr'>ap·</span> 
     </span>
     <span class='ocr_line' id='line_1_3' title="bbox 292 593 1852 674; baseline 0.004 -22"><span class='ocrx_word' id='word_1_20' title='bbox 292 593 642 671; x_wconf 88' lang='lat' dir='ltr'>pellationis</span> <span class='ocrx_word' id='word_1_21' title='bbox 669 595 867 670; x_wconf 85' lang='lat' dir='ltr'>reddi,</span> <span class='ocrx_word' id='word_1_22' title='bbox 898 613 1020 674; x_wconf 91' lang='lat' dir='ltr'>qua</span> <span class='ocrx_word' id='word_1_23' title='bbox 1053 597 1239 657; x_wconf 88' lang='lat' dir='ltr'>etiam</span> <span class='ocrx_word' id='word_1_24' title='bbox 1269 598 1647 673; x_wconf 79' lang='lat' dir='ltr'>ostendatur,</span> <span class='ocrx_word' id='word_1_25' title='bbox 1681 598 1852 658; x_wconf 93' lang='lat' dir='ltr'>illam</span> 
     </span>
     <span class='ocr_line' id='line_1_4' title="bbox 290 684 1850 764; baseline 0.003 -20"><span class='ocrx_word' id='word_1_26' title='bbox 290 684 495 763; x_wconf 89' lang='lat' dir='ltr'>legem</span> <span class='ocrx_word' id='word_1_27' title='bbox 522 687 589 745; x_wconf 90' lang='lat' dir='ltr'>in</span> <span class='ocrx_word' id='word_1_28' title='bbox 617 704 690 747; x_wconf 92' lang='lat' dir='ltr'>eo</span> <span class='ocrx_word' id='word_1_29' title='bbox 718 691 878 748; x_wconf 80' lang='lat' dir='ltr'>statu</span> <span class='ocrx_word' id='word_1_30' title='bbox 907 706 1034 748; x_wconf 92' lang='lat' dir='ltr'>non</span> <span class='ocrx_word' id='word_1_31' title='bbox 1061 707 1187 750; x_wconf 88' lang='lat' dir='ltr'>esse</span> <span class='ocrx_word' id='word_1_32' title='bbox 1223 695 1467 750; x_wconf 89' lang='lat' dir='ltr'>tantum</span> <span class='ocrx_word' id='word_1_33' title='bbox 1506 689 1850 764; x_wconf 84' lang='lat' dir='ltr'>ferendam,</span> 
     </span>
     <span class='ocr_line' id='line_1_5' title="bbox 289 777 1853 856; baseline 0.003 -19"><span class='ocrx_word' id='word_1_34' title='bbox 289 777 400 838; x_wconf 90' lang='lat' dir='ltr'>sed</span> <span class='ocrx_word' id='word_1_35' title='bbox 429 796 502 838; x_wconf 85' lang='lat' dir='ltr'>ex</span> <span class='ocrx_word' id='word_1_36' title='bbox 528 778 872 840; x_wconf 75' lang='lat' dir='ltr'>aeternitate</span> <span class='ocrx_word' id='word_1_37' title='bbox 899 797 1029 841; x_wconf 89' lang='grc'><strong>6336</strong></span> <span class='ocrx_word' id='word_1_38' title='bbox 1050 779 1160 841; x_wconf 88' lang='lat' dir='ltr'>suo</span> <span class='ocrx_word' id='word_1_39' title='bbox 1187 782 1372 842; x_wconf 91' lang='lat' dir='ltr'>modo</span> <span class='ocrx_word' id='word_1_40' title='bbox 1393 782 1606 856; x_wconf 87' lang='lat' dir='ltr'>latam,</span> <span class='ocrx_word' id='word_1_41' title='bbox 1636 797 1708 842; x_wconf 85' lang='lat' dir='ltr'>ut</span> <span class='ocrx_word' id='word_1_42' title='bbox 1729 800 1853 842; x_wconf 88' lang='lat' dir='ltr'>res-</span> 
     </span>
     <span class='ocr_line' id='line_1_6' title="bbox 288 869 1480 949; baseline 0.006 -21"><span class='ocrx_word' id='word_1_43' title='bbox 288 869 621 947; x_wconf 86' lang='lat' dir='ltr'>pondendo</span> <span class='ocrx_word' id='word_1_44' title='bbox 648 871 728 931; x_wconf 87' lang='lat' dir='ltr'>ad</span> <span class='ocrx_word' id='word_1_45' title='bbox 757 880 1129 949; x_wconf 88' lang='lat' dir='ltr'>argumenta</span> <span class='ocrx_word' id='word_1_46' title='bbox 1155 874 1480 935; x_wconf 81' lang='lat' dir='ltr'>constabit.</span> 
     </span>
    </p>

    <p class='ocr_par' dir='ltr' id='par_1_3' title="bbox 286 962 1855 2888">
     <span class='ocr_line' id='line_1_7' title="bbox 372 962 1854 1043; baseline 0.005 -22"><span class='ocrx_word' id='word_1_47' title='bbox 372 964 433 1022; x_wconf 84' lang='lat'>6.</span> <span class='ocrx_word' id='word_1_48' title='bbox 482 962 726 1026; x_wconf 76' lang='lat' dir='ltr'>Solutio</span> <span class='ocrx_word' id='word_1_49' title='bbox 757 966 841 1025; x_wconf 84' lang='lat' dir='ltr'>ad</span> <span class='ocrx_word' id='word_1_50' title='bbox 855 966 1145 1043; x_wconf 74' lang='lat' dir='ltr'>primum.</span> <span class='ocrx_word' id='word_1_51' title='bbox 1163 999 1245 1012; x_wconf 91' lang='lat'><em>-</em></span> <span class='ocrx_word' id='word_1_52' title='bbox 1271 967 1376 1029; x_wconf 74' lang='lat' dir='ltr'>Aa</span> <span class='ocrx_word' id='word_1_53' title='bbox 1411 969 1749 1030; x_wconf 72' lang='lat' dir='ltr'>seeundum.</span> <span class='ocrx_word' id='word_1_54' title='bbox 1774 1000 1854 1012; x_wconf 89' lang='lat'><em>-</em></span> 
     </span>
     <span class='ocr_line' id='line_1_8' title="bbox 287 1051 1855 1137; baseline 0.002 -24"><span class='ocrx_word' id='word_1_55' title='bbox 287 1051 385 1113; x_wconf 88' lang='lat' dir='ltr'>Ad</span> <span class='ocrx_word' id='word_1_56' title='bbox 412 1054 686 1132; x_wconf 90' lang='lat' dir='ltr'>primum</span> <span class='ocrx_word' id='word_1_57' title='bbox 718 1072 868 1132; x_wconf 88' lang='lat' dir='ltr'>ergo</span> <span class='ocrx_word' id='word_1_58' title='bbox 899 1059 1325 1136; x_wconf 87' lang='lat' dir='ltr'>respondetur,</span> <span class='ocrx_word' id='word_1_59' title='bbox 1368 1058 1531 1137; x_wconf 88' lang='lat' dir='ltr'>quod</span> <span class='ocrx_word' id='word_1_60' title='bbox 1567 1059 1728 1118; x_wconf 89' lang='lat' dir='ltr'>sicut</span> <span class='ocrx_word' id='word_1_61' title='bbox 1755 1057 1855 1117; x_wconf 89' lang='lat' dir='ltr'>di-</span> 
     </span>
     <span class='ocr_line' id='line_1_9' title="bbox 290 1145 1848 1228; baseline 0.003 -23"><span class='ocrx_word' id='word_1_62' title='bbox 290 1146 442 1205; x_wconf 87' lang='lat' dir='ltr'>vina</span> <span class='ocrx_word' id='word_1_63' title='bbox 473 1145 756 1207; x_wconf 84' lang='lat' dir='ltr'>voluntas</span> <span class='ocrx_word' id='word_1_64' title='bbox 784 1152 1015 1207; x_wconf 83' lang='lat' dir='ltr'>aeterna</span> <span class='ocrx_word' id='word_1_65' title='bbox 1063 1155 1179 1223; x_wconf 90' lang='lat' dir='ltr'>est,</span> <span class='ocrx_word' id='word_1_66' title='bbox 1230 1150 1318 1209; x_wconf 90' lang='lat' dir='ltr'>ita</span> <span class='ocrx_word' id='word_1_67' title='bbox 1368 1155 1430 1211; x_wconf 92' lang='grc'>61</span> <span class='ocrx_word' id='word_1_68' title='bbox 1468 1150 1799 1228; x_wconf 88' lang='lat' dir='ltr'>imperium</span> <span class='ocrx_word' id='word_1_69' title='bbox 1831 1166 1848 1210; x_wconf 72' lang='grc' dir='ltr'><em>τ</em></span> 
     </span>
     <span class='ocr_line' id='line_1_10' title="bbox 289 1233 1851 1317; baseline 0.002 -19"><span class='ocrx_word' id='word_1_70' title='bbox 289 1255 439 1298; x_wconf 87' lang='grc'><strong>116111</strong></span> <span class='ocrx_word' id='word_1_71' title='bbox 471 1238 805 1317; x_wconf 88' lang='lat' dir='ltr'>imperium</span> <span class='ocrx_word' id='word_1_72' title='bbox 858 1233 1059 1317; x_wconf 72' lang='lat' dir='ltr'>quoad</span> <span class='ocrx_word' id='word_1_73' title='bbox 1101 1240 1507 1302; x_wconf 75' lang='lat' dir='ltr'>substantiam</span> <span class='ocrx_word' id='word_1_74' title='bbox 1556 1258 1732 1302; x_wconf 89' lang='lat' dir='ltr'>suam</span> <span class='ocrx_word' id='word_1_75' title='bbox 1784 1243 1851 1302; x_wconf 90' lang='lat' dir='ltr'>in</span> 
     </span>
     <span class='ocr_line' id='line_1_11' title="bbox 288 1328 1849 1413; baseline 0.004 -25"><span class='ocrx_word' id='word_1_76' title='bbox 288 1328 425 1407; x_wconf 89' lang='lat' dir='ltr'>ipsa</span> <span class='ocrx_word' id='word_1_77' title='bbox 452 1329 768 1391; x_wconf 82' lang='lat' dir='ltr'>voluntate</span> <span class='ocrx_word' id='word_1_78' title='bbox 801 1330 1098 1406; x_wconf 83' lang='lat' dir='ltr'>consistit,</span> <span class='ocrx_word' id='word_1_79' title='bbox 1142 1338 1214 1391; x_wconf 91' lang='lat' dir='ltr'>ut</span> <span class='ocrx_word' id='word_1_80' title='bbox 1240 1333 1390 1393; x_wconf 82' lang='lat' dir='ltr'>dixi.</span> <span class='ocrx_word' id='word_1_81' title='bbox 1440 1335 1516 1393; x_wconf 86' lang='lat' dir='ltr'>Et</span> <span class='ocrx_word' id='word_1_82' title='bbox 1557 1334 1609 1394; x_wconf 91' lang='lat' dir='ltr'>si</span> <span class='ocrx_word' id='word_1_83' title='bbox 1648 1334 1849 1413; x_wconf 89' lang='lat' dir='ltr'>impe-</span> 
     </span>
     <span class='ocr_line' id='line_1_12' title="bbox 287 1423 1850 1505; baseline 0.005 -25"><span class='ocrx_word' id='word_1_84' title='bbox 287 1423 456 1484; x_wconf 91' lang='lat' dir='ltr'>rium</span> <span class='ocrx_word' id='word_1_85' title='bbox 482 1430 734 1485; x_wconf 85' lang='lat' dir='ltr'>vocetur</span> <span class='ocrx_word' id='word_1_86' title='bbox 765 1425 896 1503; x_wconf 87' lang='lat' dir='ltr'>ipsa</span> <span class='ocrx_word' id='word_1_87' title='bbox 921 1426 1103 1500; x_wconf 90' lang='lat' dir='ltr'>ratio,</span> <span class='ocrx_word' id='word_1_88' title='bbox 1122 1426 1220 1486; x_wconf 85' lang='lat' dir='ltr'>vel</span> <span class='ocrx_word' id='word_1_89' title='bbox 1240 1426 1541 1504; x_wconf 87' lang='lat' dir='ltr'>judicium</span> <span class='ocrx_word' id='word_1_90' title='bbox 1564 1427 1642 1488; x_wconf 91' lang='lat' dir='ltr'>de</span> <span class='ocrx_word' id='word_1_91' title='bbox 1663 1445 1850 1505; x_wconf 86' lang='lat' dir='ltr'>agen-</span> 
     </span>
     <span class='ocr_line' id='line_1_13' title="bbox 291 1513 1843 1589; baseline 0.005 -15"><span class='ocrx_word' id='word_1_92' title='bbox 291 1513 411 1589; x_wconf 86' lang='lat' dir='ltr'>dis,</span> <span class='ocrx_word' id='word_1_93' title='bbox 461 1516 649 1577; x_wconf 88' lang='lat' dir='ltr'>etiam</span> <span class='ocrx_word' id='word_1_94' title='bbox 692 1516 809 1576; x_wconf 93' lang='lat' dir='ltr'>hoc</span> <span class='ocrx_word' id='word_1_95' title='bbox 853 1516 972 1576; x_wconf 83' lang='lat' dir='ltr'>fuit</span> <span class='ocrx_word' id='word_1_96' title='bbox 1008 1523 1308 1578; x_wconf 82' lang='lat' dir='ltr'>aeternum</span> <span class='ocrx_word' id='word_1_97' title='bbox 1354 1518 1421 1578; x_wconf 91' lang='lat' dir='ltr'>in</span> <span class='ocrx_word' id='word_1_98' title='bbox 1468 1525 1676 1581; x_wconf 90' lang='lat' dir='ltr'>mente</span> <span class='ocrx_word' id='word_1_99' title='bbox 1718 1521 1843 1582; x_wconf 89' lang='lat' dir='ltr'>Dei.</span> 
     </span>
     <span class='ocr_line' id='line_1_14' title="bbox 292 1607 1850 1689; baseline 0.004 -21"><span class='ocrx_word' id='word_1_100' title='bbox 292 1607 532 1669; x_wconf 89' lang='lat' dir='ltr'>Petitur</span> <span class='ocrx_word' id='word_1_101' title='bbox 556 1615 767 1670; x_wconf 87' lang='lat' dir='ltr'>autem</span> <span class='ocrx_word' id='word_1_102' title='bbox 797 1611 863 1671; x_wconf 92' lang='lat' dir='ltr'>in</span> <span class='ocrx_word' id='word_1_103' title='bbox 890 1609 997 1671; x_wconf 92' lang='lat' dir='ltr'>illo</span> <span class='ocrx_word' id='word_1_104' title='bbox 1042 1617 1430 1689; x_wconf 88' lang='lat' dir='ltr'>argumento,</span> <span class='ocrx_word' id='word_1_105' title='bbox 1468 1631 1551 1673; x_wconf 92' lang='lat' dir='ltr'>an</span> <span class='ocrx_word' id='word_1_106' title='bbox 1594 1613 1696 1674; x_wconf 89' lang='grc'>161</span> <span class='ocrx_word' id='word_1_107' title='bbox 1743 1613 1850 1674; x_wconf 89' lang='grc'><strong>1116</strong></span> 
     </span>
     <span class='ocr_line' id='line_1_15' title="bbox 291 1702 1845 1784; baseline 0.003 -23"><span class='ocrx_word' id='word_1_108' title='bbox 291 1707 526 1763; x_wconf 83' lang='lat' dir='ltr'>aeterna</span> <span class='ocrx_word' id='word_1_109' title='bbox 542 1703 623 1761; x_wconf 88' lang='lat' dir='ltr'>sit</span> <span class='ocrx_word' id='word_1_110' title='bbox 635 1702 839 1783; x_wconf 86' lang='lat' dir='ltr'>aliquo</span> <span class='ocrx_word' id='word_1_111' title='bbox 865 1703 1047 1764; x_wconf 89' lang='lat' dir='ltr'>modo</span> <span class='ocrx_word' id='word_1_112' title='bbox 1065 1710 1342 1784; x_wconf 88' lang='lat' dir='ltr'>respectu</span> <span class='ocrx_word' id='word_1_113' title='bbox 1369 1705 1688 1784; x_wconf 80' lang='lat' dir='ltr'>ipsiusmet</span> <span class='ocrx_word' id='word_1_114' title='bbox 1716 1706 1845 1780; x_wconf 91' lang='lat' dir='ltr'>Dei,</span> 
     </span>
     <span class='ocr_line' id='line_1_16' title="bbox 291 1793 1850 1876; baseline 0.005 -24"><span class='ocrx_word' id='word_1_115' title='bbox 291 1793 356 1853; x_wconf 91' lang='lat' dir='ltr'>id</span> <span class='ocrx_word' id='word_1_116' title='bbox 389 1800 511 1868; x_wconf 86' lang='lat' dir='ltr'>est,</span> <span class='ocrx_word' id='word_1_117' title='bbox 538 1813 618 1855; x_wconf 88' lang='lat' dir='ltr'>an</span> <span class='ocrx_word' id='word_1_118' title='bbox 662 1796 741 1855; x_wconf 89' lang='lat' dir='ltr'>sit</span> <span class='ocrx_word' id='word_1_119' title='bbox 768 1795 974 1874; x_wconf 90' lang='lat' dir='ltr'>aliquo</span> <span class='ocrx_word' id='word_1_120' title='bbox 1002 1797 1184 1857; x_wconf 92' lang='lat' dir='ltr'>modo</span> <span class='ocrx_word' id='word_1_121' title='bbox 1213 1816 1501 1858; x_wconf 91' lang='lat' dir='ltr'>mensura</span> <span class='ocrx_word' id='word_1_122' title='bbox 1541 1804 1605 1859; x_wconf 87' lang='lat' dir='ltr'>et</span> <span class='ocrx_word' id='word_1_123' title='bbox 1632 1799 1850 1876; x_wconf 87' lang='lat' dir='ltr'>regula</span> 
     </span>
     <span class='ocr_line' id='line_1_17' title="bbox 291 1887 1850 1969; baseline 0.004 -25"><span class='ocrx_word' id='word_1_124' title='bbox 291 1891 547 1946; x_wconf 84' lang='lat' dir='ltr'>actuum</span> <span class='ocrx_word' id='word_1_125' title='bbox 571 1887 906 1948; x_wconf 80' lang='lat' dir='ltr'>voluntatis</span> <span class='ocrx_word' id='word_1_126' title='bbox 937 1888 1187 1962; x_wconf 72' lang='lat' dir='ltr'>divinae,</span> <span class='ocrx_word' id='word_1_127' title='bbox 1219 1889 1295 1949; x_wconf 91' lang='lat' dir='ltr'>de</span> <span class='ocrx_word' id='word_1_128' title='bbox 1320 1908 1441 1969; x_wconf 86' lang='lat' dir='ltr'>quo</span> <span class='ocrx_word' id='word_1_129' title='bbox 1482 1891 1758 1951; x_wconf 87' lang='lat' dir='ltr'>dicemus</span> <span class='ocrx_word' id='word_1_130' title='bbox 1783 1892 1850 1950; x_wconf 91' lang='lat' dir='ltr'>in</span> 
     </span>
     <span class='ocr_line' id='line_1_18' title="bbox 288 1980 1852 2061; baseline 0.003 -23"><span class='ocrx_word' id='word_1_131' title='bbox 288 1980 490 2057; x_wconf 87' lang='lat' dir='ltr'>capite</span> <span class='ocrx_word' id='word_1_132' title='bbox 512 1981 813 2058; x_wconf 87' lang='lat' dir='ltr'>sequenti.</span> <span class='ocrx_word' id='word_1_133' title='bbox 844 1981 939 2041; x_wconf 87' lang='lat' dir='ltr'>Ad</span> <span class='ocrx_word' id='word_1_134' title='bbox 967 1982 1304 2042; x_wconf 90' lang='lat' dir='ltr'>secundum</span> <span class='ocrx_word' id='word_1_135' title='bbox 1330 1984 1732 2061; x_wconf 84' lang='lat' dir='ltr'>respondetur</span> <span class='ocrx_word' id='word_1_136' title='bbox 1753 2001 1852 2042; x_wconf 90' lang='lat' dir='ltr'>ac-</span> 
     </span>
     <span class='ocr_line' id='line_1_19' title="bbox 286 2071 1852 2151; baseline 0.003 -22"><span class='ocrx_word' id='word_1_137' title='bbox 286 2074 425 2130; x_wconf 90' lang='lat' dir='ltr'>tum</span> <span class='ocrx_word' id='word_1_138' title='bbox 480 2071 844 2132; x_wconf 87' lang='lat' dir='ltr'>dominandi</span> <span class='ocrx_word' id='word_1_139' title='bbox 898 2078 961 2133; x_wconf 88' lang='lat' dir='ltr'>et</span> <span class='ocrx_word' id='word_1_140' title='bbox 1012 2075 1404 2151; x_wconf 86' lang='lat' dir='ltr'>gubernandi</span> <span class='ocrx_word' id='word_1_141' title='bbox 1461 2093 1589 2136; x_wconf 89' lang='lat' dir='ltr'>esse</span> <span class='ocrx_word' id='word_1_142' title='bbox 1641 2079 1852 2135; x_wconf 85' lang='lat' dir='ltr'>actum</span> 
     </span>
     <span class='ocr_line' id='line_1_20' title="bbox 287 2166 1852 2243; baseline 0.004 -22"><span class='ocrx_word' id='word_1_143' title='bbox 287 2167 735 2237; x_wconf 84' lang='lat' dir='ltr'>transeuntem,</span> <span class='ocrx_word' id='word_1_144' title='bbox 783 2170 846 2224; x_wconf 89' lang='lat' dir='ltr'>et</span> <span class='ocrx_word' id='word_1_145' title='bbox 884 2166 1209 2243; x_wconf 90' lang='lat' dir='ltr'>proprium</span> <span class='ocrx_word' id='word_1_146' title='bbox 1251 2166 1599 2227; x_wconf 89' lang='lat' dir='ltr'>dominium</span> <span class='ocrx_word' id='word_1_147' title='bbox 1648 2166 1852 2227; x_wconf 88' lang='lat' dir='ltr'>dicere</span> 
     </span>
     <span class='ocr_line' id='line_1_21' title="bbox 288 2253 1851 2333; baseline 0.004 -20"><span class='ocrx_word' id='word_1_148' title='bbox 288 2253 651 2314; x_wconf 85' lang='lat' dir='ltr'>relationem</span> <span class='ocrx_word' id='word_1_149' title='bbox 696 2256 775 2315; x_wconf 88' lang='lat' dir='ltr'>ad</span> <span class='ocrx_word' id='word_1_150' title='bbox 818 2274 949 2316; x_wconf 90' lang='lat' dir='ltr'>rem</span> <span class='ocrx_word' id='word_1_151' title='bbox 1000 2263 1140 2317; x_wconf 89' lang='lat' dir='ltr'>actu</span> <span class='ocrx_word' id='word_1_152' title='bbox 1185 2259 1568 2333; x_wconf 83' lang='lat' dir='ltr'>existentem,</span> <span class='ocrx_word' id='word_1_153' title='bbox 1604 2264 1666 2320; x_wconf 86' lang='lat' dir='ltr'>et</span> <span class='ocrx_word' id='word_1_154' title='bbox 1713 2259 1851 2319; x_wconf 90' lang='lat' dir='ltr'>ideo</span> 
     </span>
     <span class='ocr_line' id='line_1_22' title="bbox 289 2337 1845 2427; baseline 0.004 -21"><span class='ocrx_word' id='word_1_155' title='bbox 289 2345 822 2409; x_wconf 82' lang='lat' dir='ltr'>denominationes</span> <span class='ocrx_word' id='word_1_156' title='bbox 852 2366 990 2427; x_wconf 83' lang='lat' dir='ltr'>quae</span> <span class='ocrx_word' id='word_1_157' title='bbox 1018 2348 1098 2408; x_wconf 91' lang='lat' dir='ltr'>ah</span> <span class='ocrx_word' id='word_1_158' title='bbox 1115 2349 1214 2409; x_wconf 88' lang='lat' dir='ltr'>his</span> <span class='ocrx_word' id='word_1_159' title='bbox 1237 2351 1471 2411; x_wconf 89' lang='lat' dir='ltr'>actibus</span> <span class='ocrx_word' id='word_1_160' title='bbox 1493 2337 1845 2425; x_wconf 81' lang='lat' dir='ltr'>sumuntur,</span> 
     </span>
     <span class='ocr_line' id='line_1_23' title="bbox 290 2440 1849 2519; baseline 0.003 -21"><span class='ocrx_word' id='word_1_161' title='bbox 290 2456 418 2499; x_wconf 88' lang='lat' dir='ltr'>esse</span> <span class='ocrx_word' id='word_1_162' title='bbox 463 2440 848 2518; x_wconf 63' lang='lat' dir='ltr'>temporales</span> <span class='ocrx_word' id='word_1_163' title='bbox 893 2441 974 2501; x_wconf 87' lang='lat' dir='ltr'>At</span> <span class='ocrx_word' id='word_1_164' title='bbox 1004 2459 1151 2501; x_wconf 86' lang='lat' dir='ltr'>vero</span> <span class='ocrx_word' id='word_1_165' title='bbox 1188 2441 1311 2516; x_wconf 97' lang='grc'><strong>161,</strong></span> <span class='ocrx_word' id='word_1_166' title='bbox 1343 2447 1414 2501; x_wconf 84' lang='lat' dir='ltr'>ut</span> <span class='ocrx_word' id='word_1_167' title='bbox 1440 2443 1549 2519; x_wconf 91' lang='lat' dir='ltr'>sic,</span> <span class='ocrx_word' id='word_1_168' title='bbox 1585 2461 1711 2502; x_wconf 91' lang='lat' dir='ltr'>non</span> <span class='ocrx_word' id='word_1_169' title='bbox 1741 2461 1849 2503; x_wconf 90' lang='lat' dir='ltr'>ne-</span> 
     </span>
     <span class='ocr_line' id='line_1_24' title="bbox 290 2532 1847 2612; baseline 0.002 -22"><span class='ocrx_word' id='word_1_170' title='bbox 290 2532 550 2592; x_wconf 88' lang='lat' dir='ltr'>cessario</span> <span class='ocrx_word' id='word_1_171' title='bbox 578 2532 727 2592; x_wconf 91' lang='lat' dir='ltr'>dicit</span> <span class='ocrx_word' id='word_1_172' title='bbox 765 2539 974 2594; x_wconf 88' lang='lat' dir='ltr'>actum</span> <span class='ocrx_word' id='word_1_173' title='bbox 1014 2539 1459 2610; x_wconf 78' lang='lat' dir='ltr'>transeuntem,</span> <span class='ocrx_word' id='word_1_174' title='bbox 1506 2535 1847 2612; x_wconf 84' lang='lat' dir='ltr'>praesertim</span> 
     </span>
     <span class='ocr_line' id='line_1_25' title="bbox 289 2623 1848 2705; baseline 0.001 -22"><span class='ocrx_word' id='word_1_175' title='bbox 289 2628 570 2701; x_wconf 87' lang='lat' dir='ltr'>respectu</span> <span class='ocrx_word' id='word_1_176' title='bbox 592 2623 723 2698; x_wconf 92' lang='lat' dir='ltr'>Dei,</span> <span class='ocrx_word' id='word_1_177' title='bbox 754 2626 900 2703; x_wconf 86' lang='lat' dir='ltr'>quia</span> <span class='ocrx_word' id='word_1_178' title='bbox 928 2626 994 2685; x_wconf 92' lang='lat' dir='ltr'>in</span> <span class='ocrx_word' id='word_1_179' title='bbox 1016 2625 1122 2685; x_wconf 91' lang='lat' dir='ltr'>illo</span> <span class='ocrx_word' id='word_1_180' title='bbox 1158 2627 1360 2705; x_wconf 92' lang='lat' dir='ltr'>primo</span> <span class='ocrx_word' id='word_1_181' title='bbox 1394 2631 1580 2700; x_wconf 89' lang='lat' dir='ltr'>statu,</span> <span class='ocrx_word' id='word_1_182' title='bbox 1611 2625 1718 2704; x_wconf 91' lang='lat' dir='ltr'>qui</span> <span class='ocrx_word' id='word_1_183' title='bbox 1755 2630 1848 2686; x_wconf 88' lang='lat' dir='ltr'>est</span> 
     </span>
     <span class='ocr_line' id='line_1_26' title="bbox 289 2714 1842 2794; baseline 0.003 -20"><span class='ocrx_word' id='word_1_184' title='bbox 289 2714 483 2775; x_wconf 86' lang='lat' dir='ltr'>veluti</span> <span class='ocrx_word' id='word_1_185' title='bbox 511 2717 947 2794; x_wconf 80' lang='lat' dir='ltr'>substantialis,</span> <span class='ocrx_word' id='word_1_186' title='bbox 968 2718 1343 2780; x_wconf 89' lang='lat' dir='ltr'>sufficienter</span> <span class='ocrx_word' id='word_1_187' title='bbox 1364 2718 1636 2779; x_wconf 90' lang='lat' dir='ltr'>salvatur</span> <span class='ocrx_word' id='word_1_188' title='bbox 1660 2718 1727 2779; x_wconf 90' lang='lat' dir='ltr'>in</span> <span class='ocrx_word' id='word_1_189' title='bbox 1746 2736 1842 2778; x_wconf 89' lang='lat' dir='ltr'>ac-</span> 
     </span>
     <span class='ocr_line' id='line_1_27' title="bbox 289 2811 1437 2888; baseline 0.003 -18"><span class='ocrx_word' id='word_1_190' title='bbox 289 2815 361 2870; x_wconf 83' lang='lat' dir='ltr'>tu</span> <span class='ocrx_word' id='word_1_191' title='bbox 388 2811 790 2888; x_wconf 90' lang='lat' dir='ltr'>immanente,</span> <span class='ocrx_word' id='word_1_192' title='bbox 822 2821 890 2874; x_wconf 88' lang='lat' dir='ltr'>ut</span> <span class='ocrx_word' id='word_1_193' title='bbox 921 2814 1298 2874; x_wconf 87' lang='lat' dir='ltr'>declaratum</span> <span class='ocrx_word' id='word_1_194' title='bbox 1328 2819 1437 2875; x_wconf 89' lang='lat' dir='ltr'>est.</span> 
     </span>
    </p>

    <p class='ocr_par' dir='ltr' id='par_1_4' title="bbox 284 2904 1853 5574">
     <span class='ocr_line' id='line_1_28' title="bbox 372 2904 1844 2987; baseline 0.003 -24"><span class='ocrx_word' id='word_1_195' title='bbox 372 2905 430 2964; x_wconf 87' lang='lat'>7.</span> <span class='ocrx_word' id='word_1_196' title='bbox 475 2904 581 2967; x_wconf 77' lang='lat' dir='ltr'>Ad</span> <span class='ocrx_word' id='word_1_197' title='bbox 603 2907 848 2967; x_wconf 79' lang='lat' dir='ltr'>tertium</span> <span class='ocrx_word' id='word_1_198' title='bbox 892 2915 1306 2984; x_wconf 75' lang='lat' dir='ltr'>arqummtum</span> <span class='ocrx_word' id='word_1_199' title='bbox 1331 2908 1670 2987; x_wconf 77' lang='lat' dir='ltr'>aliquorum</span> <span class='ocrx_word' id='word_1_200' title='bbox 1711 2923 1844 2968; x_wconf 76' lang='lat' dir='ltr'>res-</span> 
     </span>
     <span class='ocr_line' id='line_1_29' title="bbox 284 2997 1847 3077; baseline 0.002 -22"><span class='ocrx_word' id='word_1_201' title='bbox 284 2997 518 3073; x_wconf 77' lang='lat' dir='ltr'>ponsio.</span> <span class='ocrx_word' id='word_1_202' title='bbox 539 2998 1007 3061; x_wconf 72' lang='lat' dir='ltr'>-B&#39;oeoluditur</span> <span class='ocrx_word' id='word_1_203' title='bbox 1032 2999 1290 3060; x_wconf 75' lang='lat' dir='ltr'>istorum</span> <span class='ocrx_word' id='word_1_204' title='bbox 1312 2999 1686 3077; x_wconf 57' lang='grc' dir='ltr'><strong>011166ιὶ6-</strong></span> <span class='ocrx_word' id='word_1_205' title='bbox 1703 3001 1847 3059; x_wconf 89' lang='grc' dir='ltr'><strong>Τ61-</strong></span> 
     </span>
     <span class='ocr_line' id='line_1_30' title="bbox 291 3088 1850 3171; baseline 0.001 -21"><span class='ocrx_word' id='word_1_206' title='bbox 291 3088 452 3150; x_wconf 84' lang='grc'><strong>1111111</strong></span> <span class='ocrx_word' id='word_1_207' title='bbox 504 3097 943 3169; x_wconf 81' lang='lat' dir='ltr'>argumentum</span> <span class='ocrx_word' id='word_1_208' title='bbox 997 3090 1167 3153; x_wconf 85' lang='lat' dir='ltr'>varie</span> <span class='ocrx_word' id='word_1_209' title='bbox 1219 3090 1477 3153; x_wconf 82' lang='lat' dir='ltr'>solvitur</span> <span class='ocrx_word' id='word_1_210' title='bbox 1527 3112 1542 3151; x_wconf 73' lang='grc' dir='ltr'><strong>ε</strong></span> <span class='ocrx_word' id='word_1_211' title='bbox 1595 3090 1850 3171; x_wconf 86' lang='lat' dir='ltr'>quidam</span> 
     </span>
     <span class='ocr_line' id='line_1_31' title="bbox 290 3181 1851 3261; baseline 0 -18"><span class='ocrx_word' id='word_1_212' title='bbox 290 3181 508 3243; x_wconf 89' lang='lat' dir='ltr'>dicunt</span> <span class='ocrx_word' id='word_1_213' title='bbox 532 3182 733 3261; x_wconf 88' lang='lat' dir='ltr'>legem</span> <span class='ocrx_word' id='word_1_214' title='bbox 775 3183 950 3244; x_wconf 90' lang='lat' dir='ltr'>illam</span> <span class='ocrx_word' id='word_1_215' title='bbox 977 3189 1274 3245; x_wconf 83' lang='lat' dir='ltr'>aeternam</span> <span class='ocrx_word' id='word_1_216' title='bbox 1323 3201 1450 3244; x_wconf 90' lang='lat' dir='ltr'>non</span> <span class='ocrx_word' id='word_1_217' title='bbox 1489 3183 1608 3243; x_wconf 90' lang='grc'><strong>(1161</strong></span> <span class='ocrx_word' id='word_1_218' title='bbox 1646 3182 1851 3261; x_wconf 84' lang='lat' dir='ltr'>legem</span> 
     </span>
     <span class='ocr_line' id='line_1_32' title="bbox 291 3276 1850 3354; baseline 0.001 -19"><span class='ocrx_word' id='word_1_219' title='bbox 291 3290 569 3354; x_wconf 85' lang='lat' dir='ltr'>respectu</span> <span class='ocrx_word' id='word_1_220' title='bbox 595 3283 1017 3338; x_wconf 87' lang='lat' dir='ltr'>ereaturarum</span> <span class='ocrx_word' id='word_1_221' title='bbox 1052 3277 1150 3337; x_wconf 87' lang='lat' dir='ltr'>vel</span> <span class='ocrx_word' id='word_1_222' title='bbox 1172 3276 1517 3351; x_wconf 87' lang='lat' dir='ltr'>hominum,</span> <span class='ocrx_word' id='word_1_223' title='bbox 1548 3276 1697 3354; x_wconf 90' lang='lat' dir='ltr'>quia</span> <span class='ocrx_word' id='word_1_224' title='bbox 1721 3293 1850 3336; x_wconf 91' lang='lat' dir='ltr'>non</span> 
     </span>
     <span class='ocr_line' id='line_1_33' title="bbox 294 3369 1851 3448; baseline -0.001 -20"><span class='ocrx_word' id='word_1_225' title='bbox 294 3374 384 3428; x_wconf 87' lang='lat' dir='ltr'>est</span> <span class='ocrx_word' id='word_1_226' title='bbox 406 3369 739 3448; x_wconf 88' lang='lat' dir='ltr'>imperium</span> <span class='ocrx_word' id='word_1_227' title='bbox 761 3370 881 3431; x_wconf 87' lang='lat' dir='ltr'>illis</span> <span class='ocrx_word' id='word_1_228' title='bbox 903 3370 1285 3448; x_wconf 88' lang='lat' dir='ltr'>impositum,</span> <span class='ocrx_word' id='word_1_229' title='bbox 1302 3369 1408 3429; x_wconf 89' lang='lat' dir='ltr'>sed</span> <span class='ocrx_word' id='word_1_230' title='bbox 1427 3386 1556 3430; x_wconf 87' lang='lat' dir='ltr'>esse</span> <span class='ocrx_word' id='word_1_231' title='bbox 1574 3375 1851 3447; x_wconf 90' lang='lat' dir='ltr'>respectu</span> 
     </span>
     <span class='ocr_line' id='line_1_34' title="bbox 293 3460 1853 3541; baseline -0.001 -21"><span class='ocrx_word' id='word_1_232' title='bbox 293 3467 542 3521; x_wconf 90' lang='lat' dir='ltr'>actuum</span> <span class='ocrx_word' id='word_1_233' title='bbox 570 3462 675 3522; x_wconf 90' lang='lat' dir='ltr'>Dei</span> <span class='ocrx_word' id='word_1_234' title='bbox 704 3462 783 3522; x_wconf 87' lang='lat' dir='ltr'>ad</span> <span class='ocrx_word' id='word_1_235' title='bbox 821 3469 1017 3538; x_wconf 86' lang='lat' dir='ltr'>extra,</span> <span class='ocrx_word' id='word_1_236' title='bbox 1053 3462 1201 3541; x_wconf 88' lang='lat' dir='ltr'>quia</span> <span class='ocrx_word' id='word_1_237' title='bbox 1222 3466 1315 3521; x_wconf 90' lang='lat' dir='ltr'>est</span> <span class='ocrx_word' id='word_1_238' title='bbox 1340 3460 1555 3538; x_wconf 87' lang='lat' dir='ltr'>regula</span> <span class='ocrx_word' id='word_1_239' title='bbox 1587 3468 1648 3521; x_wconf 90' lang='lat' dir='ltr'>et</span> <span class='ocrx_word' id='word_1_240' title='bbox 1679 3478 1853 3521; x_wconf 91' lang='lat' dir='ltr'>men-</span> 
     </span>
     <span class='ocr_line' id='line_1_35' title="bbox 293 3551 1850 3632; baseline 0.001 -19"><span class='ocrx_word' id='word_1_241' title='bbox 293 3571 435 3613; x_wconf 88' lang='lat' dir='ltr'>sura</span> <span class='ocrx_word' id='word_1_242' title='bbox 480 3554 762 3614; x_wconf 86' lang='lat' dir='ltr'>omnium</span> <span class='ocrx_word' id='word_1_243' title='bbox 795 3572 933 3632; x_wconf 82' lang='lat' dir='ltr'>quae</span> <span class='ocrx_word' id='word_1_244' title='bbox 978 3572 1017 3613; x_wconf 92' lang='lat' dir='ltr'>a</span> <span class='ocrx_word' id='word_1_245' title='bbox 1066 3554 1190 3613; x_wconf 91' lang='lat' dir='ltr'>Deo</span> <span class='ocrx_word' id='word_1_246' title='bbox 1217 3551 1398 3612; x_wconf 87' lang='lat' dir='ltr'>fiunt.</span> <span class='ocrx_word' id='word_1_247' title='bbox 1441 3553 1626 3613; x_wconf 82' lang='lat' dir='ltr'>Juxta</span> <span class='ocrx_word' id='word_1_248' title='bbox 1661 3571 1850 3632; x_wconf 86' lang='lat' dir='ltr'>quam</span> 
     </span>
     <span class='ocr_line' id='line_1_36' title="bbox 292 3644 1852 3723; baseline 0 -17"><span class='ocrx_word' id='word_1_249' title='bbox 292 3645 737 3723; x_wconf 78' lang='lat' dir='ltr'>expositionem</span> <span class='ocrx_word' id='word_1_250' title='bbox 773 3645 874 3706; x_wconf 83' lang='lat' dir='ltr'>lex</span> <span class='ocrx_word' id='word_1_251' title='bbox 905 3645 1014 3705; x_wconf 89' lang='lat' dir='ltr'>illa</span> <span class='ocrx_word' id='word_1_252' title='bbox 1039 3663 1166 3705; x_wconf 92' lang='lat' dir='ltr'>non</span> <span class='ocrx_word' id='word_1_253' title='bbox 1202 3650 1295 3705; x_wconf 89' lang='lat' dir='ltr'>est</span> <span class='ocrx_word' id='word_1_254' title='bbox 1324 3644 1426 3704; x_wconf 86' lang='lat' dir='ltr'>lex</span> <span class='ocrx_word' id='word_1_255' title='bbox 1468 3661 1708 3705; x_wconf 90' lang='lat' dir='ltr'>morum</span> <span class='ocrx_word' id='word_1_256' title='bbox 1756 3648 1852 3723; x_wconf 91' lang='lat' dir='ltr'>(ut</span> 
     </span>
     <span class='ocr_line' id='line_1_37' title="bbox 293 3736 1851 3817; baseline 0.001 -21"><span class='ocrx_word' id='word_1_257' title='bbox 293 3737 380 3797; x_wconf 91' lang='lat' dir='ltr'>sic</span> <span class='ocrx_word' id='word_1_258' title='bbox 414 3736 661 3816; x_wconf 83' lang='lat' dir='ltr'>dicam),</span> <span class='ocrx_word' id='word_1_259' title='bbox 687 3738 794 3798; x_wconf 89' lang='lat' dir='ltr'>sed</span> <span class='ocrx_word' id='word_1_260' title='bbox 822 3737 1263 3798; x_wconf 83' lang='lat' dir='ltr'>artificiorum:</span> <span class='ocrx_word' id='word_1_261' title='bbox 1297 3753 1445 3797; x_wconf 87' lang='lat' dir='ltr'>nam</span> <span class='ocrx_word' id='word_1_262' title='bbox 1477 3737 1687 3797; x_wconf 81' lang='lat' dir='ltr'>omnia</span> <span class='ocrx_word' id='word_1_263' title='bbox 1712 3756 1851 3817; x_wconf 81' lang='lat' dir='ltr'>quae</span> 
     </span>
     <span class='ocr_line' id='line_1_38' title="bbox 292 3827 1850 3909; baseline -0.001 -18"><span class='ocrx_word' id='word_1_264' title='bbox 292 3848 331 3891; x_wconf 88' lang='lat' dir='ltr'>a</span> <span class='ocrx_word' id='word_1_265' title='bbox 369 3831 493 3892; x_wconf 91' lang='lat' dir='ltr'>Deo</span> <span class='ocrx_word' id='word_1_266' title='bbox 526 3830 685 3890; x_wconf 88' lang='lat' dir='ltr'>fiunt</span> <span class='ocrx_word' id='word_1_267' title='bbox 713 3835 1145 3909; x_wconf 87' lang='lat' dir='ltr'>comparantur</span> <span class='ocrx_word' id='word_1_268' title='bbox 1184 3828 1264 3888; x_wconf 90' lang='lat' dir='ltr'>ad</span> <span class='ocrx_word' id='word_1_269' title='bbox 1308 3827 1508 3903; x_wconf 91' lang='lat' dir='ltr'>illum,</span> <span class='ocrx_word' id='word_1_270' title='bbox 1550 3834 1850 3908; x_wconf 86' lang='lat' dir='ltr'>tanquam</span> 
     </span>
     <span class='ocr_line' id='line_1_39' title="bbox 291 3920 1849 3984; baseline -0.001 0"><span class='ocrx_word' id='word_1_271' title='bbox 291 3923 582 3984; x_wconf 81' lang='lat' dir='ltr'>artefacta</span> <span class='ocrx_word' id='word_1_272' title='bbox 604 3922 683 3984; x_wconf 90' lang='lat' dir='ltr'>ad</span> <span class='ocrx_word' id='word_1_273' title='bbox 704 3921 1003 3982; x_wconf 86' lang='lat' dir='ltr'>artificem</span> <span class='ocrx_word' id='word_1_274' title='bbox 1028 3937 1043 3981; x_wconf 76' lang='lat' dir='ltr'><strong><em>z</em></strong></span> <span class='ocrx_word' id='word_1_275' title='bbox 1070 3921 1236 3982; x_wconf 91' lang='lat' dir='ltr'>unde</span> <span class='ocrx_word' id='word_1_276' title='bbox 1259 3920 1416 3981; x_wconf 87' lang='lat' dir='ltr'>sieut</span> <span class='ocrx_word' id='word_1_277' title='bbox 1435 3920 1571 3981; x_wconf 90' lang='lat' dir='ltr'>idea</span> <span class='ocrx_word' id='word_1_278' title='bbox 1596 3921 1849 3983; x_wconf 84' lang='lat' dir='ltr'>artificis</span> 
     </span>
     <span class='ocr_line' id='line_1_40' title="bbox 290 4012 1850 4094; baseline -0.002 -19"><span class='ocrx_word' id='word_1_279' title='bbox 290 4014 414 4075; x_wconf 85' lang='lat' dir='ltr'>dici</span> <span class='ocrx_word' id='word_1_280' title='bbox 454 4020 654 4094; x_wconf 88' lang='lat' dir='ltr'>potest</span> <span class='ocrx_word' id='word_1_281' title='bbox 681 4014 806 4090; x_wconf 92' lang='grc'><strong>161,</strong></span> <span class='ocrx_word' id='word_1_282' title='bbox 836 4031 1026 4094; x_wconf 84' lang='lat' dir='ltr'>quam</span> <span class='ocrx_word' id='word_1_283' title='bbox 1057 4014 1190 4093; x_wconf 87' lang='lat' dir='ltr'>ipse</span> <span class='ocrx_word' id='word_1_284' title='bbox 1235 4012 1354 4072; x_wconf 90' lang='grc'><strong>31111</strong></span> <span class='ocrx_word' id='word_1_285' title='bbox 1390 4012 1748 4091; x_wconf 71' lang='lat' dir='ltr'>praescribit,</span> <span class='ocrx_word' id='word_1_286' title='bbox 1778 4017 1850 4073; x_wconf 85' lang='lat' dir='ltr'>ut</span> 
     </span>
     <span class='ocr_line' id='line_1_41' title="bbox 285 4102 1851 4187; baseline -0.004 -18"><span class='ocrx_word' id='word_1_287' title='bbox 285 4109 467 4187; x_wconf 82' lang='lat' dir='ltr'>juxta</span> <span class='ocrx_word' id='word_1_288' title='bbox 505 4107 679 4168; x_wconf 88' lang='lat' dir='ltr'>illam</span> <span class='ocrx_word' id='word_1_289' title='bbox 719 4107 1016 4169; x_wconf 86' lang='lat' dir='ltr'>artefacta</span> <span class='ocrx_word' id='word_1_290' title='bbox 1058 4104 1379 4185; x_wconf 86' lang='lat' dir='ltr'>producat,</span> <span class='ocrx_word' id='word_1_291' title='bbox 1427 4104 1517 4163; x_wconf 90' lang='lat' dir='ltr'>ita</span> <span class='ocrx_word' id='word_1_292' title='bbox 1564 4102 1697 4163; x_wconf 77' lang='lat' dir='ltr'>hoec</span> <span class='ocrx_word' id='word_1_293' title='bbox 1748 4102 1851 4163; x_wconf 84' lang='lat' dir='ltr'>lex</span> 
     </span>
     <span class='ocr_line' id='line_1_42' title="bbox 290 4194 1851 4280; baseline -0.006 -18"><span class='ocrx_word' id='word_1_294' title='bbox 290 4207 523 4263; x_wconf 82' lang='lat' dir='ltr'>aeterna</span> <span class='ocrx_word' id='word_1_295' title='bbox 549 4206 661 4276; x_wconf 89' lang='lat' dir='ltr'>est,</span> <span class='ocrx_word' id='word_1_296' title='bbox 688 4219 812 4280; x_wconf 88' lang='lat' dir='ltr'>qua</span> <span class='ocrx_word' id='word_1_297' title='bbox 833 4202 992 4261; x_wconf 89' lang='lat' dir='ltr'>Deus</span> <span class='ocrx_word' id='word_1_298' title='bbox 1019 4204 1091 4258; x_wconf 88' lang='lat' dir='ltr'>ut</span> <span class='ocrx_word' id='word_1_299' title='bbox 1116 4213 1438 4275; x_wconf 87' lang='lat' dir='ltr'>supremus</span> <span class='ocrx_word' id='word_1_300' title='bbox 1460 4194 1683 4255; x_wconf 83' lang='lat' dir='ltr'>artifex</span> <span class='ocrx_word' id='word_1_301' title='bbox 1720 4211 1851 4254; x_wconf 91' lang='lat' dir='ltr'>om-</span> 
     </span>
     <span class='ocr_line' id='line_1_43' title="bbox 290 4287 1852 4366; baseline -0.005 -12"><span class='ocrx_word' id='word_1_302' title='bbox 290 4294 399 4354; x_wconf 90' lang='lat' dir='ltr'>nia</span> <span class='ocrx_word' id='word_1_303' title='bbox 424 4293 688 4355; x_wconf 89' lang='lat' dir='ltr'>condere</span> <span class='ocrx_word' id='word_1_304' title='bbox 719 4292 933 4354; x_wconf 88' lang='lat' dir='ltr'>statuit</span> <span class='ocrx_word' id='word_1_305' title='bbox 972 4309 1049 4351; x_wconf 83' lang='lat' dir='ltr'>ex</span> <span class='ocrx_word' id='word_1_306' title='bbox 1074 4287 1439 4352; x_wconf 76' lang='lat' dir='ltr'>aeternitate.</span> <span class='ocrx_word' id='word_1_307' title='bbox 1471 4287 1852 4366; x_wconf 86' lang='lat' dir='ltr'>Quapropter</span> 
     </span>
     <span class='ocr_line' id='line_1_44' title="bbox 290 4379 1853 4465; baseline -0.005 -17"><span class='ocrx_word' id='word_1_308' title='bbox 290 4392 486 4448; x_wconf 88' lang='lat' dir='ltr'>cessat</span> <span class='ocrx_word' id='word_1_309' title='bbox 526 4387 683 4448; x_wconf 89' lang='lat' dir='ltr'>ratio</span> <span class='ocrx_word' id='word_1_310' title='bbox 713 4386 790 4448; x_wconf 90' lang='lat' dir='ltr'>de</span> <span class='ocrx_word' id='word_1_311' title='bbox 831 4383 1329 4465; x_wconf 79' lang='lat' dir='ltr'>promulgatione</span> <span class='ocrx_word' id='word_1_312' title='bbox 1363 4398 1380 4443; x_wconf 90' lang='lat'>:</span> <span class='ocrx_word' id='word_1_313' title='bbox 1426 4398 1575 4442; x_wconf 90' lang='lat' dir='ltr'>nam</span> <span class='ocrx_word' id='word_1_314' title='bbox 1601 4379 1732 4441; x_wconf 80' lang='lat' dir='ltr'>haec</span> <span class='ocrx_word' id='word_1_315' title='bbox 1759 4384 1853 4441; x_wconf 89' lang='lat' dir='ltr'>est</span> 
     </span>
     <span class='ocr_line' id='line_1_45' title="bbox 289 4472 1850 4557; baseline -0.004 -18"><span class='ocrx_word' id='word_1_316' title='bbox 289 4479 631 4539; x_wconf 86' lang='lat' dir='ltr'>necessaria</span> <span class='ocrx_word' id='word_1_317' title='bbox 655 4479 723 4539; x_wconf 89' lang='lat' dir='ltr'>in</span> <span class='ocrx_word' id='word_1_318' title='bbox 762 4478 898 4557; x_wconf 91' lang='lat' dir='ltr'>lege</span> <span class='ocrx_word' id='word_1_319' title='bbox 927 4493 1194 4550; x_wconf 89' lang='lat' dir='ltr'>morum,</span> <span class='ocrx_word' id='word_1_320' title='bbox 1224 4493 1352 4536; x_wconf 93' lang='lat' dir='ltr'>non</span> <span class='ocrx_word' id='word_1_321' title='bbox 1390 4475 1459 4534; x_wconf 92' lang='lat' dir='ltr'>in</span> <span class='ocrx_word' id='word_1_322' title='bbox 1498 4474 1632 4553; x_wconf 87' lang='lat' dir='ltr'>lege</span> <span class='ocrx_word' id='word_1_323' title='bbox 1659 4472 1850 4534; x_wconf 84' lang='lat' dir='ltr'>artifi-</span> 
     </span>
     <span class='ocr_line' id='line_1_46' title="bbox 291 4567 1850 4631; baseline -0.003 -1"><span class='ocrx_word' id='word_1_324' title='bbox 291 4571 530 4631; x_wconf 89' lang='lat' dir='ltr'>ciorum</span> <span class='ocrx_word' id='word_1_325' title='bbox 553 4590 568 4628; x_wconf 89' lang='lat'>:</span> <span class='ocrx_word' id='word_1_326' title='bbox 595 4570 721 4630; x_wconf 92' lang='lat' dir='ltr'>imo</span> <span class='ocrx_word' id='word_1_327' title='bbox 742 4570 932 4631; x_wconf 89' lang='lat' dir='ltr'>etiam</span> <span class='ocrx_word' id='word_1_328' title='bbox 954 4573 1192 4629; x_wconf 87' lang='lat' dir='ltr'>cessant</span> <span class='ocrx_word' id='word_1_329' title='bbox 1211 4567 1347 4627; x_wconf 82' lang='lat' dir='ltr'>aliae</span> <span class='ocrx_word' id='word_1_330' title='bbox 1369 4567 1676 4627; x_wconf 87' lang='lat' dir='ltr'>rationes:</span> <span class='ocrx_word' id='word_1_331' title='bbox 1699 4583 1850 4626; x_wconf 87' lang='grc'><strong>116111</strong></span> 
     </span>
     <span class='ocr_line' id='line_1_47' title="bbox 288 4658 1851 4740; baseline -0.001 -19"><span class='ocrx_word' id='word_1_332' title='bbox 288 4660 424 4721; x_wconf 83' lang='lat' dir='ltr'>haee</span> <span class='ocrx_word' id='word_1_333' title='bbox 459 4679 586 4720; x_wconf 91' lang='lat' dir='ltr'>non</span> <span class='ocrx_word' id='word_1_334' title='bbox 615 4666 707 4722; x_wconf 91' lang='lat' dir='ltr'>est</span> <span class='ocrx_word' id='word_1_335' title='bbox 734 4661 835 4722; x_wconf 86' lang='lat' dir='ltr'>lex</span> <span class='ocrx_word' id='word_1_336' title='bbox 861 4679 999 4740; x_wconf 83' lang='lat' dir='ltr'>quae</span> <span class='ocrx_word' id='word_1_337' title='bbox 1039 4659 1378 4738; x_wconf 88' lang='lat' dir='ltr'>imponitur</span> <span class='ocrx_word' id='word_1_338' title='bbox 1408 4658 1688 4733; x_wconf 87' lang='lat' dir='ltr'>subditis,</span> <span class='ocrx_word' id='word_1_339' title='bbox 1736 4676 1851 4719; x_wconf 91' lang='lat' dir='ltr'>nec</span> 
     </span>
     <span class='ocr_line' id='line_1_48' title="bbox 292 4751 1851 4834; baseline -0.003 -19"><span class='ocrx_word' id='word_1_340' title='bbox 292 4754 563 4834; x_wconf 86' lang='lat' dir='ltr'>pertinet</span> <span class='ocrx_word' id='word_1_341' title='bbox 602 4754 680 4814; x_wconf 91' lang='lat' dir='ltr'>ad</span> <span class='ocrx_word' id='word_1_342' title='bbox 704 4754 1237 4832; x_wconf 79' lang='lat' dir='ltr'>gubernationem.</span> <span class='ocrx_word' id='word_1_343' title='bbox 1267 4753 1409 4813; x_wconf 81' lang='lat' dir='ltr'>Haec</span> <span class='ocrx_word' id='word_1_344' title='bbox 1433 4769 1580 4812; x_wconf 86' lang='lat' dir='ltr'>vero</span> <span class='ocrx_word' id='word_1_345' title='bbox 1611 4751 1851 4830; x_wconf 86' lang='lat' dir='ltr'>exposi-</span> 
     </span>
     <span class='ocr_line' id='line_1_49' title="bbox 292 4845 1851 4925; baseline -0.002 -18"><span class='ocrx_word' id='word_1_346' title='bbox 292 4847 385 4908; x_wconf 81' lang='lat' dir='ltr'>tio</span> <span class='ocrx_word' id='word_1_347' title='bbox 423 4865 549 4907; x_wconf 89' lang='lat' dir='ltr'>non</span> <span class='ocrx_word' id='word_1_348' title='bbox 591 4845 812 4925; x_wconf 85' lang='lat' dir='ltr'>placet,</span> <span class='ocrx_word' id='word_1_349' title='bbox 842 4852 979 4906; x_wconf 86' lang='lat' dir='ltr'>tum</span> <span class='ocrx_word' id='word_1_350' title='bbox 1011 4847 1157 4924; x_wconf 89' lang='lat' dir='ltr'>quia</span> <span class='ocrx_word' id='word_1_351' title='bbox 1198 4850 1291 4906; x_wconf 88' lang='lat' dir='ltr'>est</span> <span class='ocrx_word' id='word_1_352' title='bbox 1334 4849 1549 4904; x_wconf 89' lang='lat' dir='ltr'>contra</span> <span class='ocrx_word' id='word_1_353' title='bbox 1579 4848 1851 4904; x_wconf 90' lang='lat' dir='ltr'>mentem</span> 
     </span>
     <span class='ocr_line' id='line_1_50' title="bbox 290 4936 1851 5017; baseline -0.002 -18"><span class='ocrx_word' id='word_1_354' title='bbox 290 4938 624 5017; x_wconf 86' lang='lat' dir='ltr'>Augustini</span> <span class='ocrx_word' id='word_1_355' title='bbox 648 4944 710 4999; x_wconf 88' lang='lat' dir='ltr'>et</span> <span class='ocrx_word' id='word_1_356' title='bbox 735 4938 1190 5017; x_wconf 85' lang='lat' dir='ltr'>theologorum,</span> <span class='ocrx_word' id='word_1_357' title='bbox 1212 4938 1339 4998; x_wconf 91' lang='lat' dir='ltr'>imo</span> <span class='ocrx_word' id='word_1_358' title='bbox 1366 4942 1428 4998; x_wconf 92' lang='lat' dir='ltr'>et</span> <span class='ocrx_word' id='word_1_359' title='bbox 1452 4936 1756 4997; x_wconf 86' lang='lat' dir='ltr'>Ciceronis</span> <span class='ocrx_word' id='word_1_360' title='bbox 1788 4941 1851 4996; x_wconf 90' lang='grc'>61</span> 
     </span>
     <span class='ocr_line' id='line_1_51' title="bbox 289 5027 1852 5111; baseline -0.002 -21"><span class='ocrx_word' id='word_1_361' title='bbox 289 5031 802 5111; x_wconf 87' lang='lat' dir='ltr'>philosophorum</span> <span class='ocrx_word' id='word_1_362' title='bbox 824 5047 841 5091; x_wconf 89' lang='lat'>:</span> <span class='ocrx_word' id='word_1_363' title='bbox 864 5049 1076 5092; x_wconf 88' lang='lat' dir='ltr'>omnes</span> <span class='ocrx_word' id='word_1_364' title='bbox 1094 5031 1262 5092; x_wconf 87' lang='lat' dir='ltr'>enim</span> <span class='ocrx_word' id='word_1_365' title='bbox 1284 5035 1493 5108; x_wconf 87' lang='lat' dir='ltr'>aperte</span> <span class='ocrx_word' id='word_1_366' title='bbox 1512 5027 1852 5106; x_wconf 90' lang='lat' dir='ltr'>loquuntur</span> 
     </span>
     <span class='ocr_line' id='line_1_52' title="bbox 289 5120 1852 5203; baseline -0.002 -20"><span class='ocrx_word' id='word_1_367' title='bbox 289 5123 371 5183; x_wconf 89' lang='lat' dir='ltr'>de</span> <span class='ocrx_word' id='word_1_368' title='bbox 416 5123 577 5202; x_wconf 86' lang='lat' dir='ltr'>lege,</span> <span class='ocrx_word' id='word_1_369' title='bbox 606 5142 744 5203; x_wconf 78' lang='lat' dir='ltr'>quae</span> <span class='ocrx_word' id='word_1_370' title='bbox 770 5130 863 5186; x_wconf 87' lang='lat' dir='ltr'>est</span> <span class='ocrx_word' id='word_1_371' title='bbox 889 5142 1177 5185; x_wconf 88' lang='lat' dir='ltr'>mensura</span> <span class='ocrx_word' id='word_1_372' title='bbox 1205 5121 1519 5183; x_wconf 88' lang='lat' dir='ltr'>actionum</span> <span class='ocrx_word' id='word_1_373' title='bbox 1548 5120 1852 5181; x_wconf 88' lang='lat' dir='ltr'>humana-</span> 
     </span>
     <span class='ocr_line' id='line_1_53' title="bbox 289 5214 1853 5296; baseline -0.002 -20"><span class='ocrx_word' id='word_1_374' title='bbox 289 5233 461 5291; x_wconf 89' lang='lat' dir='ltr'>rum,</span> <span class='ocrx_word' id='word_1_375' title='bbox 491 5222 556 5277; x_wconf 89' lang='lat' dir='ltr'>et</span> <span class='ocrx_word' id='word_1_376' title='bbox 592 5218 907 5296; x_wconf 86' lang='lat' dir='ltr'>exemplar</span> <span class='ocrx_word' id='word_1_377' title='bbox 947 5216 1229 5276; x_wconf 90' lang='lat' dir='ltr'>omnium</span> <span class='ocrx_word' id='word_1_378' title='bbox 1277 5214 1488 5293; x_wconf 91' lang='lat' dir='ltr'>legum</span> <span class='ocrx_word' id='word_1_379' title='bbox 1528 5231 1665 5292; x_wconf 83' lang='lat' dir='ltr'>quae</span> <span class='ocrx_word' id='word_1_380' title='bbox 1706 5217 1853 5273; x_wconf 88' lang='lat' dir='ltr'>sunt</span> 
     </span>
     <span class='ocr_line' id='line_1_54' title="bbox 294 5306 1852 5383; baseline -0.001 -14"><span class='ocrx_word' id='word_1_381' title='bbox 294 5310 367 5370; x_wconf 90' lang='lat' dir='ltr'>in</span> <span class='ocrx_word' id='word_1_382' title='bbox 400 5309 712 5370; x_wconf 89' lang='lat' dir='ltr'>mentibus</span> <span class='ocrx_word' id='word_1_383' title='bbox 760 5310 1112 5383; x_wconf 91' lang='lat' dir='ltr'>hominum,</span> <span class='ocrx_word' id='word_1_384' title='bbox 1137 5308 1236 5369; x_wconf 87' lang='lat' dir='ltr'>vel</span> <span class='ocrx_word' id='word_1_385' title='bbox 1262 5308 1341 5368; x_wconf 90' lang='lat' dir='ltr'>ab</span> <span class='ocrx_word' id='word_1_386' title='bbox 1384 5306 1508 5367; x_wconf 89' lang='lat' dir='ltr'>illis</span> <span class='ocrx_word' id='word_1_387' title='bbox 1561 5323 1852 5367; x_wconf 85' lang='lat' dir='ltr'>emanare</span> 
     </span>
     <span class='ocr_line' id='line_1_55' title="bbox 292 5399 1848 5483; baseline -0.003 -20"><span class='ocrx_word' id='word_1_388' title='bbox 292 5408 577 5483; x_wconf 85' lang='lat' dir='ltr'>possunt,</span> <span class='ocrx_word' id='word_1_389' title='bbox 607 5403 733 5463; x_wconf 80' lang='lat' dir='ltr'>sive</span> <span class='ocrx_word' id='word_1_390' title='bbox 773 5403 954 5483; x_wconf 86' lang='lat' dir='ltr'>plura</span> <span class='ocrx_word' id='word_1_391' title='bbox 1003 5401 1277 5462; x_wconf 89' lang='lat' dir='ltr'>includat</span> <span class='ocrx_word' id='word_1_392' title='bbox 1316 5400 1423 5460; x_wconf 90' lang='lat' dir='ltr'>illa</span> <span class='ocrx_word' id='word_1_393' title='bbox 1462 5399 1565 5459; x_wconf 84' lang='lat' dir='ltr'>lex</span> <span class='ocrx_word' id='word_1_394' title='bbox 1596 5405 1848 5474; x_wconf 81' lang='lat' dir='ltr'>aeterna,</span> 
     </span>
     <span class='ocr_line' id='line_1_56' title="bbox 294 5493 1852 5574; baseline -0.004 -17"><span class='ocrx_word' id='word_1_395' title='bbox 294 5496 429 5557; x_wconf 77' lang='lat' dir='ltr'>sive</span> <span class='ocrx_word' id='word_1_396' title='bbox 459 5514 610 5571; x_wconf 92' lang='lat' dir='ltr'>non,</span> <span class='ocrx_word' id='word_1_397' title='bbox 641 5494 805 5574; x_wconf 87' lang='lat' dir='ltr'>quod</span> <span class='ocrx_word' id='word_1_398' title='bbox 837 5494 1004 5555; x_wconf 72' lang='lat' dir='ltr'>infra</span> <span class='ocrx_word' id='word_1_399' title='bbox 1052 5494 1401 5557; x_wconf 83' lang='lat' dir='ltr'>videbimus</span> <span class='ocrx_word' id='word_1_400' title='bbox 1445 5508 1461 5553; x_wconf 71' lang='grc' dir='ltr'>ε</span> <span class='ocrx_word' id='word_1_401' title='bbox 1495 5497 1633 5553; x_wconf 85' lang='grc'><strong>111111</strong></span> <span class='ocrx_word' id='word_1_402' title='bbox 1663 5493 1852 5553; x_wconf 86' lang='lat' dir='ltr'>etiam</span> 
     </span>
    </p>
   </div>
   <div class='ocr_carea' id='block_1_3' title="bbox 3421 398 3500 459">
    <p class='ocr_par' dir='ltr' id='par_1_5' title="bbox 3421 398 3500 459">
     <span class='ocr_line' id='line_1_57' title="bbox 3421 398 3500 459; baseline 0 0"><span class='ocrx_word' id='word_1_403' title='bbox 3421 398 3500 459; x_wconf 83' lang='lat'>87</span> 
     </span>
    </p>
   </div>
   <div class='ocr_carea' id='block_1_4' title="bbox 1916 505 3496 5572">
    <p class='ocr_par' dir='ltr' id='par_1_6' title="bbox 1929 505 3496 1491">
     <span class='ocr_line' id='line_1_58' title="bbox 1933 505 3496 586; baseline -0.001 -20"><span class='ocrx_word' id='word_1_404' title='bbox 1933 505 2077 584; x_wconf 88' lang='lat' dir='ltr'>quia</span> <span class='ocrx_word' id='word_1_405' title='bbox 2104 506 2212 566; x_wconf 87' lang='lat' dir='ltr'>illa</span> <span class='ocrx_word' id='word_1_406' title='bbox 2256 506 2587 585; x_wconf 86' lang='lat' dir='ltr'>appellatio</span> <span class='ocrx_word' id='word_1_407' title='bbox 2615 507 2793 568; x_wconf 81' lang='lat' dir='ltr'>valde</span> <span class='ocrx_word' id='word_1_408' title='bbox 2838 505 3256 586; x_wconf 87' lang='lat' dir='ltr'>metaphorica</span> <span class='ocrx_word' id='word_1_409' title='bbox 3290 509 3404 581; x_wconf 89' lang='lat' dir='ltr'>est,</span> <span class='ocrx_word' id='word_1_410' title='bbox 3434 511 3496 565; x_wconf 91' lang='lat' dir='ltr'>et</span> 
     </span>
     <span class='ocr_line' id='line_1_59' title="bbox 1931 597 3494 678; baseline 0 -20"><span class='ocrx_word' id='word_1_411' title='bbox 1931 597 2335 678; x_wconf 86' lang='lat' dir='ltr'>impertinens</span> <span class='ocrx_word' id='word_1_412' title='bbox 2379 605 2533 660; x_wconf 87' lang='lat' dir='ltr'>esset</span> <span class='ocrx_word' id='word_1_413' title='bbox 2560 618 2672 678; x_wconf 93' lang='lat' dir='ltr'>pro</span> <span class='ocrx_word' id='word_1_414' title='bbox 2704 601 2961 661; x_wconf 87' lang='lat' dir='ltr'>materia</span> <span class='ocrx_word' id='word_1_415' title='bbox 3000 600 3076 660; x_wconf 91' lang='grc'>(16</span> <span class='ocrx_word' id='word_1_416' title='bbox 3102 598 3366 675; x_wconf 89' lang='lat' dir='ltr'>legibus,</span> <span class='ocrx_word' id='word_1_417' title='bbox 3397 616 3494 658; x_wconf 88' lang='lat' dir='ltr'>ra-</span> 
     </span>
     <span class='ocr_line' id='line_1_60' title="bbox 1931 690 3490 770; baseline -0.001 -20"><span class='ocrx_word' id='word_1_418' title='bbox 1931 691 2101 751; x_wconf 88' lang='lat' dir='ltr'>tione</span> <span class='ocrx_word' id='word_1_419' title='bbox 2133 690 2322 750; x_wconf 87' lang='lat' dir='ltr'>solius</span> <span class='ocrx_word' id='word_1_420' title='bbox 2352 691 2785 770; x_wconf 60' lang='lat' dir='ltr'>metaphoricae</span> <span class='ocrx_word' id='word_1_421' title='bbox 2831 690 3318 769; x_wconf 87' lang='lat' dir='ltr'>significationis,</span> <span class='ocrx_word' id='word_1_422' title='bbox 3351 708 3490 750; x_wconf 90' lang='lat' dir='ltr'>cum</span> 
     </span>
     <span class='ocr_line' id='line_1_61' title="bbox 1933 781 3494 863; baseline -0.001 -21"><span class='ocrx_word' id='word_1_423' title='bbox 1933 801 2030 843; x_wconf 91' lang='lat' dir='ltr'>res</span> <span class='ocrx_word' id='word_1_424' title='bbox 2057 784 2192 862; x_wconf 89' lang='lat' dir='ltr'>ipsa</span> <span class='ocrx_word' id='word_1_425' title='bbox 2217 801 2354 861; x_wconf 83' lang='lat' dir='ltr'>quae</span> <span class='ocrx_word' id='word_1_426' title='bbox 2381 784 2497 844; x_wconf 85' lang='lat' dir='ltr'>sub</span> <span class='ocrx_word' id='word_1_427' title='bbox 2545 783 2652 844; x_wconf 89' lang='lat' dir='ltr'>illa</span> <span class='ocrx_word' id='word_1_428' title='bbox 2696 784 3114 863; x_wconf 89' lang='lat' dir='ltr'>metaphorica</span> <span class='ocrx_word' id='word_1_429' title='bbox 3150 781 3494 842; x_wconf 86' lang='lat' dir='ltr'>intenditur</span> 
     </span>
     <span class='ocr_line' id='line_1_62' title="bbox 1934 874 3488 954; baseline -0.001 -19"><span class='ocrx_word' id='word_1_430' title='bbox 1934 875 2095 935; x_wconf 90' lang='lat' dir='ltr'>nihil</span> <span class='ocrx_word' id='word_1_431' title='bbox 2143 875 2312 935; x_wconf 88' lang='lat' dir='ltr'>aliud</span> <span class='ocrx_word' id='word_1_432' title='bbox 2363 875 2463 951; x_wconf 91' lang='lat' dir='ltr'>sit,</span> <span class='ocrx_word' id='word_1_433' title='bbox 2514 894 2629 937; x_wconf 91' lang='lat' dir='ltr'>nec</span> <span class='ocrx_word' id='word_1_434' title='bbox 2663 876 2857 937; x_wconf 88' lang='lat' dir='ltr'>alium</span> <span class='ocrx_word' id='word_1_435' title='bbox 2910 881 3253 954; x_wconf 88' lang='lat' dir='ltr'>respectum</span> <span class='ocrx_word' id='word_1_436' title='bbox 3301 874 3488 947; x_wconf 84' lang='lat' dir='ltr'>dicat,</span> 
     </span>
     <span class='ocr_line' id='line_1_63' title="bbox 1933 965 3487 1046; baseline 0.001 -20"><span class='ocrx_word' id='word_1_437' title='bbox 1933 984 2121 1045; x_wconf 89' lang='lat' dir='ltr'>quam</span> <span class='ocrx_word' id='word_1_438' title='bbox 2154 967 2457 1042; x_wconf 88' lang='lat' dir='ltr'>idearum,</span> <span class='ocrx_word' id='word_1_439' title='bbox 2488 967 2566 1028; x_wconf 91' lang='lat' dir='ltr'>de</span> <span class='ocrx_word' id='word_1_440' title='bbox 2594 967 2818 1045; x_wconf 88' lang='lat' dir='ltr'>quibus</span> <span class='ocrx_word' id='word_1_441' title='bbox 2846 968 2913 1027; x_wconf 92' lang='lat' dir='ltr'>in</span> <span class='ocrx_word' id='word_1_442' title='bbox 2944 971 2971 1027; x_wconf 88' lang='lat'><strong>1</strong></span> <span class='ocrx_word' id='word_1_443' title='bbox 3006 987 3070 1046; x_wconf 90' lang='lat' dir='ltr'>p.</span> <span class='ocrx_word' id='word_1_444' title='bbox 3105 965 3487 1045; x_wconf 87' lang='lat' dir='ltr'>disputatur:</span> 
     </span>
     <span class='ocr_line' id='line_1_64' title="bbox 1935 1057 3490 1139; baseline -0.001 -21"><span class='ocrx_word' id='word_1_445' title='bbox 1935 1064 2067 1119; x_wconf 90' lang='lat' dir='ltr'>tum</span> <span class='ocrx_word' id='word_1_446' title='bbox 2098 1059 2244 1138; x_wconf 90' lang='lat' dir='ltr'>quia</span> <span class='ocrx_word' id='word_1_447' title='bbox 2266 1059 2423 1119; x_wconf 86' lang='lat' dir='ltr'>sicut</span> <span class='ocrx_word' id='word_1_448' title='bbox 2451 1059 2836 1139; x_wconf 86' lang='lat' dir='ltr'>providentia</span> <span class='ocrx_word' id='word_1_449' title='bbox 2864 1061 3013 1120; x_wconf 88' lang='lat' dir='ltr'>dicit</span> <span class='ocrx_word' id='word_1_450' title='bbox 3035 1064 3376 1138; x_wconf 84' lang='lat' dir='ltr'>respectum</span> <span class='ocrx_word' id='word_1_451' title='bbox 3412 1057 3490 1118; x_wconf 84' lang='lat' dir='ltr'>ad</span> 
     </span>
     <span class='ocr_line' id='line_1_65' title="bbox 1932 1150 3491 1231; baseline -0.001 -19"><span class='ocrx_word' id='word_1_452' title='bbox 1932 1169 2031 1212; x_wconf 89' lang='lat' dir='ltr'>res</span> <span class='ocrx_word' id='word_1_453' title='bbox 2070 1151 2366 1230; x_wconf 85' lang='lat' dir='ltr'>provisas,</span> <span class='ocrx_word' id='word_1_454' title='bbox 2398 1157 2461 1212; x_wconf 90' lang='grc'>61</span> <span class='ocrx_word' id='word_1_455' title='bbox 2503 1150 2907 1211; x_wconf 89' lang='lat' dir='ltr'>nihilominus</span> <span class='ocrx_word' id='word_1_456' title='bbox 2934 1157 3134 1231; x_wconf 87' lang='lat' dir='ltr'>potest</span> <span class='ocrx_word' id='word_1_457' title='bbox 3159 1168 3289 1211; x_wconf 90' lang='lat' dir='ltr'>esse</span> <span class='ocrx_word' id='word_1_458' title='bbox 3316 1155 3491 1211; x_wconf 71' lang='grc'><strong>63161-</strong></span> 
     </span>
     <span class='ocr_line' id='line_1_66' title="bbox 1931 1242 3490 1324; baseline -0.001 -21"><span class='ocrx_word' id='word_1_459' title='bbox 1931 1263 2038 1320; x_wconf 87' lang='grc'><strong>116,</strong></span> <span class='ocrx_word' id='word_1_460' title='bbox 2062 1243 2206 1304; x_wconf 89' lang='grc'><strong>11661</strong></span> <span class='ocrx_word' id='word_1_461' title='bbox 2231 1262 2329 1305; x_wconf 90' lang='grc'>163</span> <span class='ocrx_word' id='word_1_462' title='bbox 2346 1242 2606 1324; x_wconf 83' lang='lat' dir='ltr'>provisae</span> <span class='ocrx_word' id='word_1_463' title='bbox 2626 1245 2994 1322; x_wconf 86' lang='lat' dir='ltr'>temporales</span> <span class='ocrx_word' id='word_1_464' title='bbox 3021 1245 3165 1319; x_wconf 90' lang='lat' dir='ltr'>sint,</span> <span class='ocrx_word' id='word_1_465' title='bbox 3192 1245 3281 1303; x_wconf 89' lang='lat' dir='ltr'>ita</span> <span class='ocrx_word' id='word_1_466' title='bbox 3302 1246 3490 1302; x_wconf 90' lang='lat' dir='ltr'>etiam</span> 
     </span>
     <span class='ocr_line' id='line_1_67' title="bbox 1929 1335 3488 1416; baseline -0.003 -17"><span class='ocrx_word' id='word_1_467' title='bbox 1929 1337 2032 1399; x_wconf 83' lang='lat' dir='ltr'>lex</span> <span class='ocrx_word' id='word_1_468' title='bbox 2058 1342 2259 1416; x_wconf 86' lang='lat' dir='ltr'>potest</span> <span class='ocrx_word' id='word_1_469' title='bbox 2282 1337 2487 1398; x_wconf 88' lang='lat' dir='ltr'>dicere</span> <span class='ocrx_word' id='word_1_470' title='bbox 2523 1336 2952 1399; x_wconf 87' lang='lat' dir='ltr'>habitudinem</span> <span class='ocrx_word' id='word_1_471' title='bbox 2984 1337 3064 1397; x_wconf 91' lang='lat' dir='ltr'>ad</span> <span class='ocrx_word' id='word_1_472' title='bbox 3088 1335 3386 1411; x_wconf 89' lang='lat' dir='ltr'>subditos,</span> <span class='ocrx_word' id='word_1_473' title='bbox 3425 1340 3488 1396; x_wconf 86' lang='lat' dir='ltr'>et</span> 
     </span>
     <span class='ocr_line' id='line_1_68' title="bbox 1929 1434 2346 1491; baseline -0.005 0"><span class='ocrx_word' id='word_1_474' title='bbox 1929 1448 2058 1491; x_wconf 88' lang='lat' dir='ltr'>esse</span> <span class='ocrx_word' id='word_1_475' title='bbox 2094 1434 2346 1490; x_wconf 81' lang='lat' dir='ltr'>aeterna.</span> 
     </span>
    </p>

    <p class='ocr_par' dir='ltr' id='par_1_7' title="bbox 1921 1519 3488 4001">
     <span class='ocr_line' id='line_1_69' title="bbox 2009 1519 3487 1600; baseline -0.003 -17"><span class='ocrx_word' id='word_1_476' title='bbox 2009 1524 2069 1583; x_wconf 90' lang='lat'>8.</span> <span class='ocrx_word' id='word_1_477' title='bbox 2113 1523 2439 1600; x_wconf 73' lang='lat' dir='ltr'>Responsio</span> <span class='ocrx_word' id='word_1_478' title='bbox 2496 1519 2744 1584; x_wconf 74' lang='lat' dir='ltr'>Alensis</span> <span class='ocrx_word' id='word_1_479' title='bbox 2794 1524 2878 1583; x_wconf 84' lang='lat' dir='ltr'>ad</span> <span class='ocrx_word' id='word_1_480' title='bbox 2918 1525 3357 1599; x_wconf 70' lang='lat' dir='ltr'>arqumentum.</span> <span class='ocrx_word' id='word_1_481' title='bbox 3403 1551 3487 1564; x_wconf 93' lang='lat'>—</span> 
     </span>
     <span class='ocr_line' id='line_1_70' title="bbox 1928 1610 3479 1693; baseline -0.002 -18"><span class='ocrx_word' id='word_1_482' title='bbox 1928 1614 2103 1676; x_wconf 91' lang='lat' dir='ltr'>Unde</span> <span class='ocrx_word' id='word_1_483' title='bbox 2126 1614 2363 1674; x_wconf 86' lang='lat' dir='ltr'>Aleusis</span> <span class='ocrx_word' id='word_1_484' title='bbox 2382 1632 2566 1693; x_wconf 90' lang='lat' dir='ltr'>supra</span> <span class='ocrx_word' id='word_1_485' title='bbox 2584 1613 2763 1674; x_wconf 81' lang='lat' dir='ltr'>aliter</span> <span class='ocrx_word' id='word_1_486' title='bbox 2780 1612 3109 1691; x_wconf 87' lang='lat' dir='ltr'>respondet</span> <span class='ocrx_word' id='word_1_487' title='bbox 3127 1629 3205 1672; x_wconf 84' lang='grc'>61</span> <span class='ocrx_word' id='word_1_488' title='bbox 3228 1610 3479 1684; x_wconf 87' lang='grc' dir='ltr'><strong>Ι31(1010,</strong></span> 
     </span>
     <span class='ocr_line' id='line_1_71' title="bbox 1925 1703 3481 1785; baseline -0.003 -19"><span class='ocrx_word' id='word_1_489' title='bbox 1925 1706 2035 1767; x_wconf 88' lang='grc'><strong>1111.</strong></span> <span class='ocrx_word' id='word_1_490' title='bbox 2059 1709 2098 1766; x_wconf 79' lang='lat'><strong>2</strong></span> <span class='ocrx_word' id='word_1_491' title='bbox 2116 1706 2411 1785; x_wconf 84' lang='lat' dir='ltr'>Etymol.,</span> <span class='ocrx_word' id='word_1_492' title='bbox 2432 1706 2632 1785; x_wconf 87' lang='lat' dir='ltr'>legem</span> <span class='ocrx_word' id='word_1_493' title='bbox 2650 1724 2775 1766; x_wconf 91' lang='lat' dir='ltr'>uno</span> <span class='ocrx_word' id='word_1_494' title='bbox 2796 1704 2978 1765; x_wconf 90' lang='lat' dir='ltr'>modo</span> <span class='ocrx_word' id='word_1_495' title='bbox 2996 1704 3117 1764; x_wconf 89' lang='lat' dir='ltr'>dici</span> <span class='ocrx_word' id='word_1_496' title='bbox 3139 1722 3177 1763; x_wconf 91' lang='lat' dir='ltr'>a</span> <span class='ocrx_word' id='word_1_497' title='bbox 3194 1703 3481 1780; x_wconf 87' lang='lat' dir='ltr'>legendo,</span> 
     </span>
     <span class='ocr_line' id='line_1_72' title="bbox 1928 1795 3484 1876; baseline -0.003 -18"><span class='ocrx_word' id='word_1_498' title='bbox 1928 1804 1991 1858; x_wconf 91' lang='grc'>61</span> <span class='ocrx_word' id='word_1_499' title='bbox 2013 1797 2134 1857; x_wconf 85' lang='grc'><strong>6110</strong></span> <span class='ocrx_word' id='word_1_500' title='bbox 2153 1817 2190 1858; x_wconf 90' lang='grc'>6</span> <span class='ocrx_word' id='word_1_501' title='bbox 2212 1798 2487 1876; x_wconf 89' lang='lat' dir='ltr'>ligando,</span> <span class='ocrx_word' id='word_1_502' title='bbox 2518 1804 2579 1859; x_wconf 89' lang='lat' dir='ltr'>et</span> <span class='ocrx_word' id='word_1_503' title='bbox 2596 1799 2787 1876; x_wconf 88' lang='lat' dir='ltr'>priori</span> <span class='ocrx_word' id='word_1_504' title='bbox 2807 1797 2988 1857; x_wconf 91' lang='lat' dir='ltr'>modo</span> <span class='ocrx_word' id='word_1_505' title='bbox 3006 1796 3207 1874; x_wconf 91' lang='lat' dir='ltr'>legem</span> <span class='ocrx_word' id='word_1_506' title='bbox 3227 1795 3333 1855; x_wconf 92' lang='lat' dir='ltr'>Dei</span> <span class='ocrx_word' id='word_1_507' title='bbox 3353 1813 3484 1855; x_wconf 87' lang='lat' dir='ltr'>esse</span> 
     </span>
     <span class='ocr_line' id='line_1_73' title="bbox 1928 1888 3482 1970; baseline -0.003 -18"><span class='ocrx_word' id='word_1_508' title='bbox 1928 1898 2246 1967; x_wconf 79' lang='lat' dir='ltr'>aeternam,</span> <span class='ocrx_word' id='word_1_509' title='bbox 2295 1893 2441 1970; x_wconf 91' lang='lat' dir='ltr'>quia</span> <span class='ocrx_word' id='word_1_510' title='bbox 2480 1893 2546 1952; x_wconf 91' lang='lat' dir='ltr'>in</span> <span class='ocrx_word' id='word_1_511' title='bbox 2586 1899 2791 1953; x_wconf 85' lang='lat' dir='ltr'>mente</span> <span class='ocrx_word' id='word_1_512' title='bbox 2827 1892 2959 1970; x_wconf 87' lang='lat' dir='ltr'>ejus</span> <span class='ocrx_word' id='word_1_513' title='bbox 2998 1888 3355 1968; x_wconf 74' lang='lat' dir='ltr'>legebatur:</span> <span class='ocrx_word' id='word_1_514' title='bbox 3390 1907 3482 1948; x_wconf 90' lang='lat' dir='ltr'>se-</span> 
     </span>
     <span class='ocr_line' id='line_1_74' title="bbox 1931 1979 3480 2056; baseline -0.002 -13"><span class='ocrx_word' id='word_1_515' title='bbox 1931 1983 2135 2043; x_wconf 91' lang='lat' dir='ltr'>cundo</span> <span class='ocrx_word' id='word_1_516' title='bbox 2172 1989 2381 2044; x_wconf 87' lang='lat' dir='ltr'>autem</span> <span class='ocrx_word' id='word_1_517' title='bbox 2421 1985 2605 2044; x_wconf 90' lang='lat' dir='ltr'>modo</span> <span class='ocrx_word' id='word_1_518' title='bbox 2635 2003 2762 2044; x_wconf 91' lang='lat' dir='ltr'>non</span> <span class='ocrx_word' id='word_1_519' title='bbox 2788 2002 2915 2044; x_wconf 89' lang='lat' dir='ltr'>esse</span> <span class='ocrx_word' id='word_1_520' title='bbox 2942 1989 3259 2056; x_wconf 63' lang='lat' dir='ltr'>aeternam,</span> <span class='ocrx_word' id='word_1_521' title='bbox 3285 1987 3347 2042; x_wconf 91' lang='lat' dir='ltr'>et</span> <span class='ocrx_word' id='word_1_522' title='bbox 3367 1979 3480 2040; x_wconf 90' lang='lat' dir='ltr'>sub</span> 
     </span>
     <span class='ocr_line' id='line_1_75' title="bbox 1931 2074 3476 2153; baseline -0.002 -17"><span class='ocrx_word' id='word_1_523' title='bbox 1931 2093 2008 2136; x_wconf 91' lang='lat' dir='ltr'>ea</span> <span class='ocrx_word' id='word_1_524' title='bbox 2057 2080 2304 2136; x_wconf 89' lang='lat' dir='ltr'>tantum</span> <span class='ocrx_word' id='word_1_525' title='bbox 2353 2077 2591 2136; x_wconf 88' lang='lat' dir='ltr'>ratione</span> <span class='ocrx_word' id='word_1_526' title='bbox 2636 2077 2914 2153; x_wconf 87' lang='lat' dir='ltr'>indigere</span> <span class='ocrx_word' id='word_1_527' title='bbox 2960 2074 3476 2153; x_wconf 85' lang='lat' dir='ltr'>promulgatione.</span> 
     </span>
     <span class='ocr_line' id='line_1_76' title="bbox 1932 2166 3482 2246; baseline 0 -20"><span class='ocrx_word' id='word_1_528' title='bbox 1932 2167 2109 2241; x_wconf 89' lang='lat' dir='ltr'>Quod</span> <span class='ocrx_word' id='word_1_529' title='bbox 2151 2168 2206 2228; x_wconf 89' lang='lat' dir='ltr'>si</span> <span class='ocrx_word' id='word_1_530' title='bbox 2244 2169 2465 2244; x_wconf 89' lang='lat' dir='ltr'>instes,</span> <span class='ocrx_word' id='word_1_531' title='bbox 2503 2168 2650 2245; x_wconf 87' lang='lat' dir='ltr'>quia</span> <span class='ocrx_word' id='word_1_532' title='bbox 2692 2167 2794 2227; x_wconf 86' lang='lat' dir='ltr'>lex</span> <span class='ocrx_word' id='word_1_533' title='bbox 2828 2186 2965 2246; x_wconf 81' lang='lat' dir='ltr'>quae</span> <span class='ocrx_word' id='word_1_534' title='bbox 3000 2185 3128 2227; x_wconf 91' lang='lat' dir='ltr'>non</span> <span class='ocrx_word' id='word_1_535' title='bbox 3165 2166 3323 2243; x_wconf 90' lang='lat' dir='ltr'>ligat</span> <span class='ocrx_word' id='word_1_536' title='bbox 3357 2183 3482 2226; x_wconf 89' lang='lat' dir='ltr'>non</span> 
     </span>
     <span class='ocr_line' id='line_1_77' title="bbox 1931 2256 3480 2337; baseline -0.003 -17"><span class='ocrx_word' id='word_1_537' title='bbox 1931 2267 2207 2321; x_wconf 88' lang='lat' dir='ltr'>meretur</span> <span class='ocrx_word' id='word_1_538' title='bbox 2228 2277 2456 2320; x_wconf 92' lang='lat' dir='ltr'>nomen</span> <span class='ocrx_word' id='word_1_539' title='bbox 2476 2259 2649 2337; x_wconf 90' lang='lat' dir='ltr'>legis,</span> <span class='ocrx_word' id='word_1_540' title='bbox 2680 2259 3006 2337; x_wconf 89' lang='lat' dir='ltr'>respondet</span> <span class='ocrx_word' id='word_1_541' title='bbox 3027 2259 3094 2319; x_wconf 90' lang='lat' dir='ltr'>in</span> <span class='ocrx_word' id='word_1_542' title='bbox 3115 2275 3379 2331; x_wconf 89' lang='lat' dir='ltr'>summa,</span> <span class='ocrx_word' id='word_1_543' title='bbox 3404 2256 3480 2316; x_wconf 91' lang='lat' dir='ltr'>ad</span> 
     </span>
     <span class='ocr_line' id='line_1_78' title="bbox 1930 2350 3488 2431; baseline -0.003 -17"><span class='ocrx_word' id='word_1_544' title='bbox 1930 2355 2237 2415; x_wconf 89' lang='lat' dir='ltr'>rationem</span> <span class='ocrx_word' id='word_1_545' title='bbox 2259 2353 2415 2431; x_wconf 82' lang='lat' dir='ltr'>legis</span> <span class='ocrx_word' id='word_1_546' title='bbox 2434 2353 2582 2414; x_wconf 87' lang='lat' dir='ltr'>satis</span> <span class='ocrx_word' id='word_1_547' title='bbox 2600 2371 2727 2414; x_wconf 89' lang='lat' dir='ltr'>esse</span> <span class='ocrx_word' id='word_1_548' title='bbox 2744 2353 2907 2431; x_wconf 90' lang='lat' dir='ltr'>quod</span> <span class='ocrx_word' id='word_1_549' title='bbox 2934 2352 3010 2413; x_wconf 91' lang='lat' dir='ltr'>de</span> <span class='ocrx_word' id='word_1_550' title='bbox 3032 2370 3095 2412; x_wconf 90' lang='lat' dir='ltr'>se</span> <span class='ocrx_word' id='word_1_551' title='bbox 3112 2352 3242 2411; x_wconf 84' lang='lat' dir='ltr'>vim</span> <span class='ocrx_word' id='word_1_552' title='bbox 3263 2350 3488 2411; x_wconf 88' lang='lat' dir='ltr'>habeat</span> 
     </span>
     <span class='ocr_line' id='line_1_79' title="bbox 1928 2443 3485 2524; baseline -0.002 -18"><span class='ocrx_word' id='word_1_553' title='bbox 1928 2446 2190 2524; x_wconf 87' lang='lat' dir='ltr'>ligandi,</span> <span class='ocrx_word' id='word_1_554' title='bbox 2216 2445 2362 2506; x_wconf 89' lang='grc'><strong>11661</strong></span> <span class='ocrx_word' id='word_1_555' title='bbox 2379 2446 2659 2507; x_wconf 84' lang='grc'><strong>11011(111111</strong></span> <span class='ocrx_word' id='word_1_556' title='bbox 2677 2451 2819 2505; x_wconf 85' lang='grc'><strong>66111</strong></span> <span class='ocrx_word' id='word_1_557' title='bbox 2842 2445 3013 2524; x_wconf 90' lang='grc'><strong>11361,</strong></span> <span class='ocrx_word' id='word_1_558' title='bbox 3039 2445 3187 2523; x_wconf 82' lang='grc'><strong>(11116</strong></span> <span class='ocrx_word' id='word_1_559' title='bbox 3207 2443 3485 2504; x_wconf 87' lang='lat' dir='ltr'>nondum</span> 
     </span>
     <span class='ocr_line' id='line_1_80' title="bbox 1927 2537 3479 2617; baseline -0.001 -19"><span class='ocrx_word' id='word_1_560' title='bbox 1927 2547 2022 2604; x_wconf 89' lang='lat' dir='ltr'>est</span> <span class='ocrx_word' id='word_1_561' title='bbox 2047 2537 2373 2617; x_wconf 89' lang='lat' dir='ltr'>applicata.</span> <span class='ocrx_word' id='word_1_562' title='bbox 2403 2538 2551 2611; x_wconf 84' lang='lat' dir='ltr'>Quae</span> <span class='ocrx_word' id='word_1_563' title='bbox 2579 2538 2856 2598; x_wconf 88' lang='lat' dir='ltr'>doctrina</span> <span class='ocrx_word' id='word_1_564' title='bbox 2881 2537 3134 2598; x_wconf 80' lang='lat' dir='ltr'>fortasse</span> <span class='ocrx_word' id='word_1_565' title='bbox 3161 2542 3252 2596; x_wconf 89' lang='lat' dir='ltr'>est</span> <span class='ocrx_word' id='word_1_566' title='bbox 3284 2554 3430 2596; x_wconf 86' lang='lat' dir='ltr'>vera</span> <span class='ocrx_word' id='word_1_567' title='bbox 3462 2552 3479 2596; x_wconf 90' lang='lat'><strong>:</strong></span> 
     </span>
     <span class='ocr_line' id='line_1_81' title="bbox 1925 2628 3481 2708; baseline -0.001 -19"><span class='ocrx_word' id='word_1_568' title='bbox 1925 2647 2052 2689; x_wconf 92' lang='lat' dir='ltr'>non</span> <span class='ocrx_word' id='word_1_569' title='bbox 2085 2635 2292 2689; x_wconf 88' lang='lat' dir='ltr'>tamen</span> <span class='ocrx_word' id='word_1_570' title='bbox 2329 2646 2441 2708; x_wconf 91' lang='lat' dir='ltr'>per</span> <span class='ocrx_word' id='word_1_571' title='bbox 2479 2647 2618 2690; x_wconf 91' lang='lat' dir='ltr'>eam</span> <span class='ocrx_word' id='word_1_572' title='bbox 2645 2629 3018 2690; x_wconf 84' lang='lat' dir='ltr'>sufficienter</span> <span class='ocrx_word' id='word_1_573' title='bbox 3056 2628 3208 2689; x_wconf 83' lang='lat' dir='ltr'>solvi</span> <span class='ocrx_word' id='word_1_574' title='bbox 3234 2628 3481 2688; x_wconf 85' lang='lat' dir='ltr'>videtur</span> 
     </span>
     <span class='ocr_line' id='line_1_82' title="bbox 1921 2719 3481 2800; baseline -0.003 -17"><span class='ocrx_word' id='word_1_575' title='bbox 1921 2727 2361 2800; x_wconf 86' lang='lat' dir='ltr'>argumentum</span> <span class='ocrx_word' id='word_1_576' title='bbox 2387 2721 2462 2782; x_wconf 89' lang='lat' dir='ltr'>de</span> <span class='ocrx_word' id='word_1_577' title='bbox 2490 2721 2986 2800; x_wconf 88' lang='lat' dir='ltr'>promulgatione</span> <span class='ocrx_word' id='word_1_578' title='bbox 3009 2767 3027 2794; x_wconf 86' lang='lat'>,</span> <span class='ocrx_word' id='word_1_579' title='bbox 3069 2723 3216 2799; x_wconf 84' lang='lat' dir='ltr'>quia</span> <span class='ocrx_word' id='word_1_580' title='bbox 3247 2719 3345 2780; x_wconf 81' lang='lat' dir='ltr'>vel</span> <span class='ocrx_word' id='word_1_581' title='bbox 3371 2737 3481 2779; x_wconf 90' lang='lat' dir='ltr'>ne-</span> 
     </span>
     <span class='ocr_line' id='line_1_83' title="bbox 1924 2812 3480 2893; baseline -0.001 -19"><span class='ocrx_word' id='word_1_582' title='bbox 1924 2814 2199 2892; x_wconf 88' lang='lat' dir='ltr'>gandum</span> <span class='ocrx_word' id='word_1_583' title='bbox 2222 2819 2313 2874; x_wconf 89' lang='lat' dir='ltr'>est</span> <span class='ocrx_word' id='word_1_584' title='bbox 2337 2813 2897 2893; x_wconf 88' lang='lat' dir='ltr'>promulgationem</span> <span class='ocrx_word' id='word_1_585' title='bbox 2918 2831 3048 2875; x_wconf 88' lang='lat' dir='ltr'>esse</span> <span class='ocrx_word' id='word_1_586' title='bbox 3075 2812 3480 2873; x_wconf 85' lang='lat' dir='ltr'>necessariam</span> 
     </span>
     <span class='ocr_line' id='line_1_84' title="bbox 1924 2905 3473 2985; baseline -0.001 -18"><span class='ocrx_word' id='word_1_587' title='bbox 1924 2905 2006 2967; x_wconf 87' lang='lat' dir='ltr'>ad</span> <span class='ocrx_word' id='word_1_588' title='bbox 2046 2925 2175 2968; x_wconf 90' lang='lat' dir='ltr'>esse</span> <span class='ocrx_word' id='word_1_589' title='bbox 2215 2907 2403 2985; x_wconf 88' lang='lat' dir='ltr'>legis,</span> <span class='ocrx_word' id='word_1_590' title='bbox 2451 2908 2553 2969; x_wconf 90' lang='lat' dir='ltr'>sed</span> <span class='ocrx_word' id='word_1_591' title='bbox 2588 2914 2831 2969; x_wconf 91' lang='lat' dir='ltr'>tantum</span> <span class='ocrx_word' id='word_1_592' title='bbox 2864 2908 2943 2969; x_wconf 91' lang='lat' dir='ltr'>ad</span> <span class='ocrx_word' id='word_1_593' title='bbox 2981 2907 3270 2969; x_wconf 83' lang='lat' dir='ltr'>effectum</span> <span class='ocrx_word' id='word_1_594' title='bbox 3297 2905 3473 2984; x_wconf 87' lang='lat' dir='ltr'>legis,</span> 
     </span>
     <span class='ocr_line' id='line_1_85' title="bbox 1928 2999 3478 3079; baseline 0.001 -21"><span class='ocrx_word' id='word_1_595' title='bbox 1928 2999 2037 3076; x_wconf 87' lang='lat' dir='ltr'>qui</span> <span class='ocrx_word' id='word_1_596' title='bbox 2064 3005 2156 3059; x_wconf 90' lang='grc'>631</span> <span class='ocrx_word' id='word_1_597' title='bbox 2181 3000 2376 3079; x_wconf 87' lang='grc'><strong>113616</strong></span> <span class='ocrx_word' id='word_1_598' title='bbox 2397 3046 2417 3076; x_wconf 88' lang='grc'><strong>,</strong></span> <span class='ocrx_word' id='word_1_599' title='bbox 2456 3001 2622 3079; x_wconf 89' lang='lat' dir='ltr'>quod</span> <span class='ocrx_word' id='word_1_600' title='bbox 2647 3001 2890 3061; x_wconf 86' lang='lat' dir='ltr'>videtur</span> <span class='ocrx_word' id='word_1_601' title='bbox 2921 3017 3047 3060; x_wconf 87' lang='lat' dir='ltr'>esse</span> <span class='ocrx_word' id='word_1_602' title='bbox 3076 3005 3290 3060; x_wconf 87' lang='lat' dir='ltr'>contra</span> <span class='ocrx_word' id='word_1_603' title='bbox 3313 3016 3478 3059; x_wconf 88' lang='lat' dir='ltr'>com-</span> 
     </span>
     <span class='ocr_line' id='line_1_86' title="bbox 1930 3092 3481 3171; baseline -0.001 -19"><span class='ocrx_word' id='word_1_604' title='bbox 1930 3111 2184 3154; x_wconf 89' lang='lat' dir='ltr'>munem</span> <span class='ocrx_word' id='word_1_605' title='bbox 2215 3093 2371 3171; x_wconf 88' lang='lat' dir='ltr'>legis</span> <span class='ocrx_word' id='word_1_606' title='bbox 2398 3092 2853 3168; x_wconf 90' lang='lat' dir='ltr'>definitionem,</span> <span class='ocrx_word' id='word_1_607' title='bbox 2896 3092 2997 3153; x_wconf 86' lang='lat' dir='ltr'>vel</span> <span class='ocrx_word' id='word_1_608' title='bbox 3023 3098 3185 3153; x_wconf 87' lang='lat' dir='ltr'>certe</span> <span class='ocrx_word' id='word_1_609' title='bbox 3212 3107 3340 3151; x_wconf 91' lang='lat' dir='ltr'>non</span> <span class='ocrx_word' id='word_1_610' title='bbox 3376 3109 3481 3152; x_wconf 89' lang='grc'>61-</span> 
     </span>
     <span class='ocr_line' id='line_1_87' title="bbox 1929 3183 3480 3263; baseline 0 -20"><span class='ocrx_word' id='word_1_611' title='bbox 1929 3184 2192 3263; x_wconf 87' lang='lat' dir='ltr'>plicatur</span> <span class='ocrx_word' id='word_1_612' title='bbox 2208 3185 2516 3263; x_wconf 85' lang='lat' dir='ltr'>quomodo</span> <span class='ocrx_word' id='word_1_613' title='bbox 2533 3186 2640 3246; x_wconf 89' lang='lat' dir='ltr'>illa</span> <span class='ocrx_word' id='word_1_614' title='bbox 2660 3185 2761 3247; x_wconf 83' lang='lat' dir='ltr'>lex</span> <span class='ocrx_word' id='word_1_615' title='bbox 2788 3186 2869 3245; x_wconf 91' lang='lat' dir='ltr'>sit</span> <span class='ocrx_word' id='word_1_616' title='bbox 2888 3203 3036 3245; x_wconf 85' lang='lat' dir='ltr'>vera</span> <span class='ocrx_word' id='word_1_617' title='bbox 3059 3183 3161 3245; x_wconf 86' lang='lat' dir='ltr'>lex</span> <span class='ocrx_word' id='word_1_618' title='bbox 3186 3184 3319 3245; x_wconf 89' lang='lat' dir='ltr'>sine</span> <span class='ocrx_word' id='word_1_619' title='bbox 3342 3200 3480 3262; x_wconf 93' lang='lat' dir='ltr'>pro-</span> 
     </span>
     <span class='ocr_line' id='line_1_88' title="bbox 1929 3274 3484 3356; baseline -0.003 -19"><span class='ocrx_word' id='word_1_620' title='bbox 1929 3277 2332 3355; x_wconf 89' lang='lat' dir='ltr'>mulgatione.</span> <span class='ocrx_word' id='word_1_621' title='bbox 2366 3277 2535 3350; x_wconf 89' lang='lat' dir='ltr'>Quod</span> <span class='ocrx_word' id='word_1_622' title='bbox 2557 3295 2703 3338; x_wconf 82' lang='lat' dir='ltr'>vero</span> <span class='ocrx_word' id='word_1_623' title='bbox 2731 3277 2819 3337; x_wconf 88' lang='lat' dir='ltr'>ihi</span> <span class='ocrx_word' id='word_1_624' title='bbox 2841 3276 3133 3356; x_wconf 91' lang='lat' dir='ltr'>supponit</span> <span class='ocrx_word' id='word_1_625' title='bbox 3154 3274 3392 3335; x_wconf 86' lang='lat' dir='ltr'>Alensis</span> <span class='ocrx_word' id='word_1_626' title='bbox 3408 3274 3484 3333; x_wconf 87' lang='lat' dir='ltr'>de</span> 
     </span>
     <span class='ocr_line' id='line_1_89' title="bbox 1930 3367 3486 3447; baseline -0.001 -19"><span class='ocrx_word' id='word_1_627' title='bbox 1930 3368 2162 3447; x_wconf 87' lang='lat' dir='ltr'>duplici</span> <span class='ocrx_word' id='word_1_628' title='bbox 2210 3369 2584 3447; x_wconf 84' lang='lat' dir='ltr'>etymologia</span> <span class='ocrx_word' id='word_1_629' title='bbox 2633 3369 2786 3446; x_wconf 90' lang='grc'><strong>16313</strong></span> <span class='ocrx_word' id='word_1_630' title='bbox 2823 3414 2844 3445; x_wconf 89' lang='grc'><strong>,</strong></span> <span class='ocrx_word' id='word_1_631' title='bbox 2907 3386 3025 3447; x_wconf 91' lang='grc'>630</span> <span class='ocrx_word' id='word_1_632' title='bbox 3072 3386 3201 3429; x_wconf 88' lang='grc'><strong>11011</strong></span> <span class='ocrx_word' id='word_1_633' title='bbox 3248 3367 3486 3446; x_wconf 90' lang='lat' dir='ltr'>reperio</span> 
     </span>
     <span class='ocr_line' id='line_1_90' title="bbox 1930 3461 3488 3540; baseline -0.001 -19"><span class='ocrx_word' id='word_1_634' title='bbox 1930 3467 2256 3540; x_wconf 85' lang='lat' dir='ltr'>utramque</span> <span class='ocrx_word' id='word_1_635' title='bbox 2279 3461 2346 3522; x_wconf 92' lang='lat' dir='ltr'>in</span> <span class='ocrx_word' id='word_1_636' title='bbox 2369 3462 2621 3538; x_wconf 88' lang='lat' dir='ltr'>Isidoro,</span> <span class='ocrx_word' id='word_1_637' title='bbox 2647 3463 2752 3523; x_wconf 86' lang='lat' dir='ltr'>sed</span> <span class='ocrx_word' id='word_1_638' title='bbox 2773 3468 3019 3523; x_wconf 89' lang='lat' dir='ltr'>tantum</span> <span class='ocrx_word' id='word_1_639' title='bbox 3043 3462 3216 3523; x_wconf 85' lang='lat' dir='ltr'>illam</span> <span class='ocrx_word' id='word_1_640' title='bbox 3236 3478 3374 3540; x_wconf 77' lang='lat' dir='ltr'>quae</span> <span class='ocrx_word' id='word_1_641' title='bbox 3396 3466 3488 3521; x_wconf 87' lang='lat' dir='ltr'>est</span> 
     </span>
     <span class='ocr_line' id='line_1_91' title="bbox 1930 3553 3487 3634; baseline 0 -21"><span class='ocrx_word' id='word_1_642' title='bbox 1930 3571 1969 3614; x_wconf 88' lang='grc'>6</span> <span class='ocrx_word' id='word_1_643' title='bbox 1998 3553 2283 3632; x_wconf 88' lang='lat' dir='ltr'>legendo,</span> <span class='ocrx_word' id='word_1_644' title='bbox 2316 3559 2379 3615; x_wconf 91' lang='lat' dir='ltr'>et</span> <span class='ocrx_word' id='word_1_645' title='bbox 2415 3572 2544 3615; x_wconf 91' lang='lat' dir='ltr'>non</span> <span class='ocrx_word' id='word_1_646' title='bbox 2580 3556 2649 3614; x_wconf 92' lang='lat' dir='ltr'>in</span> <span class='ocrx_word' id='word_1_647' title='bbox 2685 3554 2792 3616; x_wconf 91' lang='lat' dir='ltr'>illa</span> <span class='ocrx_word' id='word_1_648' title='bbox 2818 3554 3267 3634; x_wconf 88' lang='lat' dir='ltr'>significatione</span> <span class='ocrx_word' id='word_1_649' title='bbox 3294 3558 3487 3615; x_wconf 89' lang='lat' dir='ltr'>meta-</span> 
     </span>
     <span class='ocr_line' id='line_1_92' title="bbox 1929 3645 3486 3727; baseline 0 -23"><span class='ocrx_word' id='word_1_650' title='bbox 1929 3645 2205 3723; x_wconf 89' lang='lat' dir='ltr'>phorica,</span> <span class='ocrx_word' id='word_1_651' title='bbox 2234 3647 2341 3707; x_wconf 89' lang='lat' dir='ltr'>sed</span> <span class='ocrx_word' id='word_1_652' title='bbox 2366 3648 2566 3725; x_wconf 90' lang='lat' dir='ltr'>magis</span> <span class='ocrx_word' id='word_1_653' title='bbox 2587 3647 2835 3727; x_wconf 87' lang='lat' dir='ltr'>propria</span> <span class='ocrx_word' id='word_1_654' title='bbox 2866 3661 2883 3707; x_wconf 75' lang='lat' dir='ltr'><strong><em>z</em></strong></span> <span class='ocrx_word' id='word_1_655' title='bbox 2921 3646 3030 3708; x_wconf 89' lang='lat' dir='ltr'>sed</span> <span class='ocrx_word' id='word_1_656' title='bbox 3050 3665 3271 3727; x_wconf 89' lang='lat' dir='ltr'>parum</span> <span class='ocrx_word' id='word_1_657' title='bbox 3298 3646 3486 3707; x_wconf 76' lang='lat' dir='ltr'>refert</span> 
     </span>
     <span class='ocr_line' id='line_1_93' title="bbox 1929 3738 3486 3820; baseline -0.001 -22"><span class='ocrx_word' id='word_1_658' title='bbox 1929 3738 2095 3799; x_wconf 91' lang='lat' dir='ltr'>unde</span> <span class='ocrx_word' id='word_1_659' title='bbox 2122 3757 2244 3800; x_wconf 85' lang='lat' dir='ltr'>vox</span> <span class='ocrx_word' id='word_1_660' title='bbox 2272 3741 2352 3800; x_wconf 86' lang='lat' dir='ltr'>sit</span> <span class='ocrx_word' id='word_1_661' title='bbox 2380 3747 2627 3819; x_wconf 88' lang='lat' dir='ltr'>sumpta</span> <span class='ocrx_word' id='word_1_662' title='bbox 2653 3786 2674 3817; x_wconf 93' lang='lat'>,</span> <span class='ocrx_word' id='word_1_663' title='bbox 2732 3742 2878 3820; x_wconf 88' lang='lat' dir='ltr'>quia</span> <span class='ocrx_word' id='word_1_664' title='bbox 2903 3759 3031 3801; x_wconf 91' lang='lat' dir='ltr'>non</span> <span class='ocrx_word' id='word_1_665' title='bbox 3061 3741 3284 3801; x_wconf 87' lang='lat' dir='ltr'>sufficit</span> <span class='ocrx_word' id='word_1_666' title='bbox 3326 3740 3486 3818; x_wconf 82' lang='lat' dir='ltr'>quod</span> 
     </span>
     <span class='ocr_line' id='line_1_94' title="bbox 1927 3831 3487 3914; baseline 0 -24"><span class='ocrx_word' id='word_1_667' title='bbox 1927 3831 2306 3910; x_wconf 83' lang='lat' dir='ltr'>etymologia</span> <span class='ocrx_word' id='word_1_668' title='bbox 2331 3832 2485 3910; x_wconf 89' lang='grc'><strong>16313</strong></span> <span class='ocrx_word' id='word_1_669' title='bbox 2512 3833 2702 3912; x_wconf 89' lang='lat' dir='ltr'>possit</span> <span class='ocrx_word' id='word_1_670' title='bbox 2724 3832 2910 3894; x_wconf 87' lang='lat' dir='ltr'>alicui</span> <span class='ocrx_word' id='word_1_671' title='bbox 2934 3833 3028 3896; x_wconf 91' lang='lat' dir='ltr'>rei</span> <span class='ocrx_word' id='word_1_672' title='bbox 3054 3832 3372 3914; x_wconf 87' lang='lat' dir='ltr'>applicari,</span> <span class='ocrx_word' id='word_1_673' title='bbox 3418 3837 3487 3890; x_wconf 89' lang='lat' dir='ltr'>ut</span> 
     </span>
     <span class='ocr_line' id='line_1_95' title="bbox 1927 3922 2835 4001; baseline 0.004 -19"><span class='ocrx_word' id='word_1_674' title='bbox 1927 3923 2037 3983; x_wconf 88' lang='lat' dir='ltr'>illa</span> <span class='ocrx_word' id='word_1_675' title='bbox 2064 3922 2421 4001; x_wconf 89' lang='lat' dir='ltr'>simpliciter</span> <span class='ocrx_word' id='word_1_676' title='bbox 2449 3924 2689 3985; x_wconf 87' lang='lat' dir='ltr'>dicatur</span> <span class='ocrx_word' id='word_1_677' title='bbox 2712 3925 2835 3986; x_wconf 86' lang='lat' dir='ltr'>lex.</span> 
     </span>
    </p>

    <p class='ocr_par' dir='ltr' id='par_1_8' title="bbox 1916 4016 3489 5572">
     <span class='ocr_line' id='line_1_96' title="bbox 2008 4016 3489 4095; baseline 0.001 -19"><span class='ocrx_word' id='word_1_678' title='bbox 2008 4018 2071 4076; x_wconf 85' lang='lat'>9.</span> <span class='ocrx_word' id='word_1_679' title='bbox 2122 4017 2334 4078; x_wconf 76' lang='lat' dir='ltr'>Tertia</span> <span class='ocrx_word' id='word_1_680' title='bbox 2372 4018 2675 4095; x_wconf 74' lang='lat' dir='ltr'>responsio</span> <span class='ocrx_word' id='word_1_681' title='bbox 2722 4036 2793 4078; x_wconf 73' lang='grc' dir='ltr'>σω</span> <span class='ocrx_word' id='word_1_682' title='bbox 2835 4018 2918 4079; x_wconf 91' lang='lat' dir='ltr'>D.</span> <span class='ocrx_word' id='word_1_683' title='bbox 2969 4017 3219 4080; x_wconf 70' lang='lat' dir='ltr'>Thomu.</span> <span class='ocrx_word' id='word_1_684' title='bbox 3253 4050 3334 4064; x_wconf 93' lang='lat'>—</span> <span class='ocrx_word' id='word_1_685' title='bbox 3368 4016 3489 4080; x_wconf 81' lang='lat' dir='ltr'>Ob-</span> 
     </span>
     <span class='ocr_line' id='line_1_97' title="bbox 1916 4106 3483 4187; baseline 0.001 -19"><span class='ocrx_word' id='word_1_686' title='bbox 1916 4106 2125 4184; x_wconf 70' lang='lat' dir='ltr'>jectio,</span> <span class='ocrx_word' id='word_1_687' title='bbox 2153 4141 2233 4151; x_wconf 95' lang='lat'>—</span> <span class='ocrx_word' id='word_1_688' title='bbox 2252 4107 2458 4166; x_wconf 90' lang='lat' dir='ltr'>Tertio</span> <span class='ocrx_word' id='word_1_689' title='bbox 2477 4107 2671 4183; x_wconf 89' lang='lat' dir='ltr'>igitur</span> <span class='ocrx_word' id='word_1_690' title='bbox 2695 4107 2769 4166; x_wconf 92' lang='lat' dir='ltr'>D.</span> <span class='ocrx_word' id='word_1_691' title='bbox 2795 4108 3085 4181; x_wconf 87' lang='lat' dir='ltr'>Thomas,</span> <span class='ocrx_word' id='word_1_692' title='bbox 3114 4127 3301 4187; x_wconf 90' lang='lat' dir='ltr'>supra</span> <span class='ocrx_word' id='word_1_693' title='bbox 3319 4109 3398 4169; x_wconf 89' lang='lat' dir='ltr'>ad</span> <span class='ocrx_word' id='word_1_694' title='bbox 3420 4111 3483 4181; x_wconf 75' lang='lat'>2,</span> 
     </span>
     <span class='ocr_line' id='line_1_98' title="bbox 1930 4196 3484 4277; baseline 0.001 -21"><span class='ocrx_word' id='word_1_695' title='bbox 1930 4203 2189 4256; x_wconf 89' lang='lat' dir='ltr'>conatur</span> <span class='ocrx_word' id='word_1_696' title='bbox 2234 4196 2539 4275; x_wconf 83' lang='lat' dir='ltr'>explicare</span> <span class='ocrx_word' id='word_1_697' title='bbox 2582 4197 2889 4274; x_wconf 91' lang='lat' dir='ltr'>quomodo</span> <span class='ocrx_word' id='word_1_698' title='bbox 2927 4198 2996 4256; x_wconf 93' lang='lat' dir='ltr'>in</span> <span class='ocrx_word' id='word_1_699' title='bbox 3036 4198 3142 4257; x_wconf 87' lang='lat' dir='ltr'>illa</span> <span class='ocrx_word' id='word_1_700' title='bbox 3175 4198 3313 4277; x_wconf 88' lang='lat' dir='ltr'>lege</span> <span class='ocrx_word' id='word_1_701' title='bbox 3358 4217 3484 4260; x_wconf 92' lang='lat' dir='ltr'>non</span> 
     </span>
     <span class='ocr_line' id='line_1_99' title="bbox 1930 4288 3485 4369; baseline 0 -20"><span class='ocrx_word' id='word_1_702' title='bbox 1930 4289 2197 4350; x_wconf 82' lang='lat' dir='ltr'>defuerit</span> <span class='ocrx_word' id='word_1_703' title='bbox 2216 4295 2445 4350; x_wconf 78' lang='lat' dir='ltr'>aeterna</span> <span class='ocrx_word' id='word_1_704' title='bbox 2466 4288 2881 4369; x_wconf 89' lang='lat' dir='ltr'>promulgatio</span> <span class='ocrx_word' id='word_1_705' title='bbox 2912 4305 2929 4350; x_wconf 76' lang='lat' dir='ltr'><strong><em>z</em></strong></span> <span class='ocrx_word' id='word_1_706' title='bbox 2963 4307 3112 4349; x_wconf 90' lang='lat' dir='ltr'>nam</span> <span class='ocrx_word' id='word_1_707' title='bbox 3136 4291 3485 4369; x_wconf 86' lang='lat' dir='ltr'>promulga-</span> 
     </span>
     <span class='ocr_line' id='line_1_100' title="bbox 1928 4381 3486 4463; baseline -0.001 -18"><span class='ocrx_word' id='word_1_708' title='bbox 1928 4386 2040 4460; x_wconf 91' lang='lat' dir='ltr'>tio,</span> <span class='ocrx_word' id='word_1_709' title='bbox 2073 4383 2297 4462; x_wconf 88' lang='lat' dir='ltr'>inquit,</span> <span class='ocrx_word' id='word_1_710' title='bbox 2340 4381 2412 4442; x_wconf 87' lang='lat' dir='ltr'>fit</span> <span class='ocrx_word' id='word_1_711' title='bbox 2434 4388 2495 4444; x_wconf 95' lang='lat' dir='ltr'>et</span> <span class='ocrx_word' id='word_1_712' title='bbox 2515 4381 2726 4456; x_wconf 86' lang='lat' dir='ltr'>verb0,</span> <span class='ocrx_word' id='word_1_713' title='bbox 2766 4388 2828 4443; x_wconf 92' lang='lat' dir='ltr'>et</span> <span class='ocrx_word' id='word_1_714' title='bbox 2852 4381 3103 4462; x_wconf 89' lang='lat' dir='ltr'>script0,</span> <span class='ocrx_word' id='word_1_715' title='bbox 3137 4388 3201 4444; x_wconf 88' lang='grc'>61</span> <span class='ocrx_word' id='word_1_716' title='bbox 3223 4390 3486 4463; x_wconf 85' lang='lat' dir='ltr'>utroque</span> 
     </span>
     <span class='ocr_line' id='line_1_101' title="bbox 1928 4474 3484 4554; baseline -0.002 -16"><span class='ocrx_word' id='word_1_717' title='bbox 1928 4477 2115 4538; x_wconf 90' lang='lat' dir='ltr'>modo</span> <span class='ocrx_word' id='word_1_718' title='bbox 2139 4475 2239 4536; x_wconf 87' lang='grc'>161</span> <span class='ocrx_word' id='word_1_719' title='bbox 2262 4474 2371 4535; x_wconf 90' lang='grc'><strong>1116</strong></span> <span class='ocrx_word' id='word_1_720' title='bbox 2394 4475 2613 4535; x_wconf 89' lang='lat' dir='ltr'>habuit</span> <span class='ocrx_word' id='word_1_721' title='bbox 2633 4474 3191 4554; x_wconf 88' lang='lat' dir='ltr'>promulgationem</span> <span class='ocrx_word' id='word_1_722' title='bbox 3214 4493 3290 4536; x_wconf 89' lang='grc'>61</span> <span class='ocrx_word' id='word_1_723' title='bbox 3313 4482 3484 4554; x_wconf 85' lang='lat' dir='ltr'>parte</span> 
     </span>
     <span class='ocr_line' id='line_1_102' title="bbox 1929 4566 3486 4647; baseline -0.002 -18"><span class='ocrx_word' id='word_1_724' title='bbox 1929 4569 2038 4630; x_wconf 92' lang='lat' dir='ltr'>Dei</span> <span class='ocrx_word' id='word_1_725' title='bbox 2088 4566 2571 4647; x_wconf 77' lang='lat' dir='ltr'>promulgantiS,</span> <span class='ocrx_word' id='word_1_726' title='bbox 2627 4567 2773 4646; x_wconf 86' lang='lat' dir='ltr'>quia</span> <span class='ocrx_word' id='word_1_727' title='bbox 2817 4572 2879 4628; x_wconf 87' lang='lat' dir='ltr'>et</span> <span class='ocrx_word' id='word_1_728' title='bbox 2928 4566 3187 4628; x_wconf 81' lang='lat' dir='ltr'>verbum</span> <span class='ocrx_word' id='word_1_729' title='bbox 3237 4568 3345 4627; x_wconf 91' lang='lat' dir='ltr'>Dei</span> <span class='ocrx_word' id='word_1_730' title='bbox 3394 4573 3486 4627; x_wconf 88' lang='lat' dir='ltr'>est</span> 
     </span>
     <span class='ocr_line' id='line_1_103' title="bbox 1930 4657 3479 4738; baseline -0.002 -16"><span class='ocrx_word' id='word_1_731' title='bbox 1930 4667 2232 4722; x_wconf 81' lang='lat' dir='ltr'>aeternum</span> <span class='ocrx_word' id='word_1_732' title='bbox 2253 4704 2274 4735; x_wconf 91' lang='lat'>,</span> <span class='ocrx_word' id='word_1_733' title='bbox 2310 4665 2374 4720; x_wconf 89' lang='lat' dir='ltr'>et</span> <span class='ocrx_word' id='word_1_734' title='bbox 2412 4660 2715 4738; x_wconf 88' lang='lat' dir='ltr'>scriptura</span> <span class='ocrx_word' id='word_1_735' title='bbox 2752 4657 2898 4720; x_wconf 92' lang='lat' dir='ltr'>libri</span> <span class='ocrx_word' id='word_1_736' title='bbox 2923 4660 3068 4720; x_wconf 81' lang='lat' dir='ltr'>vitae</span> <span class='ocrx_word' id='word_1_737' title='bbox 3104 4665 3195 4721; x_wconf 88' lang='lat' dir='ltr'>est</span> <span class='ocrx_word' id='word_1_738' title='bbox 3228 4664 3479 4721; x_wconf 82' lang='lat' dir='ltr'>aeterna.</span> 
     </span>
     <span class='ocr_line' id='line_1_104' title="bbox 1930 4752 3483 4833; baseline -0.001 -19"><span class='ocrx_word' id='word_1_739' title='bbox 1930 4754 2050 4815; x_wconf 90' lang='lat' dir='ltr'>Sed</span> <span class='ocrx_word' id='word_1_740' title='bbox 2090 4758 2307 4814; x_wconf 87' lang='lat' dir='ltr'>contra</span> <span class='ocrx_word' id='word_1_741' title='bbox 2347 4754 2623 4832; x_wconf 89' lang='lat' dir='ltr'>primum</span> <span class='ocrx_word' id='word_1_742' title='bbox 2663 4752 3042 4831; x_wconf 88' lang='lat' dir='ltr'>objiciuntur</span> <span class='ocrx_word' id='word_1_743' title='bbox 3073 4753 3290 4833; x_wconf 80' lang='lat' dir='ltr'>ailqui,</span> <span class='ocrx_word' id='word_1_744' title='bbox 3338 4753 3483 4831; x_wconf 83' lang='lat' dir='ltr'>quia</span> 
     </span>
     <span class='ocr_line' id='line_1_105' title="bbox 1929 4843 3483 4926; baseline -0.001 -20"><span class='ocrx_word' id='word_1_745' title='bbox 1929 4846 2249 4926; x_wconf 89' lang='lat' dir='ltr'>productio</span> <span class='ocrx_word' id='word_1_746' title='bbox 2288 4845 2459 4905; x_wconf 84' lang='lat' dir='ltr'>verbi</span> <span class='ocrx_word' id='word_1_747' title='bbox 2495 4862 2625 4905; x_wconf 92' lang='lat' dir='ltr'>non</span> <span class='ocrx_word' id='word_1_748' title='bbox 2664 4850 2756 4904; x_wconf 89' lang='grc'>631</span> <span class='ocrx_word' id='word_1_749' title='bbox 2793 4863 2904 4923; x_wconf 91' lang='lat' dir='ltr'>per</span> <span class='ocrx_word' id='word_1_750' title='bbox 2943 4864 3007 4905; x_wconf 91' lang='grc'>36</span> <span class='ocrx_word' id='word_1_751' title='bbox 3036 4846 3375 4906; x_wconf 88' lang='lat' dir='ltr'>necessaria</span> <span class='ocrx_word' id='word_1_752' title='bbox 3405 4843 3483 4905; x_wconf 90' lang='lat' dir='ltr'>ad</span> 
     </span>
     <span class='ocr_line' id='line_1_106' title="bbox 1928 4937 3481 5019; baseline -0.004 -18"><span class='ocrx_word' id='word_1_753' title='bbox 1928 4941 2130 5019; x_wconf 88' lang='lat' dir='ltr'>legem</span> <span class='ocrx_word' id='word_1_754' title='bbox 2157 4938 2289 5013; x_wconf 89' lang='lat' dir='ltr'>Dei,</span> <span class='ocrx_word' id='word_1_755' title='bbox 2306 4939 2454 5017; x_wconf 88' lang='lat' dir='ltr'>quia</span> <span class='ocrx_word' id='word_1_756' title='bbox 2467 4943 2562 4998; x_wconf 89' lang='lat' dir='ltr'>est</span> <span class='ocrx_word' id='word_1_757' title='bbox 2587 4937 2944 5016; x_wconf 83' lang='lat' dir='ltr'>personalis,</span> <span class='ocrx_word' id='word_1_758' title='bbox 2971 4956 3098 4997; x_wconf 91' lang='lat' dir='ltr'>non</span> <span class='ocrx_word' id='word_1_759' title='bbox 3125 4937 3481 5012; x_wconf 88' lang='lat' dir='ltr'>essentialis,</span> 
     </span>
     <span class='ocr_line' id='line_1_107' title="bbox 1930 5027 3474 5111; baseline -0.002 -19"><span class='ocrx_word' id='word_1_760' title='bbox 1930 5037 1994 5092; x_wconf 84' lang='lat' dir='ltr'>et</span> <span class='ocrx_word' id='word_1_761' title='bbox 2020 5032 2168 5111; x_wconf 90' lang='lat' dir='ltr'>quia</span> <span class='ocrx_word' id='word_1_762' title='bbox 2193 5030 2344 5090; x_wconf 90' lang='lat' dir='ltr'>alias</span> <span class='ocrx_word' id='word_1_763' title='bbox 2366 5030 2530 5108; x_wconf 85' lang='lat' dir='ltr'>solus</span> <span class='ocrx_word' id='word_1_764' title='bbox 2553 5030 2732 5111; x_wconf 80' lang='lat' dir='ltr'>Pater</span> <span class='ocrx_word' id='word_1_765' title='bbox 2761 5027 3207 5107; x_wconf 86' lang='lat' dir='ltr'>promulgasset</span> <span class='ocrx_word' id='word_1_766' title='bbox 3232 5029 3435 5107; x_wconf 88' lang='lat' dir='ltr'>legem</span> <span class='ocrx_word' id='word_1_767' title='bbox 3454 5073 3474 5104; x_wconf 98' lang='lat'>,</span> 
     </span>
     <span class='ocr_line' id='line_1_108' title="bbox 1932 5118 3480 5200; baseline -0.003 -15"><span class='ocrx_word' id='word_1_768' title='bbox 1932 5129 1995 5186; x_wconf 83' lang='lat' dir='ltr'>et</span> <span class='ocrx_word' id='word_1_769' title='bbox 2012 5128 2169 5185; x_wconf 87' lang='lat' dir='ltr'>esset</span> <span class='ocrx_word' id='word_1_770' title='bbox 2190 5122 2523 5200; x_wconf 88' lang='lat' dir='ltr'>legislator.</span> <span class='ocrx_word' id='word_1_771' title='bbox 2556 5120 2781 5179; x_wconf 88' lang='lat' dir='ltr'>Contra</span> <span class='ocrx_word' id='word_1_772' title='bbox 2800 5118 3143 5180; x_wconf 88' lang='lat' dir='ltr'>secundum</span> <span class='ocrx_word' id='word_1_773' title='bbox 3164 5121 3352 5181; x_wconf 90' lang='lat' dir='ltr'>etiam</span> <span class='ocrx_word' id='word_1_774' title='bbox 3374 5120 3480 5181; x_wconf 91' lang='lat' dir='ltr'>ob-</span> 
     </span>
     <span class='ocr_line' id='line_1_109' title="bbox 1925 5210 3479 5295; baseline -0.003 -18"><span class='ocrx_word' id='word_1_775' title='bbox 1925 5217 2161 5295; x_wconf 85' lang='lat' dir='ltr'>jicitur,</span> <span class='ocrx_word' id='word_1_776' title='bbox 2192 5214 2339 5294; x_wconf 88' lang='lat' dir='ltr'>quia</span> <span class='ocrx_word' id='word_1_777' title='bbox 2364 5229 2584 5292; x_wconf 90' lang='lat' dir='ltr'>parum</span> <span class='ocrx_word' id='word_1_778' title='bbox 2612 5211 2799 5271; x_wconf 82' lang='lat' dir='ltr'>refert</span> <span class='ocrx_word' id='word_1_779' title='bbox 2821 5210 3120 5290; x_wconf 88' lang='lat' dir='ltr'>scriptura</span> <span class='ocrx_word' id='word_1_780' title='bbox 3136 5213 3205 5274; x_wconf 90' lang='lat' dir='ltr'>in</span> <span class='ocrx_word' id='word_1_781' title='bbox 3224 5213 3479 5273; x_wconf 88' lang='lat' dir='ltr'>scientia</span> 
     </span>
     <span class='ocr_line' id='line_1_110' title="bbox 1931 5302 3481 5385; baseline -0.003 -16"><span class='ocrx_word' id='word_1_782' title='bbox 1931 5308 2041 5369; x_wconf 91' lang='lat' dir='ltr'>Dei</span> <span class='ocrx_word' id='word_1_783' title='bbox 2069 5307 2146 5367; x_wconf 86' lang='lat' dir='ltr'>ad</span> <span class='ocrx_word' id='word_1_784' title='bbox 2172 5303 2753 5385; x_wconf 86' lang='lat' dir='ltr'>promulgationem,</span> <span class='ocrx_word' id='word_1_785' title='bbox 2775 5304 2825 5363; x_wconf 93' lang='lat' dir='ltr'>si</span> <span class='ocrx_word' id='word_1_786' title='bbox 2854 5302 2964 5364; x_wconf 90' lang='lat' dir='ltr'>illa</span> <span class='ocrx_word' id='word_1_787' title='bbox 2984 5322 3111 5365; x_wconf 91' lang='lat' dir='ltr'>non</span> <span class='ocrx_word' id='word_1_788' title='bbox 3131 5305 3481 5380; x_wconf 87' lang='lat' dir='ltr'>innotescit,</span> 
     </span>
     <span class='ocr_line' id='line_1_111' title="bbox 1931 5395 3478 5478; baseline -0.003 -17"><span class='ocrx_word' id='word_1_789' title='bbox 1931 5418 2046 5461; x_wconf 92' lang='lat' dir='ltr'>nec</span> <span class='ocrx_word' id='word_1_790' title='bbox 2068 5404 2264 5478; x_wconf 87' lang='lat' dir='ltr'>potest</span> <span class='ocrx_word' id='word_1_791' title='bbox 2287 5398 2669 5457; x_wconf 86' lang='lat' dir='ltr'>innotescere</span> <span class='ocrx_word' id='word_1_792' title='bbox 2692 5395 2949 5457; x_wconf 89' lang='lat' dir='ltr'>subditis</span> <span class='ocrx_word' id='word_1_793' title='bbox 2976 5418 2993 5473; x_wconf 81' lang='lat'>3</span> <span class='ocrx_word' id='word_1_794' title='bbox 3034 5416 3181 5460; x_wconf 90' lang='lat' dir='ltr'>nam</span> <span class='ocrx_word' id='word_1_795' title='bbox 3208 5396 3478 5476; x_wconf 91' lang='lat' dir='ltr'>promul-</span> 
     </span>
     <span class='ocr_line' id='line_1_112' title="bbox 1931 5488 3483 5572; baseline -0.001 -20"><span class='ocrx_word' id='word_1_796' title='bbox 1931 5492 2097 5572; x_wconf 88' lang='lat' dir='ltr'>gatio</span> <span class='ocrx_word' id='word_1_797' title='bbox 2125 5489 2261 5551; x_wconf 83' lang='lat' dir='ltr'>fieri</span> <span class='ocrx_word' id='word_1_798' title='bbox 2299 5488 2479 5550; x_wconf 85' lang='lat' dir='ltr'>debet</span> <span class='ocrx_word' id='word_1_799' title='bbox 2509 5488 2605 5549; x_wconf 90' lang='lat' dir='ltr'>his</span> <span class='ocrx_word' id='word_1_800' title='bbox 2631 5488 2851 5569; x_wconf 85' lang='lat' dir='ltr'>quibus</span> <span class='ocrx_word' id='word_1_801' title='bbox 2878 5489 2980 5551; x_wconf 87' lang='lat' dir='ltr'>lex</span> <span class='ocrx_word' id='word_1_802' title='bbox 3007 5490 3382 5569; x_wconf 87' lang='lat' dir='ltr'>imponitur;</span> <span class='ocrx_word' id='word_1_803' title='bbox 3417 5496 3483 5550; x_wconf 87' lang='lat' dir='ltr'>at</span> 
     </span>
    </p>
   </div>
  </div>
 </body>
</html>
