<?xml version="1.0" encoding="UTF-8"?>
<!DOCTYPE html PUBLIC "-//W3C//DTD XHTML 1.0 Transitional//EN"
    "http://www.w3.org/TR/xhtml1/DTD/xhtml1-transitional.dtd">
<html xmlns="http://www.w3.org/1999/xhtml" xml:lang="en" lang="en">
 <head>
  <title>
</title>
<meta http-equiv="Content-Type" content="text/html;charset=utf-8" />
  <meta name='ocr-system' content='tesseract 3.04.00' />
  <meta name='ocr-capabilities' content='ocr_page ocr_carea ocr_par ocr_line ocrx_word'/>
</head>
<body>
  <div class='ocr_page' id='page_1' title='image "./rpfranciscisuar02duvagoog_0057.png"; bbox 0 0 3976 6219; ppageno 0'>
   <div class='ocr_carea' id='block_1_1' title="bbox 902 399 2683 459">
    <p class='ocr_par' dir='ltr' id='par_1_1' title="bbox 902 399 2683 459">
     <span class='ocr_line' id='line_1_1' title="bbox 902 399 2683 459; baseline 0.004 -9"><span class='ocrx_word' id='word_1_1' title='bbox 902 400 1037 451; x_wconf 81' lang='lat' dir='ltr'>CAP.</span> <span class='ocrx_word' id='word_1_2' title='bbox 1074 400 1159 451; x_wconf 76' lang='lat' dir='ltr'>lx.</span> <span class='ocrx_word' id='word_1_3' title='bbox 1195 400 1279 451; x_wconf 70' lang='lat' dir='ltr'>nt:</span> <span class='ocrx_word' id='word_1_4' title='bbox 1308 399 1469 453; x_wconf 78' lang='lat' dir='ltr'>ALus</span> <span class='ocrx_word' id='word_1_5' title='bbox 1502 401 1969 457; x_wconf 70' lang='lat' dir='ltr'>counmonmus</span> <span class='ocrx_word' id='word_1_6' title='bbox 2003 406 2181 459; x_wconf 86' lang='lat' dir='ltr'>LEGIS</span> <span class='ocrx_word' id='word_1_7' title='bbox 2213 406 2297 458; x_wconf 79' lang='lat' dir='ltr'>Ex</span> <span class='ocrx_word' id='word_1_8' title='bbox 2330 408 2388 459; x_wconf 85' lang='grc' dir='ltr'>Ι).</span> <span class='ocrx_word' id='word_1_9' title='bbox 2421 407 2683 459; x_wconf 75' lang='lat' dir='ltr'>lsmono.</span> 
     </span>
    </p>
   </div>
   <div class='ocr_carea' id='block_1_2' title="bbox 272 500 1780 5566">
    <p class='ocr_par' dir='ltr' id='par_1_2' title="bbox 272 500 1778 2703">
     <span class='ocr_line' id='line_1_2' title="bbox 294 500 1774 583; baseline -0.003 -15"><span class='ocrx_word' id='word_1_10' title='bbox 294 507 507 583; x_wconf 79' lang='lat' dir='ltr'>obligare</span> <span class='ocrx_word' id='word_1_11' title='bbox 532 508 733 563; x_wconf 80' lang='lat' dir='ltr'>contra</span> <span class='ocrx_word' id='word_1_12' title='bbox 756 500 959 579; x_wconf 83' lang='lat' dir='ltr'>legem</span> <span class='ocrx_word' id='word_1_13' title='bbox 992 507 1053 561; x_wconf 88' lang='lat' dir='ltr'>et</span> <span class='ocrx_word' id='word_1_14' title='bbox 1084 502 1464 562; x_wconf 84' lang='lat' dir='ltr'>voluntatem</span> <span class='ocrx_word' id='word_1_15' title='bbox 1500 504 1774 581; x_wconf 88' lang='lat' dir='ltr'>superio·</span> 
     </span>
     <span class='ocr_line' id='line_1_3' title="bbox 292 595 1777 673; baseline 0 -18"><span class='ocrx_word' id='word_1_16' title='bbox 292 602 379 673; x_wconf 82' lang='lat' dir='ltr'>ris;</span> <span class='ocrx_word' id='word_1_17' title='bbox 420 596 509 656; x_wconf 87' lang='lat' dir='ltr'>sed</span> <span class='ocrx_word' id='word_1_18' title='bbox 555 595 647 655; x_wconf 81' lang='lat' dir='ltr'>lex</span> <span class='ocrx_word' id='word_1_19' title='bbox 700 595 1059 672; x_wconf 82' lang='lat' dir='ltr'>praecipieus</span> <span class='ocrx_word' id='word_1_20' title='bbox 1113 612 1371 672; x_wconf 87' lang='lat' dir='ltr'>pravum</span> <span class='ocrx_word' id='word_1_21' title='bbox 1426 600 1633 654; x_wconf 88' lang='lat' dir='ltr'>actum</span> <span class='ocrx_word' id='word_1_22' title='bbox 1684 600 1777 655; x_wconf 86' lang='lat' dir='ltr'>est</span> 
     </span>
     <span class='ocr_line' id='line_1_4' title="bbox 292 686 1775 763; baseline -0.003 -13"><span class='ocrx_word' id='word_1_23' title='bbox 292 696 455 750; x_wconf 79' lang='lat' dir='ltr'>contra</span> <span class='ocrx_word' id='word_1_24' title='bbox 476 687 661 763; x_wconf 85' lang='lat' dir='ltr'>legem</span> <span class='ocrx_word' id='word_1_25' title='bbox 688 687 794 745; x_wconf 93' lang='lat' dir='ltr'>Dei</span> <span class='ocrx_word' id='word_1_26' title='bbox 819 686 1200 763; x_wconf 90' lang='lat' dir='ltr'>prohibentis</span> <span class='ocrx_word' id='word_1_27' title='bbox 1230 686 1406 745; x_wconf 90' lang='lat' dir='ltr'>illum</span> <span class='ocrx_word' id='word_1_28' title='bbox 1431 701 1446 743; x_wconf 72' lang='grc' dir='ltr'><em>τ</em></span> <span class='ocrx_word' id='word_1_29' title='bbox 1474 703 1620 763; x_wconf 87' lang='lat' dir='ltr'>ergo</span> <span class='ocrx_word' id='word_1_30' title='bbox 1649 705 1775 747; x_wconf 86' lang='lat' dir='ltr'>non</span> 
     </span>
     <span class='ocr_line' id='line_1_5' title="bbox 289 778 1775 863; baseline -0.001 -23"><span class='ocrx_word' id='word_1_31' title='bbox 289 788 437 863; x_wconf 84' lang='lat' dir='ltr'>potest</span> <span class='ocrx_word' id='word_1_32' title='bbox 460 778 735 856; x_wconf 85' lang='lat' dir='ltr'>obligare,</span> <span class='ocrx_word' id='word_1_33' title='bbox 764 780 915 856; x_wconf 87' lang='lat' dir='ltr'>quia</span> <span class='ocrx_word' id='word_1_34' title='bbox 950 778 1323 856; x_wconf 85' lang='lat' dir='ltr'>impossibile</span> <span class='ocrx_word' id='word_1_35' title='bbox 1364 784 1456 837; x_wconf 88' lang='lat' dir='ltr'>est</span> <span class='ocrx_word' id='word_1_36' title='bbox 1494 778 1775 839; x_wconf 88' lang='lat' dir='ltr'>homines</span> 
     </span>
     <span class='ocr_line' id='line_1_6' title="bbox 288 871 1775 949; baseline -0.001 -15.997"><span class='ocrx_word' id='word_1_37' title='bbox 288 874 427 935; x_wconf 78' lang='lat' dir='ltr'>simul</span> <span class='ocrx_word' id='word_1_38' title='bbox 458 871 699 947; x_wconf 82' lang='lat' dir='ltr'>obligari</span> <span class='ocrx_word' id='word_1_39' title='bbox 732 871 812 931; x_wconf 87' lang='lat' dir='ltr'>ad</span> <span class='ocrx_word' id='word_1_40' title='bbox 858 871 1169 947; x_wconf 80' lang='lat' dir='ltr'>agendum</span> <span class='ocrx_word' id='word_1_41' title='bbox 1212 876 1275 931; x_wconf 92' lang='lat' dir='ltr'>et</span> <span class='ocrx_word' id='word_1_42' title='bbox 1302 890 1428 931; x_wconf 90' lang='lat' dir='ltr'>non</span> <span class='ocrx_word' id='word_1_43' title='bbox 1460 873 1775 949; x_wconf 85' lang='lat' dir='ltr'>agendum</span> 
     </span>
     <span class='ocr_line' id='line_1_7' title="bbox 288 964 1774 1044; baseline -0.003 -15"><span class='ocrx_word' id='word_1_44' title='bbox 288 964 499 1044; x_wconf 78' lang='lat' dir='ltr'>aliquid.</span> <span class='ocrx_word' id='word_1_45' title='bbox 520 965 569 1022; x_wconf 87' lang='lat' dir='ltr'>si</span> <span class='ocrx_word' id='word_1_46' title='bbox 592 970 805 1023; x_wconf 87' lang='lat' dir='ltr'>autem</span> <span class='ocrx_word' id='word_1_47' title='bbox 822 983 977 1042; x_wconf 88' lang='lat' dir='ltr'>opus</span> <span class='ocrx_word' id='word_1_48' title='bbox 998 982 1255 1043; x_wconf 83' lang='lat' dir='ltr'>pravum</span> <span class='ocrx_word' id='word_1_49' title='bbox 1280 970 1368 1024; x_wconf 89' lang='lat' dir='ltr'>est</span> <span class='ocrx_word' id='word_1_50' title='bbox 1392 964 1774 1042; x_wconf 90' lang='lat' dir='ltr'>prohibitum</span> 
     </span>
     <span class='ocr_line' id='line_1_8' title="bbox 285 1056 1773 1137; baseline 0.001 -21"><span class='ocrx_word' id='word_1_51' title='bbox 285 1063 383 1137; x_wconf 74' lang='lat' dir='ltr'>lege</span> <span class='ocrx_word' id='word_1_52' title='bbox 414 1058 622 1131; x_wconf 81' lang='lat' dir='ltr'>divina,</span> <span class='ocrx_word' id='word_1_53' title='bbox 666 1074 797 1116; x_wconf 90' lang='lat' dir='ltr'>non</span> <span class='ocrx_word' id='word_1_54' title='bbox 835 1062 1035 1135; x_wconf 87' lang='lat' dir='ltr'>potest</span> <span class='ocrx_word' id='word_1_55' title='bbox 1072 1056 1171 1115; x_wconf 85' lang='lat' dir='ltr'>lex</span> <span class='ocrx_word' id='word_1_56' title='bbox 1203 1056 1513 1116; x_wconf 76' lang='lat' dir='ltr'>inferioris</span> <span class='ocrx_word' id='word_1_57' title='bbox 1554 1057 1773 1117; x_wconf 91' lang='lat' dir='ltr'>tollere</span> 
     </span>
     <span class='ocr_line' id='line_1_9' title="bbox 286 1148 1776 1228; baseline -0.003 -15"><span class='ocrx_word' id='word_1_58' title='bbox 286 1152 411 1213; x_wconf 81' lang='lat' dir='ltr'>illam</span> <span class='ocrx_word' id='word_1_59' title='bbox 432 1149 743 1228; x_wconf 84' lang='lat' dir='ltr'>superioris</span> <span class='ocrx_word' id='word_1_60' title='bbox 770 1148 1245 1225; x_wconf 79' lang='lat' dir='ltr'>obligationem.</span> <span class='ocrx_word' id='word_1_61' title='bbox 1266 1167 1416 1227; x_wconf 84' lang='lat' dir='ltr'>ergo</span> <span class='ocrx_word' id='word_1_62' title='bbox 1435 1166 1552 1209; x_wconf 90' lang='grc'><strong>1166</strong></span> <span class='ocrx_word' id='word_1_63' title='bbox 1577 1155 1776 1228; x_wconf 87' lang='lat' dir='ltr'>potest</span> 
     </span>
     <span class='ocr_line' id='line_1_10' title="bbox 284 1242 1776 1321; baseline 0 -17"><span class='ocrx_word' id='word_1_64' title='bbox 284 1246 509 1305; x_wconf 78' lang='lat' dir='ltr'>inducere</span> <span class='ocrx_word' id='word_1_65' title='bbox 544 1257 759 1301; x_wconf 85' lang='lat' dir='ltr'>suam:</span> <span class='ocrx_word' id='word_1_66' title='bbox 810 1260 959 1319; x_wconf 87' lang='lat' dir='ltr'>ergo</span> <span class='ocrx_word' id='word_1_67' title='bbox 998 1243 1133 1319; x_wconf 88' lang='lat' dir='ltr'>ejus</span> <span class='ocrx_word' id='word_1_68' title='bbox 1180 1242 1279 1302; x_wconf 81' lang='lat' dir='ltr'>lex</span> <span class='ocrx_word' id='word_1_69' title='bbox 1323 1242 1401 1301; x_wconf 89' lang='lat' dir='ltr'>de</span> <span class='ocrx_word' id='word_1_70' title='bbox 1442 1242 1549 1302; x_wconf 89' lang='lat' dir='ltr'>tali</span> <span class='ocrx_word' id='word_1_71' title='bbox 1591 1259 1776 1321; x_wconf 89' lang='lat' dir='ltr'>opere</span> 
     </span>
     <span class='ocr_line' id='line_1_11' title="bbox 284 1334 1777 1414; baseline -0.001 -17"><span class='ocrx_word' id='word_1_72' title='bbox 284 1355 373 1397; x_wconf 87' lang='lat' dir='ltr'>non</span> <span class='ocrx_word' id='word_1_73' title='bbox 394 1340 563 1414; x_wconf 87' lang='lat' dir='ltr'>potest</span> <span class='ocrx_word' id='word_1_74' title='bbox 594 1352 725 1395; x_wconf 89' lang='lat' dir='ltr'>esse</span> <span class='ocrx_word' id='word_1_75' title='bbox 754 1334 979 1395; x_wconf 79' lang='lat' dir='ltr'>valida.</span> <span class='ocrx_word' id='word_1_76' title='bbox 1010 1335 1085 1393; x_wconf 92' lang='lat' dir='ltr'>Et</span> <span class='ocrx_word' id='word_1_77' title='bbox 1113 1334 1191 1394; x_wconf 89' lang='lat' dir='ltr'>de</span> <span class='ocrx_word' id='word_1_78' title='bbox 1216 1334 1331 1393; x_wconf 92' lang='grc'><strong>1166</strong></span> <span class='ocrx_word' id='word_1_79' title='bbox 1351 1334 1595 1411; x_wconf 87' lang='lat' dir='ltr'>justitia</span> <span class='ocrx_word' id='word_1_80' title='bbox 1620 1335 1777 1412; x_wconf 87' lang='lat' dir='ltr'>legis</span> 
     </span>
     <span class='ocr_line' id='line_1_12' title="bbox 282 1425 1772 1506; baseline -0.003 -15"><span class='ocrx_word' id='word_1_81' title='bbox 282 1428 573 1506; x_wconf 78' lang='lat' dir='ltr'><strong>loquebatur</strong></span> <span class='ocrx_word' id='word_1_82' title='bbox 602 1427 1009 1505; x_wconf 78' lang='lat' dir='ltr'>Augustinus,</span> <span class='ocrx_word' id='word_1_83' title='bbox 1050 1427 1096 1487; x_wconf 91' lang='lat' dir='ltr'>l.</span> <span class='ocrx_word' id='word_1_84' title='bbox 1145 1429 1174 1485; x_wconf 80' lang='lat'><strong>1</strong></span> <span class='ocrx_word' id='word_1_85' title='bbox 1214 1425 1293 1486; x_wconf 90' lang='lat' dir='ltr'>de</span> <span class='ocrx_word' id='word_1_86' title='bbox 1319 1426 1512 1486; x_wconf 80' lang='lat' dir='ltr'>libero</span> <span class='ocrx_word' id='word_1_87' title='bbox 1546 1426 1772 1503; x_wconf 68' lang='lat' dir='ltr'>Arbit„</span> 
     </span>
     <span class='ocr_line' id='line_1_13' title="bbox 282 1519 1778 1599; baseline 0 -18"><span class='ocrx_word' id='word_1_88' title='bbox 282 1540 320 1581; x_wconf 86' lang='lat' dir='ltr'>e.</span> <span class='ocrx_word' id='word_1_89' title='bbox 339 1522 383 1593; x_wconf 79' lang='lat'>5,</span> <span class='ocrx_word' id='word_1_90' title='bbox 404 1536 523 1577; x_wconf 87' lang='lat' dir='ltr'>cum</span> <span class='ocrx_word' id='word_1_91' title='bbox 546 1519 701 1578; x_wconf 86' lang='lat' dir='ltr'>dixit</span> <span class='ocrx_word' id='word_1_92' title='bbox 724 1540 741 1577; x_wconf 78' lang='lat' dir='ltr'><strong><em>z</em></strong></span> <span class='ocrx_word' id='word_1_93' title='bbox 769 1520 940 1581; x_wconf 70' lang='lat' dir='ltr'>Mihi</span> <span class='ocrx_word' id='word_1_94' title='bbox 965 1520 1060 1580; x_wconf 68' lang='lat' dir='ltr'>lex</span> <span class='ocrx_word' id='word_1_95' title='bbox 1079 1538 1201 1581; x_wconf 71' lang='lat' dir='ltr'>ease</span> <span class='ocrx_word' id='word_1_96' title='bbox 1224 1538 1339 1579; x_wconf 74' lang='lat' dir='ltr'>non</span> <span class='ocrx_word' id='word_1_97' title='bbox 1360 1519 1618 1592; x_wconf 75' lang='lat' dir='ltr'>videtur,</span> <span class='ocrx_word' id='word_1_98' title='bbox 1646 1538 1778 1599; x_wconf 73' lang='lat' dir='ltr'>quoe</span> 
     </span>
     <span class='ocr_line' id='line_1_14' title="bbox 272 1610 1777 1691; baseline 0 -19"><span class='ocrx_word' id='word_1_99' title='bbox 272 1615 401 1691; x_wconf 72' lang='lat' dir='ltr'>justa</span> <span class='ocrx_word' id='word_1_100' title='bbox 431 1630 535 1671; x_wconf 68' lang='lat' dir='ltr'>aon</span> <span class='ocrx_word' id='word_1_101' title='bbox 556 1612 775 1689; x_wconf 73' lang='lat' dir='ltr'>fuerit.</span> <span class='ocrx_word' id='word_1_102' title='bbox 817 1612 893 1671; x_wconf 88' lang='lat' dir='ltr'>Et</span> <span class='ocrx_word' id='word_1_103' title='bbox 917 1611 993 1671; x_wconf 90' lang='lat' dir='ltr'>de</span> <span class='ocrx_word' id='word_1_104' title='bbox 1030 1611 1247 1671; x_wconf 89' lang='lat' dir='ltr'>eadem</span> <span class='ocrx_word' id='word_1_105' title='bbox 1282 1610 1547 1688; x_wconf 81' lang='lat' dir='ltr'>intelligi</span> <span class='ocrx_word' id='word_1_106' title='bbox 1580 1618 1777 1689; x_wconf 86' lang='lat' dir='ltr'>potest</span> 
     </span>
     <span class='ocr_line' id='line_1_15' title="bbox 282 1702 1777 1783; baseline 0 -20"><span class='ocrx_word' id='word_1_107' title='bbox 282 1704 399 1783; x_wconf 84' lang='lat' dir='ltr'>quod</span> <span class='ocrx_word' id='word_1_108' title='bbox 419 1702 549 1763; x_wconf 76' lang='lat' dir='ltr'>dicit</span> <span class='ocrx_word' id='word_1_109' title='bbox 576 1702 681 1765; x_wconf 91' lang='lat' dir='ltr'>lib.</span> <span class='ocrx_word' id='word_1_110' title='bbox 710 1704 791 1763; x_wconf 89' lang='lat' dir='ltr'>de</span> <span class='ocrx_word' id='word_1_111' title='bbox 819 1722 969 1763; x_wconf 84' lang='lat' dir='ltr'>vera</span> <span class='ocrx_word' id='word_1_112' title='bbox 994 1703 1223 1780; x_wconf 85' lang='lat' dir='ltr'>Relig.,</span> <span class='ocrx_word' id='word_1_113' title='bbox 1248 1720 1301 1762; x_wconf 90' lang='grc'>6.</span> <span class='ocrx_word' id='word_1_114' title='bbox 1335 1704 1405 1762; x_wconf 80' lang='lat'>31</span> <span class='ocrx_word' id='word_1_115' title='bbox 1436 1720 1453 1763; x_wconf 89' lang='lat'>:</span> <span class='ocrx_word' id='word_1_116' title='bbox 1488 1702 1777 1765; x_wconf 79' lang='lat' dir='ltr'>Conditor</span> 
     </span>
     <span class='ocr_line' id='line_1_16' title="bbox 282 1796 1769 1875; baseline 0 -18"><span class='ocrx_word' id='word_1_117' title='bbox 282 1799 421 1875; x_wconf 64' lang='lat' dir='ltr'>leym</span> <span class='ocrx_word' id='word_1_118' title='bbox 442 1796 872 1872; x_wconf 68' lang='lat' dir='ltr'>temporalium,</span> <span class='ocrx_word' id='word_1_119' title='bbox 902 1797 961 1857; x_wconf 75' lang='lat' dir='ltr'>si</span> <span class='ocrx_word' id='word_1_120' title='bbox 982 1796 1083 1855; x_wconf 77' lang='lat' dir='ltr'>vir</span> <span class='ocrx_word' id='word_1_121' title='bbox 1113 1796 1293 1856; x_wconf 78' lang='lat' dir='ltr'>bonus</span> <span class='ocrx_word' id='word_1_122' title='bbox 1319 1800 1404 1855; x_wconf 73' lang='lat' dir='ltr'>est</span> <span class='ocrx_word' id='word_1_123' title='bbox 1427 1799 1481 1856; x_wconf 75' lang='lat' dir='ltr'>ol</span> <span class='ocrx_word' id='word_1_124' title='bbox 1508 1796 1769 1872; x_wconf 72' lang='lat' dir='ltr'>sapien-5,</span> 
     </span>
     <span class='ocr_line' id='line_1_17' title="bbox 284 1888 1775 1965; baseline -0.001 -16"><span class='ocrx_word' id='word_1_125' title='bbox 284 1890 413 1965; x_wconf 71' lang='lat' dir='ltr'>leym</span> <span class='ocrx_word' id='word_1_126' title='bbox 446 1888 687 1949; x_wconf 73' lang='lat' dir='ltr'>consulit</span> <span class='ocrx_word' id='word_1_127' title='bbox 724 1893 1038 1961; x_wconf 78' lang='lat' dir='ltr'>oeternam,</span> <span class='ocrx_word' id='word_1_128' title='bbox 1076 1892 1147 1948; x_wconf 76' lang='lat' dir='ltr'>ut</span> <span class='ocrx_word' id='word_1_129' title='bbox 1176 1888 1488 1949; x_wconf 72' lang='lat' dir='ltr'>secundum</span> <span class='ocrx_word' id='word_1_130' title='bbox 1524 1888 1655 1965; x_wconf 76' lang='lat' dir='ltr'>ejus</span> <span class='ocrx_word' id='word_1_131' title='bbox 1680 1889 1775 1948; x_wconf 74' lang='lat' dir='ltr'>in-</span> 
     </span>
     <span class='ocr_line' id='line_1_18' title="bbox 282 1979 1771 2057; baseline -0.003 -14"><span class='ocrx_word' id='word_1_132' title='bbox 282 1979 647 2043; x_wconf 50' lang='lat' dir='ltr'>&amp;amabiles</span> <span class='ocrx_word' id='word_1_133' title='bbox 670 1979 947 2056; x_wconf 74' lang='lat' dir='ltr'>requlas,</span> <span class='ocrx_word' id='word_1_134' title='bbox 970 1980 1119 2057; x_wconf 73' lang='lat' dir='ltr'>quid</span> <span class='ocrx_word' id='word_1_135' title='bbox 1142 1980 1228 2039; x_wconf 73' lang='lat' dir='ltr'>sit</span> <span class='ocrx_word' id='word_1_136' title='bbox 1249 1996 1363 2056; x_wconf 80' lang='lat' dir='ltr'>pro</span> <span class='ocrx_word' id='word_1_137' title='bbox 1391 1983 1649 2056; x_wconf 76' lang='lat' dir='ltr'>tempore</span> <span class='ocrx_word' id='word_1_138' title='bbox 1674 1980 1771 2039; x_wconf 81' lang='lat' dir='ltr'>vi-</span> 
     </span>
     <span class='ocr_line' id='line_1_19' title="bbox 282 2068 1773 2149; baseline -0.003 -18"><span class='ocrx_word' id='word_1_139' title='bbox 282 2073 465 2131; x_wconf 69' lang='lat' dir='ltr'>tandm</span> <span class='ocrx_word' id='word_1_140' title='bbox 476 2071 911 2149; x_wconf 64' lang='lat' dir='ltr'>,iubentiumque</span> <span class='ocrx_word' id='word_1_141' title='bbox 936 2070 1258 2131; x_wconf 74' lang='lat' dir='ltr'>discernat.</span> <span class='ocrx_word' id='word_1_142' title='bbox 1290 2069 1463 2128; x_wconf 85' lang='lat' dir='ltr'>Unde</span> <span class='ocrx_word' id='word_1_143' title='bbox 1489 2070 1647 2128; x_wconf 89' lang='lat' dir='ltr'>sieut</span> <span class='ocrx_word' id='word_1_144' title='bbox 1672 2068 1773 2128; x_wconf 86' lang='lat' dir='ltr'>lex</span> 
     </span>
     <span class='ocr_line' id='line_1_20' title="bbox 280 2160 1773 2239; baseline -0.003 -17"><span class='ocrx_word' id='word_1_145' title='bbox 280 2170 451 2223; x_wconf 78' lang='lat' dir='ltr'>eterna</span> <span class='ocrx_word' id='word_1_146' title='bbox 472 2160 661 2220; x_wconf 86' lang='lat' dir='ltr'>solum</span> <span class='ocrx_word' id='word_1_147' title='bbox 678 2161 855 2238; x_wconf 87' lang='lat' dir='ltr'>justa</span> <span class='ocrx_word' id='word_1_148' title='bbox 872 2161 1173 2239; x_wconf 62' lang='lat' dir='ltr'>praecipit„</span> <span class='ocrx_word' id='word_1_149' title='bbox 1205 2160 1352 2239; x_wconf 83' lang='lat' dir='ltr'>quia</span> <span class='ocrx_word' id='word_1_150' title='bbox 1372 2164 1463 2219; x_wconf 90' lang='lat' dir='ltr'>est</span> <span class='ocrx_word' id='word_1_151' title='bbox 1488 2160 1619 2237; x_wconf 84' lang='lat' dir='ltr'>ipsa</span> <span class='ocrx_word' id='word_1_152' title='bbox 1646 2160 1773 2238; x_wconf 83' lang='lat' dir='ltr'>jus-</span> 
     </span>
     <span class='ocr_line' id='line_1_21' title="bbox 280 2256 1772 2335; baseline -0.001 -18"><span class='ocrx_word' id='word_1_153' title='bbox 280 2260 376 2317; x_wconf 82' lang='lat' dir='ltr'>titia</span> <span class='ocrx_word' id='word_1_154' title='bbox 396 2276 489 2335; x_wconf 84' lang='lat' dir='ltr'>per</span> <span class='ocrx_word' id='word_1_155' title='bbox 510 2258 862 2331; x_wconf 85' lang='lat' dir='ltr'>essentiam,</span> <span class='ocrx_word' id='word_1_156' title='bbox 892 2257 983 2315; x_wconf 87' lang='lat' dir='ltr'>ita</span> <span class='ocrx_word' id='word_1_157' title='bbox 1021 2274 1170 2317; x_wconf 83' lang='lat' dir='ltr'>vera</span> <span class='ocrx_word' id='word_1_158' title='bbox 1208 2256 1308 2316; x_wconf 84' lang='lat' dir='ltr'>lex</span> <span class='ocrx_word' id='word_1_159' title='bbox 1340 2256 1617 2315; x_wconf 86' lang='lat' dir='ltr'>humana</span> <span class='ocrx_word' id='word_1_160' title='bbox 1642 2272 1772 2316; x_wconf 86' lang='lat' dir='ltr'>esse</span> 
     </span>
     <span class='ocr_line' id='line_1_22' title="bbox 281 2349 1773 2428; baseline -0.003 -19"><span class='ocrx_word' id='word_1_161' title='bbox 281 2350 409 2411; x_wconf 85' lang='lat' dir='ltr'>debet</span> <span class='ocrx_word' id='word_1_162' title='bbox 438 2350 813 2428; x_wconf 84' lang='lat' dir='ltr'>participatio</span> <span class='ocrx_word' id='word_1_163' title='bbox 842 2349 999 2427; x_wconf 77' lang='lat' dir='ltr'>ejuS,</span> <span class='ocrx_word' id='word_1_164' title='bbox 1026 2354 1090 2408; x_wconf 89' lang='lat' dir='ltr'>et</span> <span class='ocrx_word' id='word_1_165' title='bbox 1116 2349 1255 2407; x_wconf 89' lang='lat' dir='ltr'>ideo</span> <span class='ocrx_word' id='word_1_166' title='bbox 1283 2365 1409 2415; x_wconf 90' lang='lat' dir='ltr'>non</span> <span class='ocrx_word' id='word_1_167' title='bbox 1435 2352 1635 2425; x_wconf 89' lang='lat' dir='ltr'>potest</span> <span class='ocrx_word' id='word_1_168' title='bbox 1666 2364 1773 2406; x_wconf 84' lang='lat' dir='ltr'>va-</span> 
     </span>
     <span class='ocr_line' id='line_1_23' title="bbox 280 2437 1772 2521; baseline -0.003 -20"><span class='ocrx_word' id='word_1_169' title='bbox 280 2443 363 2501; x_wconf 87' lang='lat' dir='ltr'>lide</span> <span class='ocrx_word' id='word_1_170' title='bbox 382 2443 681 2521; x_wconf 68' lang='lat' dir='ltr'>pmcipere</span> <span class='ocrx_word' id='word_1_171' title='bbox 708 2442 835 2501; x_wconf 87' lang='lat' dir='ltr'>nisi</span> <span class='ocrx_word' id='word_1_172' title='bbox 850 2442 1015 2519; x_wconf 86' lang='lat' dir='ltr'>justa</span> <span class='ocrx_word' id='word_1_173' title='bbox 1036 2445 1100 2500; x_wconf 88' lang='lat' dir='ltr'>et</span> <span class='ocrx_word' id='word_1_174' title='bbox 1120 2440 1396 2512; x_wconf 88' lang='lat' dir='ltr'>honesta,</span> <span class='ocrx_word' id='word_1_175' title='bbox 1415 2440 1599 2516; x_wconf 65' lang='lat' dir='ltr'>,iuxta</span> <span class='ocrx_word' id='word_1_176' title='bbox 1620 2437 1772 2497; x_wconf 92' lang='lat' dir='ltr'>illud</span> 
     </span>
     <span class='ocr_line' id='line_1_24' title="bbox 282 2530 1771 2611; baseline -0.001 -18"><span class='ocrx_word' id='word_1_177' title='bbox 282 2534 501 2593; x_wconf 77' lang='lat' dir='ltr'>Proverb.</span> <span class='ocrx_word' id='word_1_178' title='bbox 530 2534 602 2593; x_wconf 85' lang='lat'>8:</span> <span class='ocrx_word' id='word_1_179' title='bbox 644 2534 777 2595; x_wconf 79' lang='lat' dir='ltr'>Per</span> <span class='ocrx_word' id='word_1_180' title='bbox 812 2552 903 2594; x_wconf 76' lang='lat' dir='ltr'>me</span> <span class='ocrx_word' id='word_1_181' title='bbox 947 2550 1115 2610; x_wconf 70' lang='lat' dir='ltr'>reyes</span> <span class='ocrx_word' id='word_1_182' title='bbox 1162 2537 1439 2611; x_wconf 67' lang='lat' dir='ltr'>requam,</span> <span class='ocrx_word' id='word_1_183' title='bbox 1481 2537 1537 2592; x_wconf 79' lang='lat' dir='ltr'>el</span> <span class='ocrx_word' id='word_1_184' title='bbox 1576 2530 1771 2609; x_wconf 69' lang='lat' dir='ltr'>layum</span> 
     </span>
     <span class='ocr_line' id='line_1_25' title="bbox 282 2626 1102 2703; baseline -0.002 -16"><span class='ocrx_word' id='word_1_185' title='bbox 282 2628 536 2687; x_wconf 63' lang='lat' dir='ltr'>conditores</span> <span class='ocrx_word' id='word_1_186' title='bbox 548 2627 729 2703; x_wconf 74' lang='lat' dir='ltr'>justa</span> <span class='ocrx_word' id='word_1_187' title='bbox 764 2626 1102 2686; x_wconf 76' lang='lat' dir='ltr'>decernunt.</span> 
     </span>
    </p>

    <p class='ocr_par' dir='ltr' id='par_1_3' title="bbox 278 2716 1780 5566">
     <span class='ocr_line' id='line_1_26' title="bbox 334 2716 1772 2795; baseline 0 -18"><span class='ocrx_word' id='word_1_188' title='bbox 334 2721 380 2777; x_wconf 84' lang='lat'>5.</span> <span class='ocrx_word' id='word_1_189' title='bbox 396 2716 659 2789; x_wconf 70' lang='lat' dir='ltr'>Quomodo</span> <span class='ocrx_word' id='word_1_190' title='bbox 678 2723 859 2779; x_wconf 73' lang='lat' dir='ltr'>actus</span> <span class='ocrx_word' id='word_1_191' title='bbox 874 2722 1207 2794; x_wconf 68' lang='lat' dir='ltr'>praeceptus</span> <span class='ocrx_word' id='word_1_192' title='bbox 1220 2734 1329 2795; x_wconf 77' lang='lat' dir='ltr'>per</span> <span class='ocrx_word' id='word_1_193' title='bbox 1350 2716 1532 2795; x_wconf 70' lang='lat' dir='ltr'>leyem</span> <span class='ocrx_word' id='word_1_194' title='bbox 1560 2716 1772 2777; x_wconf 75' lang='lat' dir='ltr'>habeat</span> 
     </span>
     <span class='ocr_line' id='line_1_27' title="bbox 282 2807 1771 2888; baseline -0.001 -18"><span class='ocrx_word' id='word_1_195' title='bbox 282 2810 565 2871; x_wconf 67' lang='lat' dir='ltr'>honestatem</span> <span class='ocrx_word' id='word_1_196' title='bbox 598 2812 956 2887; x_wconf 74' lang='lat' dir='ltr'>positivam.</span> <span class='ocrx_word' id='word_1_197' title='bbox 988 2844 1069 2853; x_wconf 93' lang='lat'>—-</span> <span class='ocrx_word' id='word_1_198' title='bbox 1094 2809 1295 2888; x_wconf 83' lang='lat' dir='ltr'>Atque</span> <span class='ocrx_word' id='word_1_199' title='bbox 1328 2809 1477 2869; x_wconf 88' lang='lat' dir='ltr'>hinc</span> <span class='ocrx_word' id='word_1_200' title='bbox 1512 2807 1771 2869; x_wconf 88' lang='lat' dir='ltr'>ulterius</span> 
     </span>
     <span class='ocr_line' id='line_1_28' title="bbox 280 2901 1769 2979; baseline 0.001 -19"><span class='ocrx_word' id='word_1_201' title='bbox 280 2901 591 2960; x_wconf 81' lang='lat' dir='ltr'>concluditur</span> <span class='ocrx_word' id='word_1_202' title='bbox 616 2902 789 2961; x_wconf 86' lang='grc'><strong>116116</strong></span> <span class='ocrx_word' id='word_1_203' title='bbox 820 2901 1267 2978; x_wconf 82' lang='lat' dir='ltr'>conditionem,</span> <span class='ocrx_word' id='word_1_204' title='bbox 1301 2902 1487 2962; x_wconf 89' lang='lat' dir='ltr'>etiam</span> <span class='ocrx_word' id='word_1_205' title='bbox 1510 2901 1769 2979; x_wconf 81' lang='lat' dir='ltr'>positive</span> 
     </span>
     <span class='ocr_line' id='line_1_29' title="bbox 280 2993 1768 3072; baseline 0.002 -20"><span class='ocrx_word' id='word_1_206' title='bbox 280 2994 581 3053; x_wconf 77' lang='lat' dir='ltr'>intellectam</span> <span class='ocrx_word' id='word_1_207' title='bbox 609 3012 743 3055; x_wconf 88' lang='lat' dir='ltr'>esse</span> <span class='ocrx_word' id='word_1_208' title='bbox 774 2993 853 3054; x_wconf 90' lang='lat' dir='ltr'>de</span> <span class='ocrx_word' id='word_1_209' title='bbox 881 2996 1121 3054; x_wconf 85' lang='lat' dir='ltr'>ratione</span> <span class='ocrx_word' id='word_1_210' title='bbox 1145 2994 1325 3071; x_wconf 86' lang='grc'><strong>16315,</strong></span> <span class='ocrx_word' id='word_1_211' title='bbox 1343 2995 1623 3072; x_wconf 77' lang='lat' dir='ltr'>quamvis</span> <span class='ocrx_word' id='word_1_212' title='bbox 1641 3012 1768 3055; x_wconf 89' lang='lat' dir='ltr'>non</span> 
     </span>
     <span class='ocr_line' id='line_1_30' title="bbox 280 3087 1762 3168; baseline 0.001 -22"><span class='ocrx_word' id='word_1_213' title='bbox 280 3106 371 3146; x_wconf 90' lang='lat' dir='ltr'>uno</span> <span class='ocrx_word' id='word_1_214' title='bbox 407 3094 457 3148; x_wconf 90' lang='lat' dir='ltr'>et</span> <span class='ocrx_word' id='word_1_215' title='bbox 486 3088 697 3148; x_wconf 86' lang='lat' dir='ltr'>eodem</span> <span class='ocrx_word' id='word_1_216' title='bbox 742 3088 931 3148; x_wconf 90' lang='lat' dir='ltr'>modo</span> <span class='ocrx_word' id='word_1_217' title='bbox 966 3087 1227 3166; x_wconf 85' lang='lat' dir='ltr'>singulis</span> <span class='ocrx_word' id='word_1_218' title='bbox 1266 3088 1625 3168; x_wconf 87' lang='lat' dir='ltr'>applicanda</span> <span class='ocrx_word' id='word_1_219' title='bbox 1663 3090 1762 3150; x_wconf 89' lang='lat' dir='ltr'>sit.</span> 
     </span>
     <span class='ocr_line' id='line_1_31' title="bbox 280 3181 1769 3261; baseline 0.002 -21"><span class='ocrx_word' id='word_1_220' title='bbox 280 3181 557 3241; x_wconf 80' lang='lat' dir='ltr'>Declaratur</span> <span class='ocrx_word' id='word_1_221' title='bbox 584 3183 761 3260; x_wconf 90' lang='lat' dir='ltr'>prior</span> <span class='ocrx_word' id='word_1_222' title='bbox 796 3201 937 3260; x_wconf 88' lang='lat' dir='ltr'>pars</span> <span class='ocrx_word' id='word_1_223' title='bbox 966 3201 1041 3242; x_wconf 82' lang='lat' dir='ltr'>ex</span> <span class='ocrx_word' id='word_1_224' title='bbox 1072 3181 1477 3261; x_wconf 61' lang='lat' dir='ltr'>praecedenti:</span> <span class='ocrx_word' id='word_1_225' title='bbox 1526 3201 1674 3243; x_wconf 89' lang='lat' dir='ltr'>nam</span> <span class='ocrx_word' id='word_1_226' title='bbox 1718 3185 1769 3244; x_wconf 88' lang='lat' dir='ltr'>si</span> 
     </span>
     <span class='ocr_line' id='line_1_32' title="bbox 280 3275 1772 3355; baseline 0.001 -22"><span class='ocrx_word' id='word_1_227' title='bbox 280 3281 403 3332; x_wconf 82' lang='lat' dir='ltr'>attus</span> <span class='ocrx_word' id='word_1_228' title='bbox 422 3281 751 3353; x_wconf 62' lang='lat' dir='ltr'>praeceptus</span> <span class='ocrx_word' id='word_1_229' title='bbox 789 3293 915 3334; x_wconf 90' lang='lat' dir='ltr'>non</span> <span class='ocrx_word' id='word_1_230' title='bbox 956 3281 1045 3334; x_wconf 90' lang='lat' dir='ltr'>est</span> <span class='ocrx_word' id='word_1_231' title='bbox 1086 3275 1285 3334; x_wconf 88' lang='lat' dir='ltr'>malus</span> <span class='ocrx_word' id='word_1_232' title='bbox 1328 3275 1406 3334; x_wconf 89' lang='lat' dir='ltr'>de</span> <span class='ocrx_word' id='word_1_233' title='bbox 1434 3293 1522 3350; x_wconf 87' lang='lat' dir='ltr'>se,</span> <span class='ocrx_word' id='word_1_234' title='bbox 1570 3283 1631 3336; x_wconf 90' lang='lat' dir='ltr'>et</span> <span class='ocrx_word' id='word_1_235' title='bbox 1660 3295 1772 3355; x_wconf 87' lang='lat' dir='ltr'>per</span> 
     </span>
     <span class='ocr_line' id='line_1_33' title="bbox 280 3367 1771 3445; baseline 0.001 -21"><span class='ocrx_word' id='word_1_236' title='bbox 280 3369 579 3443; x_wconf 85' lang='lat' dir='ltr'>superiorem</span> <span class='ocrx_word' id='word_1_237' title='bbox 602 3367 988 3445; x_wconf 67' lang='lat' dir='ltr'>praecipitur,</span> <span class='ocrx_word' id='word_1_238' title='bbox 1028 3384 1103 3426; x_wconf 90' lang='lat' dir='ltr'>eo</span> <span class='ocrx_word' id='word_1_239' title='bbox 1129 3367 1263 3444; x_wconf 90' lang='lat' dir='ltr'>ipso</span> <span class='ocrx_word' id='word_1_240' title='bbox 1290 3372 1489 3444; x_wconf 88' lang='lat' dir='ltr'>potest</span> <span class='ocrx_word' id='word_1_241' title='bbox 1515 3367 1771 3427; x_wconf 79' lang='lat' dir='ltr'>honeste</span> 
     </span>
     <span class='ocr_line' id='line_1_34' title="bbox 279 3458 1771 3537; baseline 0 -20"><span class='ocrx_word' id='word_1_242' title='bbox 279 3459 505 3528; x_wconf 79' lang='lat' dir='ltr'>exerceri,</span> <span class='ocrx_word' id='word_1_243' title='bbox 546 3460 687 3536; x_wconf 87' lang='lat' dir='ltr'>quia</span> <span class='ocrx_word' id='word_1_244' title='bbox 715 3477 797 3518; x_wconf 86' lang='lat' dir='ltr'>ex</span> <span class='ocrx_word' id='word_1_245' title='bbox 831 3458 897 3519; x_wconf 87' lang='lat' dir='ltr'>vi</span> <span class='ocrx_word' id='word_1_246' title='bbox 924 3459 1211 3536; x_wconf 81' lang='lat' dir='ltr'>praecepti</span> <span class='ocrx_word' id='word_1_247' title='bbox 1243 3458 1463 3536; x_wconf 87' lang='lat' dir='ltr'>recipit</span> <span class='ocrx_word' id='word_1_248' title='bbox 1498 3459 1771 3537; x_wconf 89' lang='lat' dir='ltr'>aliquam</span> 
     </span>
     <span class='ocr_line' id='line_1_35' title="bbox 279 3550 1772 3628; baseline 0.001 -20"><span class='ocrx_word' id='word_1_249' title='bbox 279 3551 613 3625; x_wconf 70' lang='lat' dir='ltr'>honestatem,</span> <span class='ocrx_word' id='word_1_250' title='bbox 650 3551 904 3612; x_wconf 86' lang='lat' dir='ltr'>etiamsi</span> <span class='ocrx_word' id='word_1_251' title='bbox 932 3550 1009 3610; x_wconf 89' lang='lat' dir='ltr'>de</span> <span class='ocrx_word' id='word_1_252' title='bbox 1055 3568 1119 3610; x_wconf 91' lang='lat' dir='ltr'>se</span> <span class='ocrx_word' id='word_1_253' title='bbox 1150 3550 1324 3610; x_wconf 90' lang='lat' dir='ltr'>illam</span> <span class='ocrx_word' id='word_1_254' title='bbox 1369 3567 1497 3610; x_wconf 90' lang='lat' dir='ltr'>non</span> <span class='ocrx_word' id='word_1_255' title='bbox 1530 3569 1772 3628; x_wconf 85' lang='lat' dir='ltr'>semper</span> 
     </span>
     <span class='ocr_line' id='line_1_36' title="bbox 278 3641 1771 3704; baseline 0.001 -4"><span class='ocrx_word' id='word_1_256' title='bbox 278 3641 465 3702; x_wconf 85' lang='lat' dir='ltr'>haheat.</span> <span class='ocrx_word' id='word_1_257' title='bbox 502 3643 663 3703; x_wconf 89' lang='lat' dir='ltr'>Sicut</span> <span class='ocrx_word' id='word_1_258' title='bbox 694 3643 870 3704; x_wconf 90' lang='lat' dir='ltr'>enim</span> <span class='ocrx_word' id='word_1_259' title='bbox 894 3649 1067 3702; x_wconf 88' lang='lat' dir='ltr'>actus</span> <span class='ocrx_word' id='word_1_260' title='bbox 1106 3642 1183 3701; x_wconf 89' lang='lat' dir='ltr'>de</span> <span class='ocrx_word' id='word_1_261' title='bbox 1228 3661 1291 3703; x_wconf 88' lang='lat' dir='ltr'>se</span> <span class='ocrx_word' id='word_1_262' title='bbox 1320 3660 1446 3702; x_wconf 90' lang='lat' dir='ltr'>non</span> <span class='ocrx_word' id='word_1_263' title='bbox 1475 3641 1673 3702; x_wconf 88' lang='lat' dir='ltr'>malus</span> <span class='ocrx_word' id='word_1_264' title='bbox 1699 3641 1771 3702; x_wconf 86' lang='lat' dir='ltr'>fit</span> 
     </span>
     <span class='ocr_line' id='line_1_37' title="bbox 280 3733 1767 3814; baseline 0.001 -21"><span class='ocrx_word' id='word_1_265' title='bbox 280 3735 429 3794; x_wconf 85' lang='lat' dir='ltr'>malus</span> <span class='ocrx_word' id='word_1_266' title='bbox 462 3755 563 3814; x_wconf 89' lang='lat' dir='ltr'>per</span> <span class='ocrx_word' id='word_1_267' title='bbox 596 3737 831 3814; x_wconf 83' lang='lat' dir='ltr'>justam</span> <span class='ocrx_word' id='word_1_268' title='bbox 872 3733 1353 3814; x_wconf 90' lang='lat' dir='ltr'>prohibitionem</span> <span class='ocrx_word' id='word_1_269' title='bbox 1394 3735 1767 3813; x_wconf 88' lang='lat' dir='ltr'>superioris:</span> 
     </span>
     <span class='ocr_line' id='line_1_38' title="bbox 279 3827 1771 3905; baseline 0.001 -21"><span class='ocrx_word' id='word_1_270' title='bbox 279 3827 341 3885; x_wconf 84' lang='lat' dir='ltr'>ita</span> <span class='ocrx_word' id='word_1_271' title='bbox 362 3835 503 3888; x_wconf 83' lang='lat' dir='ltr'>actus</span> <span class='ocrx_word' id='word_1_272' title='bbox 533 3829 607 3888; x_wconf 90' lang='lat' dir='ltr'>de</span> <span class='ocrx_word' id='word_1_273' title='bbox 646 3847 713 3888; x_wconf 88' lang='lat' dir='ltr'>se</span> <span class='ocrx_word' id='word_1_274' title='bbox 756 3846 883 3888; x_wconf 91' lang='lat' dir='ltr'>non</span> <span class='ocrx_word' id='word_1_275' title='bbox 912 3828 1133 3903; x_wconf 84' lang='grc'><strong>11611115,</strong></span> <span class='ocrx_word' id='word_1_276' title='bbox 1178 3845 1381 3905; x_wconf 90' lang='lat' dir='ltr'>neque</span> <span class='ocrx_word' id='word_1_277' title='bbox 1408 3827 1628 3900; x_wconf 89' lang='lat' dir='ltr'>malus,</span> <span class='ocrx_word' id='word_1_278' title='bbox 1660 3844 1771 3905; x_wconf 91' lang='lat' dir='ltr'>per</span> 
     </span>
     <span class='ocr_line' id='line_1_39' title="bbox 279 3919 1770 4000; baseline 0.001 -22"><span class='ocrx_word' id='word_1_279' title='bbox 279 3919 428 3996; x_wconf 78' lang='lat' dir='ltr'>legem</span> <span class='ocrx_word' id='word_1_280' title='bbox 464 3922 917 4000; x_wconf 58' lang='lat' dir='ltr'>praecipientem</span> <span class='ocrx_word' id='word_1_281' title='bbox 954 3921 1115 4000; x_wconf 85' lang='lat' dir='ltr'>juste</span> <span class='ocrx_word' id='word_1_282' title='bbox 1154 3919 1263 3981; x_wconf 90' lang='lat' dir='ltr'>fiet</span> <span class='ocrx_word' id='word_1_283' title='bbox 1304 3920 1538 3980; x_wconf 85' lang='lat' dir='ltr'>bonus:</span> <span class='ocrx_word' id='word_1_284' title='bbox 1578 3925 1641 3979; x_wconf 89' lang='lat' dir='ltr'>et</span> <span class='ocrx_word' id='word_1_285' title='bbox 1682 3919 1770 3979; x_wconf 87' lang='lat' dir='ltr'>ita</span> 
     </span>
     <span class='ocr_line' id='line_1_40' title="bbox 280 4011 1768 4091; baseline 0.001 -21"><span class='ocrx_word' id='word_1_286' title='bbox 280 4029 461 4089; x_wconf 77' lang='lat' dir='ltr'>semper</span> <span class='ocrx_word' id='word_1_287' title='bbox 476 4013 569 4073; x_wconf 86' lang='lat' dir='ltr'>lex</span> <span class='ocrx_word' id='word_1_288' title='bbox 596 4020 688 4074; x_wconf 75' lang='lat' dir='ltr'>est</span> <span class='ocrx_word' id='word_1_289' title='bbox 726 4013 807 4073; x_wconf 90' lang='lat' dir='ltr'>de</span> <span class='ocrx_word' id='word_1_290' title='bbox 836 4013 1001 4073; x_wconf 90' lang='lat' dir='ltr'>bono</span> <span class='ocrx_word' id='word_1_291' title='bbox 1038 4017 1206 4088; x_wconf 88' lang='lat' dir='ltr'>actu,</span> <span class='ocrx_word' id='word_1_292' title='bbox 1232 4012 1381 4091; x_wconf 91' lang='lat' dir='ltr'>quia</span> <span class='ocrx_word' id='word_1_293' title='bbox 1406 4013 1505 4073; x_wconf 84' lang='lat' dir='ltr'>vel</span> <span class='ocrx_word' id='word_1_294' title='bbox 1533 4011 1768 4072; x_wconf 90' lang='lat' dir='ltr'>bonum</span> 
     </span>
     <span class='ocr_line' id='line_1_41' title="bbox 282 4104 1772 4184; baseline 0.001 -23"><span class='ocrx_word' id='word_1_295' title='bbox 282 4106 533 4182; x_wconf 84' lang='lat' dir='ltr'>supponit,</span> <span class='ocrx_word' id='word_1_296' title='bbox 569 4107 669 4166; x_wconf 84' lang='lat' dir='ltr'>vel</span> <span class='ocrx_word' id='word_1_297' title='bbox 714 4105 885 4166; x_wconf 81' lang='lat' dir='ltr'>facit.</span> <span class='ocrx_word' id='word_1_298' title='bbox 936 4107 1013 4165; x_wconf 88' lang='lat' dir='ltr'>Et</span> <span class='ocrx_word' id='word_1_299' title='bbox 1050 4105 1139 4165; x_wconf 88' lang='lat' dir='ltr'>ita</span> <span class='ocrx_word' id='word_1_300' title='bbox 1184 4109 1425 4165; x_wconf 90' lang='lat' dir='ltr'>constat</span> <span class='ocrx_word' id='word_1_301' title='bbox 1470 4104 1772 4184; x_wconf 85' lang='lat' dir='ltr'>posterior</span> 
     </span>
     <span class='ocr_line' id='line_1_42' title="bbox 282 4197 1770 4278; baseline -0.001 -23"><span class='ocrx_word' id='word_1_302' title='bbox 282 4213 399 4273; x_wconf 82' lang='lat' dir='ltr'>pars.</span> <span class='ocrx_word' id='word_1_303' title='bbox 422 4200 561 4258; x_wconf 82' lang='lat' dir='ltr'>Nam</span> <span class='ocrx_word' id='word_1_304' title='bbox 586 4205 763 4260; x_wconf 87' lang='lat' dir='ltr'>actus</span> <span class='ocrx_word' id='word_1_305' title='bbox 789 4199 1073 4278; x_wconf 78' lang='lat' dir='ltr'>praecepti</span> <span class='ocrx_word' id='word_1_306' title='bbox 1094 4216 1207 4277; x_wconf 91' lang='lat' dir='ltr'>per</span> <span class='ocrx_word' id='word_1_307' title='bbox 1224 4197 1426 4275; x_wconf 85' lang='lat' dir='ltr'>legem</span> <span class='ocrx_word' id='word_1_308' title='bbox 1456 4197 1770 4257; x_wconf 87' lang='lat' dir='ltr'>interdum</span> 
     </span>
     <span class='ocr_line' id='line_1_43' title="bbox 284 4287 1771 4367; baseline 0.001 -21"><span class='ocrx_word' id='word_1_309' title='bbox 284 4297 641 4367; x_wconf 79' lang='lat' dir='ltr'>supponuntur</span> <span class='ocrx_word' id='word_1_310' title='bbox 674 4290 832 4351; x_wconf 89' lang='lat' dir='ltr'>boni</span> <span class='ocrx_word' id='word_1_311' title='bbox 858 4297 921 4350; x_wconf 91' lang='lat' dir='ltr'>et</span> <span class='ocrx_word' id='word_1_312' title='bbox 946 4290 1187 4350; x_wconf 85' lang='lat' dir='ltr'>honesti</span> <span class='ocrx_word' id='word_1_313' title='bbox 1214 4289 1291 4350; x_wconf 93' lang='lat' dir='ltr'>de</span> <span class='ocrx_word' id='word_1_314' title='bbox 1334 4307 1419 4364; x_wconf 92' lang='lat' dir='ltr'>se,</span> <span class='ocrx_word' id='word_1_315' title='bbox 1449 4294 1514 4349; x_wconf 90' lang='lat' dir='ltr'>et</span> <span class='ocrx_word' id='word_1_316' title='bbox 1534 4307 1647 4366; x_wconf 86' lang='lat' dir='ltr'>per</span> <span class='ocrx_word' id='word_1_317' title='bbox 1682 4287 1771 4348; x_wconf 88' lang='lat' dir='ltr'>le-</span> 
     </span>
     <span class='ocr_line' id='line_1_44' title="bbox 284 4379 1773 4461; baseline 0 -23"><span class='ocrx_word' id='word_1_318' title='bbox 284 4397 383 4455; x_wconf 83' lang='lat' dir='ltr'>gem</span> <span class='ocrx_word' id='word_1_319' title='bbox 404 4384 690 4461; x_wconf 85' lang='lat' dir='ltr'>accipiunt</span> <span class='ocrx_word' id='word_1_320' title='bbox 716 4387 965 4442; x_wconf 82' lang='lat' dir='ltr'>tantum</span> <span class='ocrx_word' id='word_1_321' title='bbox 992 4381 1417 4442; x_wconf 87' lang='lat' dir='ltr'>necessitatem</span> <span class='ocrx_word' id='word_1_322' title='bbox 1450 4384 1513 4440; x_wconf 89' lang='lat' dir='ltr'>et</span> <span class='ocrx_word' id='word_1_323' title='bbox 1539 4379 1773 4456; x_wconf 87' lang='lat' dir='ltr'>obliga-</span> 
     </span>
     <span class='ocr_line' id='line_1_45' title="bbox 284 4471 1773 4553; baseline 0.002 -24"><span class='ocrx_word' id='word_1_324' title='bbox 284 4471 480 4548; x_wconf 81' lang='lat' dir='ltr'>tionem,</span> <span class='ocrx_word' id='word_1_325' title='bbox 506 4476 649 4553; x_wconf 85' lang='lat' dir='ltr'>quia</span> <span class='ocrx_word' id='word_1_326' title='bbox 670 4481 859 4535; x_wconf 84' lang='lat' dir='ltr'>antea</span> <span class='ocrx_word' id='word_1_327' title='bbox 882 4481 1059 4534; x_wconf 87' lang='lat' dir='ltr'>erant</span> <span class='ocrx_word' id='word_1_328' title='bbox 1086 4473 1441 4547; x_wconf 86' lang='lat' dir='ltr'>voluntarii,</span> <span class='ocrx_word' id='word_1_329' title='bbox 1468 4477 1531 4532; x_wconf 92' lang='lat' dir='ltr'>et</span> <span class='ocrx_word' id='word_1_330' title='bbox 1558 4491 1773 4532; x_wconf 92' lang='lat' dir='ltr'>eorum</span> 
     </span>
     <span class='ocr_line' id='line_1_46' title="bbox 285 4563 1775 4645; baseline 0.003 -25"><span class='ocrx_word' id='word_1_331' title='bbox 285 4563 473 4624; x_wconf 78' lang='lat' dir='ltr'>omissio</span> <span class='ocrx_word' id='word_1_332' title='bbox 503 4583 623 4626; x_wconf 89' lang='lat' dir='ltr'>non</span> <span class='ocrx_word' id='word_1_333' title='bbox 652 4571 788 4626; x_wconf 88' lang='lat' dir='ltr'>erat</span> <span class='ocrx_word' id='word_1_334' title='bbox 815 4566 1019 4626; x_wconf 85' lang='lat' dir='ltr'>mala:</span> <span class='ocrx_word' id='word_1_335' title='bbox 1048 4572 1186 4645; x_wconf 85' lang='lat' dir='ltr'>post</span> <span class='ocrx_word' id='word_1_336' title='bbox 1214 4565 1407 4626; x_wconf 83' lang='lat' dir='ltr'>latam</span> <span class='ocrx_word' id='word_1_337' title='bbox 1444 4569 1653 4623; x_wconf 86' lang='lat' dir='ltr'>autem</span> <span class='ocrx_word' id='word_1_338' title='bbox 1688 4565 1775 4624; x_wconf 91' lang='lat' dir='ltr'>le-</span> 
     </span>
     <span class='ocr_line' id='line_1_47' title="bbox 286 4655 1777 4734; baseline -0.001 -18"><span class='ocrx_word' id='word_1_339' title='bbox 286 4670 389 4730; x_wconf 75' lang='lat' dir='ltr'>gem</span> <span class='ocrx_word' id='word_1_340' title='bbox 418 4657 647 4718; x_wconf 84' lang='lat' dir='ltr'>omissio</span> <span class='ocrx_word' id='word_1_341' title='bbox 684 4659 757 4718; x_wconf 83' lang='lat' dir='ltr'>fit</span> <span class='ocrx_word' id='word_1_342' title='bbox 784 4658 975 4734; x_wconf 86' lang='lat' dir='ltr'>mala,</span> <span class='ocrx_word' id='word_1_343' title='bbox 1015 4664 1080 4718; x_wconf 90' lang='lat' dir='ltr'>et</span> <span class='ocrx_word' id='word_1_344' title='bbox 1103 4663 1275 4718; x_wconf 88' lang='lat' dir='ltr'>actus</span> <span class='ocrx_word' id='word_1_345' title='bbox 1300 4655 1375 4715; x_wconf 91' lang='lat' dir='ltr'>fit</span> <span class='ocrx_word' id='word_1_346' title='bbox 1402 4655 1777 4716; x_wconf 89' lang='lat' dir='ltr'>necessarius</span> 
     </span>
     <span class='ocr_line' id='line_1_48' title="bbox 288 4747 1777 4830; baseline 0.001 -25"><span class='ocrx_word' id='word_1_347' title='bbox 288 4749 341 4805; x_wconf 77' lang='lat' dir='ltr'>ad</span> <span class='ocrx_word' id='word_1_348' title='bbox 360 4749 735 4828; x_wconf 75' lang='lat' dir='ltr'>honestatem,</span> <span class='ocrx_word' id='word_1_349' title='bbox 760 4758 834 4811; x_wconf 87' lang='lat' dir='ltr'>ut</span> <span class='ocrx_word' id='word_1_350' title='bbox 855 4757 1025 4830; x_wconf 89' lang='lat' dir='ltr'>patet</span> <span class='ocrx_word' id='word_1_351' title='bbox 1051 4751 1127 4811; x_wconf 87' lang='lat' dir='ltr'>de</span> <span class='ocrx_word' id='word_1_352' title='bbox 1152 4755 1293 4810; x_wconf 88' lang='lat' dir='ltr'>actu</span> <span class='ocrx_word' id='word_1_353' title='bbox 1318 4747 1613 4809; x_wconf 87' lang='lat' dir='ltr'>audiendi</span> <span class='ocrx_word' id='word_1_354' title='bbox 1635 4748 1777 4808; x_wconf 89' lang='lat' dir='ltr'>Mis-</span> 
     </span>
     <span class='ocr_line' id='line_1_49' title="bbox 288 4840 1777 4920; baseline 0 -20"><span class='ocrx_word' id='word_1_355' title='bbox 288 4842 743 4920; x_wconf 77' lang='lat' dir='ltr'>sam,jejunandi,</span> <span class='ocrx_word' id='word_1_356' title='bbox 771 4843 872 4903; x_wconf 81' lang='lat' dir='ltr'>vel</span> <span class='ocrx_word' id='word_1_357' title='bbox 898 4841 1227 4903; x_wconf 76' lang='lat' dir='ltr'>similibus,</span> <span class='ocrx_word' id='word_1_358' title='bbox 1257 4840 1602 4919; x_wconf 80' lang='lat' dir='ltr'>Aliquando</span> <span class='ocrx_word' id='word_1_359' title='bbox 1629 4857 1777 4900; x_wconf 81' lang='lat' dir='ltr'>vero</span> 
     </span>
     <span class='ocr_line' id='line_1_50' title="bbox 290 4927 1776 5013; baseline 0.003 -26"><span class='ocrx_word' id='word_1_360' title='bbox 290 4927 361 4990; x_wconf 83' lang='lat' dir='ltr'>lex</span> <span class='ocrx_word' id='word_1_361' title='bbox 394 4932 553 4993; x_wconf 88' lang='lat' dir='ltr'>datur</span> <span class='ocrx_word' id='word_1_362' title='bbox 590 4935 667 4994; x_wconf 89' lang='lat' dir='ltr'>de</span> <span class='ocrx_word' id='word_1_363' title='bbox 706 4953 890 5013; x_wconf 89' lang='lat' dir='ltr'>opere</span> <span class='ocrx_word' id='word_1_364' title='bbox 931 4935 1009 4994; x_wconf 91' lang='lat' dir='ltr'>de</span> <span class='ocrx_word' id='word_1_365' title='bbox 1037 4951 1102 4995; x_wconf 90' lang='lat' dir='ltr'>se</span> <span class='ocrx_word' id='word_1_366' title='bbox 1141 4931 1555 5007; x_wconf 78' lang='lat' dir='ltr'>indifferente,</span> <span class='ocrx_word' id='word_1_367' title='bbox 1587 4937 1657 4991; x_wconf 88' lang='lat' dir='ltr'>ut</span> <span class='ocrx_word' id='word_1_368' title='bbox 1697 4933 1776 4992; x_wconf 90' lang='lat' dir='ltr'>de</span> 
     </span>
     <span class='ocr_line' id='line_1_51' title="bbox 290 5019 1775 5102; baseline 0.003 -22"><span class='ocrx_word' id='word_1_369' title='bbox 290 5019 519 5100; x_wconf 82' lang='lat' dir='ltr'>ferendis,</span> <span class='ocrx_word' id='word_1_370' title='bbox 544 5029 641 5088; x_wconf 81' lang='lat' dir='ltr'>vel</span> <span class='ocrx_word' id='word_1_371' title='bbox 668 5046 792 5088; x_wconf 91' lang='lat' dir='ltr'>non</span> <span class='ocrx_word' id='word_1_372' title='bbox 826 5027 1098 5088; x_wconf 88' lang='lat' dir='ltr'>ferendis</span> <span class='ocrx_word' id='word_1_373' title='bbox 1128 5025 1316 5086; x_wconf 90' lang='lat' dir='ltr'>armis</span> <span class='ocrx_word' id='word_1_374' title='bbox 1352 5023 1461 5084; x_wconf 90' lang='lat' dir='ltr'>tali</span> <span class='ocrx_word' id='word_1_375' title='bbox 1498 5031 1775 5102; x_wconf 87' lang='lat' dir='ltr'>tempore</span> 
     </span>
     <span class='ocr_line' id='line_1_52' title="bbox 294 5114 1776 5194; baseline 0.003 -23"><span class='ocrx_word' id='word_1_376' title='bbox 294 5121 369 5172; x_wconf 84' lang='lat' dir='ltr'>aut</span> <span class='ocrx_word' id='word_1_377' title='bbox 393 5115 523 5184; x_wconf 85' lang='lat' dir='ltr'>loco.</span> <span class='ocrx_word' id='word_1_378' title='bbox 552 5125 612 5179; x_wconf 88' lang='lat' dir='ltr'>et</span> <span class='ocrx_word' id='word_1_379' title='bbox 636 5119 962 5194; x_wconf 87' lang='lat' dir='ltr'>similibus,</span> <span class='ocrx_word' id='word_1_380' title='bbox 992 5125 1056 5180; x_wconf 89' lang='lat' dir='ltr'>et</span> <span class='ocrx_word' id='word_1_381' title='bbox 1086 5125 1237 5178; x_wconf 91' lang='lat' dir='ltr'>tunc</span> <span class='ocrx_word' id='word_1_382' title='bbox 1270 5123 1447 5177; x_wconf 87' lang='lat' dir='ltr'>actus</span> <span class='ocrx_word' id='word_1_383' title='bbox 1478 5114 1552 5175; x_wconf 91' lang='lat' dir='ltr'>fit</span> <span class='ocrx_word' id='word_1_384' title='bbox 1578 5115 1776 5175; x_wconf 90' lang='lat' dir='ltr'>bonus</span> 
     </span>
     <span class='ocr_line' id='line_1_53' title="bbox 295 5208 1777 5286; baseline 0.002 -23"><span class='ocrx_word' id='word_1_385' title='bbox 295 5211 413 5265; x_wconf 78' lang='lat' dir='ltr'>etex</span> <span class='ocrx_word' id='word_1_386' title='bbox 436 5209 709 5286; x_wconf 86' lang='lat' dir='ltr'>efficacia,</span> <span class='ocrx_word' id='word_1_387' title='bbox 740 5219 801 5272; x_wconf 90' lang='lat' dir='ltr'>et</span> <span class='ocrx_word' id='word_1_388' title='bbox 838 5230 916 5272; x_wconf 86' lang='lat' dir='ltr'>ex</span> <span class='ocrx_word' id='word_1_389' title='bbox 954 5211 1080 5270; x_wconf 88' lang='lat' dir='ltr'>fine</span> <span class='ocrx_word' id='word_1_390' title='bbox 1111 5210 1288 5286; x_wconf 88' lang='lat' dir='ltr'>legis,</span> <span class='ocrx_word' id='word_1_391' title='bbox 1327 5225 1465 5286; x_wconf 83' lang='lat' dir='ltr'>quoe</span> <span class='ocrx_word' id='word_1_392' title='bbox 1489 5208 1777 5268; x_wconf 84' lang='lat' dir='ltr'>honestas</span> 
     </span>
     <span class='ocr_line' id='line_1_54' title="bbox 297 5297 1779 5380; baseline 0.001 -23"><span class='ocrx_word' id='word_1_393' title='bbox 297 5297 541 5361; x_wconf 81' lang='lat' dir='ltr'>ordinarie</span> <span class='ocrx_word' id='word_1_394' title='bbox 574 5305 833 5380; x_wconf 86' lang='lat' dir='ltr'>pertinet</span> <span class='ocrx_word' id='word_1_395' title='bbox 860 5303 940 5362; x_wconf 91' lang='lat' dir='ltr'>ad</span> <span class='ocrx_word' id='word_1_396' title='bbox 978 5303 1249 5380; x_wconf 80' lang='lat' dir='ltr'>aliquam</span> <span class='ocrx_word' id='word_1_397' title='bbox 1280 5300 1610 5379; x_wconf 86' lang='lat' dir='ltr'>specialem</span> <span class='ocrx_word' id='word_1_398' title='bbox 1653 5299 1779 5359; x_wconf 78' lang='lat' dir='ltr'>vir-</span> 
     </span>
     <span class='ocr_line' id='line_1_55' title="bbox 298 5391 1780 5500; baseline 0.003 -54"><span class='ocrx_word' id='word_1_399' title='bbox 298 5393 445 5450; x_wconf 68' lang='lat' dir='ltr'>tutem</span> <span class='ocrx_word' id='word_1_400' title='bbox 466 5393 631 5468; x_wconf 85' lang='lat' dir='ltr'>juxta</span> <span class='ocrx_word' id='word_1_401' title='bbox 660 5396 1062 5500; x_wconf 75' lang='lat' dir='ltr'>capacitatem</span> <span class='ocrx_word' id='word_1_402' title='bbox 1103 5392 1375 5453; x_wconf 83' lang='lat' dir='ltr'>materiae</span> <span class='ocrx_word' id='word_1_403' title='bbox 1403 5393 1471 5451; x_wconf 91' lang='lat' dir='ltr'>in</span> <span class='ocrx_word' id='word_1_404' title='bbox 1512 5409 1636 5470; x_wconf 88' lang='lat' dir='ltr'>qua</span> <span class='ocrx_word' id='word_1_405' title='bbox 1680 5391 1780 5451; x_wconf 86' lang='lat' dir='ltr'>lex</span> 
     </span>
     <span class='ocr_line' id='line_1_56' title="bbox 300 5483 1779 5566; baseline 0 -24"><span class='ocrx_word' id='word_1_406' title='bbox 300 5489 550 5562; x_wconf 68' lang='grc'><strong>1615611113</strong></span> <span class='ocrx_word' id='word_1_407' title='bbox 574 5487 715 5566; x_wconf 87' lang='lat' dir='ltr'>quia</span> <span class='ocrx_word' id='word_1_408' title='bbox 739 5489 804 5548; x_wconf 90' lang='lat' dir='ltr'>in</span> <span class='ocrx_word' id='word_1_409' title='bbox 831 5488 939 5548; x_wconf 88' lang='lat' dir='ltr'>illa</span> <span class='ocrx_word' id='word_1_410' title='bbox 967 5485 1284 5546; x_wconf 76' lang='lat' dir='ltr'>constituit</span> <span class='ocrx_word' id='word_1_411' title='bbox 1314 5483 1433 5545; x_wconf 87' lang='grc'><strong>1616</strong></span> <span class='ocrx_word' id='word_1_412' title='bbox 1478 5483 1779 5558; x_wconf 80' lang='lat' dir='ltr'>modium,</span> 
     </span>
    </p>
   </div>
   <div class='ocr_carea' id='block_1_3' title="bbox 1847 503 3422 5552">
    <p class='ocr_par' dir='ltr' id='par_1_4' title="bbox 1852 503 3416 1134">
     <span class='ocr_line' id='line_1_57' title="bbox 1854 503 3415 585; baseline 0.001 -22"><span class='ocrx_word' id='word_1_413' title='bbox 1854 505 2012 565; x_wconf 88' lang='grc'><strong>111111</strong></span> <span class='ocrx_word' id='word_1_414' title='bbox 2036 505 2174 585; x_wconf 85' lang='lat' dir='ltr'>lege</span> <span class='ocrx_word' id='word_1_415' title='bbox 2195 506 2446 585; x_wconf 79' lang='lat' dir='ltr'>jejunii,</span> <span class='ocrx_word' id='word_1_416' title='bbox 2479 524 2587 567; x_wconf 90' lang='lat' dir='ltr'>seu</span> <span class='ocrx_word' id='word_1_417' title='bbox 2611 504 2975 584; x_wconf 85' lang='lat' dir='ltr'>prohibente</span> <span class='ocrx_word' id='word_1_418' title='bbox 2997 522 3108 584; x_wconf 89' lang='lat' dir='ltr'>pro</span> <span class='ocrx_word' id='word_1_419' title='bbox 3126 503 3237 565; x_wconf 87' lang='lat' dir='ltr'>tali</span> <span class='ocrx_word' id='word_1_420' title='bbox 3259 510 3415 565; x_wconf 87' lang='lat' dir='ltr'>tem-</span> 
     </span>
     <span class='ocr_line' id='line_1_58' title="bbox 1853 597 3415 675; baseline 0 -18"><span class='ocrx_word' id='word_1_421' title='bbox 1853 616 2000 675; x_wconf 90' lang='lat' dir='ltr'>pore</span> <span class='ocrx_word' id='word_1_422' title='bbox 2033 617 2218 658; x_wconf 89' lang='lat' dir='ltr'>usum</span> <span class='ocrx_word' id='word_1_423' title='bbox 2256 600 2475 659; x_wconf 89' lang='lat' dir='ltr'>talium</span> <span class='ocrx_word' id='word_1_424' title='bbox 2518 599 2796 660; x_wconf 90' lang='lat' dir='ltr'>ciborum</span> <span class='ocrx_word' id='word_1_425' title='bbox 2835 598 2911 658; x_wconf 90' lang='lat' dir='ltr'>de</span> <span class='ocrx_word' id='word_1_426' title='bbox 2947 617 3012 658; x_wconf 88' lang='lat' dir='ltr'>se</span> <span class='ocrx_word' id='word_1_427' title='bbox 3059 597 3415 657; x_wconf 81' lang='lat' dir='ltr'>indifferen-</span> 
     </span>
     <span class='ocr_line' id='line_1_59' title="bbox 1852 690 3415 771; baseline 0.001 -22"><span class='ocrx_word' id='word_1_428' title='bbox 1852 691 2038 764; x_wconf 91' lang='lat' dir='ltr'>tium,</span> <span class='ocrx_word' id='word_1_429' title='bbox 2079 696 2141 751; x_wconf 92' lang='lat' dir='ltr'>et</span> <span class='ocrx_word' id='word_1_430' title='bbox 2166 690 2505 751; x_wconf 87' lang='lat' dir='ltr'>similibus:</span> <span class='ocrx_word' id='word_1_431' title='bbox 2554 709 3005 769; x_wconf 89' lang='lat' dir='ltr'>nonnunquam</span> <span class='ocrx_word' id='word_1_432' title='bbox 3043 709 3189 750; x_wconf 84' lang='lat' dir='ltr'>vero</span> <span class='ocrx_word' id='word_1_433' title='bbox 3220 696 3415 771; x_wconf 83' lang='lat' dir='ltr'>potest</span> 
     </span>
     <span class='ocr_line' id='line_1_60' title="bbox 1855 782 3414 860; baseline 0.001 -19"><span class='ocrx_word' id='word_1_434' title='bbox 1855 783 2166 860; x_wconf 88' lang='lat' dir='ltr'>pertinere</span> <span class='ocrx_word' id='word_1_435' title='bbox 2201 782 2280 843; x_wconf 89' lang='lat' dir='ltr'>ad</span> <span class='ocrx_word' id='word_1_436' title='bbox 2309 784 2501 843; x_wconf 90' lang='lat' dir='ltr'>solam</span> <span class='ocrx_word' id='word_1_437' title='bbox 2534 784 2973 856; x_wconf 83' lang='lat' dir='ltr'>obedientiam,</span> <span class='ocrx_word' id='word_1_438' title='bbox 2994 782 3090 842; x_wconf 85' lang='lat' dir='ltr'>vel</span> <span class='ocrx_word' id='word_1_439' title='bbox 3113 782 3414 859; x_wconf 87' lang='lat' dir='ltr'>justitiam</span> 
     </span>
     <span class='ocr_line' id='line_1_61' title="bbox 1854 871 3416 952; baseline 0.003 -21"><span class='ocrx_word' id='word_1_440' title='bbox 1854 871 2141 950; x_wconf 79' lang='lat' dir='ltr'>legalem,</span> <span class='ocrx_word' id='word_1_441' title='bbox 2164 879 2233 933; x_wconf 94' lang='lat' dir='ltr'>ut</span> <span class='ocrx_word' id='word_1_442' title='bbox 2260 875 2486 952; x_wconf 87' lang='grc'><strong>1111636</strong></span> <span class='ocrx_word' id='word_1_443' title='bbox 2516 875 2881 952; x_wconf 87' lang='lat' dir='ltr'>prohibente</span> <span class='ocrx_word' id='word_1_444' title='bbox 2908 874 3070 934; x_wconf 85' lang='lat' dir='ltr'>ferre</span> <span class='ocrx_word' id='word_1_445' title='bbox 3099 892 3293 949; x_wconf 88' lang='lat' dir='ltr'>arma,</span> <span class='ocrx_word' id='word_1_446' title='bbox 3315 874 3416 935; x_wconf 86' lang='lat' dir='ltr'>vel</span> 
     </span>
     <span class='ocr_line' id='line_1_62' title="bbox 1854 963 3415 1044; baseline 0.003 -21"><span class='ocrx_word' id='word_1_447' title='bbox 1854 963 1977 1024; x_wconf 90' lang='lat' dir='ltr'>alia</span> <span class='ocrx_word' id='word_1_448' title='bbox 1997 964 2244 1025; x_wconf 87' lang='lat' dir='ltr'>similia.</span> <span class='ocrx_word' id='word_1_449' title='bbox 2265 966 2371 1026; x_wconf 85' lang='lat' dir='ltr'>His</span> <span class='ocrx_word' id='word_1_450' title='bbox 2393 984 2542 1044; x_wconf 89' lang='lat' dir='ltr'>ergo</span> <span class='ocrx_word' id='word_1_451' title='bbox 2563 966 2761 1026; x_wconf 87' lang='lat' dir='ltr'>modis</span> <span class='ocrx_word' id='word_1_452' title='bbox 2781 967 2962 1027; x_wconf 89' lang='lat' dir='ltr'>debet</span> <span class='ocrx_word' id='word_1_453' title='bbox 2979 967 3076 1026; x_wconf 84' lang='lat' dir='ltr'>lex</span> <span class='ocrx_word' id='word_1_454' title='bbox 3103 984 3231 1027; x_wconf 89' lang='lat' dir='ltr'>esse</span> <span class='ocrx_word' id='word_1_455' title='bbox 3246 967 3415 1044; x_wconf 87' lang='lat' dir='ltr'>justa</span> 
     </span>
     <span class='ocr_line' id='line_1_63' title="bbox 1854 1060 2448 1134; baseline 0.002 -17"><span class='ocrx_word' id='word_1_456' title='bbox 1854 1075 1931 1117; x_wconf 85' lang='lat' dir='ltr'>ex</span> <span class='ocrx_word' id='word_1_457' title='bbox 1954 1063 2128 1134; x_wconf 77' lang='lat' dir='ltr'>parte</span> <span class='ocrx_word' id='word_1_458' title='bbox 2155 1060 2448 1118; x_wconf 73' lang='lat' dir='ltr'>materiae.</span> 
     </span>
    </p>

    <p class='ocr_par' dir='ltr' id='par_1_5' title="bbox 1847 1148 3416 3902">
     <span class='ocr_line' id='line_1_64' title="bbox 1934 1148 3414 1230; baseline 0.001 -23"><span class='ocrx_word' id='word_1_459' title='bbox 1934 1149 1996 1208; x_wconf 88' lang='grc'>6.</span> <span class='ocrx_word' id='word_1_460' title='bbox 2025 1148 2314 1224; x_wconf 76' lang='lat' dir='ltr'>Quomodo</span> <span class='ocrx_word' id='word_1_461' title='bbox 2342 1151 2436 1211; x_wconf 76' lang='lat' dir='ltr'>leoe</span> <span class='ocrx_word' id='word_1_462' title='bbox 2458 1168 2590 1230; x_wconf 77' lang='lat' dir='ltr'>quoe</span> <span class='ocrx_word' id='word_1_463' title='bbox 2610 1155 2888 1212; x_wconf 71' lang='lat' dir='ltr'>versatur</span> <span class='ocrx_word' id='word_1_464' title='bbox 2909 1151 3068 1211; x_wconf 81' lang='lat' dir='ltr'>circa</span> <span class='ocrx_word' id='word_1_465' title='bbox 3097 1150 3246 1209; x_wconf 78' lang='lat' dir='ltr'>mali</span> <span class='ocrx_word' id='word_1_466' title='bbox 3265 1166 3414 1227; x_wconf 81' lang='lat' dir='ltr'>per-</span> 
     </span>
     <span class='ocr_line' id='line_1_65' title="bbox 1856 1240 3416 1320; baseline 0.001 -21"><span class='ocrx_word' id='word_1_467' title='bbox 1856 1240 2194 1301; x_wconf 75' lang='lat' dir='ltr'>missionem</span> <span class='ocrx_word' id='word_1_468' title='bbox 2237 1242 2322 1303; x_wconf 76' lang='lat' dir='ltr'>sit</span> <span class='ocrx_word' id='word_1_469' title='bbox 2339 1242 2542 1320; x_wconf 79' lang='lat' dir='ltr'>justa.</span> <span class='ocrx_word' id='word_1_470' title='bbox 2591 1272 2674 1289; x_wconf 90' lang='lat'>--</span> <span class='ocrx_word' id='word_1_471' title='bbox 2714 1244 2920 1302; x_wconf 90' lang='lat' dir='ltr'>Posset</span> <span class='ocrx_word' id='word_1_472' title='bbox 2954 1259 3099 1303; x_wconf 82' lang='lat' dir='ltr'>vero</span> <span class='ocrx_word' id='word_1_473' title='bbox 3133 1241 3236 1300; x_wconf 91' lang='lat' dir='ltr'>hic</span> <span class='ocrx_word' id='word_1_474' title='bbox 3279 1240 3416 1301; x_wconf 89' lang='lat' dir='ltr'>fieri</span> 
     </span>
     <span class='ocr_line' id='line_1_66' title="bbox 1857 1333 3415 1416; baseline 0.002 -25"><span class='ocrx_word' id='word_1_475' title='bbox 1857 1333 2119 1411; x_wconf 83' lang='lat' dir='ltr'>obJ&#39;ectio</span> <span class='ocrx_word' id='word_1_476' title='bbox 2148 1334 2222 1395; x_wconf 93' lang='lat' dir='ltr'>de</span> <span class='ocrx_word' id='word_1_477' title='bbox 2264 1334 2400 1413; x_wconf 90' lang='grc'><strong>1636</strong></span> <span class='ocrx_word' id='word_1_478' title='bbox 2435 1335 2711 1396; x_wconf 86' lang='lat' dir='ltr'>humana</span> <span class='ocrx_word' id='word_1_479' title='bbox 2737 1337 3131 1416; x_wconf 84' lang='lat' dir='ltr'>permittente</span> <span class='ocrx_word' id='word_1_480' title='bbox 3163 1334 3415 1414; x_wconf 87' lang='lat' dir='ltr'>aliquod</span> 
     </span>
     <span class='ocr_line' id='line_1_67' title="bbox 1858 1424 3414 1506; baseline 0.001 -23"><span class='ocrx_word' id='word_1_481' title='bbox 1858 1424 2116 1496; x_wconf 88' lang='lat' dir='ltr'>malum,</span> <span class='ocrx_word' id='word_1_482' title='bbox 2147 1444 2284 1503; x_wconf 77' lang='lat' dir='ltr'>quae</span> <span class='ocrx_word' id='word_1_483' title='bbox 2305 1445 2432 1487; x_wconf 90' lang='lat' dir='ltr'>non</span> <span class='ocrx_word' id='word_1_484' title='bbox 2467 1428 2714 1488; x_wconf 84' lang='lat' dir='ltr'>videtur</span> <span class='ocrx_word' id='word_1_485' title='bbox 2747 1446 2876 1487; x_wconf 89' lang='lat' dir='ltr'>esse</span> <span class='ocrx_word' id='word_1_486' title='bbox 2913 1427 2988 1487; x_wconf 88' lang='lat' dir='ltr'>de</span> <span class='ocrx_word' id='word_1_487' title='bbox 3017 1445 3082 1486; x_wconf 90' lang='lat' dir='ltr'>re</span> <span class='ocrx_word' id='word_1_488' title='bbox 3107 1428 3297 1506; x_wconf 87' lang='lat' dir='ltr'>justa.</span> <span class='ocrx_word' id='word_1_489' title='bbox 3331 1427 3414 1485; x_wconf 91' lang='lat' dir='ltr'>De</span> 
     </span>
     <span class='ocr_line' id='line_1_68' title="bbox 1856 1516 3412 1599; baseline 0.001 -24"><span class='ocrx_word' id='word_1_490' title='bbox 1856 1534 1979 1594; x_wconf 88' lang='lat' dir='ltr'>qua</span> <span class='ocrx_word' id='word_1_491' title='bbox 2010 1516 2366 1578; x_wconf 87' lang='lat' dir='ltr'>difficultate</span> <span class='ocrx_word' id='word_1_492' title='bbox 2393 1520 2663 1599; x_wconf 88' lang='lat' dir='ltr'>captiose</span> <span class='ocrx_word' id='word_1_493' title='bbox 2695 1520 2968 1599; x_wconf 87' lang='lat' dir='ltr'>disputat</span> <span class='ocrx_word' id='word_1_494' title='bbox 3009 1520 3412 1597; x_wconf 83' lang='lat' dir='ltr'>Augustinus,</span> 
     </span>
     <span class='ocr_line' id='line_1_69' title="bbox 1855 1610 3415 1693; baseline 0.003 -24"><span class='ocrx_word' id='word_1_495' title='bbox 1855 1610 1918 1669; x_wconf 90' lang='lat' dir='ltr'>d.</span> <span class='ocrx_word' id='word_1_496' title='bbox 1950 1611 2061 1670; x_wconf 91' lang='lat' dir='ltr'>lib.</span> <span class='ocrx_word' id='word_1_497' title='bbox 2091 1615 2122 1672; x_wconf 86' lang='lat'><strong>1</strong></span> <span class='ocrx_word' id='word_1_498' title='bbox 2174 1612 2250 1672; x_wconf 90' lang='lat' dir='ltr'>de</span> <span class='ocrx_word' id='word_1_499' title='bbox 2278 1612 2455 1674; x_wconf 89' lang='lat' dir='ltr'>liber.</span> <span class='ocrx_word' id='word_1_500' title='bbox 2486 1615 2744 1691; x_wconf 85' lang='lat' dir='ltr'>Arbitr.,</span> <span class='ocrx_word' id='word_1_501' title='bbox 2777 1634 2912 1693; x_wconf 82' lang='lat' dir='ltr'>cap.</span> <span class='ocrx_word' id='word_1_502' title='bbox 2941 1616 2978 1675; x_wconf 80' lang='lat'>5</span> <span class='ocrx_word' id='word_1_503' title='bbox 3005 1621 3066 1675; x_wconf 88' lang='lat' dir='ltr'>et</span> <span class='ocrx_word' id='word_1_504' title='bbox 3090 1616 3152 1683; x_wconf 87' lang='grc'>6,</span> <span class='ocrx_word' id='word_1_505' title='bbox 3171 1619 3231 1673; x_wconf 93' lang='grc'>61</span> <span class='ocrx_word' id='word_1_506' title='bbox 3251 1613 3415 1673; x_wconf 83' lang='lat' dir='ltr'>infra</span> 
     </span>
     <span class='ocr_line' id='line_1_70' title="bbox 1856 1701 3412 1768; baseline 0.001 -7"><span class='ocrx_word' id='word_1_507' title='bbox 1856 1701 1933 1762; x_wconf 86' lang='lat' dir='ltr'>de</span> <span class='ocrx_word' id='word_1_508' title='bbox 1961 1704 2068 1763; x_wconf 91' lang='lat' dir='ltr'>illa</span> <span class='ocrx_word' id='word_1_509' title='bbox 2090 1705 2318 1764; x_wconf 89' lang='lat' dir='ltr'>redibit</span> <span class='ocrx_word' id='word_1_510' title='bbox 2343 1724 2566 1766; x_wconf 81' lang='lat' dir='ltr'>sermo,</span> <span class='ocrx_word' id='word_1_511' title='bbox 2617 1708 2793 1767; x_wconf 88' lang='lat' dir='ltr'>Nunc</span> <span class='ocrx_word' id='word_1_512' title='bbox 2819 1706 3091 1768; x_wconf 87' lang='lat' dir='ltr'>breviter</span> <span class='ocrx_word' id='word_1_513' title='bbox 3117 1706 3255 1765; x_wconf 88' lang='grc'><strong>(1166</strong></span> <span class='ocrx_word' id='word_1_514' title='bbox 3283 1722 3412 1763; x_wconf 88' lang='grc'><strong>1116-</strong></span> 
     </span>
     <span class='ocr_line' id='line_1_71' title="bbox 1852 1795 3413 1877; baseline 0.002 -24"><span class='ocrx_word' id='word_1_515' title='bbox 1852 1795 2074 1855; x_wconf 89' lang='lat' dir='ltr'>teriam</span> <span class='ocrx_word' id='word_1_516' title='bbox 2104 1796 2269 1857; x_wconf 91' lang='lat' dir='ltr'>illius</span> <span class='ocrx_word' id='word_1_517' title='bbox 2297 1799 2450 1875; x_wconf 86' lang='lat' dir='ltr'>legis</span> <span class='ocrx_word' id='word_1_518' title='bbox 2477 1816 2604 1858; x_wconf 90' lang='lat' dir='ltr'>non</span> <span class='ocrx_word' id='word_1_519' title='bbox 2651 1816 2781 1859; x_wconf 89' lang='lat' dir='ltr'>esse</span> <span class='ocrx_word' id='word_1_520' title='bbox 2821 1816 2976 1877; x_wconf 92' lang='lat' dir='ltr'>opus</span> <span class='ocrx_word' id='word_1_521' title='bbox 3005 1798 3265 1872; x_wconf 83' lang='lat' dir='ltr'>malum,</span> <span class='ocrx_word' id='word_1_522' title='bbox 3306 1796 3413 1856; x_wconf 88' lang='lat' dir='ltr'>sed</span> 
     </span>
     <span class='ocr_line' id='line_1_72' title="bbox 1850 1887 3413 1969; baseline 0.001 -24"><span class='ocrx_word' id='word_1_523' title='bbox 1850 1887 2320 1964; x_wconf 86' lang='lat' dir='ltr'>permissionem</span> <span class='ocrx_word' id='word_1_524' title='bbox 2349 1891 2519 1967; x_wconf 84' lang='lat' dir='ltr'>ejus:</span> <span class='ocrx_word' id='word_1_525' title='bbox 2546 1890 3013 1969; x_wconf 88' lang='lat' dir='ltr'>permissionem</span> <span class='ocrx_word' id='word_1_526' title='bbox 3038 1896 3244 1949; x_wconf 86' lang='lat' dir='ltr'>autem</span> <span class='ocrx_word' id='word_1_527' title='bbox 3269 1907 3413 1966; x_wconf 88' lang='lat' dir='ltr'>ope-</span> 
     </span>
     <span class='ocr_line' id='line_1_73' title="bbox 1852 1979 3412 2062; baseline 0.001 -23"><span class='ocrx_word' id='word_1_528' title='bbox 1852 1979 1937 2039; x_wconf 89' lang='lat' dir='ltr'>ris</span> <span class='ocrx_word' id='word_1_529' title='bbox 1976 1981 2127 2041; x_wconf 88' lang='lat' dir='ltr'>mali</span> <span class='ocrx_word' id='word_1_530' title='bbox 2164 1982 2392 2041; x_wconf 84' lang='lat' dir='ltr'>bonam</span> <span class='ocrx_word' id='word_1_531' title='bbox 2438 2000 2568 2043; x_wconf 74' lang='grc'><strong>6566</strong></span> <span class='ocrx_word' id='word_1_532' title='bbox 2610 2001 2807 2062; x_wconf 88' lang='lat' dir='ltr'>posse,</span> <span class='ocrx_word' id='word_1_533' title='bbox 2850 2000 2992 2042; x_wconf 91' lang='lat' dir='ltr'>cum</span> <span class='ocrx_word' id='word_1_534' title='bbox 3037 1983 3196 2041; x_wconf 85' lang='lat' dir='ltr'>Deus</span> <span class='ocrx_word' id='word_1_535' title='bbox 3235 1980 3412 2040; x_wconf 88' lang='lat' dir='ltr'>illam</span> 
     </span>
     <span class='ocr_line' id='line_1_74' title="bbox 1850 2071 3405 2152; baseline 0 -21"><span class='ocrx_word' id='word_1_536' title='bbox 1850 2071 2023 2146; x_wconf 80' lang='lat' dir='ltr'>velit,</span> <span class='ocrx_word' id='word_1_537' title='bbox 2050 2074 2226 2135; x_wconf 83' lang='lat' dir='ltr'>etita</span> <span class='ocrx_word' id='word_1_538' title='bbox 2255 2074 2458 2152; x_wconf 87' lang='grc'><strong>1636111</strong></span> <span class='ocrx_word' id='word_1_539' title='bbox 2485 2074 2658 2135; x_wconf 87' lang='grc'><strong>1116111</strong></span> <span class='ocrx_word' id='word_1_540' title='bbox 2681 2093 2808 2135; x_wconf 90' lang='grc'><strong>6556</strong></span> <span class='ocrx_word' id='word_1_541' title='bbox 2835 2075 2912 2134; x_wconf 84' lang='grc'>(16</span> <span class='ocrx_word' id='word_1_542' title='bbox 2940 2074 3198 2134; x_wconf 87' lang='lat' dir='ltr'>materia</span> <span class='ocrx_word' id='word_1_543' title='bbox 3221 2074 3405 2151; x_wconf 84' lang='lat' dir='ltr'>justa.</span> 
     </span>
     <span class='ocr_line' id='line_1_75' title="bbox 1853 2163 3410 2245; baseline 0.001 -24"><span class='ocrx_word' id='word_1_544' title='bbox 1853 2163 2028 2235; x_wconf 91' lang='lat' dir='ltr'>Quod</span> <span class='ocrx_word' id='word_1_545' title='bbox 2072 2165 2124 2223; x_wconf 89' lang='lat' dir='ltr'>si</span> <span class='ocrx_word' id='word_1_546' title='bbox 2172 2165 2309 2243; x_wconf 90' lang='lat' dir='ltr'>quis</span> <span class='ocrx_word' id='word_1_547' title='bbox 2335 2172 2576 2244; x_wconf 88' lang='lat' dir='ltr'>urgeat,</span> <span class='ocrx_word' id='word_1_548' title='bbox 2624 2166 2770 2244; x_wconf 90' lang='lat' dir='ltr'>quia</span> <span class='ocrx_word' id='word_1_549' title='bbox 2797 2166 3118 2245; x_wconf 88' lang='lat' dir='ltr'>permissio</span> <span class='ocrx_word' id='word_1_550' title='bbox 3147 2183 3274 2223; x_wconf 87' lang='lat' dir='ltr'>non</span> <span class='ocrx_word' id='word_1_551' title='bbox 3320 2168 3410 2223; x_wconf 90' lang='lat' dir='ltr'>est</span> 
     </span>
     <span class='ocr_line' id='line_1_76' title="bbox 1852 2255 3411 2336; baseline -0.001 -22"><span class='ocrx_word' id='word_1_552' title='bbox 1852 2257 2110 2315; x_wconf 83' lang='lat' dir='ltr'>materia</span> <span class='ocrx_word' id='word_1_553' title='bbox 2127 2256 2304 2333; x_wconf 89' lang='grc'><strong>16315,</strong></span> <span class='ocrx_word' id='word_1_554' title='bbox 2324 2258 2428 2316; x_wconf 91' lang='grc'><strong>56(1</strong></span> <span class='ocrx_word' id='word_1_555' title='bbox 2447 2257 2719 2332; x_wconf 67' lang='grc'><strong>611661115,</strong></span> <span class='ocrx_word' id='word_1_556' title='bbox 2737 2256 3077 2336; x_wconf 86' lang='lat' dir='ltr'>respondeo</span> <span class='ocrx_word' id='word_1_557' title='bbox 3102 2255 3411 2334; x_wconf 88' lang='lat' dir='ltr'>imprimis</span> 
     </span>
     <span class='ocr_line' id='line_1_77' title="bbox 1851 2348 3413 2427; baseline -0.001 -21"><span class='ocrx_word' id='word_1_558' title='bbox 1851 2348 2318 2425; x_wconf 87' lang='lat' dir='ltr'>permissionem</span> <span class='ocrx_word' id='word_1_559' title='bbox 2359 2368 2486 2409; x_wconf 91' lang='lat' dir='ltr'>non</span> <span class='ocrx_word' id='word_1_560' title='bbox 2515 2348 2652 2410; x_wconf 86' lang='lat' dir='ltr'>fieri</span> <span class='ocrx_word' id='word_1_561' title='bbox 2687 2368 2726 2408; x_wconf 90' lang='lat' dir='ltr'>a</span> <span class='ocrx_word' id='word_1_562' title='bbox 2758 2349 2915 2426; x_wconf 90' lang='grc'><strong>1636,</strong></span> <span class='ocrx_word' id='word_1_563' title='bbox 2951 2349 3072 2408; x_wconf 87' lang='grc'><strong>11151</strong></span> <span class='ocrx_word' id='word_1_564' title='bbox 3109 2353 3413 2427; x_wconf 89' lang='lat' dir='ltr'>quatenus</span> 
     </span>
     <span class='ocr_line' id='line_1_78' title="bbox 1852 2438 3407 2521; baseline -0.001 -22"><span class='ocrx_word' id='word_1_565' title='bbox 1852 2440 2128 2520; x_wconf 67' lang='lat' dir='ltr'>praecipit</span> <span class='ocrx_word' id='word_1_566' title='bbox 2153 2440 2341 2501; x_wconf 86' lang='lat' dir='ltr'>talem</span> <span class='ocrx_word' id='word_1_567' title='bbox 2369 2447 2573 2502; x_wconf 89' lang='lat' dir='ltr'>actum</span> <span class='ocrx_word' id='word_1_568' title='bbox 2605 2442 2903 2521; x_wconf 90' lang='lat' dir='ltr'>permitti,</span> <span class='ocrx_word' id='word_1_569' title='bbox 2935 2448 2998 2501; x_wconf 91' lang='lat' dir='ltr'>et</span> <span class='ocrx_word' id='word_1_570' title='bbox 3019 2458 3146 2501; x_wconf 91' lang='grc'><strong>11611</strong></span> <span class='ocrx_word' id='word_1_571' title='bbox 3177 2438 3407 2519; x_wconf 88' lang='lat' dir='ltr'>puniri,</span> 
     </span>
     <span class='ocr_line' id='line_1_79' title="bbox 1852 2532 3412 2612; baseline -0.001 -20"><span class='ocrx_word' id='word_1_572' title='bbox 1852 2550 1967 2592; x_wconf 90' lang='lat' dir='ltr'>nec</span> <span class='ocrx_word' id='word_1_573' title='bbox 2005 2532 2300 2608; x_wconf 87' lang='lat' dir='ltr'>cohiberi,</span> <span class='ocrx_word' id='word_1_574' title='bbox 2342 2533 2494 2594; x_wconf 88' lang='lat' dir='ltr'>alias</span> <span class='ocrx_word' id='word_1_575' title='bbox 2530 2552 2658 2593; x_wconf 91' lang='lat' dir='ltr'>non</span> <span class='ocrx_word' id='word_1_576' title='bbox 2680 2538 2885 2612; x_wconf 89' lang='lat' dir='ltr'>posset</span> <span class='ocrx_word' id='word_1_577' title='bbox 2910 2532 3238 2592; x_wconf 86' lang='lat' dir='ltr'>subsistere</span> <span class='ocrx_word' id='word_1_578' title='bbox 3264 2548 3412 2591; x_wconf 80' lang='lat' dir='ltr'>vera</span> 
     </span>
     <span class='ocr_line' id='line_1_80' title="bbox 1851 2622 3411 2703; baseline 0.001 -21"><span class='ocrx_word' id='word_1_579' title='bbox 1851 2623 2013 2684; x_wconf 90' lang='lat' dir='ltr'>ratio</span> <span class='ocrx_word' id='word_1_580' title='bbox 2045 2626 2222 2701; x_wconf 82' lang='grc'><strong>16315,</strong></span> <span class='ocrx_word' id='word_1_581' title='bbox 2246 2631 2317 2685; x_wconf 89' lang='grc'>111</span> <span class='ocrx_word' id='word_1_582' title='bbox 2343 2643 2421 2685; x_wconf 86' lang='lat' dir='ltr'>ex</span> <span class='ocrx_word' id='word_1_583' title='bbox 2449 2643 2674 2702; x_wconf 83' lang='lat' dir='ltr'>genere</span> <span class='ocrx_word' id='word_1_584' title='bbox 2707 2626 2840 2703; x_wconf 87' lang='lat' dir='ltr'>ejus</span> <span class='ocrx_word' id='word_1_585' title='bbox 2873 2629 3130 2699; x_wconf 88' lang='lat' dir='ltr'>constat,</span> <span class='ocrx_word' id='word_1_586' title='bbox 3155 2629 3218 2684; x_wconf 90' lang='grc'>61</span> <span class='ocrx_word' id='word_1_587' title='bbox 3246 2622 3411 2683; x_wconf 83' lang='lat' dir='ltr'>infra</span> 
     </span>
     <span class='ocr_line' id='line_1_81' title="bbox 1852 2715 3410 2795; baseline -0.001 -20"><span class='ocrx_word' id='word_1_588' title='bbox 1852 2715 2038 2775; x_wconf 87' lang='lat' dir='ltr'>latius</span> <span class='ocrx_word' id='word_1_589' title='bbox 2071 2717 2297 2777; x_wconf 85' lang='lat' dir='ltr'>dicam.</span> <span class='ocrx_word' id='word_1_590' title='bbox 2324 2717 2553 2777; x_wconf 87' lang='lat' dir='ltr'>Deinde</span> <span class='ocrx_word' id='word_1_591' title='bbox 2581 2717 2635 2779; x_wconf 89' lang='lat' dir='ltr'>si</span> <span class='ocrx_word' id='word_1_592' title='bbox 2662 2717 2798 2795; x_wconf 86' lang='lat' dir='ltr'>quis</span> <span class='ocrx_word' id='word_1_593' title='bbox 2825 2716 2914 2777; x_wconf 84' lang='lat' dir='ltr'>ita</span> <span class='ocrx_word' id='word_1_594' title='bbox 2940 2716 3112 2794; x_wconf 89' lang='lat' dir='ltr'>loqui</span> <span class='ocrx_word' id='word_1_595' title='bbox 3136 2715 3308 2789; x_wconf 87' lang='lat' dir='ltr'>velit,</span> <span class='ocrx_word' id='word_1_596' title='bbox 3339 2720 3410 2773; x_wconf 91' lang='lat' dir='ltr'>ut</span> 
     </span>
     <span class='ocr_line' id='line_1_82' title="bbox 1851 2808 3408 2886; baseline -0.001 -18"><span class='ocrx_word' id='word_1_597' title='bbox 1851 2814 2024 2868; x_wconf 88' lang='lat' dir='ltr'>aetus</span> <span class='ocrx_word' id='word_1_598' title='bbox 2059 2808 2165 2868; x_wconf 93' lang='lat' dir='ltr'>ille</span> <span class='ocrx_word' id='word_1_599' title='bbox 2193 2809 2274 2869; x_wconf 89' lang='lat' dir='ltr'>sit</span> <span class='ocrx_word' id='word_1_600' title='bbox 2299 2810 2560 2869; x_wconf 87' lang='lat' dir='ltr'>materia</span> <span class='ocrx_word' id='word_1_601' title='bbox 2586 2808 2740 2881; x_wconf 86' lang='grc'><strong>16315</strong></span> <span class='ocrx_word' id='word_1_602' title='bbox 2757 2824 2776 2885; x_wconf 83' lang='lat'>3</span> <span class='ocrx_word' id='word_1_603' title='bbox 2820 2808 3161 2886; x_wconf 89' lang='lat' dir='ltr'>respondeo</span> <span class='ocrx_word' id='word_1_604' title='bbox 3202 2812 3408 2867; x_wconf 85' lang='lat' dir='ltr'>actum</span> 
     </span>
     <span class='ocr_line' id='line_1_83' title="bbox 1848 2900 3406 2980; baseline -0.001 -21"><span class='ocrx_word' id='word_1_605' title='bbox 1848 2901 2054 2979; x_wconf 92' lang='lat' dir='ltr'>ipsum</span> <span class='ocrx_word' id='word_1_606' title='bbox 2093 2902 2208 2961; x_wconf 90' lang='lat' dir='ltr'>sub</span> <span class='ocrx_word' id='word_1_607' title='bbox 2246 2902 2475 2980; x_wconf 89' lang='lat' dir='ltr'>duplici</span> <span class='ocrx_word' id='word_1_608' title='bbox 2511 2902 2751 2961; x_wconf 87' lang='lat' dir='ltr'>ratione</span> <span class='ocrx_word' id='word_1_609' title='bbox 2793 2900 3164 2961; x_wconf 89' lang='lat' dir='ltr'>considerari</span> <span class='ocrx_word' id='word_1_610' title='bbox 3205 2916 3406 2978; x_wconf 86' lang='lat' dir='ltr'>posse,</span> 
     </span>
     <span class='ocr_line' id='line_1_84' title="bbox 1847 2984 3406 3073; baseline -0.002 -21"><span class='ocrx_word' id='word_1_611' title='bbox 1847 2993 2079 3053; x_wconf 88' lang='grc'><strong>56111661</strong></span> <span class='ocrx_word' id='word_1_612' title='bbox 2110 2999 2182 3053; x_wconf 87' lang='grc'>111</span> <span class='ocrx_word' id='word_1_613' title='bbox 2214 2992 2625 3073; x_wconf 86' lang='lat' dir='ltr'>operabilem:</span> <span class='ocrx_word' id='word_1_614' title='bbox 2649 2998 2730 3067; x_wconf 92' lang='lat' dir='ltr'>et,</span> <span class='ocrx_word' id='word_1_615' title='bbox 2757 2998 2829 3052; x_wconf 91' lang='lat' dir='ltr'>ut</span> <span class='ocrx_word' id='word_1_616' title='bbox 2856 2993 2964 3067; x_wconf 89' lang='grc'><strong>516,</strong></span> <span class='ocrx_word' id='word_1_617' title='bbox 2990 3010 3119 3051; x_wconf 86' lang='grc'><strong>6556</strong></span> <span class='ocrx_word' id='word_1_618' title='bbox 3147 2984 3406 3064; x_wconf 83' lang='lat' dir='ltr'>malum,</span> 
     </span>
     <span class='ocr_line' id='line_1_85' title="bbox 1848 3082 3408 3166; baseline -0.002 -21"><span class='ocrx_word' id='word_1_619' title='bbox 1848 3084 1949 3146; x_wconf 84' lang='lat' dir='ltr'>vel</span> <span class='ocrx_word' id='word_1_620' title='bbox 1982 3090 2054 3145; x_wconf 85' lang='lat' dir='ltr'>ut</span> <span class='ocrx_word' id='word_1_621' title='bbox 2080 3085 2553 3165; x_wconf 89' lang='lat' dir='ltr'>permissibilem</span> <span class='ocrx_word' id='word_1_622' title='bbox 2599 3083 2685 3166; x_wconf 91' lang='lat' dir='ltr'>(ut</span> <span class='ocrx_word' id='word_1_623' title='bbox 2713 3085 2800 3144; x_wconf 89' lang='grc'>516</span> <span class='ocrx_word' id='word_1_624' title='bbox 2828 3084 3075 3160; x_wconf 81' lang='lat' dir='ltr'>dicam),</span> <span class='ocrx_word' id='word_1_625' title='bbox 3109 3088 3171 3144; x_wconf 92' lang='lat' dir='ltr'>et</span> <span class='ocrx_word' id='word_1_626' title='bbox 3193 3082 3308 3142; x_wconf 89' lang='lat' dir='ltr'>sub</span> <span class='ocrx_word' id='word_1_627' title='bbox 3335 3100 3408 3142; x_wconf 88' lang='lat' dir='ltr'>ea</span> 
     </span>
     <span class='ocr_line' id='line_1_86' title="bbox 1849 3174 3410 3254; baseline -0.004 -16"><span class='ocrx_word' id='word_1_628' title='bbox 1849 3179 2090 3239; x_wconf 87' lang='lat' dir='ltr'>ratione</span> <span class='ocrx_word' id='word_1_629' title='bbox 2113 3196 2240 3238; x_wconf 90' lang='lat' dir='ltr'>non</span> <span class='ocrx_word' id='word_1_630' title='bbox 2265 3196 2394 3238; x_wconf 91' lang='lat' dir='ltr'>esse</span> <span class='ocrx_word' id='word_1_631' title='bbox 2422 3178 2747 3237; x_wconf 88' lang='lat' dir='ltr'>materiam</span> <span class='ocrx_word' id='word_1_632' title='bbox 2769 3193 3046 3254; x_wconf 86' lang='lat' dir='ltr'>pravam,</span> <span class='ocrx_word' id='word_1_633' title='bbox 3063 3174 3162 3234; x_wconf 80' lang='lat' dir='ltr'>vel</span> <span class='ocrx_word' id='word_1_634' title='bbox 3184 3174 3410 3234; x_wconf 88' lang='lat' dir='ltr'>rationi</span> 
     </span>
     <span class='ocr_line' id='line_1_87' title="bbox 1850 3266 3408 3343; baseline -0.002 -13"><span class='ocrx_word' id='word_1_635' title='bbox 1850 3270 2435 3343; x_wconf 87' lang='lat' dir='ltr'>contrariam.Quod</span> <span class='ocrx_word' id='word_1_636' title='bbox 2467 3277 2558 3331; x_wconf 88' lang='lat' dir='ltr'>est</span> <span class='ocrx_word' id='word_1_637' title='bbox 2583 3270 2810 3338; x_wconf 89' lang='lat' dir='ltr'>dicere,</span> <span class='ocrx_word' id='word_1_638' title='bbox 2839 3275 3044 3329; x_wconf 89' lang='lat' dir='ltr'>actum</span> <span class='ocrx_word' id='word_1_639' title='bbox 3073 3266 3253 3326; x_wconf 92' lang='lat' dir='ltr'>illum</span> <span class='ocrx_word' id='word_1_640' title='bbox 3281 3285 3408 3327; x_wconf 90' lang='lat' dir='ltr'>non</span> 
     </span>
     <span class='ocr_line' id='line_1_88' title="bbox 1849 3359 3409 3441; baseline -0.003 -19"><span class='ocrx_word' id='word_1_641' title='bbox 1849 3379 1978 3422; x_wconf 86' lang='lat' dir='ltr'>esse</span> <span class='ocrx_word' id='word_1_642' title='bbox 2028 3369 2236 3441; x_wconf 84' lang='lat' dir='ltr'>aptam</span> <span class='ocrx_word' id='word_1_643' title='bbox 2288 3363 2612 3423; x_wconf 89' lang='lat' dir='ltr'>materiam</span> <span class='ocrx_word' id='word_1_644' title='bbox 2673 3378 2964 3440; x_wconf 86' lang='lat' dir='ltr'>capacem</span> <span class='ocrx_word' id='word_1_645' title='bbox 3015 3359 3409 3436; x_wconf 88' lang='lat' dir='ltr'>obligationis</span> 
     </span>
     <span class='ocr_line' id='line_1_89' title="bbox 1849 3452 3411 3534; baseline -0.002 -19"><span class='ocrx_word' id='word_1_646' title='bbox 1849 3455 2038 3532; x_wconf 68' lang='lat' dir='ltr'>legis,</span> <span class='ocrx_word' id='word_1_647' title='bbox 2057 3474 2184 3516; x_wconf 89' lang='lat' dir='ltr'>esse</span> <span class='ocrx_word' id='word_1_648' title='bbox 2223 3461 2434 3516; x_wconf 85' lang='lat' dir='ltr'>tamen</span> <span class='ocrx_word' id='word_1_649' title='bbox 2474 3473 2760 3534; x_wconf 88' lang='lat' dir='ltr'>capacem</span> <span class='ocrx_word' id='word_1_650' title='bbox 2787 3453 3230 3533; x_wconf 79' lang='lat' dir='ltr'>permissioniS,</span> <span class='ocrx_word' id='word_1_651' title='bbox 3263 3452 3411 3530; x_wconf 88' lang='lat' dir='ltr'>quia</span> 
     </span>
     <span class='ocr_line' id='line_1_90' title="bbox 1850 3545 3410 3626; baseline -0.002 -19"><span class='ocrx_word' id='word_1_652' title='bbox 1850 3549 1918 3607; x_wconf 93' lang='lat' dir='ltr'>in</span> <span class='ocrx_word' id='word_1_653' title='bbox 1944 3547 2159 3608; x_wconf 88' lang='lat' dir='ltr'>ordine</span> <span class='ocrx_word' id='word_1_654' title='bbox 2177 3548 2256 3607; x_wconf 91' lang='lat' dir='ltr'>ad</span> <span class='ocrx_word' id='word_1_655' title='bbox 2276 3548 2466 3608; x_wconf 88' lang='lat' dir='ltr'>finem</span> <span class='ocrx_word' id='word_1_656' title='bbox 2487 3547 2630 3608; x_wconf 88' lang='lat' dir='ltr'>talis</span> <span class='ocrx_word' id='word_1_657' title='bbox 2647 3547 2964 3626; x_wconf 87' lang='lat' dir='ltr'>potestatis</span> <span class='ocrx_word' id='word_1_658' title='bbox 2990 3563 3119 3605; x_wconf 88' lang='grc'><strong>11611</strong></span> <span class='ocrx_word' id='word_1_659' title='bbox 3142 3545 3410 3624; x_wconf 88' lang='lat' dir='ltr'>postulat</span> 
     </span>
     <span class='ocr_line' id='line_1_91' title="bbox 1848 3638 3410 3718; baseline -0.002 -19"><span class='ocrx_word' id='word_1_660' title='bbox 1848 3641 2193 3700; x_wconf 86' lang='lat' dir='ltr'>necessario</span> <span class='ocrx_word' id='word_1_661' title='bbox 2233 3639 2714 3718; x_wconf 90' lang='lat' dir='ltr'>prohibitionem</span> <span class='ocrx_word' id='word_1_662' title='bbox 2755 3638 2856 3699; x_wconf 84' lang='lat' dir='ltr'>vel</span> <span class='ocrx_word' id='word_1_663' title='bbox 2898 3639 3302 3716; x_wconf 90' lang='lat' dir='ltr'>punitionem,</span> <span class='ocrx_word' id='word_1_664' title='bbox 3348 3643 3410 3697; x_wconf 90' lang='lat' dir='ltr'>et</span> 
     </span>
     <span class='ocr_line' id='line_1_92' title="bbox 1850 3728 3406 3809; baseline -0.002 -18"><span class='ocrx_word' id='word_1_665' title='bbox 1850 3731 2013 3807; x_wconf 89' lang='lat' dir='ltr'>ide0,</span> <span class='ocrx_word' id='word_1_666' title='bbox 2030 3737 2101 3792; x_wconf 92' lang='lat' dir='ltr'>ut</span> <span class='ocrx_word' id='word_1_667' title='bbox 2119 3733 2228 3807; x_wconf 87' lang='lat' dir='ltr'>sic,</span> <span class='ocrx_word' id='word_1_668' title='bbox 2242 3750 2369 3793; x_wconf 87' lang='lat' dir='ltr'>esse</span> <span class='ocrx_word' id='word_1_669' title='bbox 2393 3731 2721 3792; x_wconf 87' lang='lat' dir='ltr'>materiam</span> <span class='ocrx_word' id='word_1_670' title='bbox 2739 3731 2972 3809; x_wconf 85' lang='lat' dir='ltr'>justam</span> <span class='ocrx_word' id='word_1_671' title='bbox 3000 3730 3068 3789; x_wconf 89' lang='lat' dir='ltr'>in</span> <span class='ocrx_word' id='word_1_672' title='bbox 3091 3729 3305 3789; x_wconf 89' lang='lat' dir='ltr'>ordine</span> <span class='ocrx_word' id='word_1_673' title='bbox 3328 3728 3406 3788; x_wconf 88' lang='lat' dir='ltr'>ad</span> 
     </span>
     <span class='ocr_line' id='line_1_93' title="bbox 1847 3824 2289 3902; baseline 0 -18"><span class='ocrx_word' id='word_1_674' title='bbox 1847 3824 2039 3885; x_wconf 89' lang='lat' dir='ltr'>talem</span> <span class='ocrx_word' id='word_1_675' title='bbox 2063 3825 2289 3902; x_wconf 88' lang='lat' dir='ltr'>legem.</span> 
     </span>
    </p>

    <p class='ocr_par' dir='ltr' id='par_1_6' title="bbox 1847 3915 3422 5552">
     <span class='ocr_line' id='line_1_94' title="bbox 1929 3915 3411 3980; baseline -0.002 -3"><span class='ocrx_word' id='word_1_676' title='bbox 1929 3919 1992 3977; x_wconf 87' lang='lat'>7.</span> <span class='ocrx_word' id='word_1_677' title='bbox 2035 3917 2320 3980; x_wconf 75' lang='lat' dir='ltr'>Primum</span> <span class='ocrx_word' id='word_1_678' title='bbox 2353 3916 2760 3978; x_wconf 80' lang='lat' dir='ltr'>corollarium.</span> <span class='ocrx_word' id='word_1_679' title='bbox 2787 3915 3172 3976; x_wconf 72' lang='lat' dir='ltr'>Honestatem</span> <span class='ocrx_word' id='word_1_680' title='bbox 3205 3932 3326 3975; x_wconf 72' lang='lat' dir='ltr'>esse</span> <span class='ocrx_word' id='word_1_681' title='bbox 3344 3915 3411 3974; x_wconf 75' lang='lat' dir='ltr'>de</span> 
     </span>
     <span class='ocr_line' id='line_1_95' title="bbox 1847 4006 3409 4086; baseline -0.001 -18"><span class='ocrx_word' id='word_1_682' title='bbox 1847 4010 2082 4070; x_wconf 75' lang='lat' dir='ltr'>ratione</span> <span class='ocrx_word' id='word_1_683' title='bbox 2104 4009 2278 4086; x_wconf 58' lang='lat' dir='ltr'>lapi-5,</span> <span class='ocrx_word' id='word_1_684' title='bbox 2311 4015 2362 4071; x_wconf 79' lang='lat' dir='ltr'>el</span> <span class='ocrx_word' id='word_1_685' title='bbox 2389 4010 2470 4070; x_wconf 86' lang='lat' dir='ltr'>ad</span> <span class='ocrx_word' id='word_1_686' title='bbox 2485 4009 2637 4069; x_wconf 71' lang='lat' dir='ltr'>hano</span> <span class='ocrx_word' id='word_1_687' title='bbox 2661 4007 2927 4084; x_wconf 72' lang='lat' dir='ltr'>reliquas</span> <span class='ocrx_word' id='word_1_688' title='bbox 2958 4006 3316 4066; x_wconf 71' lang='lat' dir='ltr'>conditiones</span> <span class='ocrx_word' id='word_1_689' title='bbox 3339 4022 3409 4066; x_wconf 74' lang='lat' dir='ltr'>eo:</span> 
     </span>
     <span class='ocr_line' id='line_1_96' title="bbox 1847 4095 3409 4163; baseline -0.004 -1"><span class='ocrx_word' id='word_1_690' title='bbox 1847 4102 2090 4163; x_wconf 76' lang='lat' dir='ltr'>Isidoro</span> <span class='ocrx_word' id='word_1_691' title='bbox 2114 4102 2318 4162; x_wconf 76' lang='lat' dir='ltr'>reduci</span> <span class='ocrx_word' id='word_1_692' title='bbox 2325 4101 2515 4159; x_wconf 85' lang='lat' dir='ltr'>.—Ex</span> <span class='ocrx_word' id='word_1_693' title='bbox 2536 4099 2652 4158; x_wconf 89' lang='lat' dir='ltr'>hae</span> <span class='ocrx_word' id='word_1_694' title='bbox 2672 4098 3004 4157; x_wconf 86' lang='lat' dir='ltr'>assertione</span> <span class='ocrx_word' id='word_1_695' title='bbox 3029 4096 3117 4154; x_wconf 89' lang='grc'>516</span> <span class='ocrx_word' id='word_1_696' title='bbox 3141 4095 3409 4155; x_wconf 87' lang='lat' dir='ltr'>declara-</span> 
     </span>
     <span class='ocr_line' id='line_1_97' title="bbox 1847 4186 3407 4268; baseline -0.005 -16"><span class='ocrx_word' id='word_1_697' title='bbox 1847 4197 1913 4252; x_wconf 89' lang='lat' dir='ltr'>ta</span> <span class='ocrx_word' id='word_1_698' title='bbox 1940 4192 2065 4251; x_wconf 91' lang='lat' dir='ltr'>duo</span> <span class='ocrx_word' id='word_1_699' title='bbox 2099 4191 2329 4252; x_wconf 89' lang='lat' dir='ltr'>inferre</span> <span class='ocrx_word' id='word_1_700' title='bbox 2357 4207 2698 4268; x_wconf 81' lang='lat' dir='ltr'>possumus,</span> <span class='ocrx_word' id='word_1_701' title='bbox 2731 4188 2938 4248; x_wconf 88' lang='lat' dir='ltr'>Unum</span> <span class='ocrx_word' id='word_1_702' title='bbox 2966 4192 3079 4260; x_wconf 90' lang='lat' dir='ltr'>est,</span> <span class='ocrx_word' id='word_1_703' title='bbox 3129 4186 3205 4244; x_wconf 86' lang='lat' dir='ltr'>ad</span> <span class='ocrx_word' id='word_1_704' title='bbox 3235 4186 3407 4245; x_wconf 88' lang='lat' dir='ltr'>illam</span> 
     </span>
     <span class='ocr_line' id='line_1_98' title="bbox 1850 4277 3411 4362; baseline -0.006 -18"><span class='ocrx_word' id='word_1_705' title='bbox 1850 4285 2123 4345; x_wconf 80' lang='lat' dir='ltr'>maxime</span> <span class='ocrx_word' id='word_1_706' title='bbox 2154 4283 2464 4362; x_wconf 89' lang='lat' dir='ltr'>pertinere</span> <span class='ocrx_word' id='word_1_707' title='bbox 2491 4282 2758 4360; x_wconf 85' lang='lat' dir='ltr'>primam</span> <span class='ocrx_word' id='word_1_708' title='bbox 2799 4277 3214 4339; x_wconf 86' lang='lat' dir='ltr'>conditionem</span> <span class='ocrx_word' id='word_1_709' title='bbox 3242 4278 3411 4356; x_wconf 86' lang='lat' dir='ltr'>posi-</span> 
     </span>
     <span class='ocr_line' id='line_1_99' title="bbox 1849 4371 3415 4451; baseline -0.004 -14"><span class='ocrx_word' id='word_1_710' title='bbox 1849 4382 1982 4437; x_wconf 88' lang='lat' dir='ltr'>tam</span> <span class='ocrx_word' id='word_1_711' title='bbox 2003 4376 2081 4436; x_wconf 89' lang='lat' dir='ltr'>ab</span> <span class='ocrx_word' id='word_1_712' title='bbox 2103 4377 2352 4449; x_wconf 90' lang='lat' dir='ltr'>Isidor0,</span> <span class='ocrx_word' id='word_1_713' title='bbox 2383 4374 2451 4434; x_wconf 90' lang='lat' dir='ltr'>in</span> <span class='ocrx_word' id='word_1_714' title='bbox 2478 4373 2540 4434; x_wconf 87' lang='lat' dir='ltr'>d.</span> <span class='ocrx_word' id='word_1_715' title='bbox 2574 4391 2707 4451; x_wconf 87' lang='lat' dir='ltr'>cap.</span> <span class='ocrx_word' id='word_1_716' title='bbox 2745 4374 2895 4433; x_wconf 78' lang='lat' dir='ltr'>Erit</span> <span class='ocrx_word' id='word_1_717' title='bbox 2923 4375 3118 4432; x_wconf 79' lang='lat' dir='ltr'>autem</span> <span class='ocrx_word' id='word_1_718' title='bbox 3150 4371 3268 4444; x_wconf 71' lang='lat' dir='ltr'>lex,</span> <span class='ocrx_word' id='word_1_719' title='bbox 3303 4371 3415 4430; x_wconf 88' lang='lat' dir='ltr'>sci-</span> 
     </span>
     <span class='ocr_line' id='line_1_100' title="bbox 1850 4463 3414 4542; baseline -0.004 -13"><span class='ocrx_word' id='word_1_720' title='bbox 1850 4469 2018 4542; x_wconf 89' lang='lat' dir='ltr'>licet,</span> <span class='ocrx_word' id='word_1_721' title='bbox 2047 4475 2117 4528; x_wconf 88' lang='lat' dir='ltr'>ut</span> <span class='ocrx_word' id='word_1_722' title='bbox 2148 4467 2248 4528; x_wconf 86' lang='lat' dir='ltr'>lex</span> <span class='ocrx_word' id='word_1_723' title='bbox 2295 4468 2374 4527; x_wconf 90' lang='lat' dir='ltr'>sit</span> <span class='ocrx_word' id='word_1_724' title='bbox 2419 4467 2701 4540; x_wconf 87' lang='lat' dir='ltr'>honesta,</span> <span class='ocrx_word' id='word_1_725' title='bbox 2751 4463 2914 4542; x_wconf 90' lang='lat' dir='ltr'>quod</span> <span class='ocrx_word' id='word_1_726' title='bbox 2948 4481 3025 4523; x_wconf 83' lang='lat' dir='ltr'>ex</span> <span class='ocrx_word' id='word_1_727' title='bbox 3072 4463 3206 4541; x_wconf 87' lang='lat' dir='ltr'>ipsa</span> <span class='ocrx_word' id='word_1_728' title='bbox 3249 4464 3414 4523; x_wconf 88' lang='lat' dir='ltr'>vocis</span> 
     </span>
     <span class='ocr_line' id='line_1_101' title="bbox 1855 4553 3415 4639; baseline -0.005 -18"><span class='ocrx_word' id='word_1_729' title='bbox 1855 4561 2230 4639; x_wconf 84' lang='lat' dir='ltr'>proprietate</span> <span class='ocrx_word' id='word_1_730' title='bbox 2259 4559 2407 4620; x_wconf 90' lang='lat' dir='ltr'>satis</span> <span class='ocrx_word' id='word_1_731' title='bbox 2447 4563 2639 4638; x_wconf 88' lang='lat' dir='ltr'>patet.</span> <span class='ocrx_word' id='word_1_732' title='bbox 2680 4556 2857 4616; x_wconf 88' lang='lat' dir='ltr'>Addo</span> <span class='ocrx_word' id='word_1_733' title='bbox 2891 4556 3076 4614; x_wconf 90' lang='lat' dir='ltr'>etiam</span> <span class='ocrx_word' id='word_1_734' title='bbox 3126 4554 3206 4614; x_wconf 89' lang='lat' dir='ltr'>ad</span> <span class='ocrx_word' id='word_1_735' title='bbox 3255 4553 3415 4613; x_wconf 90' lang='lat' dir='ltr'>hanc</span> 
     </span>
     <span class='ocr_line' id='line_1_102' title="bbox 1848 4645 3411 4732; baseline -0.005 -21"><span class='ocrx_word' id='word_1_736' title='bbox 1848 4653 2155 4732; x_wconf 83' lang='lat' dir='ltr'>justitiam</span> <span class='ocrx_word' id='word_1_737' title='bbox 2181 4651 2334 4728; x_wconf 87' lang='lat' dir='ltr'>legis</span> <span class='ocrx_word' id='word_1_738' title='bbox 2367 4653 2598 4729; x_wconf 86' lang='lat' dir='ltr'>optime</span> <span class='ocrx_word' id='word_1_739' title='bbox 2620 4648 2834 4709; x_wconf 86' lang='lat' dir='ltr'>reduci</span> <span class='ocrx_word' id='word_1_740' title='bbox 2863 4665 3078 4706; x_wconf 89' lang='lat' dir='ltr'>omnes</span> <span class='ocrx_word' id='word_1_741' title='bbox 3111 4645 3411 4706; x_wconf 88' lang='lat' dir='ltr'>conditio-</span> 
     </span>
     <span class='ocr_line' id='line_1_103' title="bbox 1854 4737 3416 4822; baseline -0.006 -19"><span class='ocrx_word' id='word_1_742' title='bbox 1854 4762 1965 4804; x_wconf 90' lang='lat' dir='ltr'>nes</span> <span class='ocrx_word' id='word_1_743' title='bbox 1986 4745 2214 4822; x_wconf 87' lang='lat' dir='ltr'>positas</span> <span class='ocrx_word' id='word_1_744' title='bbox 2241 4741 2320 4801; x_wconf 91' lang='lat' dir='ltr'>ab</span> <span class='ocrx_word' id='word_1_745' title='bbox 2343 4741 2573 4801; x_wconf 91' lang='lat' dir='ltr'>Isidoro</span> <span class='ocrx_word' id='word_1_746' title='bbox 2600 4739 2792 4818; x_wconf 90' lang='lat' dir='ltr'>priori</span> <span class='ocrx_word' id='word_1_747' title='bbox 2812 4739 2972 4814; x_wconf 93' lang='grc'><strong>1666,</strong></span> <span class='ocrx_word' id='word_1_748' title='bbox 3004 4738 3198 4797; x_wconf 86' lang='grc'><strong>5611111</strong></span> <span class='ocrx_word' id='word_1_749' title='bbox 3218 4737 3416 4814; x_wconf 88' lang='lat' dir='ltr'>capite</span> 
     </span>
     <span class='ocr_line' id='line_1_104' title="bbox 1860 4831 3418 4910; baseline -0.006 -10"><span class='ocrx_word' id='word_1_750' title='bbox 1860 4835 2250 4908; x_wconf 75' lang='lat' dir='ltr'>Consuetudo,</span> <span class='ocrx_word' id='word_1_751' title='bbox 2297 4835 2358 4894; x_wconf 92' lang='lat' dir='ltr'>d.</span> <span class='ocrx_word' id='word_1_752' title='bbox 2415 4836 2446 4893; x_wconf 87' lang='lat'><strong>1</strong></span> <span class='ocrx_word' id='word_1_753' title='bbox 2468 4878 2488 4908; x_wconf 98' lang='lat'>,</span> <span class='ocrx_word' id='word_1_754' title='bbox 2521 4832 2633 4892; x_wconf 88' lang='lat' dir='ltr'>ubi</span> <span class='ocrx_word' id='word_1_755' title='bbox 2679 4833 2952 4910; x_wconf 89' lang='lat' dir='ltr'>primum</span> <span class='ocrx_word' id='word_1_756' title='bbox 2989 4831 3076 4890; x_wconf 88' lang='lat' dir='ltr'>ait</span> <span class='ocrx_word' id='word_1_757' title='bbox 3123 4845 3138 4889; x_wconf 80' lang='lat' dir='ltr'><strong><em>z</em></strong></span> <span class='ocrx_word' id='word_1_758' title='bbox 3177 4831 3272 4890; x_wconf 69' lang='lat' dir='ltr'>lex</span> <span class='ocrx_word' id='word_1_759' title='bbox 3299 4831 3418 4891; x_wconf 77' lang='lat' dir='ltr'>erit</span> 
     </span>
     <span class='ocr_line' id='line_1_105' title="bbox 1854 4921 3420 5007; baseline -0.004 -19"><span class='ocrx_word' id='word_1_760' title='bbox 1854 4947 2018 4990; x_wconf 73' lang='lat' dir='ltr'>omne</span> <span class='ocrx_word' id='word_1_761' title='bbox 2051 4929 2205 5007; x_wconf 75' lang='lat' dir='ltr'>quod</span> <span class='ocrx_word' id='word_1_762' title='bbox 2240 4927 2475 4987; x_wconf 76' lang='lat' dir='ltr'>ratione</span> <span class='ocrx_word' id='word_1_763' title='bbox 2520 4924 2876 4997; x_wconf 76' lang='lat' dir='ltr'>constiterit,</span> <span class='ocrx_word' id='word_1_764' title='bbox 2921 4922 2986 4981; x_wconf 89' lang='lat' dir='ltr'>id</span> <span class='ocrx_word' id='word_1_765' title='bbox 3024 4927 3146 4995; x_wconf 87' lang='lat' dir='ltr'>est,</span> <span class='ocrx_word' id='word_1_766' title='bbox 3180 4921 3282 4982; x_wconf 82' lang='lat' dir='ltr'>lex</span> <span class='ocrx_word' id='word_1_767' title='bbox 3315 4922 3420 4982; x_wconf 89' lang='grc'><strong>(16-</strong></span> 
     </span>
     <span class='ocr_line' id='line_1_106' title="bbox 1854 5013 3419 5093; baseline -0.004 -13"><span class='ocrx_word' id='word_1_768' title='bbox 1854 5021 1959 5081; x_wconf 89' lang='lat' dir='ltr'>bet</span> <span class='ocrx_word' id='word_1_769' title='bbox 1985 5038 2115 5080; x_wconf 88' lang='lat' dir='ltr'>esse</span> <span class='ocrx_word' id='word_1_770' title='bbox 2138 5023 2550 5080; x_wconf 88' lang='lat' dir='ltr'>consentanea</span> <span class='ocrx_word' id='word_1_771' title='bbox 2590 5015 2838 5088; x_wconf 87' lang='lat' dir='ltr'>rationi,</span> <span class='ocrx_word' id='word_1_772' title='bbox 2869 5015 3033 5093; x_wconf 90' lang='lat' dir='ltr'>quod</span> <span class='ocrx_word' id='word_1_773' title='bbox 3062 5013 3222 5072; x_wconf 90' lang='lat' dir='ltr'>nihil</span> <span class='ocrx_word' id='word_1_774' title='bbox 3250 5015 3419 5074; x_wconf 91' lang='lat' dir='ltr'>aliud</span> 
     </span>
     <span class='ocr_line' id='line_1_107' title="bbox 1856 5105 3412 5190; baseline -0.004 -17"><span class='ocrx_word' id='word_1_775' title='bbox 1856 5119 1949 5174; x_wconf 89' lang='lat' dir='ltr'>est</span> <span class='ocrx_word' id='word_1_776' title='bbox 1968 5129 2156 5190; x_wconf 86' lang='lat' dir='ltr'>quam</span> <span class='ocrx_word' id='word_1_777' title='bbox 2174 5111 2397 5171; x_wconf 90' lang='lat' dir='ltr'>debere</span> <span class='ocrx_word' id='word_1_778' title='bbox 2425 5123 2553 5168; x_wconf 87' lang='lat' dir='ltr'>esse</span> <span class='ocrx_word' id='word_1_779' title='bbox 2562 5108 2790 5185; x_wconf 83' lang='lat' dir='ltr'>justam</span> <span class='ocrx_word' id='word_1_780' title='bbox 2805 5107 3062 5165; x_wconf 88' lang='lat' dir='ltr'>insensu</span> <span class='ocrx_word' id='word_1_781' title='bbox 3090 5105 3412 5185; x_wconf 84' lang='lat' dir='ltr'>explicato.</span> 
     </span>
     <span class='ocr_line' id='line_1_108' title="bbox 1856 5196 3420 5281; baseline -0.006 -15"><span class='ocrx_word' id='word_1_782' title='bbox 1856 5207 1987 5266; x_wconf 90' lang='lat' dir='ltr'>Imo</span> <span class='ocrx_word' id='word_1_783' title='bbox 2014 5205 2080 5264; x_wconf 89' lang='lat' dir='ltr'>in</span> <span class='ocrx_word' id='word_1_784' title='bbox 2101 5203 2216 5263; x_wconf 88' lang='grc'><strong>1166</strong></span> <span class='ocrx_word' id='word_1_785' title='bbox 2243 5201 2592 5281; x_wconf 82' lang='lat' dir='ltr'>conditione</span> <span class='ocrx_word' id='word_1_786' title='bbox 2613 5199 2838 5257; x_wconf 86' lang='lat' dir='ltr'>virtute</span> <span class='ocrx_word' id='word_1_787' title='bbox 2861 5196 3195 5257; x_wconf 87' lang='lat' dir='ltr'>includitur</span> <span class='ocrx_word' id='word_1_788' title='bbox 3216 5199 3420 5257; x_wconf 90' lang='lat' dir='ltr'>omnis</span> 
     </span>
     <span class='ocr_line' id='line_1_109' title="bbox 1858 5289 3419 5373; baseline -0.007 -15"><span class='ocrx_word' id='word_1_789' title='bbox 1858 5304 1921 5358; x_wconf 86' lang='lat' dir='ltr'>et</span> <span class='ocrx_word' id='word_1_790' title='bbox 1962 5302 2094 5356; x_wconf 89' lang='lat' dir='ltr'>tota</span> <span class='ocrx_word' id='word_1_791' title='bbox 2115 5294 2354 5373; x_wconf 85' lang='lat' dir='ltr'>justitia</span> <span class='ocrx_word' id='word_1_792' title='bbox 2385 5291 2560 5370; x_wconf 85' lang='grc'><strong>16315,</strong></span> <span class='ocrx_word' id='word_1_793' title='bbox 2591 5290 2739 5368; x_wconf 89' lang='lat' dir='ltr'>quia</span> <span class='ocrx_word' id='word_1_794' title='bbox 2766 5307 2892 5349; x_wconf 88' lang='lat' dir='ltr'>non</span> <span class='ocrx_word' id='word_1_795' title='bbox 2917 5295 3115 5368; x_wconf 87' lang='lat' dir='ltr'>potest</span> <span class='ocrx_word' id='word_1_796' title='bbox 3153 5289 3253 5350; x_wconf 87' lang='lat' dir='ltr'>lex</span> <span class='ocrx_word' id='word_1_797' title='bbox 3291 5306 3419 5349; x_wconf 87' lang='lat' dir='ltr'>esse</span> 
     </span>
     <span class='ocr_line' id='line_1_110' title="bbox 1859 5381 3422 5459; baseline -0.006 -10"><span class='ocrx_word' id='word_1_798' title='bbox 1859 5388 2087 5450; x_wconf 86' lang='lat' dir='ltr'>rationi</span> <span class='ocrx_word' id='word_1_799' title='bbox 2117 5385 2446 5446; x_wconf 87' lang='lat' dir='ltr'>conformis</span> <span class='ocrx_word' id='word_1_800' title='bbox 2475 5382 2774 5457; x_wconf 88' lang='lat' dir='ltr'>absolute,</span> <span class='ocrx_word' id='word_1_801' title='bbox 2803 5383 2925 5442; x_wconf 89' lang='lat' dir='ltr'>nisi</span> <span class='ocrx_word' id='word_1_802' title='bbox 2952 5383 3227 5459; x_wconf 88' lang='lat' dir='ltr'>undique</span> <span class='ocrx_word' id='word_1_803' title='bbox 3252 5381 3422 5458; x_wconf 88' lang='lat' dir='ltr'>justa</span> 
     </span>
     <span class='ocr_line' id='line_1_111' title="bbox 1862 5473 3422 5552; baseline -0.005 -12"><span class='ocrx_word' id='word_1_804' title='bbox 1862 5485 1959 5541; x_wconf 89' lang='lat' dir='ltr'>sit.</span> <span class='ocrx_word' id='word_1_805' title='bbox 2011 5481 2085 5539; x_wconf 88' lang='lat' dir='ltr'>Et</span> <span class='ocrx_word' id='word_1_806' title='bbox 2135 5479 2271 5538; x_wconf 82' lang='lat' dir='ltr'>ideo</span> <span class='ocrx_word' id='word_1_807' title='bbox 2295 5477 2474 5536; x_wconf 86' lang='lat' dir='ltr'>divus</span> <span class='ocrx_word' id='word_1_808' title='bbox 2500 5475 2792 5549; x_wconf 69' lang='lat' dir='ltr'>rhomes,</span> <span class='ocrx_word' id='word_1_809' title='bbox 2843 5475 3007 5534; x_wconf 86' lang='lat' dir='ltr'>dicta</span> <span class='ocrx_word' id='word_1_810' title='bbox 3053 5478 3266 5552; x_wconf 84' lang='lat' dir='ltr'>quaest.</span> <span class='ocrx_word' id='word_1_811' title='bbox 3319 5473 3422 5547; x_wconf 79' lang='lat'>95,</span> 
     </span>
    </p>
   </div>
  </div>
 </body>
</html>
