3976 6219
777 395 914 447 cal).
949 395 1144 446 xxvn.
1181 394 1396 450 n'rmm
1427 394 1755 450 OBLIGATIO
1788 393 1967 448 LEGIS
1999 394 2208 457 QUOAD
2238 396 2646 450 GRAVITATEM
2680 397 2843 462 EIUS,
2878 397 3016 450 mc.

278 492 284 498 ’
365 499 425 559 6.
470 493 751 556 Secunda
774 494 1081 555 sententia
1102 500 1194 555 est
1210 513 1385 574 posse
1407 494 1847 574 legislatorem,

284 591 335 652 si
358 589 525 661 velit,
558 589 623 647 in
652 588 913 647 materia
935 587 1108 664 gravi
1136 593 1198 648 et
1224 589 1432 667 capaci
1459 587 1851 666 obligationis

282 681 397 743 sub
430 679 699 755 mortali,
731 678 889 739 ferre
913 679 1120 758 legem
1160 698 1297 759 quae
1328 686 1574 741 tantum
1604 679 1718 740 sub
1745 698 1851 740 ve-

284 773 434 835 niali
464 772 720 851 obliget,
743 771 941 832 solum
971 773 1120 851 quia
1138 791 1265 833 non
1295 774 1563 834 intendit
1585 792 1699 834 1130
1717 772 1852 833 vult

283 865 550 945 amplius
578 864 876 942 obligare,
898 869 1086 944 atque
1113 865 1201 925 ita
1225 865 1671 944 obligationem
1693 865 1850 944 legis

281 960 558 1040 positivae
573 975 702 1020 esse
715 957 830 1019 sub
844 957 1114 1034 mortali,
1127 958 1397 1037 pendere
1415 958 1494 1019 ab
1506 959 1851 1020 intentione

278 1051 667 1130 legislatoris,
690 1057 761 1112 ut
780 1070 818 1112 a
836 1069 1019 1112 causa
1038 1052 1398 1127 necessaria,
1414 1052 1558 1113 licet
1576 1053 1705 1113 sola
1724 1070 1851 1113 non

283 1144 566 1205 sufficiat.
584 1145 758 1205 Hanc
771 1143 1144 1205 sententiam
1162 1144 1340 1205 docet
1355 1162 1638 1224 expresse
1653 1150 1715 1205 et
1730 1144 1853 1206 late

284 1237 492 1298 Castro
520 1237 682 1298 dicto
708 1236 816 1297 lib.
843 1240 904 1311 1,
935 1255 1071 1317 cap.
1099 1239 1160 1313 5,
1186 1238 1429 1299 docum.
1458 1240 1517 1299 4.
1552 1238 1852 1299 Eamdem

279 1338 473 1409 tenet,
514 1332 614 1393 vel
641 1331 845 1410 potius
880 1331 1173 1411 supponit
1202 1331 1424 1392 Navar.
1474 1332 1542 1391 in
1577 1331 1849 1392 Manuali

280 1444 414 1504 cap.
446 1426 550 1500 23,
580 1444 648 1484 n.
683 1424 787 1499 48,
818 1425 899 1485 49
927 1429 989 1483 31
1019 1423 1436 1502 sequentibus.
1467 1424 1633 1485 Idem
1662 1424 1849 1484 sentit

280 1517 528 1581 Medina
554 1522 734 1577 tract.
765 1515 842 1576 de
870 1516 1073 1594 Jejun.
1107 1521 1321 1595 quaest.
1356 1518 1424 1592 7,
1456 1516 1493 1596 ξ
1529 1516 1842 1595 Superest,

281 1617 344 1672 et
366 1611 432 1670 in
461 1609 679 1671 eodem
704 1626 885 1669 sensu
909 1608 1155 1669 videtur
1170 1608 1344 1687 loqui
1371 1610 1562 1688 Cajet.
1585 1609 1652 1669 in
1679 1627 1838 1669 sum.

279 1702 453 1764 verb.
498 1704 797 1781 Proeoepti
844 1703 1267 1781 transm-ossio,
1308 1701 1394 1762 Ac
1439 1702 1707 1781 denique
1742 1702 1843 1763 hic

281 1795 528 1856 videtur
577 1813 704 1856 esse
752 1795 1098 1855 communis
1142 1812 1356 1854 sensus
1403 1794 1728 1854 doctorum
1772 1796 1842 1856 in

277 1888 393 1948 hac
421 1889 722 1949 materia:
749 1905 963 1949 omnes
991 1888 1160 1948 enim
1187 1905 1332 1948 cum
1354 1887 1431 1948 de
1462 1887 1579 1947 1133
1609 1887 1842 1966 obliga-

272 1981 442 2040 tione
496 1986 799 2057 tractant,
852 1981 1127 2060 primum
1179 1982 1463 2042 omnium
1515 1981 1841 2059 1equirunt

272 2073 685 2134 intentionem
725 2073 1131 2152 legislatoris:
1176 2092 1325 2134 nam
1375 2074 1508 2134 sine
1554 2073 1662 2133 1113
1712 2091 1839 2135 3333

269 2184 398 2226 11011
425 2170 650 2245 1101331,
690 2165 836 2227 11331
877 2166 1006 2226 3013
1032 2166 1142 2226 1113
1186 2185 1314 2226 11011
1351 2166 1634 2241 sufficiat,
1672 2167 1834 2246 quod

270 2259 458 2319 etiam
488 2258 757 2318 intendit
786 2259 1007 2319 Driedo
1034 2258 1167 2320 1000
1196 2262 1404 2321 311310.
1437 2262 1513 2321 Ε1
1538 2259 1672 2321 haec
1699 2278 1835 2321 sen-

269 2352 467 2413 tentia
505 2352 662 2412 mibi
705 2350 953 2411 videtur
999 2369 1170 2428 vera,
1208 2371 1397 2432 quam
1416 2352 1834 2432 sequentibus

272 2444 708 2507 assertionibus
735 2443 1077 2504 declarabo.

353 2541 413 2599 7.
456 2540 630 2601 Mens
655 2537 1036 2600 (111310νί3-
1051 2537 1197 2598 Dico
1222 2537 1464 2618 primo:
1493 2540 1833 2613 Quantum-

269 2632 364 2693 vis
392 2631 650 2693 materia
675 2631 827 2710 legis
855 2630 1060 2711 gravis
1100 2631 1204 2706 sit,
1233 2631 1285 2692 si
1321 2631 1635 2710 legislator
1660 2634 1831 2694 suffi-

267 2725 500 2787 cienter
526 2724 793 2786 declaret
828 2742 892 2785 se
919 2722 1085 2784 nolle
1111 2724 1386 2803 obligare
1414 2727 1528 2788 sub
1556 2727 1827 2805 mortali,

265 2819 407 2880 talis
446 2817 548 2879 lex
597 2835 722 2878 non
770 2816 1007 2895 obligat
1053 2816 1170 2878 sub
1210 2819 1479 2879 mortali.
1527 2820 1832 2882 Probatur

263 2914 491 2995 primo,
517 2912 663 2993 quia
695 2913 829 2973 baec
855 2911 1152 2991 obligatio
1189 2919 1281 2975 est
1305 2912 1555 2975 effectus
1582 2915 1831 2977 moralis

265 3008 345 3070 ab
368 3008 625 3068 bomine
652 3005 993 3082 faciendus,
1020 3007 1127 3086 qui
1158 3025 1285 3067 non
1311 3013 1508 3088 potest
1534 3006 1670 3068 fieri
1696 3009 1831 3070 sine

264 3121 567 3164 consensu
582 3100 918 3162 voluntatis
934 3099 1226 3162 humanae
1232 3118 1253 3181 3
1274 3101 1381 3163 sed
1401 3101 1490 3162 ibi
1508 3121 1635 3163 non
1658 3102 1832 3164 adest

265 3214 599 3258 consensus
627 3195 960 3256 voluntatis
1000 3196 1351 3274 superioris,
1383 3195 1532 3276 quia
1566 3196 1697 3275 ipse
1724 3215 1832 3276 po-

263 3290 387 3352 tius
411 3289 546 3350 vult
564 3307 692 3351 non
721 3287 998 3367 obligare
1024 3289 1103 3349 ad
1130 3288 1414 3364 mortale,
1441 3294 1512 3349 ut
1538 3288 1833 3369 supponi-

262 3388 367 3443 tur
377 3402 397 3458 3
421 3399 570 3461 ergo
597 3399 725 3442 non
751 3381 1071 3442 inducitur
1094 3381 1234 3442 talis
1261 3381 1578 3460 obligatio,
1608 3382 1831 3443 Proba-

264 3481 369 3538 tur
404 3475 861 3555 consequentia,
891 3476 1039 3555 quia
1064 3474 1154 3535 ibi
1181 3494 1308 3537 non
1345 3476 1681 3537 intervenit
1706 3476 1829 3538 alia

264 3571 549 3632 voluntas
574 3569 875 3646 humana,
911 3588 1048 3650 quae
1089 3570 1277 3650 possit
1302 3568 1475 3631 illam
1503 3569 1829 3649 obligatio-

263 3682 409 3727 nem
447 3663 779 3741 inducere:
827 3669 889 3724 et
931 3662 1218 3725 voluntas
1266 3663 1597 3743 superioris
1614 3709 1634 3740 ,
1681 3664 1827 3726 licet

260 3759 475 3840 possit,
522 3776 650 3819 non
695 3758 852 3835 vult,
895 3763 957 3819 et
988 3776 1116 3820 11011
1157 3763 1450 3839 operatur
1488 3759 1654 3838 quod
1698 3778 1825 3820 non

262 3852 422 3930 vult,
464 3853 611 3932 quia
647 3855 818 3912 actus
854 3851 1175 3931 agentium
1216 3870 1344 3913 non
1385 3852 1826 3915 transcendunt

258 3946 670 4009 intentionem
700 3963 937 4023 eorum,
975 3951 1048 4006 ut
1082 3947 1346 4007 sumitur
1372 3964 1449 4007 ex
1475 3946 1520 4007 1.
1569 3946 1651 4010 Si
1686 3951 1825 4028 quis

259 4058 365 4102 neo
391 4057 655 4116 causam,
690 4039 817 4101 etl.
846 4040 991 4104 Non
1022 4041 1235 4115 omnis,
1262 4038 1329 4099 ff.
1357 4040 1423 4100 Si
1448 4045 1595 4100 cert.
1626 4045 1818 4119 petat.

260 4133 494 4194 Dicitur
531 4132 690 4194 forte
714 4133 1098 4193 voluntatem
1133 4132 1373 4193 ferendi
1412 4132 1614 4211 legem
1657 4133 1824 4193 suffi-

260 4244 436 4287 cere:
478 4243 623 4286 nam
672 4225 781 4285 illa
829 4225 1028 4305 posita
1065 4226 1170 4305 jus
1216 4224 1496 4286 naturale
1540 4225 1703 4303 cogit
1753 4230 1825 4285 111

258 4319 553 4398 obligatio
576 4318 730 4397 legis
751 4317 957 4397 gravis
984 4317 1081 4380 sit.
1116 4318 1233 4379 Sed
1267 4323 1511 4379 contra:
1538 4335 1686 4378 nam
1714 4316 1821 4378 1113

259 4413 544 4473 voluntas
576 4411 815 4473 ferendi
853 4411 1057 4490 legem
1098 4430 1226 4472 non
1254 4416 1344 4473 est
1384 4410 1685 4486 absoluta,
1716 4412 1822 4473 sed

255 4505 547 4580 limitata,
590 4510 652 4565 et
696 4504 871 4583 quasi
912 4504 1027 4565 sub
1071 4503 1188 4564 1133
1229 4504 1582 4565 conditione
1625 4504 1823 4584 impo-

257 4598 451 4660 nendi
494 4597 934 4676 obligationem
977 4597 1090 4657 sub
1122 4597 1405 4671 mortali3
1446 4614 1595 4677 ergo
1635 4603 1708 4658 ut
1747 4614 1825 4657 ex

254 4691 369 4754 illa
394 4692 711 4752 voluntate
745 4691 847 4752 lex
873 4691 1251 4771 imponatur,
1292 4697 1531 4770 oportet
1569 4696 1642 4751 ut
1681 4709 1824 4752 con-

256 4784 414 4846 ditio
440 4784 772 4863 impleatur
784 4807 802 4860 3
831 4788 970 4845 tum
998 4785 1144 4864 quia
1175 4783 1553 4864 impossibile
1590 4789 1683 4845 est
1717 4802 1825 4845 vo-

254 4878 565 4941 luntatem
600 4877 1083 4939 conditionatam
1114 4877 1342 4940 habere
1380 4877 1666 4939 effectum
1695 4896 1822 4939 non

255 4970 516 5051 impleta
549 4971 920 5048 conditione,
961 4989 1107 5032 cum
1136 4970 1296 5032 nibil
1334 4976 1524 5051 ponat
1557 4971 1625 5031 in
1668 4989 1820 5047 esse,

254 5072 394 5128 tum
424 5064 613 5126 etiam
649 5064 797 5145 quia
831 5065 982 5127 alias
1008 5066 1116 5127 illa
1154 5066 1441 5128 voluntas
1484 5065 1825 5127 involveret

252 5158 737 5239 repugnantiam
775 5159 843 5219 in
871 5158 1134 5239 obJectO,
1173 5164 1237 5221 et
1263 5164 1707 5239 consequenter
1733 5177 1825 5221 es-

253 5259 349 5314 set
390 5252 467 5314 de
507 5271 576 5315 re
619 5253 984 5334 impossibili
1005 5299 1027 5330 ,
1066 5258 1130 5314 et
1168 5271 1240 5314 eo
1276 5253 1410 5333 ipso
1446 5270 1573 5313 non
1615 5258 1819 5333 posset

251 5347 485 5408 habere
525 5344 836 5409 effectum.
869 5347 1044 5408 Unde
1085 5352 1490 5425 argumentor
1525 5347 1814 5422 secun‘dO,

253 5440 426 5520 quia,
451 5439 552 5501 vel
583 5445 678 5501 est
701 5440 1005 5520 possibile,
1036 5441 1104 5501 111
1138 5440 1250 5501 1311
1278 5440 1540 5501 materia
1574 5439 1707 5500 dari
1731 5439 1817 5500 le·

254 5550 401 5612 gem
440 5533 811 5611 humanam,
839 5540 903 5596 31
940 5552 1067 5596 11011
1095 5534 1475 5615 obligantem
1506 5532 1621 5596 sub
1657 5550 1821 5596 mor-

1930 492 2064 570 tali,
2091 495 2191 556 vel
2219 502 2311 557 est
2337 497 2732 578 impossibilis
2761 497 2904 559 talis
2927 498 3068 559 lex:
3095 498 3149 559 si
3183 505 3275 561 est
3305 502 3498 580 possi·

1930 585 2090 663 bilis,
2138 589 2206 649 in
2248 607 2322 650 eo
2368 608 2514 651 casu
2551 590 2681 667 fiet,
2728 591 2874 671 quia
2902 590 3036 652 haec
3078 597 3170 652 est
3212 593 3498 656 voluntas

1929 678 2184 741 ferentis
2209 681 2422 758 illam;
2450 684 2503 743 si
2524 702 2672 744 vero
2702 691 2794 744 est
2821 684 3236 764 impossibilis,
3266 704 3340 746 eo
3367 688 3497 768 ipso

1930 789 2010 832 ex
2031 774 2094 833 vi
2119 774 2261 835 talis
2284 776 2453 836 modi
2476 776 2718 838 ferendi
2740 776 2965 855 legem,
2990 778 3251 857 talisque
3280 780 3500 841 volun-

1929 867 2099 942 tatis,
2149 867 2323 928 nulla
2348 868 2449 929 lex
2478 869 2685 930 valida
2712 871 3152 932 constituetur:
3184 890 3331 951 ergo
3358 874 3499 936 talis

1930 957 2032 1019 lex
2062 977 2193 1019 non
2232 960 2530 1039 obligabit
2565 962 2645 1022 ad
2686 963 2966 1036 mortale,
3012 963 3175 1042 quod
3204 983 3369 1026 nunc
3395 967 3497 1028 in-

1930 1053 2267 1114 tendimus·
2301 1055 2602 1116 Probatur
2626 1055 2761 1116 baec
2788 1057 3010 1117 ultima
3037 1061 3495 1138 consequentia,

1932 1147 2081 1224 quia
2107 1146 2421 1226 legislator
2437 1148 2627 1209 talem
2648 1148 2851 1228 legem
2878 1150 3014 1210 vult
3030 1150 3256 1228 facere,
3279 1157 3342 1213 et
3369 1171 3497 1216 non

1930 1238 2160 1300 aliam:
2190 1241 2242 1300 si
2270 1258 2418 1319 ergo
2439 1241 2548 1301 illa
2576 1247 2668 1303 est
2692 1242 3109 1322 impossibilis,
3134 1244 3270 1306 vult
3291 1245 3497 1325 legem

1929 1331 2393 1412 impossibilem,
2416 1339 2480 1394 et
2501 1341 2950 1415 consequenter
2967 1337 3128 1397 nihil
3148 1336 3316 1400 facit.
3341 1340 3497 1401 Con-

1925 1422 2211 1486 firmatur
2242 1442 2281 1487 3
2319 1427 2548 1488 simili:
2586 1445 2737 1488 nam
2778 1429 2830 1489 si
2870 1429 3058 1491 vellet
3088 1429 3248 1492 ferre
3291 1431 3494 1511 legem

1926 1517 2090 1578 circa
2134 1519 2459 1581 materiam
2503 1538 2757 1598 gravem
2802 1526 2910 1582 aut
2952 1522 3177 1599 levem,
3228 1529 3289 1585 et
3329 1527 3494 1604 quod

1923 1610 2098 1671 nullo
2124 1612 2309 1673 modo
2348 1612 2673 1692 obligaret,
2717 1633 2833 1675 nec
2862 1615 2941 1675 ad
2986 1616 3231 1696 culpam
3267 1625 3493 1681 morta-

1921 1703 2072 1779 lem,
2114 1721 2316 1783 neque
2357 1707 2435 1767 ad
2474 1707 2806 1783 venialem,
2851 1725 3053 1787 neque
3095 1709 3171 1771 ad
3214 1729 3488 1790 poenam,

1920 1795 2198 1875 profecto
2225 1816 2355 1859 non
2391 1798 2576 1860 ferret
2606 1800 2835 1887 legem,
2860 1802 2968 1862 sed
3005 1802 3353 1879 consilium,
3381 1810 3490 1866 aut

1921 1889 2264 1969 simplicem
2291 1892 2771 1970 ordinationem,
2805 1900 2867 1954 et
2902 1901 3253 1957 censeretur
3281 1915 3488 1961 errare

1919 1982 1987 2042 in
2016 1984 2271 2045 nomine
2300 1984 2494 2064 legis:
2527 1987 2674 2065 quia
2701 1987 2753 2047 si
2782 1986 2887 2049 ille
2927 2006 3057 2049 non
3097 1989 3343 2068 ignorat
3377 2009 3486 2052 na-

1917 2082 2126 2139 turam
2153 2076 2329 2156 13313,
2360 2097 2487 2140 11011
2515 2085 2714 2159 potest
2735 2080 2924 2142 simul
2951 2082 3110 2143 velle
3142 2085 3482 2161 contraria3

1918 2174 1983 2230 et
2015 2170 2067 2229 si
2108 2170 2353 2249 ignorat
2382 2177 2671 2232 naturam
2697 2172 2875 2251 legis,
2911 2191 2985 2235 eo
3010 2175 3146 2254 ipso
3181 2193 3308 2235 non
3337 2177 3487 2239 facit

1917 2261 2146 2341 legem,
2185 2265 2331 2344 quia
2362 2263 2553 2326 habet
2591 2273 3046 2345 repugnantem
3071 2267 3481 2347 voluntatem,

1916 2362 2134 2418 contra
2160 2376 2349 2437 quam
2368 2378 2497 2420 non
2528 2364 2728 2439 potest
2750 2362 3086 2440 praevalere
3103 2362 3388 2424 voluntas
3407 2382 3484 2425 ex

1911 2448 2266 2528 ignorantia
2292 2453 2666 2531 procedens:
2693 2471 2841 2534 ergo
2867 2454 3034 2515 idem
3060 2474 3204 2517 cum
3230 2474 3482 2537 propor-

1909 2542 2081 2604 tione
2107 2544 2224 2605 erit
2244 2545 2312 2605 in
2338 2546 2649 2625 praesenti.

1992 2637 2050 2697 8.
2098 2638 2522 2702 Pendeo-antur
2547 2640 2815 2702 rationes
2841 2642 3124 2720 opposito:
3148 2643 3481 2722 smtentioe,

1912 2736 1968 2793 ec
1994 2733 2379 2810 respondetur
2405 2733 2563 2796 illis.
2579 2734 2904 2794 —Harum
2933 2740 3140 2796 autem
3168 2737 3481 2798 rationum

1912 2824 2182 2886 efficacia
2238 2826 2595 2887 ostendetur
2648 2826 2869 2888 melius
2914 2827 3310 2890 discurrendo
3367 2850 3481 2911 per

1908 2917 2180 2978 rationes
2230 2918 2298 2978 in
2332 2919 2710 2980 contrarium
2747 2920 2960 2983 factas.
3009 2921 3185 2983 Circa
3208 2923 3477 3003 primam

1911 3010 2081 3070 enim
2121 3011 2640 3073 considerandum
2669 3019 2762 3074 est
2788 3014 2974 3093 quod,
2997 3014 3142 3076 licet
3181 3016 3479 3095 obligatio

1910 3102 2066 3182 legis
2084 3102 2375 3166 humanae
2396 3105 2746 3167 radicaliter
2773 3107 3009 3168 oriatur
3036 3109 3268 3188 exlege
3298 3117 3478 3173 natu-

1909 3196 2050 3272 rali,
2099 3196 2508 3258 nibilominus
2551 3198 2907 3259 immediate
2946 3206 3038 3260 est
3080 3218 3117 3260 3
3158 3202 3477 3265 voluntate

1909 3287 2188 3350 humana
2213 3289 2580 3368 legislatoris
2626 3308 2643 3352 :
2693 3291 2860 3352 unde
2892 3299 3042 3352 tunc
3093 3291 3328 3372 obligat
3375 3295 3477 3356 lex

1911 3387 2150 3443 naturae
2199 3383 2278 3444 ad
2325 3384 2672 3464 parendum
2714 3386 3013 3465 superiori
3058 3388 3438 3468 praecipienti
3451 3435 3473 3467 ,

1908 3476 2156 3554 quando
2180 3476 2550 3556 supponitur
2576 3478 2765 3538 homo
2790 3478 3166 3541 sufficienter
3189 3486 3251 3541 et
3273 3483 3476 3545 valide

1906 3569 2257 3649 praecipere.
2317 3570 2398 3632 At
2439 3571 2507 3631 in
2551 3572 2840 3652 praesenti
2894 3574 3173 3652 superior
3213 3582 3475 3638 autnon

1905 3662 2110 3724 valide
2133 3663 2434 3744 praecipit,
2463 3664 2609 3744 quia
2649 3662 2785 3726 vult
2810 3668 3225 3746 repugnantia
3272 3676 3335 3731 et
3378 3671 3475 3735 in-

1904 3757 2380 3837 compossibilia,
2403 3757 2504 3820 vel
2532 3777 2658 3820 non
2685 3760 2966 3840 praecipit
2992 3762 3370 3826 sufficienter
3395 3765 3475 3828 ad

1904 3850 2310 3929 obligandum
2362 3852 2442 3912 ad
2491 3853 2775 3929 mortale,
2826 3855 2974 3934 (11113
3022 3874 3150 3916 11011
3196 3860 3476 3939 praecipit

1905 3945 2026 4005 nisi
2053 3945 2258 4006 media
2280 3963 2393 4006 sua
2435 3945 2779 4023 voluntate,
2815 3953 2878 4008 et
2902 3949 3030 4027 ipse
3059 3968 3186 4010 non
3208 3952 3341 4013 vult
3365 3953 3475 4014 tali

1903 4038 2087 4098 modo
2114 4039 2471 4118 111-1113111313,
2497 4038 2644 4117 (11113
2666 4057 2794 4100 11011
2815 4039 2952 4099 vult
2975 4041 3083 4101 tali
3109 4043 3293 4104 modo
3318 4045 3475 4105 obli-

1904 4147 2072 4208 gare.
2126 4130 2300 4191 Unde
2347 4131 2729 4191 convertitur
2782 4138 3224 4210 argumentum
3248 4181 3268 4211 ,
3325 4139 3474 4217 quia

1904 4222 2198 4301 obligatio
2220 4222 2377 4300 legis
2406 4221 2699 4282 humanae
2721 4223 3033 4284 radicatur
3054 4226 3124 4285 in
3162 4227 3271 4288 illo
3296 4230 3496 4308 prin-.

1904 4315 2063 4395 cipio
2094 4315 2362 4375 naturali
2391 4314 2805 4376 obediendum
2835 4334 2965 4377 esse
3008 4319 3424 4397 superioribus
3449 4346 3468 4398 ;

1902 4408 2006 4471 sed
2035 4408 2138 4470 hic
2163 4410 2442 4489 superior
2462 4427 2592 4470 non
2615 4410 2750 4472 vult
2768 4409 3043 4490 obligare
3066 4412 3143 4472 ad
3168 4415 3430 4477 mortale
3453 4434 3469 4478 :

1903 4520 2051 4580 ergo
2080 4521 2195 4564 nec
2219 4503 2321 4581 jus
2351 4502 2637 4564 naturale
2663 4502 2901 4583 obligat
2918 4504 2999 4565 ad
3022 4506 3304 4583 mortale,
3328 4511 3475 4589 quia

1903 4596 1970 4656 in
2002 4596 2291 4676 praesenti
2339 4614 2466 4657 non
2499 4601 2818 4676 operatur,
2858 4597 2979 4657 nisi
3023 4598 3336 4663 mediante
3369 4622 3475 4663 vo·

1902 4688 2140 4750 luntate
2178 4690 2533 4770 superioriS,
2569 4695 2632 4752 et
2674 4689 2853 4769 quasi
2894 4691 3099 4752 dando
3141 4692 3230 4753 illi
3270 4695 3471 4758 effica-

1903 4782 2065 4844 ciam
2090 4799 2106 4844 :
2129 4801 2256 4843 non
2283 4782 2390 4844 dat
2417 4788 2626 4845 autem
2645 4783 2981 4845 efficaciam
3010 4791 3224 4847 contra
3246 4787 3470 4869 ipsam,

1903 4877 2013 4938 sed
2044 4882 2116 4938 ut
2139 4877 2275 4957 ipsa
2300 4874 2635 4957 impleatur
2660 4876 2731 4937 in
2755 4877 2853 4938 his
2877 4896 3016 4958 quae
3040 4878 3196 4942 vult.

1983 4972 2045 5032 9.
2091 4970 2184 5032 Ad
2220 4970 2562 5033 secundum
2584 4976 2848 5051 negatur
2876 4971 3349 5052 consequentia:
3380 4980 3473 5037 est

1904 5064 2075 5126 enim
2131 5064 2317 5145 longe
2371 5063 2612 5125 diversa
2667 5064 2827 5125 ratio
2871 5064 3036 5126 inter
3087 5066 3471 5129 voluntatem

1903 5156 2298 5239 praecipiendi
2339 5175 2473 5218 rem
2499 5157 2703 5233 levem
2731 5155 2847 5216 sub
2884 5157 3154 5234 mortali,
3183 5158 3284 5219 vel
3332 5178 3472 5239 gra-

1904 5270 2044 5313 vem
2094 5249 2207 5311 sub
2251 5236 2691 5323 veniali.'“Quia
2716 5249 2888 5336 prior
2928 5249 3214 5312 voluntas
3260 5259 3350 5314 est
3391 5253 3470 5316 ad

1898 5342 2344 5424 imponendam
2378 5335 2841 5421 obligationem,
2877 5348 2938 5403 et
2965 5342 3103 5403 ideo
3147 5363 3288 5406 cum
3317 5346 3472 5406 obli-

1901 5439 2069 5516 gatio
2094 5436 2172 5497 sit
2195 5437 2425 5515 injusta
2452 5440 2513 5497 et
2535 5434 2835 5496 excedens
2857 5441 3221 5515 potestatem
3244 5439 3465 5499 huma-

1900 5550 2072 5608 nam,
2101 5548 2228 5592 non
2268 5529 2456 5594 habet
2494 5528 2830 5591 efficaciam
2862 5543 2880 5590 :
2913 5532 3214 5611 posterior
3254 5537 3464 5594 autem
