3976 6219
685 705 1181 850 INDEX
1273 705 1946 850 CAPITUM
2039 709 2454 852 LIBRI
2554 707 3092 873 QUINTI

338 986 444 1061 DE
476 988 928 1066 VARIETATE
961 992 1234 1068 LEGUM
1265 992 1774 1069 HUMANARUM
1803 994 1907 1068 ET
1936 993 2412 1070 PRAESERTIM
2439 994 2544 1070 DE
2578 994 3043 1072 POENALIBUS
3067 996 3172 1071 ET
3204 995 3536 1075 ODIOSIS.

339 1476 502 1550 Cu».
550 1478 605 1550 I.
663 1478 768 1553 De
788 1479 1251 1556 humanarum
1272 1484 1498 1581 le9um
1530 1483 1890 1559 varietate.
1975 1482 2139 1557 Cn.
2197 1482 2379 1557 XVI.
2437 1482 2542 1558 De
2567 1485 2822 1581 forma,
2855 1499 2924 1562 et
2945 1487 3246 1562 materia
3271 1487 3347 1561 in
3372 1488 3538 1586 beqi-

340 1599 502 1674 Cn».
562 1603 651 1675 II.
707 1602 813 1677 De
876 1605 1021 1701 leqe
1070 1606 1310 1680 odiosa
1361 1621 1429 1680 et
1455 1603 1462 1612 ’
1487 1606 1889 1704 favorabili,
2078 1605 2202 1676 bus
2238 1603 2653 1677 tributorum
2679 1605 3063 1678 servandis,

441 1746 816 1823 earumque
845 1728 1204 1803 varietate.
1976 1725 2139 1800 Cn.
2197 1727 2411 1800 XVII.
2476 1725 2723 1800 Utrum
2749 1728 2991 1825 aliqua
3019 1728 3167 1802 a'lia
3198 1728 3530 1815 conditio,

341 1847 502 1920 Cu».
562 1849 683 1922 III.
748 1850 994 1926 Utrum
1038 1853 1218 1950 leqes
1255 1852 1565 1950 poenales
1599 1852 1901 1951 obliqent
2076 1849 2469 1947 praeserlim
2520 1850 2955 1923 subditorum
3012 1876 3405 1938 consensu-5,
3444 1856 3539 1928 ad

440 1969 514 2042 in
560 1973 985 2048 conscientia
1019 1975 1111 2048 ad
1150 1987 1345 2048 actus
1377 1999 1548 2072 quos
1578 1974 1899 2070 proxime
2074 1974 2421 2069 justitiam
2461 1974 2701 2048 tributi
2728 1975 3155 2073 requiratur.

447 2095 838 2169 intendunt.
1979 2094 2144 2170 Cn».
2169 2097 2415 2171 XVIII.
2447 2096 2695 2171 Utrum
2722 2098 2902 2195 [eyes
2923 2100 3338 2174 tributorum
3363 2101 3538 2174 obli·

341 2227 505 2301 Cn».
550 2224 665 2297 IV.
723 2224 840 2295 An
870 2223 1135 2319 possint
1170 2222 1332 2297 dari
1371 2224 1552 2321 leqes
1580 2225 1902 2298 humanae
2079 2233 2239 2317 qent
2263 2218 2337 2290 in
2362 2218 2785 2294 conscientia
2811 2221 2905 2294 ad
2932 2221 3219 2296 illorum
3249 2222 3537 2297 solutio-

439 2344 665 2417 solum
696 2343 790 2415 ad
811 2366 1091 2438 poenam
1120 2342 1554 2441 obliqantes..
1662 2415 1668 2422 .
2082 2370 2266 2419 nem.
2302 2346 2578 2420 etiamsi
2603 2370 2743 2420 non
2775 2359 3126 2444 petantur.

342 2467 504 2540 Cn.
563 2466 643 2539 V.
709 2463 956 2538 Utrum
983 2463 1097 2537 lem
1120 2465 1427 2539 humana
1456 2467 1675 2564 possit
1724 2466 1905 2540 obli·
1983 2469 2353 2545 (huxlx.
2378 2469 2624 2544 Utrum
2647 2471 2827 2568 leqes
2841 2472 3163 2545 humanae
3181 2471 3540 2547 irritantes

442 2611 609 2685 qare
662 2586 733 2659 in
781 2585 1203 2659 conscientia
1263 2587 1357 2659 ad
1406 2611 1685 2682 poenam
1744 2601 1905 2662 ante
2085 2604 2541 2682 contractum,
2570 2591 2878 2686 poenales
2906 2594 3015 2666 vel
3042 2617 3349 2668 onerosae
3371 2594 3536 2667 sint.

442 2706 1088 2779 condemnationem
1105 2705 1399 2800 judicis.
1984 2712 2148 2787 Cn.
2208 2713 2371 2785 XX.
2428 2711 2675 2786 Utrum
2709 2714 2890 2811 leqes
2917 2713 3277 2789 irritantes
3313 2731 3534 2802 actus,

343 2828 505 2902 CAP.
563 2828 676 2898 VI.
737 2825 1029 2912 Quando
1086 2826 1265 2922 leqes
1312 2828 1621 2921 poenales
1665 2829 1904 2902 conti-
2084 2832 2244 2905 illos
2274 2832 2350 2906 in
2376 2833 2799 2908 conscientia
2825 2834 3267 2930 prohibeant.

443 2959 654 3019 neant
679 2949 1095 3021 sententiam
1117 2946 1511 3043 ferendam,
1542 2962 1608 3022 et
1631 2974 1770 3023 non
1804 2951 1904 3023 la·
1983 2956 2148 3029 Cn.
2205 2955 2395 3027 XXI.
2454 2952 2719 3041 Quibus
2753 2953 2981 3026 modis
3015 2954 3346 3051 impediri
3377 2979 3544 3053 pos-

448 3084 615 3142 tam.
2080 3075 2175 3149 sit
2210 3075 2516 3150 irritatio
2562 3090 2759 3149 actus
2808 3101 3014 3175 quem
3062 3077 3174 3151 lex
3219 3077 3544 3175 praecipit

345 3194 507 3268 Cu».
564 3192 712 3266 VII.
771 3190 888 3265 An
939 3215 1163 3288 poenoe
1194 3192 1506 3267 executio
1542 3193 1636 3267 sit
1671 3194 1905 3267 debita
2081 3222 2210 3294 pro
2237 3197 2493 3293 infecto
2521 3199 2787 3274 haberi.

443 3316 515 3388 in
533 3313 959 3388 conscientia
984 3329 1145 3390 ante
1150 3316 1421 3411 judicis
1441 3316 1893 3391 coactionem.
1983 3320 2146 3395 cmv.
2204 3321 2427 3394 XXII.
2492 3320 2739 3396 Utrum
2766 3320 2877 3393 lex
2898 3320 3048 3416 ipso
3062 3319 3231 3416 jure
3252 3318 3544 3395 irritans

342 3436 503 3510 CAP.
561 3438 743 3510 VIII.
801 3436 906 3511 De
951 3462 1175 3535 poenae
1223 3438 1589 3535 privativae
1646 3464 1903 3514 execu-
2080 3459 2339 3540 actum,
2389 3445 2721 3542 impediri
2778 3445 3016 3544 ali-quo
3066 3446 3270 3518 modo
3325 3446 3546 3543 possit

446 3560 628 3633 tione
653 3574 813 3635 ante
839 3562 1281 3635 sententiam.
2079 3593 2166 3642 ne
2193 3583 2427 3642 actum
2454 3567 2725 3641 nullum
2748 3568 3022 3643 reddat.

344 3680 506 3754 Cu».
565 3681 688 3753 IX.
746 3680 852 3754 De
880 3682 1354 3756 observatione
1385 3706 1607 3779 poenae
1655 3684 1901 3780 priva-
1986 3693 2149 3766 CAP.
2208 3693 2464 3766 XXIII.
2530 3692 2777 3767 Utrum
2797 3692 2872 3766 in
2896 3692 3039 3791 leqe
3060 3693 3384 3769 irritante
3412 3719 3538 3768 ac-

450 3801 630 3895 tivoe,
673 3827 827 3901 quae
855 3828 983 3900 per
1016 3804 1242 3901 ipsam
1282 3804 1503 3903 le9em
1538 3806 1643 3902 fit.
2087 3829 2231 3889 tum
2267 3816 2417 3912 ipso
2469 3817 2683 3912 facto,
2739 3831 2807 3891 et
2865 3831 3026 3891 ante
3072 3842 3350 3892 omnem
3380 3843 3543 3892 sen-

346 3925 508 4000 CAP.
568 3928 658 3999 X.
706 3926 952 4002 Utrum
975 3925 1090 3999 lea>
1108 3927 1408 4023 poenalis
1428 3925 1682 4023 obliqet
1706 3952 1907 4001 reum
2088 3938 2404 4031 tentiam,
2446 3939 2696 4014 habeat
2731 3941 2958 4014 locum
2988 3941 3274 4037 θρὶϋςῑα,

446 4047 540 4120 ad
564 4071 786 4143 poenoe
810 4047 1284 4121 execuliwem
1302 4047 1551 4121 sallem
1574 4061 1730 4144 Ρθθῑ
1747 4073 1903 4123 80⁷2·
1982 4062 2146 4136 Cn.
2177 4064 2423 4137 XXIV.
2488 4063 2735 4139 Utrum
2755 4064 2867 4137 lex
2884 4064 3175 4138 irritans
3193 4064 3546 4138 interdum

451 4171 740 4243 lentiam
752 4169 1047 4266 jndissss·
2081 4192 2397 4289 privetur
2418 4217 2541 4266 suo
2571 4193 2846 4292 effectu,
2871 4193 3038 4292 quia
3064 4195 3139 4268 in
3156 4219 3541 4292 praesump-

346 4291 508 4366 CAP.
567 4293 692 4365 XI.
755 4291 1004 4367 Utrum
1029 4291 1141 4364 lex
1165 4291 1464 4388 poenalis
1504 4292 1757 4391 obliqet
1776 4294 1905 4392 ju·
2088 4314 2273 4390 tione
2298 4316 2661 4413 fundatur,

447 4411 676 4485 dicem
701 4414 794 4486 ad
818 4436 1099 4510 poenam
1147 4413 1224 4486 in
1265 4438 1350 4488 ‘3⁰
1377 4414 1681 4511 p0⁸i²⁰m
1716 4416 1908 4515 insti·
1983 4438 2147 4515 Cu».
2206 4441 2420 4515 XXV.
2485 4439 2741 4515 Utrum·
2764 4438 2990 4512 omnis
3038 4440 3151 4514 tem
3171 4438 3543 4537 prohibens

444 4539 766 4635 qendam.
2082 4587 2256 4660 pure
2291 4588 2374 4639 ac
2412 4561 2828 4660 simpliciter
2861 4575 3095 4637 actum
3136 4587 3215 4637 eo
3247 4562 3397 4659 ipso
3438 4561 3541 4634 ir-

346 4662 508 4737 Cn».
547 4664 704 4737 XII.
754 4663 1001 4738 Utrum
1028 4664 1317 4761 iqnoran
1330 4663 1429 4737 tia
1459 4683 1737 4746 excuset
1766 4692 1905 4766 poe-
2080 4687 2245 4762 ‚4131
2271 4688 2497 4762 mum,

446 4811 612 4860 nam
640 4788 833 4885 levi-³·
1984 4808 2147 4884 Cn.
2204 4811 2452 4885 XXVI.
2510 4809 2776 4898 Quibus
2791 4810 3018 4885 verbis
3041 4823 3166 4885 aut
3181 4809 3408 4884 modis
3434 4810 3548 4883 lex

347 4911 509 4986 CAP.
568 4910 757 4986 XIII.
820 4912 1067 4988 Utrum
1131 4911 1312 5009 leqes
1360 4935 1490 5008 per
1559 4940 1732 5013 quas
1779 4918 1908 4990 tri-
2085 4930 2454 5026 prohibens
2491 4943 2724 5004 actum
2750 4931 2981 5007 irritet
3017 4933 3243 5009 illum.

449 5036 613 5110 buta
645 5036 1101 5134 imponuntur
1126 5061 1300 5133 pure
1323 5039 1632 5134 poenales
1652 5040 1818 5116 sint.
1990 5050 2154 5126 Cn.
2181 5049 2463 5125 XXVII.
2526 5050 2773 5126 Utrum
2798 5053 3177 5152 aliquando
3210 5056 3363 5129 sola
3382 5080 3545 5152 pro-

346 5160 510 5234 Cn.
568 5161 748 5233 XIV.
806 5158 912 5233 De
928 5172 1265 5255 potestate
1283 5162 1680 5237 necessaria
1698 5176 1776 5235 ut
1795 5163 1910 5239 lex
2086 5171 2330 5245 hibitio
2360 5170 2431 5244 vi
2467 5182 2535 5244 et
2569 5185 2827 5247 natura
2862 5199 2992 5248 sua
3019 5176 3249 5250 irritet
3276 5190 3535 5250 actum.

450 5283 783 5357 tributum
810 5282 1382 5380 imponensjusta
1406 5284 1522 5358 sit.
1986 5300 2151 5373 Cn».
2207 5295 2522 5369 XXVIII.
2586 5294 2833 5370 Utrum
2881 5320 2969 5371 ex
3012 5298 3081 5372 vi
3112 5297 3306 5395 juris
3348 5323 3545 5372 com-

346 5408 508 5482 CAI‘.
569 5408 714 5481 XV.
772 5405 877 5479 De
919 5406 1191 5480 ratione
1234 5419 1303 5479 et
1346 5431 1557 5481 causa
1585 5409 1789 5506 finali
1814 5410 1909 5485 ad
2081 5419 2315 5494 munis
2348 5430 2543 5490 actus
2576 5417 2807 5513 factus
2839 5436 3085 5496 contra
3130 5422 3351 5520 leqem
3384 5446 3542 5519 pro-

443 5525 792 5602 iustitiam
821 5524 1063 5601 tributi
1087 5526 1509 5603 necessaria.
2085 5540 2432 5618 hibentem
2462 5532 2708 5618 irritus
2728 5543 2823 5618 sit
2860 5542 3011 5640 ipso
3021 5542 3215 5640 jure.
