3976 6219
753 423 888 476 CAP.
916 423 995 475 vl.
1024 423 1106 474 ΑΝ
1136 422 1446 476 POTESTAS
1476 426 1560 476 An
1587 423 1908 476 FERENDAS
1933 423 2127 478 LEGES
2157 425 2394 477 CIVILES
2423 426 2820 486 OBLIGANTES,
2845 425 2978 476 ETC.

272 522 615 585 Pontificis:
646 523 815 584 aliud
848 542 992 584 vero
1025 523 1187 602 quod
1225 541 1505 583 summus
1547 523 1828 583 Pontifex

3347 421 3462 482 193

1907 525 2070 586 nolle
2118 525 2412 603 derogare
2472 544 2777 604 supremae
2831 524 3248 603 jurisdictioni
3302 527 3464 604 regis

272 615 498 677 habeat
538 617 839 677 directam
880 621 1245 694 potestatem
1274 615 1679 694 temporalem
1706 616 1828 675 dis·
1906 618 2139 693 Galliae,
2166 637 2281 679 nec
2301 618 2664 696 temporalia
2682 618 2913 697 judicia
2943 636 3258 696 usurpare.
3283 619 3463 679 Simi-

272 709 529 770 tinctam
558 709 637 770 ab
664 709 993 789 spirituali,
1026 727 1136 787 per
1157 727 1343 788 quam
1368 727 1479 787 per
1509 726 1572 769 se
1600 709 1829 768 directe
1907 711 1992 771 lia
2017 710 2207 771 habet
2233 711 2506 771 Gelasius
2532 730 2693 791 papa
2714 712 2780 771 in
2807 710 3078 789 Epistola
3107 710 3183 770 ad
3208 711 3466 772 Anasta-

272 803 461 882 possit
507 802 770 863 civiliter
815 801 1157 881 gubernare
1203 807 1399 862 totam
1449 801 1822 862 Ecclesiam:

273 914 422 956 nam
453 894 609 957 illud
635 897 909 975 primum
944 913 1160 957 verum
1201 900 1263 956 et
1292 901 1529 956 certum
1560 899 1673 969 est,
1703 912 1832 953 non

274 994 487 1050 tamen
515 996 768 1068 propter
798 988 1200 1069 temporalem
1236 993 1597 1068 potestatem
1643 986 1829 1060 Petri,

275 1080 381 1142 sed
417 1087 669 1161 propter
697 1082 1103 1161 spiritualem,
1144 1088 1207 1144 et
1242 1082 1343 1143 cui
1382 1080 1736 1160 temporalis
1768 1079 1835 1139 in

277 1174 492 1235 ordine
522 1175 597 1234 ad
626 1174 816 1236 finem
836 1175 1004 1236 illius
1027 1175 1370 1254 subjicitur,
1396 1180 1468 1235 ut
1488 1173 1650 1234 infra
1672 1190 1839 1233 com-

277 1269 556 1346 parando
583 1274 911 1348 utramque
939 1275 1303 1349 potestatem
1342 1268 1537 1329 latius
1567 1268 1802 1327 dicetur
1816 1280 1835 1341 ;

280 1361 447 1439 quod
483 1361 534 1421 si
569 1363 737 1442 prior
773 1363 1080 1423 sententia
1118 1363 1185 1421 in
1229 1361 1347 1421 hoc
1377 1365 1621 1421 tantum
1657 1377 1841 1420 sensu

278 1451 595 1532 loquatur,
620 1459 691 1514 ut
718 1454 1030 1515 interdum
1052 1453 1403 1532 significant
1425 1459 1705 1514 auctores
1729 1469 1840 1530 pro

282 1545 391 1606 illa
418 1547 610 1621 citati,
641 1564 857 1607 verum
877 1547 1113 1623 dicunt,
1135 1547 1275 1607 licet
1298 1547 1554 1607 obscure
1582 1546 1837 1624 loquan-

284 1643 408 1699 tur.
454 1639 597 1698 Hoec
631 1657 775 1699 vero
804 1640 1104 1718 posterior
1142 1639 1447 1700 sententia
1476 1639 1542 1698 in
1571 1637 1839 1699 secundo

288 1749 472 1791 sensu
516 1731 810 1810 loquitur,
859 1739 1070 1812 estque
1115 1734 1525 1794 communiter
1567 1738 1833 1812 recepta.

289 1827 480 1886 Tenet
524 1826 717 1903 Major
744 1826 810 1886 in
841 1829 903 1902 4,
934 1827 1074 1887 dist.
1124 1829 1225 1902 24,
1269 1846 1331 1905 q.
1372 1829 1430 1901 33
1474 1825 1837 1902 Vualdens.‚

287 1916 397 1977 lib.
427 1920 464 1977 2
503 1919 701 1978 Doctr.
741 1918 885 1979 fidei
919 1921 1210 1998 antiquae,
1238 1938 1370 1997 cap.
1403 1921 1479 1979 ’Π
1505 1925 1567 1978 et
1594 1920 1671 1978 78
1683 1934 1702 1994 3
1733 1918 1842 1977 Ca-

280 2009 505 2087 jetan.,
541 2015 582 2070 t.
632 2014 657 2070 1
702 2012 946 2089 Opusc.,
987 2017 1162 2072 tract.
1202 2014 1265 2086 2,
1311 2029 1442 2090 cap.
1487 2013 1546 2085 3,
1593 2016 1653 2071 et
1685 2011 1743 2070 2.
1777 2011 1839 2083 2,

286 2119 347 2179 q.
388 2103 489 2175 43,
530 2115 649 2163 art.
684 2105 722 2163 8
736 2125 752 2176 3
794 2104 1064 2163 Victoria
1098 2105 1165 2164 in
1206 2110 1472 2181 utraque
1516 2102 1726 2163 relect.
1769 2101 1846 2163 de

291 2194 591 2256 Potestate
634 2198 834 2275 Papae3
886 2197 1043 2271 Sot.,
1074 2197 1181 2258 lib.
1224 2199 1265 2256 4
1302 2197 1378 2257 de
1421 2196 1655 2269 Justit„
1689 2214 1748 2273 q.
1782 2198 1844 2270 4,

289 2292 403 2347 art.
437 2289 498 2361 2,
531 2292 593 2348 et
619 2288 686 2349 in
714 2291 777 2362 4,
795 2288 1064 2349 distinct.
1093 2292 1197 2365 25,
1219 2309 1279 2368 q.
1306 2292 1369 2364 2,
1398 2294 1516 2350 art.
1544 2290 1849 2365 13Turre·

289 2398 477 2441 crem.
509 2380 577 2441 in
603 2399 845 2443 summa
877 2382 952 2442 de
980 2383 1279 2456 Ecclesia,
1300 2381 1408 2441 lib.
1442 2384 1505 2455 2,
1538 2400 1670 2460 cap.
1708 2382 1846 2455 113,

291 2478 353 2533 et
379 2473 448 2532 in
475 2492 607 2552 cap.
637 2474 702 2534 in
730 2473 967 2552 Apibus
997 2477 1056 2548 7,
1086 2493 1150 2554 q.
1186 2479 1245 2548 13
1280 2473 1528 2549 Bellar.,
1571 2473 1680 2534 lib.
1714 2477 1751 2534 5
1775 2475 1852 2535 de

292 2567 569 2627 Romano
592 2566 882 2629 Pontifice
916 2588 952 2629 a
979 2568 1287 2647 principio
1305 2586 1415 2647 per
1442 2567 1743 2627 nonnulla
1758 2586 1857 2628 ca·-

292 2658 458 2738 pita3
508 2661 638 2721 Pet.
689 2661 884 2720 Bertr.
918 2666 1097 2721 tract.
1148 2661 1223 2721 de
1250 2661 1498 2738 Origine
1520 2660 1855 2739 jurisdict.,

295 2768 357 2828 q.
393 2753 429 2811 3
436 2766 457 2828 3
485 2752 699 2813 Covar.
731 2759 792 2814 et
819 2754 1042 2815 Navar.
1075 2752 1227 2814 locis
1254 2753 1476 2827 citatis,
1507 2753 1616 2832 qui
1645 2752 1852 2831 plures

299 2843 448 2904 alios
471 2846 768 2908 referunt.

377 2941 436 2999 4.
467 2940 791 3016 Probatur,
807 2940 954 3019 quia
972 2960 1087 3002 nec
1114 2959 1188 3002 ex
1216 2941 1527 3020 Scriptura
1553 2941 1854 3001 habemus

301 3029 608 3092 Christum
640 3033 874 3094 dedisse
902 3034 1064 3094 hanc
1100 3041 1465 3115 potestatem
1509 3036 1708 3107 Petr0‚
1747 3051 1855 3092 ne-

302 3143 422 3204 que
451 3144 527 3186 ex
555 3127 917 3204 traditione3
967 3146 1115 3206 ergo
1154 3146 1293 3189 cum
1323 3128 1403 3188 sit
1438 3146 1536 3188 res
1570 3143 1862 3206 superna-

303 3218 543 3294 turaliS,
570 3238 696 3280 non
724 3225 923 3298 potest
950 3238 1092 3282 cum
1110 3221 1513 3280 fundamento
1541 3218 1860 3293 affirmari,

306 3313 577 3373 maxime
619 3331 759 3374 cum
808 3332 884 3374 ex
916 3313 1244 3373 traditione
1280 3312 1481 3391 potius
1517 3312 1864 3391 oppositum

307 3403 668 3480 habeamuS,
692 3406 999 3483 fueritque
1030 3405 1492 3483 congruentius
1521 3404 1716 3464 Probo
1740 3404 1866 3464 sin-

308 3497 492 3574 gula:
547 3516 692 3558 nam
740 3498 1045 3576 imprimis
1106 3497 1381 3559 Christus
1420 3498 1486 3556 in
1532 3495 1866 3575 Evangelio

308 3589 505 3651 solum
548 3591 830 3670 promisit
871 3592 1049 3651 Petro
1079 3590 1281 3652 claves
1325 3590 1503 3668 regni
1544 3588 1864 3663 coelorum,

305 3703 417 3764 per
466 3703 618 3764 quas
666 3689 1032 3764 potestatem
1081 3684 1462 3764 spiritualem
1514 3699 1865 3762 supremam

308 3777 705 3855 significavit,
728 3782 797 3837 ut
828 3778 1034 3838 Patres
1066 3781 1408 3855 exponunt,
1439 3781 1501 3836 et
1522 3775 1866 3835 videbimus

308 3869 418 3930 lib.
451 3872 751 3949 sequenti.
783 3872 995 3931 Postea
1013 3887 1159 3931 vero
1188 3868 1502 3947 implendo
1521 3866 1870 3946 promissio-

310 3980 457 4023 nem
483 3962 655 4023 illam
684 3962 883 4023 solum
907 3963 1065 4022 dixit
1091 3984 1105 4021 ε
1144 3963 1335 4024 Pasce
1362 3978 1491 4021 oves
1524 3976 1706 4032 meas,
1733 3975 1871 4036 quae

312 4056 499 4116 verba
525 4056 711 4116 etiam
753 4055 828 4116 de
850 4055 1278 4134 jurisdictione
1306 4050 1612 4132 spirituali
1638 4050 1717 4110 ab
1741 4068 1874 4109 om-

314 4148 498 4209 nibus
526 4149 981 4226 intelliguntur.
1014 4145 1247 4206 Delude
1273 4144 1521 4223 ipsimet
1550 4140 1873 4203 Pontifices

317 4260 639 4321 uunquam
667 4244 760 4303 usi
797 4241 1033 4303 suntin
1062 4239 1329 4300 Ecclesia
1366 4239 1481 4298 hac
1510 4236 1742 4297 directa
1768 4254 1875 4314 po-

318 4342 533 4397 testate
583 4337 651 4396 in
699 4334 1160 4415 temporalibuS‚
1213 4333 1322 4394 sed
1371 4331 1875 4411 quotiescumque

320 4428 482 4490 circa
508 4429 872 4507 temporalia
899 4428 992 4488 usi
1022 4432 1166 4487 sunt
1191 4425 1644 4505 jurisdictione,
1679 4422 1879 4483 solum

319 4522 385 4582 id
408 4522 686 4584 fecerunt
703 4521 997 4581 indirecte
1015 4520 1161 4581 etin
1175 4518 1390 4579 ordine
1409 4517 1486 4578 ad
1509 4514 1873 4595 spiritualia.

321 4614 586 4675 Aliunde
615 4634 761 4675 vero
787 4618 1127 4692 agnoscunt
1164 4629 1291 4672 esse
1318 4610 1386 4670 in
1413 4609 1679 4670 Ecclesia
1704 4626 1880 4685 reges

322 4726 641 4789 supremos
668 4707 736 4767 in
765 4704 1205 4784 temporalibus
1220 4725 1237 4777 3
1270 4721 1416 4780 ergo
1441 4701 1613 4761 illam
1642 4702 1707 4761 in
1732 4719 1795 4761 se
1820 4705 1881 4761 et

325 4801 553 4862 directe
579 4817 705 4860 uon
730 4802 1124 4877 cognoscunt;
1150 4795 1298 4875 quia
1320 4795 1373 4855 si
1396 4795 1678 4854 Pontifex
1699 4794 1883 4854 habe-

326 4900 421 4956 ret
452 4897 814 4973 potestatem
835 4889 1239 4970 temporalem
1273 4905 1648 4966 supremam,
1676 4887 1882 4947 nullus

328 4988 492 5049 infra
518 4988 723 5066 ipsum
751 4985 923 5045 illam
956 4983 1230 5057 haberet,
1256 4982 1432 5056 sicut,
1452 4982 1599 5061 quia
1626 4986 1889 5059 potesta-

330 5086 457 5141 tem
487 5078 873 5158 spiritualem
916 5092 1269 5154 supremam
1308 5074 1519 5150 habet,
1558 5073 1766 5133 nullus
1795 5092 1889 5133 ec-

331 5173 701 5234 clesiasticus
722 5173 1002 5252 princeps
1026 5176 1228 5250 potest
1248 5170 1316 5229 in
1332 5186 1405 5229 eo
1427 5167 1643 5228 ordine
1665 5166 1891 5227 habere

333 5284 684 5345 supremam
709 5270 1094 5344 potestatem.
1118 5261 1500 5323 Antecedens
1524 5264 1733 5321 autem
1754 5277 1890 5337 pro-

334 5356 521 5418 batur
541 5377 618 5419 ex
633 5376 766 5436 cap.
797 5357 1040 5430 Solitoe,
1062 5355 1137 5415 de
1153 5354 1418 5432 Majorit.
1445 5358 1507 5412 et
1533 5351 1892 5412 inobedien-

337 5452 448 5523 tia,
484 5456 545 5510 et
571 5469 702 5528 cap.
735 5451 860 5512 Per
885 5447 1294 5520 venerabilem,
1319 5445 1434 5517 Qui
1463 5443 1575 5504 filii
1602 5442 1889 5522 legitimi,

340 5548 403 5605 et
416 5561 549 5622 cap.
579 5543 798 5618 Novit,
821 5541 897 5603 de
919 5539 1200 5616 Judiciis,
1217 5538 1327 5600 ubi
1349 5536 1630 5600 Pontifex
1658 5535 1805 5597 dicit
1831 5554 1895 5599 se

742 5660 810 5706 v.

1910 805 2096 879 sium,
2118 809 2180 864 et
2206 804 2486 864 Nicolaus
2513 822 2671 883 papa
2713 804 2780 863 in
2807 804 3078 882 Epistola
3098 804 3177 864 ad
3205 805 3467 866 Michae-

1910 895 2038 957 lem
2077 896 2536 975 imperatorem,
2578 910 2639 957 et
2683 896 2992 957 habentur
3040 897 3107 956 in
3153 916 3285 976 cap.
3331 900 3468 960 Dno

1912 995 2075 1063 sant,
2099 995 2160 1050 et
2184 1008 2315 1069 cap.
2345 989 2494 1053 Cum
2519 992 2600 1052 ad
2623 1007 2850 1065 omnm,
2871 1007 3010 1050 cum
3035 989 3171 1049 aliis
3199 988 3467 1051 distinct.

1915 1081 2091 1143 Unde
2113 1083 2281 1143 idem
2303 1082 2582 1144 Nicolaus
2610 1101 2768 1162 papa
2784 1084 2852 1142 in
2872 1100 3006 1162 cap.
3035 1083 3209 1144 Inter
3226 1084 3350 1146 lcoec
3370 1085 3470 1159 33,

1920 1193 1979 1254 q.
2019 1177 2082 1251 2,
2113 1176 2300 1236 dicit:
2343 1176 2577 1239 Sancta
2603 1177 2720 1237 Dei
2745 1176 3021 1237 Ecclesia
3049 1177 3324 1254 yladiam
3360 1196 3477 1238 non

1921 1269 2095 1330 habet
2120 1269 2247 1330 nisi
2275 1269 2658 1347 spiritualem
2677 1294 2700 1326 .·
2727 1268 2835 1328 ubi
2868 1270 3119 1329 nomine
3147 1270 3344 1348 ,aladii
3368 1288 3477 1348 po-

1922 1365 2108 1421 testas
2138 1378 2427 1440 suprema
2453 1360 2856 1439 significatur,
2895 1366 2966 1420 ut
2992 1380 3179 1440 supra
3201 1362 3478 1422 animad-

1921 1454 2103 1515 verti.
2131 1453 2427 1531 Intelligit
2445 1459 2653 1514 autem
2683 1453 2851 1514 hunc
2885 1453 3161 1531 gladium
3196 1473 3324 1515 non
3351 1474 3480 1516 esse

1920 1546 2147 1608 directe
2196 1555 2259 1607 et
2306 1546 2648 1608 formaliter
2710 1548 2780 1607 in
2834 1565 3078 1607 summo
3135 1548 3426 1610 Pontifice
3459 1596 3475 1623 ,

1920 1641 2202 1719 quamvis
2228 1641 2528 1702 indirecte
2557 1647 2619 1703 et
2646 1642 2993 1703 eminenter
3017 1643 3110 1718 (ut
3134 1643 3221 1702 sic
3251 1642 3479 1719 dicam)

1920 1735 2028 1796 illo
2058 1755 2184 1797 non
2209 1742 2435 1811 careat,
2477 1742 2538 1797 et
2574 1754 2685 1815 per
2711 1736 2863 1796 alios
2895 1736 2987 1795 uti
3025 1737 3239 1815 possit,
3267 1744 3337 1797 ut
3378 1738 3484 1798 alii

1921 1829 2242 1890 Pontifices
2268 1829 2630 1910 loquuntur,
2659 1836 2720 1891 et
2745 1830 2908 1890 infra
2935 1830 3128 1889 fusius
3158 1831 3485 1910 explicabi-

1924 1939 2083 1982 mus,
2126 1924 2255 1982 Hoc
2289 1923 2476 1983 etiam
2502 1922 2812 2000 colligitur
2853 1940 2929 1982 ex
2954 1941 3092 2002 cap.
3126 1923 3210 1986 Si
3238 1925 3484 1997 duobaS,

1925 2014 1962 2095 ξ
1991 2016 2281 2095 Denique,
2309 2015 2385 2076 de
2421 2015 2725 2095 Appellat.
2733 2062 2753 2092 ,
2781 2016 2889 2075 ubi
2928 2016 3153 2076 dicitur
3180 2018 3249 2075 in
3291 2019 3489 2077 causis

1929 2107 2212 2168 civilibus
2256 2127 2382 2169 non
2423 2108 2721 2187 appellari
2761 2108 2841 2169 ad
2887 2127 3201 2169 summum
3240 2110 3493 2170 Pontifi-

1929 2216 2089 2274 cem,
2130 2200 2249 2260 nisi
2280 2200 2348 2259 in
2375 2200 2555 2260 terris
2582 2200 2675 2259 illi
2711 2200 3135 2280 temporaliter
3162 2202 3447 2281 subjectis
3469 2218 3488 2278 ;

1930 2296 1994 2352 et
2029 2291 2109 2350 ad
2131 2291 2297 2351 idem
2319 2291 2557 2352 faciunt
2581 2311 2717 2371 cap.
2750 2294 2940 2354 [αῖον
2969 2298 3029 2353 et
3057 2312 3189 2371 cap.
3231 2293 3495 2356 Causam

1931 2384 1993 2457 2,
2019 2383 2134 2455 Qui
2158 2382 2272 2443 filii
2300 2384 2424 2443 sint
2445 2383 2734 2461 legitimi,
2761 2390 2822 2445 et
2850 2403 2984 2463 cap.
3025 2385 3320 2458 Quoniam
3352 2403 3493 2445 cum

1933 2475 2094 2551 aliis,
2113 2475 2254 2535 dist.
2285 2478 2383 2536 10.
2407 2478 2498 2535 Ex
2517 2476 2655 2554 jure
2684 2477 2871 2537 etiam
2900 2477 3068 2537 civili
3086 2477 3218 2538 hoec
3243 2480 3496 2539 assertio

1936 2573 2174 2628 constat
2195 2613 2215 2642 ,
2270 2573 2575 2647 quatenus
2615 2568 2683 2628 in
2730 2586 2803 2629 eo
2858 2570 3259 2649 imperatores
3310 2573 3496 2632 etiam

1939 2660 2261 2720 christiani
2297 2679 2587 2739 suprema
2621 2667 2924 2740 potestate
2955 2664 3277 2743 temporali
3312 2672 3499 2725 utun·

1938 2758 2062 2825 tur,
2081 2752 2124 2813 l.
2148 2756 2176 2813 1
2206 2772 2261 2813 c.
2288 2753 2364 2813 de
2374 2754 2579 2814 Veteri
2592 2755 2733 2832 jure
2755 2754 3159 2830 enucleando,
3183 2756 3309 2818 etl.
3337 2758 3500 2820 Bene

1933 2863 1973 2907 a
2004 2846 2258 2921 Zenone,
2291 2865 2343 2906 c.
2376 2847 2452 2907 de
2479 2846 2808 2919 Quadrien.
2835 2848 3174 2926 praescript.

2015 2940 2073 3000 ὃ.
2118 2939 2297 2999 Ratio
2324 2958 2357 3000 a
2394 2940 2584 3019 priori
2603 2945 2716 3014 est,
2747 2940 2892 3018 quia
2918 2940 3193 3001 Christus
3206 2942 3502 3003 Dominus

1938 3050 2067 3091 non
2103 3032 2363 3091 contulit
2400 3032 2561 3092 hanc
2588 3038 2975 3112 potestatem,
3019 3039 3089 3092 ut
3130 3034 3275 3093 satis
3304 3042 3505 3096 osten-

1943 3143 2083 3186 sum
2128 3131 2252 3199 est3
2307 3126 2434 3184 imo
2463 3144 2575 3185 nec
2609 3124 2956 3184 dominium
2987 3124 3238 3203 aliquod
3267 3132 3504 3205 tempo·

1943 3216 2071 3278 rale
2100 3217 2335 3277 dedisse
2358 3218 2586 3278 directe
2616 3227 2678 3277 et
2700 3216 3057 3277 immediate
3076 3218 3369 3277 Romanae
3399 3220 3506 3277 Ee-

1947 3310 2168 3384 clesiae,
2195 3309 2298 3369 sed
2319 3309 2475 3369 illud
2502 3308 2668 3388 quod
2687 3309 2874 3369 habet
2902 3310 2968 3369 in
3000 3310 3178 3370 terris
3200 3315 3508 3390 tempora-

1944 3403 2086 3463 liter
2115 3402 2421 3480 subjectiS,
2460 3420 2538 3462 ex
2587 3402 2916 3462 donatione
2964 3402 3410 3481 imperatorum
3437 3420 3509 3462 ac

1944 3495 2296 3575 principum
2337 3495 2623 3555 habuisse
2669 3499 3014 3572 agnoscunt
3056 3496 3299 3555 romani
3355 3496 3511 3555 Pon-

1947 3589 2141 3651 tifices
2183 3590 2251 3649 in
2299 3606 2433 3667 cap.
2479 3587 2909 3651 Constantinus
2927 3637 2945 3664 ,
2997 3588 3270 3649 distinct.
3322 3590 3401 3649 96
3448 3594 3510 3649 et

1948 3700 2083 3761 cap.
2108 3682 2249 3760 qu
2273 3681 2632 3756 Ludovions,
2666 3681 2808 3741 dist.
2842 3683 2943 3758 63,
2982 3686 3044 3742 et
3076 3682 3144 3742 in
3175 3699 3307 3761 cap.
3336 3683 3510 3744 Fan-

1947 3776 2252 3848 damenta,
2284 3772 2360 3833 de
2384 3773 2573 3834 Elect.
2606 3774 2676 3833 in
2703 3775 2763 3834 6.
2790 3775 3204 3853 Congruentia
3217 3793 3363 3835 vero
3396 3780 3509 3850 est,

1949 3868 2097 3945 quia
2130 3884 2332 3946 neque
2361 3866 2439 3926 ad
2463 3865 2609 3926 fidei
2645 3868 3177 3945 propagationem,
3203 3886 3402 3947 neque
3431 3867 3511 3929 ad

1952 3960 2422 4020 convenientem
2464 3958 2977 4035 gubernationem
3026 3958 3513 4019 Ecclesiasticam

1954 4051 2369 4113 necessarium
2393 4049 2512 4108 fuit
2531 4050 2718 4110 talem
2738 4055 3101 4128 potestatem
3122 4051 3515 4112 Pontificibus

1954 4144 2090 4203 dari
2129 4143 2449 4203 divinitus
2509 4142 2682 4201 Prior
2726 4159 2869 4220 pars
2919 4141 3265 4202 declaratur
3283 4189 3303 4218 ,
3368 4146 3516 4223 quia

1957 4235 2046 4317 (ut
2063 4254 2197 4315 cap.
2225 4235 2599 4314 praecedenti
2627 4234 2923 4314 dicebam)
2943 4252 3238 4314 magnum
3262 4243 3418 4298 esset
3445 4236 3516 4295 fi-

1956 4329 2056 4390 dei
2083 4328 2598 4407 impedimentum
2622 4328 2673 4387 si
2701 4345 2877 4405 reges
2912 4333 3092 4388 terrae
3128 4346 3304 4389 suam
3333 4330 3516 4389 amit-

1958 4428 2161 4483 terent
2186 4439 2540 4500 supremam
2575 4427 2938 4501 potestatem
2967 4439 3040 4482 eo
3076 4422 3206 4501 ipso
3247 4422 3410 4501 quod
3439 4423 3517 4483 ad

1959 4515 2151 4576 fidem
2179 4520 2709 4590 converterentur,
2740 4515 2905 4594 quod
2940 4514 3122 4594 plane
3162 4521 3519 4593 sequeretur

1960 4610 2015 4671 si
2039 4608 2170 4670 haec
2190 4626 2480 4688 suprema
2507 4613 2773 4687 potestas
2797 4608 2960 4668 intra
2985 4608 3316 4669 Ecclesiam
3337 4609 3404 4668 in
3427 4628 3519 4669 so-

1959 4702 2021 4764 lo
2045 4719 2288 4762 summo
2318 4700 2614 4761 Pontifice
2653 4702 2941 4762 existeret
2974 4718 2988 4761 :
3020 4701 3183 4761 unde
3214 4700 3381 4779 quod
3413 4702 3521 4760 Ec-

1961 4795 2144 4856 clesia
2186 4794 2261 4854 de
2288 4794 2526 4854 Christo
2576 4794 2839 4854 Domino
2879 4794 3045 4854 canit
3087 4809 3102 4852 :
3146 4794 3292 4858 Non
3341 4793 3526 4870 eripit

1962 4887 2272 4960 mortalia,
2304 4888 2410 4966 qai
2436 4904 2624 4965 reqna
2655 4888 2759 4948 dat
2783 4887 3067 4960 calestia,
3085 4903 3303 4945 verum
3337 4884 3525 4944 etiam

1967 4985 2059 5042 est
2086 4980 2162 5040 de
2186 4978 2308 5039 fide
2336 4979 2526 5058 ipsius
2544 4979 2787 5053 Christi,
2827 4997 2962 5058 quoe
2987 4997 3111 5037 non
3142 4977 3302 5037 tollit
3327 4982 3527 5057 potes-

1967 5079 2159 5134 tatem
2182 5072 2439 5151 regiam.
2466 5071 2675 5132 Altera
2703 5089 2843 5149 pars
2878 5070 3243 5146 declaratur,
3269 5073 3414 5148 quia
3446 5070 3527 5129 ad

1970 5166 2277 5225 unitatem
2304 5169 2367 5225 et
2394 5165 2673 5243 regimen
2699 5162 3027 5243 pacificum
3056 5162 3335 5223 Ecclesiae
3363 5162 3530 5222 suffi-

1972 5259 2057 5320 cit
2085 5258 2292 5318 debita
2327 5257 2751 5318 subordinatio
2783 5275 2922 5336 quae
2970 5276 3099 5318 esse
3134 5255 3314 5317 debet
3367 5257 3531 5316 inter

1971 5356 2337 5431 potestatem
2370 5349 2770 5428 temporalem
2805 5354 2866 5410 et
2905 5349 3309 5428 spiritualem,
3343 5367 3531 5428 quam

1975 5443 2258 5521 exemplo
2285 5443 2554 5523 corporis
2582 5447 2643 5503 et
2664 5444 2916 5523 spiritus
2938 5443 3170 5523 optime
3198 5441 3532 5502 declaravit

1974 5536 2231 5616 Gregor.
2278 5535 2528 5599 Nazian.
2576 5535 2796 5598 citatus
2848 5536 2916 5596 in
2962 5554 3095 5614 cap.
3153 5534 3494 5614 Suscipicis
3508 5578 3529 5610 ,

3062 5640 3138 5699 ⁴3
