3976 6219
759 401 895 454 GAP.
929 402 1080 454 XXV.
1116 402 1331 456 mmm
1362 401 1546 457 oms
1575 400 1701 458 mx
1732 399 2075 454 PnonmENs
2105 403 2269 456 pum:
2303 403 2385 456 AG
2415 400 2817 467 smPleTER,
2854 403 2987 457 ETc.

265 504 376 565 alii
421 504 489 565 in
517 502 681 564 dicta
727 502 773 563 1.
815 504 962 568 Non
990 505 1231 568 dubium
1255 551 1277 583 ,
1309 511 1371 568 et
1398 507 1520 568 late
1564 505 1825 586 Sylvest.

265 615 406 677 sup.
433 597 552 658 Sed
586 595 858 674 profecto
888 597 1199 659 distinctio
1223 618 1349 662 non
1378 599 1599 660 sufficit
1631 599 1711 660 ad
1737 616 1832 658 sa-

263 687 701 751 tisfaciendum
751 689 1211 752 difficultatibus
1271 692 1619 772 propositis.
1676 692 1833 752 Nam

267 787 487 844 contra
514 781 788 860 primum
812 782 1164 843 membrum
1179 784 1366 845 etiam
1384 785 1471 846 sic
1491 784 1831 845 limitatum

266 874 615 956 procedunt
657 874 941 953 exempla
982 875 1204 951 allata3
1235 877 1383 957 quia
1427 878 1495 938 in
1540 878 1629 938 eis
1669 877 1836 955 leges

268 967 669 1049 prohibentes
695 967 1053 1047 simpliciter
1076 968 1440 1049 loquuntur,
1474 988 1673 1049 neque
1702 988 1837 1031 ver-

269 1060 355 1121 ba
381 1059 620 1121 addunt
650 1060 873 1139 quibus
900 1060 1244 1139 specialiter
1282 1068 1492 1123 actum
1535 1062 1837 1124 sustinere

271 1159 385 1216 aut
416 1153 662 1213 irritare
694 1152 1041 1214 videantur.
1065 1155 1292 1215 Contra
1318 1154 1657 1217 secundum
1689 1172 1837 1216 vero

273 1245 628 1307 membrum
675 1244 860 1323 objici
902 1251 1102 1325 potest
1125 1293 1146 1323 ,
1195 1247 1342 1327 quia
1386 1247 1698 1327 supposita
1730 1246 1839 1308 illa

272 1338 579 1400 sententia
601 1356 730 1398 non
752 1337 1000 1400 videtur
1025 1357 1198 1419 posse
1239 1339 1458 1401 evitari
1484 1356 1838 1420 repugnan-

272 1432 364 1493 tia
385 1432 453 1493 in
481 1430 605 1491 illis
625 1429 886 1509 legibus.
915 1432 1071 1493 Nam
1095 1431 1148 1494 si
1174 1431 1436 1495 verbum
1462 1429 1837 1513 prohibendi

275 1530 370 1586 est
410 1524 716 1586 sufficiens
749 1523 823 1584 ad
871 1525 1266 1600 irritandum,
1316 1545 1464 1605 ergo
1498 1545 1575 1589 ex
1601 1526 1666 1587 vi
1712 1544 1838 1588 suae

275 1617 540 1698 propriae
575 1614 1038 1695 significationis
1084 1617 1393 1697 significat
1423 1618 1839 1680 irritationem

278 1727 467 1789 quam
515 1709 662 1769 facit
675 1725 696 1786 ;
749 1727 897 1788 ergo
953 1711 1370 1790 repugnantia
1416 1712 1689 1772 continet
1741 1711 1841 1771 lex

278 1820 416 1882 quae
443 1803 614 1880 prius
641 1801 926 1880 prohibet
961 1808 1193 1878 actum,
1232 1809 1293 1864 et
1318 1809 1530 1883 postea
1557 1804 1838 1865 sustinet.

280 1897 725 1956 Verumtamen
748 1894 868 1956 hoc
893 1914 1022 1957 non
1051 1896 1362 1957 concludit
1407 1903 1623 1958 contra
1670 1897 1843 1958 illam

278 1988 684 2063 sententiam3
729 2005 878 2048 nam
920 1988 1280 2068 responderi
1329 1995 1530 2069 potest
1582 1990 1844 2052 verbum

277 2081 530 2160 quidem
554 2081 924 2161 prohibendi
955 2083 1229 2143 absolute
1270 2087 1585 2162 sumptum
1614 2082 1846 2144 habere

273 2171 437 2233 hanc
468 2174 617 2250 vim,
657 2192 784 2235 non
819 2181 1033 2236 tamen
1060 2193 1409 2254 repugnare
1449 2175 1600 2255 quin
1623 2175 1714 2235 illi
1742 2175 1849 2236 ad-

276 2264 461 2326 datur
488 2266 725 2345 aliquid
756 2286 880 2347 quo
907 2268 1041 2346 ejus
1064 2268 1434 2346 significatio
1466 2274 1529 2329 et
1550 2269 1644 2328 vis
1674 2267 1847 2329 limi-

279 2365 468 2420 tetur.
511 2357 588 2421 Et
626 2360 715 2420 ita
741 2360 900 2420 dixit
937 2360 1199 2439 Sylvest.
1221 2407 1242 2437 ,
1280 2361 1443 2422 dicta
1475 2366 1688 2440 quaest.
1742 2361 1845 2437 28,

281 2470 444 2513 vers.
486 2453 627 2531 qu
663 2471 823 2527 vero,
854 2451 1104 2531 quando
1148 2452 1218 2513 fit
1255 2453 1397 2514 talis
1442 2452 1674 2514 additio
1723 2470 1852 2513 non

287 2562 417 2605 esse
444 2543 926 2623 prohibitionem
956 2544 1337 2623 simpliciter,
1367 2546 1473 2606 sed
1511 2544 1852 2606 secundum

287 2638 436 2716 quid
478 2642 540 2697 et
571 2655 648 2698 ex
692 2642 869 2716 parte
901 2636 1116 2702 :Nam
1150 2638 1298 2699 talis
1345 2638 1439 2700 lczc
1484 2638 1751 2716 (inquit)
1782 2654 1855 2700 ecc

280 2736 462 2810 parte
480 2729 789 2809 prohibet,
817 2734 871 2791 ct
898 2746 970 2791 ccc
1005 2734 1183 2808 parte
1211 2731 1491 2811 concedit,
1521 2735 1585 2790 et
1611 2730 1700 2790 ita
1725 2747 1854 2791 non

290 2829 382 2884 est
412 2822 513 2883 lex
540 2821 900 2900 simpliciter
925 2821 1282 2900 prohibens,
1312 2822 1389 2884 de
1421 2840 1547 2901 qua
1579 2822 1856 2901 loquitur

292 2915 394 2976 lex
422 2916 569 2979 Non
602 2913 871 2976 dubium.

374 3009 473 3068 17.
511 3005 629 3067 Sed
655 3005 859 3066 adhuc
886 3021 1208 3085 possumus
1233 3003 1490 3080 instare,
1520 3004 1667 3083 quia
1693 3022 1854 3064 nun-

290 3119 477 3182 quam
526 3099 655 3160 fere
708 3097 850 3159 talis
895 3097 997 3158 lex
1045 3096 1307 3158 sustinet
1345 3104 1553 3159 actum
1599 3096 1851 3172 directe,

290 3193 355 3254 id
375 3199 464 3254 est
490 3192 875 3254 concedendo
902 3191 1004 3253 vel
1018 3190 1302 3252 faciendo
1331 3190 1589 3269 aliquid,
1610 3189 1719 3251 sed
1749 3207 1857 3269 po-

294 3285 415 3345 tius
442 3282 993 3365 proesupponendo,
1044 3287 1116 3342 ut
1143 3300 1283 3343 cum
1311 3282 1610 3362 praecipit,
1648 3289 1856 3343 actum

295 3377 674 3458 prohibitum
709 3377 826 3437 hoc
850 3375 952 3437 vel
977 3376 1085 3437 illo
1107 3375 1292 3436 modo
1321 3374 1575 3450 irritari,
1596 3374 1695 3434 vel
1717 3393 1862 3436 cum

296 3470 582 3532 effectum
611 3471 743 3548 ejus
771 3467 1051 3547 agnoscit
1065 3513 1085 3543 ,
1117 3473 1178 3528 et
1218 3466 1495 3546 praecipit
1520 3466 1857 3541 observari,

298 3568 406 3624 aut
433 3561 554 3624 alio
599 3560 789 3623 simili
821 3561 1045 3638 modo;
1076 3560 1216 3620 talis
1248 3578 1395 3638 ergo
1423 3559 1524 3620 lex
1556 3577 1683 3620 non
1716 3577 1861 3620 con-

213 3733 222 3736 ,
296 3654 507 3716 firmat
532 3660 739 3716 actum
765 3653 1046 3734 positive,
1095 3652 1202 3714 sed
1236 3650 1522 3730 negative
1554 3669 1618 3712 se
1644 3650 1855 3726 habet,

295 3748 442 3827 quia
479 3765 608 3809 non
656 3747 890 3822 irritat3
923 3763 1071 3823 ergo
1123 3744 1324 3824 quoad
1373 3743 1859 3824 prohibitionem

295 3841 653 3921 simpliciter
674 3846 735 3902 et
761 3839 1037 3901 absolute
1063 3836 1372 3918 prohibet,
1398 3855 1601 3917 neque
1624 3836 1859 3916 aliquid

296 3936 466 3997 addit
497 3953 621 4016 quo
671 3933 1155 4014 prohibitionem
1181 3931 1408 3992 limitet
1447 3935 1555 3991 aut
1576 3929 1862 3991 extrahat

295 4048 332 4089 a
371 4028 618 4108 propria
647 4025 1118 4106 significatione,
1149 4023 1255 4084 sed
1288 4022 1491 4083 solum
1529 4040 1658 4082 non
1688 4021 1862 4082 addit

294 4114 738 4194 irritationem,
785 4123 846 4178 et
890 4116 1056 4196 quod
1101 4132 1231 4175 non
1261 4113 1479 4189 addat,
1524 4113 1756 4174 indicat
1783 4129 1860 4173 ex

296 4214 435 4273 aliis
454 4210 767 4273 effectibus
788 4226 942 4289 quos
959 4205 1399 4287 praesupponit.
1421 4205 1584 4283 Ergo
1611 4205 1861 4282 signum

298 4311 389 4367 est
417 4303 893 4383 prohibitionem
913 4300 990 4361 de
1007 4317 1071 4361 se
1090 4303 1661 4378 quantumcumque
1683 4296 1861 4357 abso-

298 4398 494 4458 lutam
543 4414 669 4457 non
696 4394 959 4470 irritare,
992 4397 1054 4454 et
1081 4396 1527 4470 consequenter
1572 4407 1698 4449 non
1730 4407 1859 4451 esse

298 4508 409 4571 pro
438 4488 656 4568 regula
693 4485 1164 4565 assignandum,
1195 4489 1267 4544 ut
1292 4483 1393 4546 lex
1420 4482 1753 4563 prohibens
1778 4482 1862 4542 ir-

298 4586 465 4661 ritet,
480 4584 604 4646 nisi
620 4599 904 4662 expresse
922 4580 1223 4641 sustineat
1240 4583 1475 4655 actum3
1495 4577 1601 4639 sed
1628 4575 1858 4657 potius,

300 4698 334 4741 e
366 4677 696 4751 contrario,
726 4673 889 4754 quod
916 4691 1044 4734 non
1073 4672 1275 4733 irritet
1305 4671 1428 4732 nisi
1453 4671 1551 4733 vel
1579 4686 1863 4749 expresse

300 4772 484 4832 addat
527 4767 860 4830 clausulam
909 4765 1281 4840 irritantem,
1318 4762 1416 4824 vel
1467 4761 1699 4842 aliquid
1738 4777 1863 4840 quo

300 4864 472 4924 illam
492 4861 865 4923 sufficienter
885 4857 1135 4918 indicet.
1156 4858 1233 4917 Et
1251 4855 1651 4917 confirmatur
1667 4876 1684 4929 ;
1709 4870 1863 4913 nam

299 4956 403 5016 1118
431 4954 651 5016 modus
686 4949 1029 5012 sustinendi
1057 4954 1264 5012 actum
1310 4948 1448 5026 lege
1475 4946 1859 5027 prohibitum

301 5067 427 5110 non
454 5047 656 5108 solum
684 5043 988 5121 contingit
1009 5041 1148 5102 fieri
1179 5058 1289 5119 per
1315 5039 1597 5100 eamdem
1628 5038 1857 5117 legem,

302 5142 406 5203 sed
434 5140 623 5201 etiam
651 5155 761 5217 per
803 5135 1101 5209 diversas,
1126 5132 1214 5193 ita
1253 5136 1325 5192 ut
1352 5150 1481 5192 una
1510 5131 1858 5211 prohibeat,

300 5234 422 5295 alia
449 5249 593 5293 vero
623 5230 804 5290 illum
831 5227 1152 5301 sustineat,
1173 5225 1274 5286 vel
1293 5225 1361 5285 in
1381 5224 1567 5285 modo
1598 5224 1862 5303 punien-

304 5328 366 5388 di
415 5326 615 5399 illum,
646 5323 744 5383 vel
772 5319 1183 5401 praecipiendo
1228 5323 1299 5378 ut
1329 5318 1628 5393 irritetur,
1658 5322 1729 5378 ut
1757 5335 1862 5378 ex-

304 5438 506 5501 presse
543 5418 693 5478 dicit
713 5417 891 5476 Joan.
925 5414 1085 5474 And.
1119 5413 1185 5471 in
1216 5412 1409 5472 Gloss.
1459 5411 1535 5471 ad
1578 5410 1860 5489 regulam

308 5515 453 5590 Quoe
475 5516 682 5576 contra
685 5510 823 5590 jux,
854 5509 955 5584 64,
981 5506 1058 5568 de
1082 5504 1300 5585 Regul.
1328 5504 1483 5583 Jur„
1511 5504 1580 5565 in
1601 5505 1661 5565 6.
1686 5506 1861 5565 Tunc

700 5629 761 5674 v.

3353 405 3472 468 529

1910 511 2122 566 autem
2175 506 2473 587 posterior
2523 506 2625 568 lex
2672 507 2978 568 sustinens
3024 504 3233 569 act'um
3285 527 3471 589 quem

1909 598 2080 678 prior
2106 599 2467 678 simpliciter
2501 598 2862 678 prohibebat
2899 617 3027 660 non
3054 599 3311 679 derogat
3361 603 3473 665 ali-

1911 710 2037 770 qua
2064 710 2141 752 ex
2167 698 2340 771 parte
2361 692 2554 772 priori
2581 691 2726 769 legi,
2745 710 2859 753 nec
2877 693 3157 755 concedit
3183 695 3347 773 quod
3366 696 3475 758 illa

1913 783 2267 860 abstulerat,
2300 784 2405 845 sed
2436 789 2679 845 tantum
2730 786 3022 865 supponit
3074 787 3344 865 priorem
3386 789 3476 852 le-‘

1915 894 2060 955 gem
2087 895 2215 937 non
2245 876 2518 938 irritasse
2545 875 2954 956 prohibendo,
2985 886 3048 939 et
3073 878 3215 940 ideo
3241 880 3485 961 aliquid·

1915 969 2188 1049 disponit
2221 969 2383 1030 circa
2415 969 2595 1031 illum
2624 975 2859 1047 actum,
2889 971 3245 1033 sustinendo
3272 973 3474 1051 illum,

1917 1061 1980 1122 id
2000 1068 2094 1123 est
2120 1061 2523 1142 supponendo
2551 1063 2857 1136 tenuisse;
2880 1081 3029 1141 ergo
3052 1065 3314 1127 verbum
3337 1085 3478 1147 pro-

1913 1151 2211 1215 hibendi
2195 1173 2261 1214 ιιι
2279 1154 2474 1233 priori
2495 1153 2632 1233 lege
2650 1153 2924 1216 absolute
2944 1157 3325 1261 propositum
3350 1178 3481 1224 non

1915 1244 2121 1307 fuerat
2145 1245 2453 1307 sufficiens
2479 1247 2559 1307 ad
2587 1246 2981 1310 irritandum.
3116 1278 3120 1283 ·

2001 1337 2100 1398 18.
2144 1336 2421 1399 Tandem
2470 1337 2550 1398 ad
2596 1339 2809 1401 omnia
2842 1339 3006 1401 dicta
3058 1340 3486 1405 confirmanda

1918 1434 2061 1493 utor
2100 1435 2468 1511 argumento
2513 1436 2758 1511 sumpto
2797 1449 2876 1493 ex
2915 1432 3172 1513 antiqua
3200 1434 3338 1514 lege
3368 1437 3485 1497 Ec-

1918 1523 2139 1601 clesiae,
2176 1542 2314 1604 quae
2340 1523 2708 1604 prohibebat
2731 1524 3132 1586 matrimonia
3158 1525 3486 1589 clandesti-

1918 1635 2025 1692 na,
2046 1634 2181 1697 cap.
2208 1616 2433 1692 Aliter,
2455 1617 2611 1678 Cum
2633 1616 2868 1693 multis,
2895 1619 2998 1694 30,
3024 1624 3239 1697 quoest.
3264 1620 3326 1696 5,
3348 1638 3484 1699 cap.

1926 1707 2078 1772 Cum
2104 1709 2414 1786 inhibitio,
2443 1709 2522 1771 de
2549 1708 2764 1771 Cland.
2819 1709 3137 1789 despons.
3132 1709 3272 1771 Illa
3317 1712 3489 1772 enim

1922 1800 2025 1862 lex
2051 1801 2302 1878 directe,
2332 1807 2395 1864 et
2418 1802 2719 1879 absolute,
2750 1807 2813 1862 et
2846 1820 2989 1863 cum
3021 1802 3195 1864 omni
3226 1821 3491 1883 exagge-

1922 1893 2166 1955 ratione
2195 1894 2362 1956 intra
2399 1894 2792 1956 latitudinem
2824 1894 3281 1974 prohibitionis,
3314 1902 3493 1960 veta-

1923 1986 2033 2048 bat
2063 1986 2245 2048 illum
2280 1993 2511 2063 actum,
2544 1994 2615 2048 ut
2645 1993 2816 2068 patet
2843 2006 2921 2048 ex
2946 1987 3071 2048 illis
3092 1988 3298 2050 verbis
3328 2007 3345 2051 ε
3370 1992 3495 2054 Pc-

1926 2082 2097 2143 nilus
2129 2080 2467 2143 inhibemus
2476 2125 2498 2157 ,
2530 2086 2594 2142 et
2621 2080 3029 2142 nihilominus
3054 2098 3182 2142 non
3212 2081 3497 2144 irritabat

1928 2172 2109 2234 illum
2135 2192 2331 2253 usque
2376 2173 2456 2235 ad
2482 2174 2712 2236 Concil.
2754 2173 3060 2250 Trident.,
3089 2180 3162 2236 ut
3188 2180 3279 2237 est
3327 2180 3498 2238 certa

1929 2267 2237 2328 sententia
2277 2267 2709 2348 theologorum
2749 2270 2817 2328 in
2858 2270 2921 2343 4,
2961 2268 3129 2329 dist.z
3151 2270 3248 2330 28.
3296 2270 3496 2342 Quam

1931 2359 2099 2420 idem
2133 2360 2476 2421 Concilium
2508 2361 2576 2422 in
2602 2360 2908 2441 principio
2939 2361 3355 2423 illius—decreti
3381 2381 3498 2442 ap-

1930 2450 2239 2531 probavit.
2291 2452 2567 2532 Suntque
2608 2453 2741 2532 ejus
2791 2452 2980 2514 verba
3021 2453 3101 2514 ad
3131 2460 3497 2533 praesentem

1932 2562 2180 2605 causam
2204 2544 2547 2624 plurimum
2575 2544 2868 2606 notanda.
2914 2545 3115 2606 Simul
3135 2547 3305 2608 enim
3323 2547 3501 2610 docet

1933 2638 2329 2700 matrimonia
2376 2638 2746 2701 clandestina
2794 2638 2976 2700 libero
3026 2641 3503 2703 contrahentium·

1935 2744 2218 2791 consensu
2241 2732 2438 2805 facta,
2462 2734 2605 2792 rata
2628 2736 2684 2793 ct
2703 2746 2847 2792 vcra
2863 2730 3060 2807 fuisse
3081 2731 3500 2808 matrimonia,

1934 2822 2225 2901 quamdiu
2251 2823 2533 2885 Ecclesia
2558 2824 2674 2885 illa
2695 2824 2887 2885 irrita
2908 2842 3028 2885 non
3048 2825 3232 2902 soci&
3268 2831 3331 2886 et
3360 2825 3503 2886 sub-

1927 2912 2141 2990 jungit
2176 2929 2193 2973 :
2232 2914 2662 2979 Nihilominus
2697 2920 2908 2978 sancta
2944 2915 3064 2977 Dei
3107 2916 3388 2981 Ecclesia
3430 2936 3505 2982 ccc

1919 3002 2299 3082 ‚iustissimis
2323 3005 2665 3067 camisilia
2689 3023 2917 3084 semper
2946 3007 3234 3071 detestata
3261 3015 3371 3085 cst,
3400 3016 3504 3074 at-

1935 3113 2047 3176 quc
2086 3095 2402 3175 prohibuit
2432 3122 2455 3157 .·
2484 3115 2634 3176 ergo
2667 3096 2950 3159 absoluta
2984 3097 3320 3179 prohibitio
3358 3121 3505 3166 cum

1937 3205 2328 3267 quacumque
2359 3190 2835 3268 exaggeratione
2875 3195 2937 3251 et
2962 3192 3363 3257 detestatione
3406 3213 3505 3257 ac-

1938 3285 2040 3341 tus
2067 3299 2195 3341 non
2213 3279 2417 3342 irritat
2448 3281 2628 3343 illum
2656 3299 2733 3343 ex
2761 3287 2969 3343 mente
2993 3284 3271 3347 Concilii.

2024 3375 2124 3434 19.
2168 3373 2369 3447 Quare
2419 3373 2538 3435 hoc
2590 3380 2959 3452 argumento
3009 3377 3275 3438 convicti
3311 3378 3507 3459 aliqui

1939 3464 2312 3543 respondent
2337 3482 2465 3526 esse
2491 3465 2751 3545 speciale
2791 3466 2859 3525 in
2900 3467 3160 3529 materia
3185 3470 3508 3533 matrimo-

1941 3556 2054 3632 nii,
2089 3573 2352 3636 eamque
2387 3557 2815 3636 excipiendam
2841 3576 2970 3621 esse
3015 3578 3069 3620 a·
3092 3562 3311 3640 regula
3351 3562 3507 3641 legis

1939 3649 2020 3714 N
2014 3667 2088 3711 on
2109 3649 2381 3726 dubium,
2404 3649 2570 3729 quod
2587 3649 2849 3711 asseruit
2867 3651 3086 3713 Decius
3110 3652 3180 3713 18
3207 3671 3343 3734 cap.
3372 3655 3411 3714 2
3428 3655 3507 3717 de

1939 3740 2241 3816 Testibus,
2266 3759 2330 3803 ιι.
2365 3743 2425 3803 7.
2472 3740 2592 3803 Sed
2614 3743 2898 3821 quamvis
2918 3760 3148 3805 verum
3159 3746 3240 3806 sit
3266 3746 3336 3806 in
3367 3765 3505 3809 ma-

1938 3833 2235 3894 trimonio
2256 3833 2516 3937 'propter
2547 3835 2823 3896 materiae
2852 3836 3224 3914 gravitatem
3249 3846 3311 3899 et
3336 3840 3508 3918 peri-

1940 3923 2175 4001 culum,
2205 3925 2405 4004 magis
2432 3923 2781 4004 specificam
2800 3927 3287 3990 etindubitatam
3300 3932 3507 4037 requi-

1938 4016 1997 4076 ri
2014 4015 2302 4076 irritandi
2329 4016 2619 4090 formam,
2648 4021 2864 4078 tamen
2894 4035 3026 4079 non
3050 4025 3153 4080 est
3184 4023 3505 4100 proprium

1941 4109 2077 4190 ejus
2113 4108 2278 4188 quod
2309 4107 2438 4170 sola
2465 4107 2800 4187 prohibitio
2831 4110 2915 4170 ad
2942 4110 3353 4180 irritationem
3377 4133 3507 4178 non

1940 4201 2223 4262 sufficiat.
2254 4203 2409 4262 Nam
2441 4201 2796 4263 extenditur
2811 4203 2893 4265 ad
2919 4221 3135 4274 omnes
3158 4211 3329 4268 actus
3353 4208 3508 4272 irre-

1939 4293 2318 4370 tractabiles,
2355 4312 2465 4355 888
2491 4293 2895 4372 initerabiles,
2936 4301 3011 4358 ut
3035 4297 3193 4360 dixit
3216 4299 3374 4364 Rota
3401 4302 3501 4369 tit.

1941 4386 2019 4448 de
2046 4387 2337 4466 Despons.
2373 4385 2638 4466 impub„
2668 4385 2852 4449 decis.
2897 4388 3098 4466 unic„
3150 4389 3301 4451 alias
3355 4394 3500 4457 450.

1940 4479 2118 4541 Unde
2144 4485 2586 4559 consequenter
2627 4479 2869 4542 videtur
2915 4481 3105 4544 etiam
3145 4486 3395 4547 extendi
3421 4487 3504 4552 ad

1941 4572 2095 4635 alios
2112 4578 2282 4635 actus
2298 4571 2430 4652 qui,
2453 4572 2597 4632 licet
2617 4572 2848 4633 irritari
2864 4575 3123 4653 possint,
3138 4595 3265 4639 non
3292 4585 3505 4641 tamen

1940 4665 2267 4726 irritantur
2294 4682 2373 4727 ex
2393 4664 2457 4725 vi
2478 4663 2666 4725 solius
2698 4666 3157 4745 prohibitionis:
3195 4670 3503 4750 quiajam

1943 4763 2180 4820 constat
2209 4756 2689 4838 prohibitionem
2732 4776 2811 4820 ex
2836 4777 2900 4822 se
2932 4778 3062 4823 non
3089 4761 3316 4826 habere
3340 4763 3506 4826 hanc

1942 4852 2097 4926 vim,
2121 4850 2243 4911 nisi
2270 4850 2440 4911 aliud
2487 4850 2546 4911 ei
2594 4851 2880 4914 addatur.
2912 4855 3070 4915 Nam
3103 4855 3267 4934 quod
3307 4857 3504 4937 aliqui

1939 4943 2177 5019 dicunt,
2208 4941 2551 5022 spiritualia
2582 4942 2889 5006 difficilius
2929 4946 3084 5008 solvi
3127 4966 3317 5028 quam
3348 4955 3505 5012 tem-

1940 5036 2197 5117 poralia,
2228 5052 2450 5115 parum
2474 5034 2692 5113 381813
2725 5043 2865 5097 tum
2889 5039 3059 5117 quia,
3082 5038 3228 5102 licet
3252 5041 3371 5103 hoc
3398 5061 3503 5105 vo-

1938 5148 2086 5194 rum
2111 5130 2189 5192 sit
2215 5129 2292 5191 de
2319 5128 2418 5191 his
2453 5145 2589 5209 quae
2615 5147 2728 5210 per
2768 5130 3503 5214 humanampotestatem

1940 5223 2174 5285 irritari
2211 5240 2341 5283 non
2369 5227 2645 5301 possunt,
2684 5228 2756 5283 ut
2794 5224 2960 5303 quod
2990 5227 3269 5289 sacerdos
3294 5248 3504 5293 conse-

1940 5322 2070 5378 cret
2096 5314 2491 5396 quantumvis
2538 5315 2956 5394 prohibeatur,
3003 5324 3148 5395 etc„
3190 5326 3399 5382 tamen
3426 5323 3504 5386 de

1940 5410 2078 5470 aliis
2102 5427 2228 5469 non
2252 5414 2344 5468 est
2367 5407 2475 5482 ita,
2505 5408 2845 5486 praesertim
2886 5411 3134 5489 quando
3168 5420 3259 5474 est
3299 5434 3500 5477 sermo

1940 5503 2017 5564 de
2044 5500 2388 5562 irritatione
2416 5498 2813 5561 antecedente
2816 5545 2839 5577 ,
2865 5501 2929 5561 id
2955 5509 3046 5563 est
3072 5523 3208 5582 quse
3244 5506 3503 5587 impedit

3030 5606 3110 5666 34
