3976 6219
837 391 970 443 CAP.
994 389 1097 441 vll.
1126 388 1340 441 trram!
1371 389 1685 443 PoTESTAs
1713 390 2117 443 UNIVERSALIS
2144 392 2181 442 F
2184 392 2409 444 ERENDI
2437 392 2633 445 LEGES
2658 393 2914 453 CIVILES,
2941 393 3078 443 ETC.

354 488 645 552 solvenda
673 506 804 549 esse
832 488 1005 567 justa
1032 486 1300 561 tributa3
1346 486 1747 548 nihilominus
1775 487 1920 549 inde

357 603 480 644 non
510 586 747 643 constat
776 580 955 661 quale
984 580 1174 641 fuerit
1217 580 1321 659 jus
1349 580 1792 659 imperatorum
1822 600 1919 642 ro·

357 693 685 736 manorum
729 675 795 733 in
822 674 1065 735 Judaeos
1095 689 1111 732 :
1146 672 1311 733 unde
1349 673 1490 733 licet
1518 673 1918 735 admittamus

356 768 540 828 fuisse
568 767 921 846 legitimum
965 766 1148 844 (quia
1196 765 1337 826 licct
1365 784 1594 845 magna
1640 785 1715 827 ex
1747 773 1917 846 parte

352 880 465 942 pcr
498 860 897 939 tyrannidem
927 859 1246 938 inceperit,
1276 864 1487 938 postea
1513 859 1917 920 nihilominus

354 953 750 1015 consensione
778 951 1169 1032 populorum,
1204 958 1267 1013 et
1296 952 1576 1031 legitima
1596 952 1918 1013 successio·

355 1066 454 1122 ue,
508 1046 606 1107 vel
652 1044 948 1106 electione
990 1063 1028 1104 a
1068 1045 1328 1105 subditis
1366 1051 1678 1124 acceptata
1703 1044 1918 1106 firma-

354 1145 490 1199 tum
518 1140 655 1217 est),
678 1154 1000 1219 nunquam
1028 1137 1331 1200 tamenin
1360 1143 1562 1199 totum
1582 1137 1793 1199 orbem
1824 1137 1916 1198 di-

354 1231 614 1293 latatum
639 1237 752 1293 est.

433 1329 493 1387 ’7.
522 1324 874 1388 ‚Translatio
903 1322 1148 1402 imperii
1172 1340 1209 1384 a
1231 1320 1569 1386 Groeeis‘ad
1591 1320 1916 1385 Germanos

355 1438 393 1481 a
423 1418 719 1495 Pontifice
740 1420 935 1494 saeta.
966 1449 1050 1461 —
1075 1415 1314 1476 Tertius
1342 1433 1555 1476 sensus
1586 1414 1750 1476 illius
1777 1433 1914 1476 sen·

355 1511 566 1572 tentiae
599 1527 728 1570 esse
755 1513 980 1589 posset,
1012 1513 1082 1567 ut
1118 1507 1333 1568 saltem
1361 1508 1696 1587 imperator
1720 1508 1914 1568 chris·

356 1606 560 1666 tianus
576 1603 799 1665 habeat
812 1601 1308 1683 jurisdictionem
1322 1601 1483 1662 hanc
1501 1601 1912 1663 universalem

353 1698 432 1760 ad
463 1696 747 1759 ferendas
782 1695 949 1774 leges
984 1695 1191 1756 civiles
1226 1695 1294 1755 in
1327 1696 1688 1757 universum
1724 1696 1915 1756 chris-

355 1791 599 1851 tianum
646 1789 880 1875 orbem,
925 1806 1031 1849 seu
1069 1789 1135 1849 in
1183 1789 1534 1848 universam
1578 1787 1913 1849 Ecclesiam

354 1883 725 1962 ubicumque
746 1881 931 1942 fuerit
957 1880 1196 1942 diffusa.
1211 1881 1407 1954 Quam
1425 1881 1913 1960 jurisdictionem

353 1974 664 2049 habuerit,
691 1992 816 2034 non
835 1975 973 2053 jure
1001 1973 1148 2034 belli
1176 1979 1284 2034 aut
1313 1973 1649 2049 electionis,
1683 1974 1790 2035 sed
1819 1974 1915 2033 in-

351 2068 671 2128 stitutione
725 2068 969 2128 romani
1032 2065 1360 2145 pontificis,
1418 2073 1480 2127 et
1540 2072 1751 2146 postea
1804 2084 1915 2147 per

349 2159 709 2220 electionem
754 2158 1098 2237 legitimam
1127 2159 1307 2237 juxta
1347 2158 1537 2218 ritum
1577 2158 1656 2219 ab
1698 2159 1913 2220 eadem

350 2252 506 2313 Scde
535 2251 882 2331 Apostolica
916 2250 1295 2310 ordinatum.
1341 2252 1416 2310 Et
1452 2250 1553 2311 hic
1582 2268 1798 2311 sensus
1825 2252 1914 2312 vi-

351 2346 485 2407 deri
513 2350 712 2427 potest
740 2343 1157 2405 verisimilior.
1192 2344 1419 2429 Primo,
1450 2346 1596 2422 quia
1629 2346 1775 2423 jura
1815 2364 1915 2406 ca-

352 2440 579 2501 nonica
600 2439 718 2498 hoc
750 2437 1066 2497 indicant:
1099 2436 1482 2496 constituunt
1512 2438 1679 2497 enim
1710 2438 1916 2498 Ponti-

353 2534 533 2595 ficem
572 2537 633 2592 et
665 2532 1099 2610 imperatorem
1133 2534 1433 2607 tanquam
1462 2529 1584 2589 duo
1628 2548 1916 2609 suprema

353 2627 557 2706 capita
568 2624 870 2698 Ecclesiae,
884 2640 1083 2683 unum
1100 2622 1164 2681 in
1181 2621 1598 2701 spiritualibus
1600 2668 1621 2698 ,
1645 2628 1706 2683 et
1720 2622 1914 2682 alium

353 2721 420 2781 in
450 2717 917 2798 temporalibus,
942 2714 1119 2776 Unde
1147 2714 1211 2775 in
1236 2732 1370 2793 cap.
1401 2714 1644 2791 Solitoe,
1680 2716 1757 2776 de
1784 2717 1911 2777 Ma-

346 2814 468 2892 jor.
489 2817 550 2872 et
565 2809 941 2884 obedientia,
959 2812 1395 2888 comparantur
1417 2808 1531 2868 soli
1554 2813 1617 2869 et
1636 2807 1823 2884 lunae,
1851 2814 1913 2869 ct

354 2907 421 2968 in
460 2923 593 2983 cap.
632 2905 792 2978 Duc,
841 2903 921 2964 96
958 2901 1098 2961 dist.
1109 2946 1129 2976 ,
1169 2900 1437 2960 mundus
1481 2901 1706 2961 dicitur
1743 2902 1911 2980 prin-

354 2997 630 3078 cipaliter
655 2995 789 3074 regi
824 2994 1183 3055 auctoritate
1220 3011 1395 3053 sacra
1429 2993 1819 3069 Pontificum,
1850 3000 1913 3056 et

353 3091 525 3170 regia
565 3094 883 3170 potestate.
932 3086 1106 3150 Unde
1157 3087 1594 3167 HieronymuS,
1642 3105 1776 3168 cap.
1830 3087 1913 3149 In

355 3185 568 3263 apibus
590 3186 651 3259 7,
669 3202 731 3262 q.
759 3185 784 3243 1
795 3226 816 3257 ,
833 3182 901 3241 in
928 3180 1102 3241 omni
1123 3180 1339 3241 ordine
1368 3181 1515 3240 dicit
1533 3198 1663 3241 esse
1691 3180 1913 3241 debere

355 3277 694 3357 principem
723 3292 947 3348 unum,
978 3278 1040 3334 et
1069 3272 1312 3334 subdit:
1359 3273 1705 3351 Imperator
1729 3291 1906 3335 unus.

356 3367 656 3442 Secundo,
718 3366 931 3426 favent
985 3366 1129 3444 jura
1184 3364 1387 3425 civilia
1437 3365 1912 3425 christianorum

354 3460 839 3541 imperatorum:
888 3476 1035 3519 nam
1077 3457 1145 3518 in
1182 3457 1306 3536 leg.
1338 3459 1377 3516 2
1420 3458 1497 3518 de
1524 3458 1733 3519 Veteri
1770 3458 1911 3537 jure

355 3554 586 3630 enucl.,
625 3555 692 3613 in
744 3553 892 3627 fine,
940 3551 1029 3612 ait
1057 3551 1483 3612 Justinianus:
1520 3551 1732 3614 Tertia
1758 3569 1912 3631 pars

356 3649 540 3710 totius
562 3647 768 3708 mundi
788 3645 1040 3708 accrevit
1057 3645 1258 3706 nobis:
1274 3648 1411 3723 post
1421 3644 1736 3722 Ewropam
1756 3644 1915 3706 enim

357 3746 411 3803 et
446 3740 689 3815 Asiam,
720 3745 847 3802 tota
883 3737 1083 3816 Libya
1117 3742 1319 3799 nostro
1349 3736 1597 3817 imperio
1630 3738 1914 3816 adjuncta

356 3839 461 3896 est.
492 3833 666 3896 Unde
693 3832 828 3893 inl.
865 3829 1015 3894 Cum
1041 3830 1257 3906 multa,
1294 3849 1348 3891 c.
1386 3829 1462 3890 de
1489 3831 1640 3890 Bon.
1674 3848 1812 3910 quas
1838 3830 1914 3891 li-

356 3925 514 4001 ber.‚
544 3925 885 4005 imperialis
909 3923 1155 4001 (inquit)
1185 3925 1439 4000 fortuna
1467 3940 1661 3985 omnes
1681 3941 1915 4002 supere-

357 4018 541 4080 minet
571 4018 753 4079 alias.
795 4016 868 4076 Et
896 4015 964 4075 in
991 4014 1432 4093 Extravaganti
1456 4014 1559 4077 Ad
1593 4016 1917 4093 reprimen-

358 4113 520 4188 dum,
548 4110 614 4170 in
642 4109 975 4189 principio:
1004 4109 1337 4172 Romanum
1360 4108 1680 4186 imperium
1700 4107 1829 4184 (ait)
1851 4108 1919 4169 in

358 4205 531 4284 eujus
565 4202 1009 4283 tranquillitate
1036 4201 1222 4262 totius
1257 4201 1420 4262 orbis
1461 4199 1696 4278 (utique
1731 4198 1920 4259 chris-

358 4296 535 4374 tiani)
565 4294 937 4374 reyutaritas
975 4292 1308 4373 requiescit.
1355 4292 1585 4367 Tertio,
1627 4291 1918 4352 suadetur

359 4390 498 4464 hoc,
540 4387 813 4448 maxime
848 4386 995 4465 quia
1034 4390 1272 4445 constat
1317 4385 1780 4464 imperatoriam
1826 4384 1919 4444 di·

361 4483 688 4561 gnitatem,
727 4484 799 4539 ut
823 4496 989 4539 nunc
1025 4482 1117 4538 est
1148 4477 1216 4537 in
1258 4477 1551 4554 Ecclesia,
1581 4496 1619 4538 a
1659 4477 1919 4538 summis

364 4573 758 4637 Pontificibus
806 4590 935 4633 esse
984 4571 1353 4646 institutam,
1407 4575 1469 4631 et
1513 4587 1591 4631 ex
1639 4571 1703 4631 vi
1752 4569 1919 4631 illius

361 4670 764 4748 imperatores
796 4683 924 4725 esse
959 4681 1143 4742 supra
1186 4680 1400 4723 omnes
1440 4681 1617 4741 reges
1656 4669 1717 4723 et
1749 4663 1919 4743 prin-

363 4763 526 4842 cipes
544 4759 825 4821 Ecclesioe
839 4780 856 4833 ;
874 4774 1021 4835 ergo
1047 4755 1233 4816 habet
1252 4756 1741 4834 jurisdictionem
1766 4761 1922 4817 tem·

364 4855 638 4937 poralem
663 4852 731 4912 in
763 4857 956 4913 totam
1000 4848 1354 4910 Ecclesiam.
1396 4849 1592 4928 Major
1630 4853 1799 4928 patet
1845 4866 1922 4909 ex

364 4946 762 5009 translatione
789 4942 1058 5023 imperii,
1087 4960 1224 5021 quae
1251 4961 1289 5003 a
1317 4943 1542 5004 Graecis
1568 4941 1648 5002 ad
1675 4942 1925 5002 Germa-

366 5059 478 5100 nos
524 5058 634 5119 per
681 5035 1041 5099 Pontificem
1093 5053 1425 5096 romanum
1483 5034 1642 5095 facta
1690 5040 1805 5109 est,
1858 5043 1928 5094 ut

368 5135 603 5193 constat
630 5148 707 5191 ex
734 5130 1032 5190 Clement.
1061 5129 1346 5202 Romani,
1371 5127 1447 5188 de
1470 5127 1602 5187 Jur.
1635 5126 1759 5205 jur.
1767 5169 1788 5200 ,
1820 5125 1926 5185 ubi

367 5224 555 5288 etiam
577 5223 800 5282 dicitur
820 5222 1257 5301 imperatorem
1278 5237 1316 5279 a
1335 5216 1628 5279 Pontifice
1655 5218 1930 5297 accipere

369 5317 902 5398 approbationem,
950 5313 1308 5375 unctionem
1331 5357 1351 5387 ,
1401 5311 1933 5373 conservationem

371 5416 434 5472 et
461 5408 942 5470 coronationem.
986 5406 1156 5467 Idem
1184 5405 1450 5466 sumitur
1484 5423 1561 5465 ex
1587 5424 1719 5485 cap.
1765 5405 1937 5469 Vene-

371 5503 647 5579 rabilem,
674 5500 751 5563 de
793 5499 1127 5575 Electione,
1157 5498 1266 5559 ubi
1301 5499 1487 5561 etiam
1525 5498 1754 5559 dicitur
1781 5498 1937 5559 eleca

3449 393 3564 451 197

2001 494 2165 550 tores
2210 489 2455 569 imperii
2504 508 2542 550 a
2590 491 2744 550 Sede
2789 489 3140 567 Apostolica
3183 489 3412 551 habere
3461 490 3566 569 jus

2000 582 2296 661 eligendi,
2327 588 2390 644 et
2419 582 2586 644 Glos.
2618 582 2707 642 ibi
2728 582 2900 643 verb.
2941 583 3026 644 In
3066 582 3416 659 Germanos,
3459 584 3567 643 ad-

1999 676 2128 736 dit:
2176 676 2291 738 Sie
2332 693 2469 756 erqo
2510 693 2760 755 requam
2798 676 3009 736 mundi
3063 676 3429 738 translatum
3479 684 3567 741 est

2000 770 2083 830 ad
2119 768 2497 844 Teutonicos,
2536 774 2597 828 et
2642 768 2765 829 alia
2805 786 2942 846 quae
2980 767 3103 828 late
3144 770 3562 848 prosequitur,

2000 861 2271 922 sentiens
2325 879 2400 922 ex
2452 868 2603 922 tunc
2663 861 3066 941 imperatores
3116 862 3381 923 Orientis
3437 882 3564 924 non

1999 953 2187 1016 fuisse
2227 972 2371 1016 vere
2413 955 2833 1034 imperatores
2887 954 3061 1016 Unde
3093 954 3391 1035 probatur
3419 974 3565 1015 con-

1999 1048 2321 1126 sequentia
2341 1048 2528 1126 primi
2556 1047 2910 1125 argumenti
2952 1065 3095 1106 cum
3136 1048 3386 1122 minori,
3418 1047 3566 1126 quia

1996 1139 2231 1201 seclusa
2265 1139 2693 1219 jurisdictione
2735 1145 2797 1202 et
2833 1138 3133 1215 dominio,
3180 1140 3336 1201 nihil
3377 1140 3566 1201 habet

1996 1231 2267 1310 dignitas
2293 1233 2689 1312 imperatoria
2717 1232 2783 1293 in
2811 1250 2936 1312 quo
2971 1234 3208 1311 regiam
3237 1233 3516 1295 excellat.

2075 1326 2134 1386 8.
2183 1325 2499 1389 Sententia
2544 1326 2833 1388 auctoris.
2871 1358 2955 1372 —
3002 1327 3418 1387 Nihilominus
3468 1327 3564 1387 di-

1996 1417 2259 1479 cendum
2291 1424 2383 1480 est
2422 1418 2612 1481 etiam
2640 1417 2708 1479 in
2753 1418 2872 1480 hoc
2899 1437 3082 1480 sensu
3120 1421 3561 1500 imperatorem

1993 1529 2326 1572 romanum
2353 1530 2480 1573 non
2502 1511 2731 1573 habere
2759 1517 3121 1592 potestatem
3152 1511 3562 1591 legislativam

1994 1605 2060 1666 in
2084 1612 2280 1667 totam
2305 1606 2665 1681 Ecclesiam,
2696 1625 2811 1668 nec
2827 1608 3323 1685 jurisdictionem
3341 1609 3562 1669 imme-

1993 1698 2226 1759 diatam
2265 1699 2332 1759 in
2364 1716 2577 1760 omnes
2610 1699 2888 1760 Ecclesiae
2919 1700 3285 1779 provinciaS,
3318 1719 3453 1779 quse
3481 1701 3561 1761 ad

1992 1791 2110 1851 hoc
2133 1791 2414 1853 sufficiat.
2462 1791 2763 1853 Probatur
2785 1792 2987 1872 primo
3019 1793 3095 1853 de
3136 1798 3262 1853 toto
3296 1793 3558 1872 imperio

1994 1883 2258 1944 Orientis
2293 1888 2478 1962 prout
2510 1884 2630 1944 fuit
2666 1884 2780 1945 sub
2828 1886 3301 1964 imperatoribus
3344 1886 3560 1962 graecis

1995 1981 2057 2036 et
2078 1975 2430 2036 christianis
2459 1982 2597 2055 post
2622 1977 3092 2038 translationem
3126 1978 3370 2057 imperii
3404 1979 3561 2037 occi-

1995 2067 2255 2129 dentalis
2282 2067 2362 2129 ad
2382 2069 2646 2131 Graecos.
2685 2070 2842 2130 Nam
2869 2071 3068 2144 Irene,
3099 2088 3236 2149 quae
3265 2076 3414 2130 tunc
3442 2070 3560 2128 im·

1994 2162 2271 2242 perabat,
2301 2168 2438 2242 post
2462 2164 2920 2224 coronationem
2951 2163 3173 2236 Caroli,
3198 2164 3560 2241 imperatrix

1996 2254 2309 2316 orientalis
2349 2255 2600 2331 mansit,
2640 2261 2702 2315 et
2742 2255 2820 2315 ad
2852 2255 3025 2315 illam
3055 2254 3335 2315 Pontifex
3363 2259 3424 2314 et
3451 2254 3560 2314 Ca-

1994 2347 2163 2408 rolus
2192 2348 2427 2426 legatos
2455 2349 2759 2408 miserunt
2786 2348 2862 2408 ad
2889 2366 3107 2426 pacem
3130 2348 3293 2406 inter
3319 2352 3560 2406 utrum-

1996 2458 2116 2518 que
2170 2440 2502 2518 imperium
2567 2440 3080 2501 conservandum.
3139 2441 3215 2499 Et
3279 2438 3561 2516 quamvis

1995 2536 2207 2611 postea
2240 2531 2421 2591 multi
2451 2550 2530 2592 ex
2557 2532 2967 2592 Orientalibus
3005 2531 3240 2592 fuerint
3279 2531 3556 2609 tyranni,

1996 2624 2103 2685 alii
2148 2624 2422 2684 haeretici
2441 2670 2462 2701 ,
2518 2624 2924 2685 nihilominus
2971 2625 3082 2703 qui
3135 2623 3388 2683 fuerunt
3442 2623 3560 2683 rite

1996 2716 2174 2778 electi
2198 2722 2260 2777 et
2294 2717 2601 2790 catholici,
2630 2722 2702 2776 ut
2732 2717 2998 2795 legitimi
3026 2717 3425 2796 imperatores
3453 2715 3560 2775 ha·

1994 2809 2109 2870 biti
2154 2816 2320 2886 sunt,
2365 2811 2553 2870 etiam
2595 2828 2633 2871 a
2675 2810 2994 2886 Romanis,
3039 2828 3240 2888 neque
3279 2827 3557 2888 unquam

1993 2903 2329 2983 imperator
2352 2903 2743 2964 occidentalis
2760 2904 2864 2981 jus
2885 2903 3132 2982 imperii
3154 2903 3221 2962 in
3245 2902 3559 2963 Orientem

1994 2994 2112 3056 sibi
2148 2995 2486 3056 vindicavit
2531 3001 2640 3055 aut
2682 2995 2986 3068 attribuit,
3032 3002 3102 3054 ut
3147 3012 3224 3055 ex
3269 2995 3559 3055 omnibus

1993 3088 2261 3150 historiis
2295 3092 2552 3149 constat.
2603 3088 2908 3163 Secundo,
2938 3087 3105 3149 idem
3142 3093 3234 3149 cst
3269 3087 3559 3148 manifes-

1993 3187 2128 3242 tum
2155 3182 2231 3241 de
2259 3180 2642 3261 principibus
2670 3186 2732 3241 et
2755 3180 3027 3258 regibuS,
3059 3181 3111 3239 si
3139 3181 3246 3259 qui
3274 3181 3429 3240 forte
3453 3198 3558 3240 ex-

1993 3281 2090 3336 tra
2113 3273 2409 3334 ditionem
2447 3273 2692 3333 romani
2728 3273 2977 3351 imperii
3015 3278 3347 3350 regnantes
3372 3273 3450 3331 ad
3488 3272 3559 3332 fi-

1994 3367 2135 3428 dem
2167 3365 2449 3427 conversi
2489 3370 2664 3425 sunt:
2711 3371 2783 3424 ut
2822 3369 2968 3425 sunt
3007 3383 3175 3425 nunc
3215 3365 3460 3443 Japonii
3497 3369 3560 3424 et

1993 3459 2100 3520 alii
2146 3460 2214 3518 in
2261 3457 2456 3533 India,
2496 3463 2559 3518 et
2600 3463 2847 3536 possent
2892 3474 3023 3517 esse
3057 3456 3284 3536 plures,
3335 3462 3405 3516 ut
3449 3476 3560 3518 rex

1994 3551 2227 3626 Chimo,
2250 3556 2364 3611 etc.
2392 3551 2460 3611 In
2483 3549 2596 3610 hos
2618 3550 2786 3611 enim
2806 3549 3050 3609 nullum
3067 3551 3168 3628 jus
3196 3549 3560 3613 dominandi

1993 3644 2092 3705 vel
2111 3643 2459 3723 imperandi
2477 3642 2664 3703 habet
2677 3660 2973 3703 romanus
2989 3642 3346 3722 imperator,
3359 3641 3558 3701 solum

1994 3737 2142 3816 quia
2168 3736 2452 3797 Ecclesiae
2477 3735 2755 3797 membra
2783 3740 2951 3810 sunt,
2981 3736 3129 3814 quia
3155 3734 3329 3795 nulla
3351 3740 3441 3795 est
3463 3753 3559 3794 ra-

1994 3836 2082 3892 tio
2116 3829 2216 3891 vel
2262 3828 2481 3890 titulus
2521 3829 2916 3908 subjectionis
2952 3827 3309 3907 temporalis
3341 3845 3357 3888 ε
3406 3827 3561 3887 sicut

1997 3941 2144 4001 ergo
2171 3927 2355 3983 antea
2381 3940 2509 3982 non
2539 3927 2716 3982 erant
2742 3920 2994 3996 subditi,
3020 3922 3108 3981 ita
3135 3924 3322 3981 etiam
3356 3937 3559 3999 neque

1994 4020 2133 4097 post
2163 4014 2650 4076 conversionem.

2077 4110 2137 4170 9.
2160 4107 2391 4181 Tertio,
2418 4105 2482 4165 id
2509 4105 2805 4184 probatur
2838 4105 2912 4166 de
2936 4104 3186 4182 regibus
3210 4103 3561 4164 christianis

2000 4201 2166 4261 intra
2196 4198 2352 4259 fines
2393 4198 2634 4276 antiqui
2664 4198 2912 4277 imperii
2939 4197 3379 4258 existentibus:
3413 4215 3562 4256 nam

1999 4293 2161 4353 inter
2182 4290 2320 4351 illos
2340 4289 2519 4351 multi
2538 4295 2683 4351 sunt
2702 4290 2975 4371 supremi
2996 4291 3064 4349 in
3087 4289 3559 4368 temporalibus;

2000 4403 2148 4464 ergo
2179 4384 2245 4444 in
2276 4383 2412 4444 illos
2444 4389 2505 4443 et
2533 4401 2748 4444 eorum
2779 4401 2972 4462 regna
3000 4400 3127 4443 non
3150 4381 3335 4443 habet
3369 4382 3561 4461 impe-

1999 4484 2169 4540 rator
2186 4476 2707 4556 jurisdictionem,
2747 4495 2859 4537 nec
2888 4480 3087 4556 potest
3125 4492 3228 4536 eos
3256 4476 3381 4535 suis
3414 4474 3564 4551 legi-

2000 4572 2116 4633 bus
2165 4569 2462 4648 obligare.
2524 4569 2971 4649 Consequentia
3029 4568 3196 4629 clara
3256 4573 3368 4638 est,
3423 4567 3568 4645 quia

2000 4668 2307 4746 repugnat
2333 4681 2463 4724 esse
2501 4681 2862 4743 supremum
2884 4668 2946 4723 et
2974 4680 3104 4723 esse
3141 4661 3457 4721 subditum
3501 4660 3568 4718 in

2002 4758 2216 4819 eodem
2241 4755 2459 4816 ordine
2479 4756 2940 4835 ,iurisdictionis
2963 4754 3348 4816 Antecedens
3373 4756 3566 4832 patet,

2002 4851 2277 4931 primum
2317 4849 2385 4909 in
2425 4849 2606 4909 terris
2641 4849 2789 4928 ipsis
2835 4848 3256 4927 temporaliter
3280 4844 3570 4922 subjectis

2008 4942 2330 5005 Pontifici:
2367 4943 2456 5002 ibi
2486 4943 2655 5003 enim
2692 4942 2821 5021 ipse
2861 4942 3048 5001 habet
3082 4955 3433 5018 supremam
3472 4937 3570 5014 ju-

2007 5035 2427 5097 risdictionem
2449 5033 2850 5114 temporalem
2874 5032 3191 5104 directam,
3213 5036 3275 5089 et
3293 5031 3381 5089 ita
3401 5030 3566 5088 Bart.

2009 5130 2078 5190 in
2101 5128 2269 5189 dicta
2296 5130 2625 5204 Extravag.
2656 5126 2760 5188 Ad
2785 5125 3226 5204 reprimendum
3252 5122 3467 5183 saltem
3499 5121 3574 5180 il-

2013 5221 2140 5282 lam
2184 5226 2423 5299 partem
2464 5218 2629 5281 orbis
2670 5217 2990 5278 christiani
3037 5216 3283 5294 excipit.
3342 5214 3574 5275 Deinde

2015 5315 2092 5375 de
2119 5330 2315 5389 regno
2344 5310 2557 5373 Gallice
2575 5329 2656 5372 ex
2685 5329 2818 5389 cap.
2860 5311 2984 5372 Per
3012 5309 3425 5383 venerabilem,
3459 5307 3576 5380 Qui

2018 5406 2135 5468 filii
2157 5405 2282 5465 sint
2303 5405 2589 5483 legitimi,
2616 5403 2972 5464 ubidicitur
2996 5421 3108 5463 rex
3143 5402 3353 5463 Galliae
3396 5420 3576 5480 supe-

2019 5500 2248 5561 riorem
2286 5498 2354 5561 in
2378 5497 2819 5580 temporalibus
2845 5516 2974 5559 non
2994 5512 3455 5577 recognoscere.
3501 5496 3577 5555 Et
